4112 6322
196 378 325 458 313
1357 387 1744 451 COEJMENT.
1781 357 1863 451 In
1902 387 2258 452 PSALMOS.
2665 369 2670 374 '
2904 405 2906 408 ν
3057 433 3063 438 _
3333 401 3436 476 επ

214 505 314 574 {Iov
350 503 406 557 δὲ
454 503 597 574 ἡμᾶς
621 504 728 558 ἀπὸ
757 505 850 574 τῆς
904 502 1272 575 αἰχμαλωσίας
1302 502 1435 570 πρὸς
1465 504 1560 573 τὴν
1591 501 1780 574 προτέ-
1807 504 1838 562 Α

1885 513 2028 560 ctum
2061 511 2144 560 est
2181 503 2233 557 in
2271 502 2483 572 psalmo
2531 519 2696 560 vau.
2736 505 3012 567 Converte
3043 519 3226 568 autem
3254 527 3352 571 nos
3403 529 3434 566 a
3506 539 3509 543 ι

199 612 316 664 ραν
346 595 643 664 εὐγένειαν.

1881 595 2206 664 captivitate
2244 593 2300 648 in
2318 665 2322 674 ἱ
2342 594 2632 665 pristinam
2665 595 3014 667 dignitatem.

289 685 382 755 Μὴ
412 689 500 754 εἰς
520 687 664 754 τοὺς
712 686 931 752 αἰῶνας
966 683 1254 756 ὀργισθῇς
1277 685 1440 754 ἡμῖν.
1519 683 1776 738 Ἐνταῦθα

1952 684 2116 740 Vens.
2174 685 2225 738 6.
2279 683 2551 755 Numquid
2601 686 2658 741 in
2703 689 2901 742 «ecula
2952 691 3341 749 irascerisf—
3376 695 3468 749 In"

205 777 298 842 εδ,
355 779 459 844 Εἰς
507 778 650 844 τοὺς
697 776 940 843 αἰῶνας,
974 777 1095 830 ἀντὶ
1146 777 1262 843 τοῦ,
1303 777 1392 846 Μὴ
1431 775 1644 842 αἰώνια,
1701 778 1777 846 μὴ

1879 777 2073 830 εατιιια
2112 776 2203 830 hic
2256 778 2461 846 posuit,
2513 793 2612 848 pro
2657 776 2950 848 Perpetuo,
2985 796 3081 837 seu
3112 798 3246 853 pro:
3273 781 3441 839 Num-

215 869 430 939 μακρὰ.
488 868 644 932 Τινὲς
674 868 730 920 δὲ
758 869 818 921 οὗ
849 868 968 921 κατ’
1011 869 1276 938 ἐρώτησιν
1307 865 1478 920 ταῦτα
1511 866 1777 934 ἀναγινώ-

1881 870 2010 939 quid
2067 869 2160 923 diu
2215 869 2517 924 irasceris?
2556 869 2787 936 Quidam
2844 881 3023 926 autem
3091 889 3200 929 non
3231 891 3328 946 per
3349 854 3440 931 ih-

209 975 458 1027 σκουσιν,
488 960 601 1015 ἀλλ’
634 959 840 1029 ἠθικῶς
863 977 874 989 ·
905 958 990 1030 Μὴ
1030 963 1108 1024 εἰς
1136 961 1269 1024 τοὺς
1299 959 1497 1022 αἰῶνας
1516 959 1775 1028 ὀργισθῇς

1879 963 2310 1032 terrogationem
2364 964 2466 1018 hoc
2523 963 2732 1019 dictum
2799 979 2923 1022 esse.
2973 967 3311 1036 intelligunt,
3385 979 3469 1024 et‘

214 1051 371 1121 ἔιμῖν.
514 1039 517 1045 Ι

1883 1057 2176 1113 dictionem
2245 1060 2342 1130 μὴ,
2385 1074 2505 1130 quze
2551 1059 2782 1114 habetur
2825 1063 2879 1115 in
2946 1061 3136 1118 Graeca
3203 1064 3439 1118 lectione

214 1158 531 1219 exponunt,
584 1154 643 1202 ut
672 1153 821 1204 recte
860 1147 1026 1202 etiam
1060 1146 1260 1218 exponi
1302 1152 1500 1217 potest,
1563 1161 1661 1217 pro
1693 1145 1783 1212 ne,
1827 1159 1885 1202 ut
1940 1150 2012 1204 sit
2075 1166 2316 1207 sensus:
2372 1151 2450 1207 Ne
2517 1152 2570 1206 in
2615 1163 2938 1223 perpetuum
2997 1157 3157 1212 nobis
3238 1158 3444 1212 irasca-

205 1256 316 1297 για.
725 1295 733 1308 ,
2320 1289 2325 1294 ,

176 1380 182 1384 ,
289 1333 660 1400 Ἠὸιατενεῖς
705 1332 820 1400 τὴν
879 1333 1066 1402 ὀργήν
1103 1349 1220 1387 σου
1262 1334 1380 1388 ἀπὸ
1428 1335 1638 1404 γενεᾶς
1697 1337 1783 1400 εἰς

1960 1334 2063 1388 Aut
2121 1331 2365 1386 extendes
2416 1333 2551 1386 iram
2584 1341 2727 1386 tuam
2765 1352 2795 1388 a
2830 1337 3164 1404 generatione
3212 1338 3265 1390 in
3293 1353 3445 1407 gene-

210 1425 462 1494 raredr;
498 1426 570 1477 Τὸ
622 1425 752 1479 αὐτὸ
787 1425 943 1478 πάλιν
971 1427 1159 1496 φησίν.
1195 1426 1301 1493 Εἰς
1325 1429 1537 1496 γενεὰν
1557 1429 1634 1492 δὲ,
1663 1427 1784 1480 ἀντὶ

1891 1426 2200 1480 rationem?
2263 1423 2409 1479 Idem
2461 1439 2652 1480 rursus
2682 1424 2896 1494 repetit.
2955 1424 3018 1478 In
3057 1429 3443 1495 generationem

207 1516 333 1580 τοῦ,
377 1517 522 1578 Ἕως
577 1517 768 1584 γενεᾶς
812 1516 998 1587 ἄλλης.
1052 1518 1280 1588 Εἴρηται
1324 1518 1379 1570 δὲ
1420 1521 1546 1587 περί
1592 1519 1782 1572 τούτου

1892 1529 2075 1573 autem
2114 1518 2272 1583 dixit,
2329 1531 2428 1585 pro
2476 1531 2648 1584 usque
2677 1517 2768 1581 ad,
2797 1517 2955 1571 altam
2992 1520 3393 1588 generationem
3427 1542 3443 1586 -,

209 1625 279 1662 rv
299 1608 375 1677 τῷ
399 1608 442 1661 ϐ’
471 1607 691 1679 ψαλμῷ.
748 1609 1045 1675 Διατενεῖς
1072 1609 1150 1671 δὲ,
1200 1609 1320 1662 ἀντὶ
1365 1610 1480 1676 τοῦ,
1533 1611 1782 1680 Παρατευ

1891 1612 1956 1665 de
1999 1627 2106 1681 quo
2145 1613 2201 1665 in
2239 1627 2290 1664 ιι
2329 1610 2539 1680 psalmo
2569 1611 2774 1664 dictum
2803 1619 2907 1675 est,
2941 1620 2995 1665 et
3030 1609 3314 1677 Extendat,
3343 1627 3442 1682 pro

219 1703 352 1758 δεῖς.

1891 1704 2211 1760 Protendes.

301 1777 360 1842 ’ό
389 1790 554 1857 Θεὸς,
598 1790 678 1844 σὺ
716 1790 1085 1861 ἐπιστρέψας
1125 1791 1372 1858 ζωώσεις
1407 1789 1584 1861 ἡμᾶς.
1626 1790 1780 1843 Ἐπιο

1962 1796 2128 1852 Vens.
2163 1798 2214 1850 7.
2247 1773 2412 1862 Deus,
2449 1804 2506 1848 tu
2532 1803 2831 1848 convertens
2856 1793 3136 1864 viviﬁcabia
3165 1811 3277 1848 nos.
3308 1795 3449 1850 Con~

215 1881 457 1952 στρέψας
481 1883 630 1954 ήμᾶς
659 1882 720 1935 οὐ
755 1883 913 1952 μόνον
975 1883 1079 1936 ἀπὸ
1104 1883 1202 1952 τῆς
1241 1881 1616 1952 αἰχμαλωσίας
1644 1876 1781 1934 ἀλλᾶ
1819 1925 1839 1978 ε

1821 1925 1858 1978 Β
1890 1894 2110 1942 vertens
2144 1880 2244 1940 nos
2279 1885 2539 1953 nimirum
2575 1900 2604 1936 a
2635 1883 2954 1953 captivitate
3013 1884 3077 1935 ad
3119 1882 3445 1942 libertatem,

214 1977 317 2029 καὶ
341 1977 449 2029 ἀπὸ
503 1976 610 2028 τῶν
664 1975 1096 2046 ἁμαρτημάτων.
1130 1975 1200 2027 Ἦ
1246 1976 1360 2039 καὶ,
1415 1972 1782 2042 Ἐπιστρέψας
1819 1971 1838 1977 “

1823 1971 1855 1978 ⁷
1889 1987 2054 2049 atque
2103 1993 2130 2030 a
2161 1976 2309 2031 vitiis
2344 1977 2410 2030 ad
2445 1975 2710 2041 virtules;
2742 1971 2831 2029 vel
2861 1976 2879 2045 (
2908 1975 3032 2044 quia
3063 1974 3252 2028 Graeca
3280 1972 3447 2027 dictio

217 2074 291 2123 σὺ
326 2069 462 2140 πρὸς
494 2070 662 2139 ἡμᾶς,
689 2067 780 2129 οὒς
813 2068 1190 2137 ἀπεστράφης.
1240 2065 1508 2131 Ζωώσεις
1546 2065 1622 2127 δὲ,
1663 2063 1782 2117 ἀντὶ

1890 2066 2232 2138 ἐπιστρέψας
2277 2067 2334 2122 in
2404 2074 2638 2136 utroque
2700 2073 2879 2134 potest
2936 2080 3098 2120 sensu
3145 2065 3340 2134 accipi.
3394 2077 3447 2118 et

215 2158 342 2222 τοῦ,
381 2159 637 2222 Ζωώσαις
657 2159 793 2230 πρὸς
821 2157 1042 2229 ἀρετὴν,
1062 2157 1497 2228 νενεκρωμένους
1514 2156 1615 2227 ήδη
1644 2155 1780 2224 πρὸς

1891 2158 1994 2228 legi
2042 2158 2205 2212 etiam
2255 2165 2475 2227 potest:
2531 2157 2665 2210 Deus
2706 2165 2762 2209 tu
2820 2156 3121 2225 conversus)
3183 2156 3448 2217 dicamus,

168 2231 192 2334 ὲ
219 2250 487 2320 ἐργασίαν
507 2251 696 2321 αὐτῆς.
1043 2311 1052 2324 ¹
1398 2253 1402 2258 ’

1895 2247 2038 2305 Deus
2066 2257 2124 2303 tu
2167 2264 2466 2304 conversus
2525 2247 2593 2302 ad
2633 2263 2783 2313 nos;
2820 2259 2978 2302 antea
3028 2248 3175 2303 enim
3229 2262 3452 2302 aversos

223 2357 354 2396 eras
410 2342 651 2399 anobis.
695 2340 1019 2412 Viviﬁcabis,
1065 2341 1167 2396 hoc
1197 2349 1302 2405 est,
1356 2341 1509 2398 vivos
1576 2356 1678 2396 nos
1726 2339 1919 2396 reddes
1967 2343 2032 2396 ad
2075 2356 2240 2411 opera
2301 2341 2582 2395 virtutum.
2663 2339 2797 2394 Nam
2869 2348 3028 2395 antea
3080 2339 3240 2394 adea
3315 2355 3451 2409 pene

221 2431 429 2487 mortui
478 2446 716 2488 eramus.

295 2522 404 2576 Kal
429 2523 462 2576 ό
488 2523 638 2589 λαός
658 2538 777 2592 μου
805 2521 1281 2608 suppara-tierunt
1306 2522 1402 2576 ἐπὶ
1441 2525 1564 2577 σοι.
1593 2521 1785 2592 Τυχὼν

1967 2516 2033 2571 Et
2067 2517 2290 2586 populus
2324 2525 2443 2570 tuus
2465 2516 2735 2570 (arabitur
2756 2517 2812 2572 in
2841 2525 2908 2572 te.
2939 2516 3262 2588 I-lujusmodi
3295 2521 3450 2575 scili-

226 2615 562 2684 ἐπιστροφῆς
587 2615 862 2684 τοιαύτης.

1894 2621 1980 2668 cet
2007 2611 2422 2665 conversionem
2467 2619 2814 2665 consecutus.

299 2704 507 2768 Δεῖξον
545 2704 710 2774 ἡμῖν,
743 2707 939 2775 Κύριε,
970 2706 1036 2759 τὸ
1080 2706 1251 2771 ἔλεός
1286 2721 1424 2770 σου,
1459 2703 1554 2757 καί
1586 2703 1648 2757 τὸ
1672 2720 1788 2757 σω-

1969 2699 2130 2755 Vzns.
2163 2700 2215 2754 8.
2270 2699 2496 2754 Ostende
2542 2699 2714 2762 nobis,
2773 2698 3009 2765 Domine,
3041 2701 3451 2756 misericordiam

227 2778 440 2865 τήριόν
476 2814 593 2850 σου
646 2795 804 2864 δῷης
846 2798 1010 2866 ἡμῖν.
1092 2799 1172 2852 Τὰ
1223 2797 1470 2851 ἐντεῦθεν
1523 2786 1656 2868 ’περὶ
1698 2795 1789 2849 τοῦ

1898 2803 2066 2857 tuam,
2099 2803 2147 2846 et
2187 2791 2422 2846 salutare
2467 2801 2613 2844 tuum
2651 2791 2720 2843 da
2754 2792 2921 2844 nobis.
2963 2791 3089 2846 Hzec
3138 2801 3191 2847 et
3219 2809 3338 2863 qua
3368 2810 3452 2849 se-

228 2889 467 2958 Χριστοῦ
499 2889 944 2959 διαλαμϐάνουσι.
979 2891 1295 2962 Παρακαλεϊ
1326 2890 1474 2958 γὰρό
1503 2891 1793 2960 Προφήτης

1903 2893 2150 2953 quuntur
2192 2883 2258 2936 tle
2293 2882 2512 2936 Christo
2538 2881 2894 2951 intelligenda
2924 2891 3076 2938 sunt.
3105 2882 3278 2955 Rogat
3304 2885 3449 2939 enim

229 2983 325 3034 τδν
349 2981 568 3052 Πατέρα
620 2978 899 3052 προσώπῳ
941 2981 1034 3034 τοῦ
1074 2981 1228 3047 λαοῦ,
1254 2981 1347 3035 τοῦ
1386 2981 1670 3052 μέλλοντος
1705 2999 1794 3033 πιο

1900 2972 2172 3043 Propheta
2208 2974 2375 3028 Deum
2411 2973 2624 3028 Patrem
2678 2989 2744 3029 ex
2782 2975 2955 3030 ﬁdelis
2987 2976 3170 3045 populi
3197 2990 3450 3044 persona,

234 3071 474 3136 στεῦσαι,
515 3072 743 3142 φανῆναι
800 3072 890 3124 τὸν
945 3071 1207 3143 Χριστόνο
1251 3071 1431 3124 τοῦτον
1482 3071 1589 3142 γὰρ
1641 3070 1795 3124 καλεῖ

1899 3074 1960 3120 ιιι
2009 3065 2288 3130 Christus,
2354 3079 2514 3144 quem
2547 3073 2601 3118 et
2656 3065 3091 3125 misericordiam
3128 3064 3246 3131 Dei,
3269 3073 3323 3120 et
3355 3065 3453 3120 Dei

234 3165 384 3230 ἕλειος
420 3165 574 3230 Θεοῦ,
606 3165 699 3220 καὶ
733 3159 996 3236 σωτήριον
1029 3166 1161 3220 Θεοῦ
1185 3183 1200 3198 θ
1228 3165 1332 3233 ὅτι,
1365 3165 1591 3236 ἐλεήσας
1623 3165 1790 3234 ἡμᾶς,

1899 3157 2139 3212 salutare
2187 3155 2446 3225 appellat,
2484 3155 2590 3209 sibi
2647 3156 2989 3210 ostendatur.
3014 3157 3449 3212 Misericordiam

145 3282 152 3288 ι
233 3252 670 3324 ὲνηνθρώπησεν,
707 3253 794 3309 ἵνα
845 3255 990 3326 σώσῃ
1044 3257 1212 3325 ἡμᾶς,
1266 3255 1360 3308 καὶ
1421 3255 1501 3308 ὅτι
1549 3254 1769 3324 ἐλεήμωε

1913 3261 2078 3306 tutem
2129 3259 2184 3306 et
2225 3252 2470 3306 salutare
2522 3250 2644 3304 ideo
2677 3266 2800 3305 eum
2852 3253 3322 3324 appellavit,quia
3345 3255 3451 3308 mi-
3536 3239 3537 3242 V

235 3345 374 3412 ἐστὶ,
406 3345 500 3398 καὶ
532 3347 720 3417 Σωτήρ
747 3363 760 3376 ο
803 3345 949 3409 ἔλεος
983 3347 1039 3399 δέ
1069 3365 1158 3401 σου
1217 3347 1311 3400 καὶ
1361 3345 1627 3415 σωτήριόν
1659 3362 1783 3396 σου·

1895 3343 2194 3423 sericordia
2263 3349 2448 3397 motus
2501 3350 2607 3406 est,
2659 3352 2715 3398 ut
2767 3359 2982 3399 carnem
3017 3356 3336 3410 assumeret,
3392 3357 3449 3400 et

235 3433 350 3491 οἷον
369 3441 450 3492 ὅτι
475 3438 532 3491 τὸ
562 3439 710 3502 ἔλεος
739 3442 798 3492 τὸ
830 3440 978 3509 παρὰ
1016 3439 1131 3492 -σοῦ
1153 3454 1167 3470 ο
1221 3441 1312 3492 καὶ
1342 3439 1401 3492 τὸ
1435 3438 1698 3508 σωτήριον
1727 3437 1788 3490 τὸ

1899 3452 2001 3490 nos
2062 3436 2318 3490 salvaret.
2378 3434 2535 3489 Unde
2590 3444 2643 3489 et
2696 3435 3032 3503 misericors,
3103 3447 3158 3492 et
3205 3437 3449 3492 Salvator

238 3529 392 3600 παρὰ
425 3530 518 3584 σοῦ
547 3529 640 3583 τοῦ
677 3531 908 3600 Πατρός.
949 3531 1148 3592 Δώσεις
1171 3530 1226 3583 δὲ
1257 3532 1405 3600 ἡμῖν,
1425 3531 1504 3582 ὃτι
1524 3527 1786 3593 Παιδίον,

1898 3528 2092 3582 merito
2112 3528 2436 3598 appellatur,
2469 3527 3067 3610 Misericordiamyero
3096 3539 3266 3594 tuam,
3290 3531 3449 3598 Deus,

239 3622 424 3690 φησὶν,
462 3621 752 3689 ἐγεννήθη
780 3621 942 3688 ἡμῖν,
968 3620 1063 3674 καί
1092 3621 1219 3685 υίὸς
1241 3620 1420 3687 ἐδόθη
1455 3619 1618 3688 ἡμῖν.

1896 3628 1949 3674 ct
1991 3623 2228 3675 salutare
2265 3629 2416 3675 tuum
2456 3621 2604 3675 hunc
2659 3622 2911 3684 dicimus,
2965 3623 3093 3692 quia
3144 3622 3450 3677 misericor.

239 3710 384 3764 diam
439 3710 607 3776 illam,
639 3723 691 3765 et
732 3711 972 3766 salutare
1007 3711 1136 3764 illud
1169 3712 1426 3780 petimus,
1483 3709 1628 3779 quod
1657 3724 1684 3763 ο
1720 3717 1773 3762 te
1811 3718 1914 3764 est.
1971 3711 2052 3765 Ad
2084 3713 2297 3767 Patrem
2351 3712 2493 3767 enim
2532 3713 2772 3782 loquitur
2839 3713 3129 3783 Propheta.
3187 3714 3267 3768 Tu
3325 3730 3451 3770 vere

241 3799 376 3854 illud
434 3802 592 3856 nobis
619 3800 795 3867 dabis,
817 3801 1264 3870 quod.petimus,
1295 3803 1368 3854 ita
1403 3811 1461 3856 ut
1493 3798 1790 3870 aliquando
1832 3815 2028 3857 canere
2059 3803 2336 3872 possimus
2363 3818 2488 3859 cum
2516 3801 2788 3873 PrOpheta
2817 3823 2827 3856 :
2862 3803 2999 3858 Puer
3053 3817 3207 3858 natus
3247 3816 3322 3858 est
3360 3822 3448 3860 no-
3499 3862 3502 3867 κ

239 3889 340 3956 bis,
367 3900 416 3943 et
439 3892 583 3959 ﬁlius
621 3893 775 3946 datus
795 3902 871 3945 est
903 3893 1049 3946 nobis
1106 3891 1168 3947 η.

322 4005 680 4074 Ἀκούσομαι
699 4006 755 4058 τι
785 4005 1046 4071 λαλήσει
1071 4007 1138 4059 ἐν
1165 4006 1292 4074 ἐμοὶ
1325 4007 1542 4071 Κύριος
1560 4008 1590 4060 ὀ
1628 4006 1790 4070 Θεός.

1971 4003 2131 4058 Vens.
2165 4004 2218 4056 9.
2259 4004 2487 4055 Audiam
2536 4003 2662 4070 quid
2712 4003 2958 4071 loquatur
3002 4004 3057 4056 in
3092 4020 3169 4056 me
3203 4004 3449 4058 Dominus

240 4096 568 4164 Δίσθόμενος
627 4099 914 4159 ἐπιπνοίας
967 4097 1112 4160 θείας
1157 4099 1182 4149 ὁ
1246 4099 1556 4169 Προφήτης,
1616 4115 1796 4169 ’παρα⁸

1898 4098 2054 4152 Deus.
2119 4095 2364 4147 Divinam
2400 4093 2667 4164 Propheta
2732 4095 3090 4163 spirationem
3137 4106 3300 4166 atque
3354 4114 3443 4152 au-

245 4186 496 4250 σκευάζει
543 4187 730 4242 ἑαυτὸν
771 4190 850 4251 εἰς
875 4189 938 4240 τὸ
981 4188 1230 4242 ἀκοῦσαι.
1273 4191 1374 4242 Ἐν
1403 4189 1613 4258 ἐμοίδὲ
1648 4185 1793 4253 εἷπε,

1899 4204 2014 4241 ram
2073 4189 2126 4240 in
2163 4203 2221 4240 se
2248 4187 2664 4240 adventaturam
2706 4185 2969 4250 sentiens,
3016 4187 3082 4241 ad
3123 4187 3449 4243 audiendum

240 4277 453 4342 δεικνὺς
482 4281 564 4334 ὃτι
586 4281 686 4336 οὐκ
707 4281 811 4347 ἔξω
835 4281 1082 4351 λαλήσει,
1111 4282 1223 4334 ἀλλ’
1255 4281 1422 4348 ἔνδον,
1475 4283 1554 4346 εἰς
1581 4281 1648 4335 τὰ
1684 4275 1796 4334 ὦτα

1904 4287 2263 4349 praeparatur.
2318 4277 2468 4341 Quod
2499 4277 2572 4329 ait
2607 4295 2618 4330 :
2671 4275 2811 4340 Quid
2844 4277 3093 4345 loquatur
3119 4279 3193 4332 ’ἔτι
3223 4299 3300 4332 me
3323 4325 3336 4349 ,
3371 4281 3449 4334 di-

245 4369 342 4441 τῆς
379 4371 578 4443 ψυχῆς.
1905 4380 2048 4424 ctum
2080 4381 2160 4424 est
2207 4377 2264 4420 ut
2299 4369 2630 4428 ostenderet.
2678 4367 2825 4436 quod
2885 4367 3026 4422 Deus
3061 4385 3168 4423 non
3200 4372 3250 4423 in
3300 4379 3448 4426 exte-

1906 4463 2078 4516 riores
2112 4460 2377 4529 σοι-μνία,
2415 4459 2510 4514 sed
2539 4459 2592 4512 in
2629 4460 2921 4514 interiores
2955 4464 3147 4516 anima:
3179 4480 3341 4519 aures
3369 4466 3448 4520 lo-

1905 4562 2137 4607 cuturus
2169 4560 2307 4606 erat.

312 4645 444 4697 Ὅτι
470 4642 731 4709 λαλήσει
765 4641 1010 4708 εἰρήνην
1061 4640 1157 4692 ἐπὶ
1227 4640 1332 4693 τὸν
1390 4640 1543 4693 λαὸν
1586 4639 1794 4704 αὑτοῦ,
1833 4704 1862 4711 _

1833 4704 1862 4711 _
1982 4644 2245 4707 Quoniam
2285 4644 2522 4710 loquetur
2574 4658 2753 4710 pacem
2804 4659 2958 4711 super
2999 4644 3239 4710 populum
3270 4661 3447 4708 suum,

243 4738 336 4791 καί
363 4737 464 4790 ἐπὶ
524 4704 666 4800 τοῦς
720 4704 928 4798 ὀσίοος
959 4704 1184 4797 ἀύτοῦ,
1226 4733 1323 4784 καί
1368 4733 1466 4784 ἐπὶ
1498 4731 1638 4796 τοὺς
1672 4731 1798 4782 sm-
1831 4704 1867 4759 Β

1831 4704 1873 4759 D
1906 4741 1954 4784 et
2003 4748 2156 4799 super
2203 4742 2411 4785 sanctos
2455 4747 2600 4796 suos,
2653 4740 2702 4784 et
2759 4733 2948 4796 ineas,
2979 4735 3114 4806 ‘qui
3147 4745 3447 4788 conuertunt

242 4831 612 4898 στρέφοντας
673 4819 925 4894 καρδίαν
964 4824 1056 4877 ἐπ’
1100 4825 1306 4878 αὐτόν.
1370 4825 1696 4893 Ἀκούσομαι
1725 4822 1801 4883 δὲ,

1907 4825 2068 4877 corda
2108 4839 2205 4876 sua
2243 4822 2310 4877 ad
2332 4838 2471 4876 eum.
2498 4821 2748 4885 Audiam,
2779 4821 2973 4888 inquit,
3007 4821 3137 4890 quid
3171 4821 3445 4890 loquetur.

247 4920 411 4989 φησιν
433 4958 448 4982 ,
480 4921 508 4972 ὅ
537 4936 587 4971 τι
627 4918 872 4987 λαλήσει.
928 4917 1069 4969 Διότι
1119 4916 1339 4986 λαλήσει
1372 4917 1585 4979 πάντως
1626 4915 1800 4967 εἰτουν

1904 4913 2138 4968 Omnino
2192 4914 2336 4967 enim
2395 4914 2647 4982 loquetur
2695 4906 2859 4974 Deus,
2901 4919 3064 4980 atque
3110 4914 3446 4983 evangeliu-

244 5009 651 5076 εὐαγγελίσεται
707 5007 928 5076 εἰρήνην
963 5007 1054 5057 ἐπὶ
1079 5008 1169 5058 τὸν
1197 5005 1322 5059 λαὸν
1353 5004 1514 5057 αὑτοῦ
1537 5045 1551 5068 ,
1580 5005 1671 5057 καὶ
1709 5004 1792 5056 ὅν-

1900 5005 1980 5060 bit
2025 5020 2210 5075 pacem
2250 5005 2451 5074 populo
2483 5019 2602 5058 suo.
2654 5001 2714 5056 Et
2751 5017 2878 5056 vere
2916 5001 3134 5070 quidem
3197 5005 3436 5072 populus

243 5114 346 5164 τως
367 5100 399 5152 ὁ
431 5099 557 5161 λαδς
584 5097 748 5150 αὑτοῦ
775 5099 995 5167 εἰρήνην
1038 5096 1150 5166 ἔχει
1186 5095 1413 5148 πάντοτε
1453 5097 1587 5164 πρός
1619 5111 1675 5146 τε
1708 5095 1796 5148 τὸν
1861 5153 1867 5162 ,

1861 5095 1996 5162 ,ῡοὶ
2042 5106 2097 5150 et
2126 5112 2308 5151 secum
2369 5099 2502 5166 ipse,
2556 5105 2762 5150 etcum
2815 5095 2926 5150 Deo
2989 5110 3204 5166 semper
3250 5112 3436 5166 pacem

241 5191 370 5244 Θεὸν
405 5191 499 5245 καὶ
527 5189 662 5260 πρὸς
704 5190 892 5241 ἑαυτὸν
922 5229 937 5254 ,
993 5189 1178 5256 ὥσπερ
1237 5182 1388 5248 αὖθις
1446 5187 1622 5254 μάχην
1665 5186 1797 5256 πρὸς

1897 5187 2081 5255 habet,
2138 5187 2300 5243 sicuti
2347 5197 2560 5253 contra,
2602 5185 2743 5241 idem
2803 5187 3038 5256 populus
3068 5203 3287 5257 semper
3338 5203 3439 5257 pu-

241 5269 362 5344 τοῦς
386 5282 609 5350 ἐχθροὺς
643 5279 735 5334 τοῦ
764 5280 918 5342 Θεοῦ,
947 5281 1036 5332 τόν
1068 5295 1124 5331 τε
1156 5277 1384 5346 δαίμονα
1414 5280 1508 5330 καὶ
1540 5280 1662 5340 τοὺς
1700 5276 1792 5329 τοῦ

1889 5297 2055 5351 gnam
2115 5296 2178 5334 ac
2252 5279 2457 5334 bellum
2508 5279 2677 5333 habet
2725 5295 2846 5332 cum
2892 5279 3157 5344 damone,
3205 5287 3259 5334 et
3311 5297 3434 5334 cum

237 5373 503 5442 δαίμονος.
536 5373 674 5434 Τοὺς
718 5370 916 5433 αὐτοὺς
957 5371 1011 5424 δὲ
1039 5371 1262 5446 quin;
1319 5371 1444 5422 λαὸν
1507 5370 1664 5435 Θεοῦ,
1699 5373 1794 5424 καὶ

1890 5373 2167 5435 universis
2215 5371 2307 5441 qui
2362 5371 2620 5425 daemonis
2669 5371 2853 5436 amici,
2918 5382 3010 5425 aut
3063 5371 3171 5426 Deo
3229 5372 3439 5424 inimici

238 5461 436 5529 ὁσίους,
468 5463 766 5525 τουτέστιν,
800 5461 1221 5531 ἁφωσιωμένους
1242 5459 1390 5530 αὐτῷ
1423 5459 1516 5512 καὶ
1537 5459 1788 5529 ὲπιστρὲ-
1857 5501 1862 5512 .

1857 5473 2034 5520 .sunt.
2106 5461 2341 5520 Eosdem
2420 5470 2600 5516 autem
2663 5459 2849 5515 ﬁdeles
2929 5469 2983 5514 et
3034 5460 3282 5530 p0pulum
3343 5461 3435 5513 Dei

238 5566 431 5624 φοντας
455 5554 539 5608 ἐπ’
571 5553 729 5609 αὐτὸν
783 5553 884 5623 τὴν
922 5553 1131 5606 ἑαυτῶν
1179 5552 1426 5622 καρδίαν,
1491 5553 1658 5624 {now
1687 5553 1785 5623 τὴν

1895 5556 2203 5624 appellavit,
2248 5564 2304 5612 et
2354 5561 2596 5620 sanctos,
2659 5555 2762 5607 hoc
2809 5560 2915 5617 est,
2947 5553 3336 5616 sanctiticams,
3367 5565 3429 5604 ac

343 5799 385 5832 ¹³
412 5798 516 5856 lsa.
557 5813 631 5862 Ix,
665 5797 718 5850 ϐ.
931 5825 937 5830 -
2912 5829 2927 5853 ο

545 5889 812 5950 ΡΑτιιοι,
876 5884 992 5945 Gn.
1038 5884 1352 5948 CXXVIII.
2961 5883 3037 5945 28
