4112 6322
213 351 328 415 877

1372 344 1754 440 conantur.
1798 342 1879 404 IN
1908 344 2257 406 PSALMOS.

3314 340 3419 407 878

210 466 567 539 τετραμμένος
606 467 692 521 διὰ
714 468 772 521 τὸ
799 464 1245 535 κατακεχυμένον
1292 462 1387 531 τῆς
1411 459 1514 528 γῆς
1546 456 1736 525 ψεῦδος
1754 470 1768 488 ‘

1877 458 2178 525 prospexit.
2220 469 2342 510 cum
2371 465 2527 510 antea
2560 456 2628 509 ob
2656 456 3000 512 mendacium
3038 454 3179 525 quod
3218 455 3271 509 in
3300 457 3420 509 uui-

206 560 309 610 καὶ
338 560 649 631 κατηλλάγη
680 561 745 614 τὰ
775 560 883 613 ἀνω
910 563 1021 621 τοῖς
1049 559 1243 611 κάτω.’

282 827 397 881 Kal
428 827 539 896 γὰρ
568 828 600 880 d
620 826 833 891 Κύριος
853 823 1031 877 δώσει
1060 822 1453 891 χρηστότητα,
1496 816 1595 871 καὶ
1692 812 1768 883 τῆ

205 916 391 987 ἡμῶν
416 918 593 971 δώσει
611 919 717 971 τόν
750 917 981 986 καρπόν
1000 913 1205 981 αὐτῆς.
1241 914 1383 985 Ὅρα
1411 909 1528 993 πῶς
1556 912 1584 962 ό
1608 906 1771 961 Δαὸὶδ

206 1010 271 1062 ἐν
306 1010 509 1080 βεϐαίῳ
574 1008 953 1079 προαγορεύει,
993 1009 1074 1061 ὅτι
1130 1008 1158 1059 ό
1217 1006 1312 1074 μὲν
1368 1002 1555 1072 Πατὴρ
1610 998 1771 1053 δώσει

206 1102 333 1165 τοῖς
365 1101 673 1171 ἀνθρώποις
694 1101 784 1153 τόν
810 1099 936 1153 Υίὸν
962 1097 1148 1162 αὐτοῦ,
1180 1098 1238 1161 ὃς
1268 1098 1384 1149 ἐστι
1419 1093 1725 1165 χρηστότης
1752 1106 1767 1121 ⁸

211 1192 436 1258 Οὐδεὶς
458 1192 567 1261 γάρ
617 1192 835 1259 ἀγαθὸς
868 1194 916 1245 εί
960 1190 1045 1259 μὴ
1080 1185 1163 1255 εἷς
1188 1192 1220 1243 ό
1251 1187 1416 1253 Θεός.
1462 1186 1572 1240 Καὶ
1604 1184 1711 1255 γὰρ
1743 1183 1771 1234 ό

208 1279 514 1349 Σύμμαχος
551 1280 661 1334 Τὸν
686 1279 907 1350 ἀγαθὸν
935 1276 1105 1333 εἶπεν.
1139 1277 1208 1332 Ἠ
1230 1276 1297 1345 δὲ
1330 1276 1405 1345 γῆ
1446 1275 1625 1329 δώσει
1666 1274 1772 1327 τὸν

207 1372 455 1437 καρπὶν
489 1368 702 1438 αὐτῆς,
725 1370 849 1432 τοὺς
883 1369 1212 1430 ἀποστόλους
1239 1367 1497 1437 δηλονότι,
1526 1365 1621 1419 καὶ
1647 1365 1773 1427 τοὺς

207 1461 412 1524 ἄλλους
443 1463 684 1524 πιστοὺς,
754 1461 861 1513 ἀπὸ
909 1460 1007 1530 τῆς
1049 1460 1303 1524 Ἰουδαίας
1350 1458 1770 1529 βλαστήσαντας.

218 1552 624 1623 ’Δπλούστερον
652 1554 707 1606 δὲ
759 1555 954 1617 εἰπεῖν,
987 1552 1079 1604 τοῦ
1118 1549 1355 1620 Χριστοῦ
1400 1548 1772 1619 γεννηθέντος,

207 1644 422 1714 Κύριος
474 1645 633 1699 δώσει
689 1644 835 1707 ἔλεος
872 1647 981 1705 τοῖς
1010 1643 1347 1712 ἀνθρὼποις’
1379 1643 1471 1695 καὶ
1520 1640 1707 1694 λοιπὸν
1738 1641 1770 1709 ἡ

207 1736 287 1806 γῆ
325 1738 460 1790 πᾶσι
487 1738 716 1806 καρποῖς
742 1736 1041 1805 εὐθυνήσει.

288 2027 647 2094 Δικαιοσύνη
712 2024 970 2080 ἐνώπιον
1026 2023 1214 2078 αὐτοῦ
1277 2022 1766 2090 προπορεύσεται.

211 2120 572 2189 Δικαιοσύνην
636 2117 871 2171 ἐνταῦθα
922 2118 1070 2185 λέγει
1113 2117 1213 2185 τὴν
1252 2117 1432 2169 πᾶσαν
1459 2110 1773 2186 ἀρετὴν,ἦς

210 2212 277 2264 τδ
306 2212 445 2281 φῶς,
483 2210 952 2280 προπορευόμενον
1008 2208 1101 2260 val
1142 2206 1535 2273 ἀπαστράπτον
1580 2204 1770 2268 αὑτοῦ,

208 2304 370 2375 δίκην
396 2300 673 2373 λαμπάδος
704 2300 1046 2354 ἀπεδείκνυεν
1106 2297 1265 2350 αὑτὸν
1288 2299 1400 2360 τοῖς
1441 2296 1767 2366 ἀνθρώποις.

289 2565 400 2643 Kal
450 2565 622 2633 θήσει
660 2566 745 2631 εἰς
793 2564 935 2619 ὁδὸν
961 2564 1032 2618 τὰ
1057 2563 1381 2632 διαδήματα
1423 2564 1627 2617 αὐτοῦ.
1664 2566 1772 2617 Καὶ

212 2657 406 2713 λοιπὸν
436 2660 466 2712 ό
490 2660 534 2711 Χ
545 2658 720 2728 ριστὸς
741 2658 811 2708 τά
847 2657 1159 2727 διαδήματα
1182 2654 1368 2721 αὐτοῦ,
1397 2656 1643 2709 τουτέστι
1671 2658 1771 2726 τὴν

212 2751 472 2819 ἐνάρετον
517 2751 634 2802 tam
689 2749 755 2819 ἢν
794 2749 953 2810 αὐτὸς
1006 2747 1164 2815 ἔτεμε
1219 2749 1310 2801 καὶ
1338 2747 1570 2813 ἐϐάδισε,
1617 2748 1771 2819 θήσει

215 2843 299 2905 είς
336 2842 396 2894 τὺ
435 2835 573 2895 εἶναι
601 2838 717 2892 ὁδὸν
742 2842 855 2902 τοῖς
880 2841 1242 2910 Χριστιανοῖς,
1271 2838 1339 2892 δι’
1368 2835 1436 2911 ἦς
1465 2840 1771 2907 βαδίζοντες

212 2932 516 2987 ἀνέλθωσιν
552 2931 633 2993 είς
660 2930 749 2983 τὸν
772 2931 953 2983 αὐτόν.
981 2930 1135 2982 Ἔστι
1162 2930 1218 2983 δέ
1243 2930 1336 2983 καὶ
1360 2929 1535 2991 άλλως
1572 2932 1764 2983 είᾶιεῖν·

218 3025 343 3078 Ὀτι
370 3027 399 3077 ό
422 3022 723 3093 πρόδρομος
773 3022 1040 3089 Ἰωάννης,
1066 3020 1126 3073 ὃν
1156 3021 1412 3075 ἐκάλεσεν
1436 3023 1461 3074 ό
1484 3021 1646 3075 Δαὸὶδ
1674 3020 1789 3074 νῦν·

1802 1778 1849 1836 Β

1874 562 2083 602 versam
2107 558 2223 602 erat
2255 556 2455 603 terram
2485 548 2762 613 diffusum,
2797 563 2824 600 a
2858 548 3016 603 nobis
3054 548 3306 603 omnibus
3333 564 3421 601 es-

1873 648 1955 693 set
1981 654 2227 695 aversus.
2286 639 2531 703 Superna
2568 642 2732 710 igitur
2791 653 2918 698 tune
2975 650 3134 709 atque
3180 642 3419 695 cmlestia

1874 726 2221 783 inferioribus
2259 744 2323 785 ac
2364 731 2653 786 mundanis
2680 740 2807 786 sunt
2850 733 3158 785 conciliata.

1942 818 2107 875 Vsus.
2142 822 2228 875 15.
2268 822 2469 875 Etenim
2520 822 2775 877 Dominus
2824 823 2969 876 dabit
3014 824 3317 887 bonitatem,
3373 834 3421 875 et

1873 922 2011 967 terra
2047 922 2231 967 nostra
2255 901 2403 966 dabit
2430 916 2660 984 fructum
2695 933 2869 969 suum.
2920 915 3054 970 Vide
3090 931 3252 985 quam
3291 931 3424 968 c0n-

1874 1013 2084 1059 stauter
2125 1004 2387 1074 praedicat
2437 1006 2595 1059 nobis
2625 1006 2816 1061 beatus
2849 1006 3041 1070 David,
3085 1007 3229 1075 quod
3266 1005 3423 1059 Pater

1873 1096 2097 1149 daturus
2122 1105 2268 1151 esset
2294 1095 2486 1149 Filium
2523 1113 2679 1152 suum
2712 1098 3041 1150 hominibds.
3081 1095 3183 1149 Per
3211 1096 3422 1149 bonita-

1875 1196 1981 1241 tem
2008 1188 2153 1242 enim
2192 1188 2325 1242 nihil
2366 1188 2514 1241 aliud
2562 1189 2866 1258 intelligere
2904 1204 3219 1257 possumus,
3258 1202 3421 1257 quam

1873 1276 2048 1346 ipsum
2084 1278 2270 1333 Deum.
2302 1278 2501 1332 Nullus
2531 1281 2698 1341 enim,
2729 1280 2921 1348 inquit,
2949 1281 3134 1345 bonus,
3157 1282 3255 1334 nisi
3278 1282 3420 1333 solus

1873 1368 2011 1422 Deus
2046 1371 2109 1424 ⁸⁸.
2148 1369 2213 1423 Et
2246 1371 2425 1425 littera
2472 1358 2781 1441 Symmachi
2825 1374 2985 1426 habet
3022 1395 3035 1427 :
3078 1372 3287 1426 Etenim
3328 1372 3425 1425 Do-

1876 1464 2050 1516 minus
2078 1465 2227 1516 dabit
2258 1463 2470 1517 bonum.
2497 1495 2566 1503 --
2592 1464 2753 1518 Terra
2784 1467 2941 1519 etiam
2990 1467 3136 1519 dabit
3195 1468 3419 1535 fructum

1877 1572 2057 1618 suum,
2120 1556 2398 1624 apostolos
2425 1557 2684 1609 nimirum
2740 1569 2794 1612 (ιι
2842 1560 2977 1611 alios
3014 1562 3220 1624 lideles,
3274 1562 3364 1630 qui
3396 1576 3425 1614 e

1875 1644 2056 1699 Judeea
2093 1648 2310 1716 regione
2341 1630 2737 1718 'germinaruut.
2770 1650 3023 1719 Apertius
3058 1666 3186 1705 vero
3217 1666 3279 1705 ac
3312 1667 3427 1703 tua-

1876 1736 2127 1793 nifestius
2150 1746 2252 1803 est,
2284 1746 2340 1791 ut
2380 1739 2646 1804 dicamus,
2677 1742 2819 1809 quod
2853 1754 2980 1795 nato
3004 1742 3244 1806 Christo,
3284 1742 3425 1797 Deus

1876 1824 2023 1878 dabit
2056 1828 2487 1882 misericordiam
2514 1829 2848 1893 hominibus,
2888 1840 2942 1885 et
2964 1832 3107 1900 quod
3139 1843 3280 1888 terra
3309 1832 3423 1886 fru-

1875 1917 2055 1971 ctibus
2092 1920 2407 1973 abundabit.

1946 2007 2155 2063 Vsus."
2176 2010 2228 2064 4.
2259 2009 2485 2067 Iustitia
2512 2030 2690 2067 coram
2731 2031 2791 2069 eo
2824 2015 3101 2083 prtecedet.
3131 2014 3232 2070 Per
3258 2017 3421 2085 justi-

1876 2099 2002 2153 tiam
2047 2102 2137 2155 hic
2168 2102 2454 2159 universas
2496 2106 2874 2175 complectitur
2912 2100 3170 2162 'virtutes.
3216 2107 3419 2163 Harum

1876 2191 2042 2261 igitur
2086 2195 2348 2247 virtu'um
2412 2196 2527 2259 lita,
2570 2196 2748 2251 instar
2795 2197 3082 2266 lampadis,
3126 2216 3156 2254 a
3206 2199 3425 2256 Christo

1872 2296 2194 2350 coruscans,
2226 2294 2297 2338 tat
2322 2294 2431 2337 tum
2461 2297 2586 2340 ante
2630 2288 2778 2341 illum
2810 2278 3024 2356 emittet
3055 2289 3416 2358 splendorem.

1874 2379 1933 2423 ut
1968 2372 2232 2428 celebrem
2261 2389 2325 2429 ac
2360 2378 2674 2443 praeclarum
2707 2378 2847 2447 apud
2876 2393 3069 2447 omnes
3098 2380 3252 2435 illum
3291 2383 3408 2436 red.

1872 2462 2049 2518 ditura
2078 2466 2167 2521 sit.
2441 2448 2456 2455 δ
2742 2536 2745 2537 ν

1938 2556 2005 2605 Et
2042 2564 2195 2622 ponet
2234 2556 2289 2607 in
2336 2557 2473 2610 viam
2499 2574 2707 2627 gressus
2745 2576 2887 2615 suos.
2940 2560 3200 2633 Deinceps
3235 2572 3415 2619 autem

1872 2644 2122 2702 Christus
2152 2657 2567 2730 ponet_gressus
2600 2666 2752 2717 suos,
2794 2652 2895 2730 hoc
2922 2661 3025 2717 est,
3060 2654 3205 2707 illam
3245 2657 3417 2710 virtu-

1872 2748 2044 2792 tutum
2075 2722 2336 2794 semitanf
2357 2756 2454 2809 per
2474 2757 2635 2810 quam
2668 2743 2785 2812 ipse
2830 2722 3165 2813 ambulabat,
3221 2756 3409 2816 ponet,

1871 2829 2115 2898 inquam,
2153 2845 2270 2883 eam
2306 2831 2359 2884 in
2394 2831 2517 2895 hoc,
2548 2840 2606 2885 ut
2635 2833 2706 2887 sit
2732 2835 2813 2889 via
2839 2836 3049 2890 caeteris
3070 2837 3417 2907 Christianis,

1868 2936 1965 2990 per
1991 2937 2154 2993 quam
2184 2924 2259 2976 illi
2283 2924 2592 2980 incedentes
2618 2924 2685 2978 ad
2708 2941 2826 2980 eum
2848 2927 3060 2984 tandem
3087 2931 3416 2997 pervenient.

1876 3013 1969 3067 Vel
2024 3015 2178 3069 aliter
2235 3034 2247 3069 :
2294 3016 2534 3071 Joannes
2605 3016 2817 3072 Domini
2874 3034 3196 3089 pracursor,
3255 3038 3417 3091 quem

214 3113 595 3183 δικαιοσύνην,
617 3113 691 3175 ὼς
718 3112 815 3184 τὴν
832 3113 1061 3182 νομικὴν
1088 3112 1432 3183 δικαιοσύνην
1473 3111 1765 3180 φυλάττον-

1874 3106 2065 3162 beatus
2104 3107 2269 3163 David
2310 3110 2411 3164 hoc
2441 3112 2493 3164 in
2525 3110 2645 3167 loco
2666 3108 2937 3177 justitiam
2973 3112 3225 3181 appellat,
3250 3115 3416 3169 veluti

216 3221 310 3267 τα,
343 3205 438 3255 καὶ
465 3203 540 3266 ὡς
564 3202 783 3265 δικαίως
808 3202 1240 3271 πολιτευόμενον,
1288 3200 1458 3265 οὕτως
1515 3200 1765 3269 ἐνώπιον,

215 3296 398 3348 εἶτουν
448 3293 790 3364 ἔμπροσθεν,
847 3278 942 3346 τοῦ
1008 3285 1246 3362 Χρίστοῦ
1310 3295 1766 3363 προπορεύσεται.

227 3387 386 3443 ἸΡηὺ
436 3385 566 3457 γὰρ,
616 3387 797 3455 φησὶν,
857 3386 969 3454 ἐγὼ
1012 3385 1327 3439 ἀποστελῶ
1362 3388 1470 3439 τόν
1515 3386 1769 3456 ἄγγελόν

207 3493 332 3543 μου
374 3476 487 3543 πρὸ
534 3476 854 3543 προσώπου
906 3490 1042 3541 σου,
1072 3475 1140 3539 ὃς
1178 3476 1614 3530 κατασκευάσει
1654 3476 1769 3544 τὴν

214 3567 366 3631 ὀδόν,
397 3582 513 3619 σου
552 3567 906 3635 ἔμπροσθεν.
990 3566 1148 3620 mea
1208 3568 1352 3637 γάρ·
1388 3568 1768 3636 Ἑτοιμάσατε

140 3682 143 3685 -
212 3657 324 3721 τὰς
362 3655 541 3721 ὀδοὺς
586 3656 804 3724 Κυρίου
827 3672 841 3687 ο
864 3656 1095 3723 εὐθείας
1124 3657 1343 3711 ποιεῖτε
1378 3656 1486 3722 τὰς
1529 3658 1767 3724 τρίϐους

213 3742 423 3797 αὐτοῦ.
456 3744 527 3809 Σὺ
556 3742 610 3795 δὲ
644 3745 736 3797 καὶ
790 3743 976 3814 ἕτερον
1032 3745 1271 3814 νοήσεις,
1304 3746 1384 3798 ὅτι
1408 3747 1444 3816 ἡ
1487 3745 1700 3816 θεότης,
1732 3748 1766 3817 ἡ

213 3834 678 3905 αὐτοδικαιοσύνη,
748 3834 977 3887 ἐνώπιον
1029 3834 1124 3887 τοῦ
1166 3836 1596 3907 προσλήμματος
1636 3840 1765 3907 ἡγε-

216 3926 413 3991 μόνευε
441 3927 536 3977 καὶ
594 3924 757 3977 ἐτίθει
814 3926 895 3987 είς
947 3924 1161 3978 εὐθεῖαν
1183 3926 1280 3989 τὰς
1319 3929 1549 3992 πορείας
1575 3929 1762 3983 αὐτοῦ.

210 4015 611 4083 Προεωρώμην
638 4012 767 4085 γὰρ,
789 4014 945 4085 φησὶ,
976 4016 1085 4069 τὸν
1112 4018 1330 4085 Κύριον
1370 4020 1627 4076 ἐνώπιόν
1645 4040 1763 4091 μου

210 4104 309 4159 διὰ
331 4108 576 4173 παντός.

664 4287 978 4356 Προσευχὴ
1010 4288 1087 4354 τῷ
1114 4270 1309 4345 Δαϐίδ.

772 4375 1061 4429 ΨΔΛΜΟΣ
1087 4377 1211 4431 ΠΕ¹.

280 4460 425 4530 Δήλη
475 4460 574 4540 μὲν
616 4462 649 4529 ἡ
690 4463 1001 4533 ἐπιγραφή·
1063 4465 1277 4536 εἴρηται
1328 4466 1385 4520 δὲ
1428 4468 1578 4535 ὅμως
1634 4472 1761 4541 περὶ

212 4551 523 4620 προσευχῆς
548 4552 609 4604 ἐν
648 4551 726 4621 τῷ
757 4554 1028 4623 προοιμίῳ
1081 4555 1178 4623 τῆς
1208 4554 1409 4625 βίϐλου.
1458 4560 1761 4631 Προσευχό-

212 4659 374 4712 μενος
412 4641 469 4694 δὲ
512 4642 649 4712 ὑπὲρ
696 4643 888 4699 ἑαυτοῦ
918 4646 948 4696 ό
975 4646 1159 4710 Δασὶδ,
1220 4648 1459 4702 διδάσκει
1517 4653 1633 4714 πῶς
1654 4654 1779 4725 χρὴ,

174 4726 179 4731 ”
210 4732 611 4803 προσεύχεσθαι
637 4732 727 4785 τὸν
745 4736 801 4786 ἐν
839 4734 1104 4802 ἀνάγκαις
1133 4736 1279 4792 ὄντα.
1310 4740 1671 4811 Προαγορεύει
1702 4745 1759 4797 δὲ

208 4821 444 4874 ἐνταῦθα
493 4823 588 4874 καὶ
640 4823 829 4892 κλῆσιν
880 4824 1067 4877 ἐθνῶν.
1095 4827 1248 4891 Τινὲς
1269 4828 1324 4881 δέ
1357 4833 1630 4902 προσώπῳ
1662 4834 1755 4888 τοῦ

218 4911 462 4975 Ἐζεκίου
508 4914 814 4984 γεγράφθαι
868 4916 965 4968 καὶ
1033 4920 1236 4997 ταύτην
1294 4921 1394 4991 τὴν
1454 4926 1757 4997 προσευχὴν

206 5003 512 5074 εἰρήκασιν.
877 5010 881 5014 ’
1061 5016 1067 5021 “

1789 4424 1836 4481 D

1876 3200 1970 3268 qui
2003 3213 2218 3255 onmem
2276 3201 2410 3271 legis
2444 3201 2714 3269 justitiam
2748 3203 3003 3269 servavit,
3042 3206 3306 3273 prazcedet
3336 3222 3421 3261 cu-

1870 3304 1985 3344 ram
2027 3291 2267 3356 Christo,
2299 3293 2402 3349 hoc
2432 3303 2534 3357 est,
2564 3302 2689 3348 ante
2716 3294 3063 3358 Christum.._
3094 3296 3228 3361 Ecce
3270 3298 3413 3353 enim

1869 3396 1983 3450 ego,
2016 3381 2209 3451 inquit,
2245 3383 2395 3435 mitto
2432 3383 2671 3451 angelum
2701 3401 2865 3438 meum
2897 3397 3017 3439 ante
3034 3388 3223 3455 [aciem
3246 3399 3415 3453 luant,

1869 3476 1959 3541 qui
1986 3475 2194 3541 parabit
2226 3476 2364 3529 viam
2404 3487 2548 3529 luam
2576 3486 2695 3531 ante
2727 3488 2777 3531 te
2806 3478 2868 3532 ".
2914 3478 3178 3535 Clamabit
3212 3482 3352 3536 enim
3401 3498 3415 3535 :

1870 3563 2067 3619 Parata
2090 3568 2201 3620 uias
2231 3566 2463 3631 Domini,
2488 3575 2654 3622 rectas
2678 3569 2845 3635 facile
2871 3571 3082 3623 semitas
3112 3572 3223 3638 ejus
3258 3571 3320 3627 ¹³.
3354 3562 3443 3626 Et

1872 3657 2023 3728 (quia
2054 3657 2237 3731 Graeca
2264 3659 2452 3725 dictio,
2475 3659 2664 3726 αὐτοῦ,
2687 3659 2761 3713 ita
2780 3660 2969 3715 referri
2992 3669 3190 3731 potest,
3220 3670 3417 3727 utnon
3494 3678 3497 3681 ·

1872 3751 2051 3804 solum
2086 3752 2353 3820 legamus,
2387 3750 2606 3805 Crestus
2642 3768 2787 3815 εειοε.
2827 3754 2921 3807 sed
2971 3753 3156 3818 etiam,
3199 3752 3415 3808 Crestus

1869 3837 2005 3907 ejus)
2030 3838 2137 3892 alio
2168 3839 2328 3893 modo
2349 3854 2579 3909 expone,
2619 3841 2763 3910 quod
2795 3841 3005 3910 justitia
3049 3841 3271 3906 Christi,
3332 3845 3413 3897 vel

1866 3929 1987 3997 ejus
2036 3929 2311 3995 divinitas,
2365 3932 2635 3999 przecedet
2675 3946 2856 3987 coram
2906 3948 2991 3997 eo,
3022 3933 3124 3987 hoc
3152 3944 3255 3999 est,
3289 3942 3414 3987 ante

1866 4025 2201 4091 asSumptam
2235 4024 2682 4088 carnemyveluti
2740 4025 2982 4093 optimus
3032 4026 3248 4095 quidam
3279 4026 3409 4079 dux.

1814 4107 1821 4117 “
1865 4112 1931 4166 Ει
1957 4120 2118 4181 ponet
2150 4115 2203 4167 in
2230 4116 2369 4167 viam
2398 4130 2623 4185 gressus
2652 4114 2793 4184 ejus.
2816 4116 2969 4185 juxta
3004 4117 3137 4172 illud
3177 4134 3192 4170 :
3221 4114 3408 4171 Provi-

1862 4201 2047 4256 debam
2081 4203 2362 4256 Dominum
2394 4206 2447 4257 in
2468 4215 2743 4275 conspectu
2772 4223 2882 4260 meo
2916 4224 3114 4277 semper
3147 4210 3209 4263 “.

2358 4291 2544 4347 Oratio
2587 4295 2687 4362 ipsi
2738 4294 2925 4350 David.

2322 4383 2637 4440 PSALMUS
2670 4381 2931 4450 LXXXV.

1938 4473 2097 4528 Clara
2121 4474 2338 4544 quidem
2366 4482 2529 4544 atque
2556 4486 2740 4545 aperta
2764 4487 2851 4533 est
2877 4479 2990 4533 haec
3016 4481 3329 4553 inscriptio,
3350 4494 3409 4540 ut

1864 4564 1921 4617 in
1953 4566 2217 4633 prommio
2253 4566 2435 4634 operis
2463 4567 2667 4619 dictum
2704 4576 2808 4623 est.
2834 4569 2968 4623 Illud
3001 4578 3178 4627 tamen
3215 4574 3281 4629 ad
3318 4576 3406 4629 in-

1863 4653 2203 4708 stitutionem
2240 4663 2479 4709 nostram
2502 4658 2758 4724 pertinet,
2782 4659 2924 4727 quod
2970 4660 3095 4713 dum
3127 4660 3409 4732 Propheta

1860 4744 2030 4797 nostri
2056 4758 2243 4812 preces
2269 4745 2535 4808 videmus,
2559 4761 2697 4813 quas
2713 4746 2779 4799 ad
2800 4744 3276 4814 Deutu'fundebat,
3302 4768 3405 4808 nos

1860 4834 2014 4888 illine
2057 4835 2262 4903 pariter
2290 4835 2575 4915 docemur,
2600 4850 2838 4905 quonam
2881 4849 3038 4907 pacto
3085 4842 3313 4915 quando,
3350 4844 3405 4899 in

1860 4928 2134 4995 angustiis
2165 4942 2226 4980 ac
2257 4912 2661 4983 calamitatibus
2689 4922 2975 4986 constituti
3006 4912 3213 4999 sumus,
3244 4951 3403 4990 orare

1858 5021 1923 5073 ad
1957 5021 2117 5073 Deum
2147 5019 2424 5072 debemus.
2454 5018 2771 5075 Prmdieitur
2795 5023 2957 5077 etiam
2991 5024 3044 5077 in
3069 5025 3171 5078 hoc
3192 5028 3399 5096 psalmo

205 5098 442 5166 gentium
470 5099 699 5154 vacatio.
733 5097 849 5154 Non
885 5101 1080 5157 desunt
1108 5111 1288 5158 tamen
1344 5107 1433 5175 qui
1498 5112 1797 5170 orationem
1836 5118 1974 5171 hanc
2021 5132 2086 5171 ex
2136 5114 2381 5168 Ezechiae
2430 5115 2575 5183 regis
2628 5131 2855 5185 persona
2910 5118 3163 5188 scriptam
3253 5136 3407 5177 asse.

205 5203 353 5245 rant.

273 5282 511 5350 κλῖνον,
536 5286 729 5352 Κύριε,
754 5286 817 5339 τὸ
838 5284 946 5353 οὖς
970 5306 1105 5353 σου,
1132 5298 1227 5347 καὶ
1259 5295 1603 5353 ἐπάκουσον
1620 5320 1757 5369 μου.

202 5373 340 5441 Περὶ
372 5374 473 5441 τῆς
511 5374 735 5438 κλίσεως
762 5377 856 5429 τοῦ
903 5378 1047 5432 θείου
1076 5380 1213 5445 ὠτὸς
1239 5386 1448 5457 εἴρηται
1470 5391 1563 5442 καὶ
1588 5392 1645 5443 ἐν
1678 5392 1756 5462 τῷ

206 5467 283 5526 ις’
310 5462 528 5533 Ψαλμῷ·

276 5554 403 5606 Ὀτι
434 5556 667 5624 πτωχὸς
693 5556 791 5610 καὶ
822 5560 1010 5628 πένης
1055 5565 1171 5633 ειμι
1200 5568 1334 5636 ἐγώ.
1402 5573 1622 5641 Πτωχὸς
1656 5576 1751 5627 xal.

1936 5303 2097 5356 Vns.
2126 5301 2176 5353 l.
2209 5298 2436 5361 Inclina,
2464 5297 2701 5361 Domine,
2735 5313 2910 5349 aurem
2937 5306 3101 5363 tuam,
3132 5310 3182 5352 et
3212 5303 3403 5356 exaudi

1860 5413 1957 5447 me.
1989 5392 2267 5458 Quomodo
2294 5400 2470 5443 autem
2522 5388 2661 5443 Deus
2692 5390 2905 5443 dicatur
2960 5392 3226 5445 inclinare
3257 5395 3397 5447 dixi-

1854 5502 1976 5539 mus
2002 5486 2054 5537 in
2081 5484 2285 5553 psalmo
2315 5497 2423 5535 xw.

1897 5556 2196 5640 ’Quoniam
2243 5573 2395 5641 inops
2428 5581 2475 5625 et
2510 5587 2710 5640 panper
2762 5588 2879 5625 sum
2935 5588 3047 5642 ego.
3102 5572 3273 5627 Veluti
3303 5576 3394 5644 qui

228 5754 233 5758 ο
264 5735 310 5767 ⁸⁸
346 5736 539 5792 Matth.
576 5753 686 5803 xu,
719 5740 802 5792 l7.
857 5740 898 5771 "
938 5740 1165 5797 Halach.
1193 5708 1326 5811 m,l
1358 5763 1373 5813 ;
1437 5747 1623 5803 Mulli!-
1656 5766 1730 5814 XI.

1933 5748 1973 5784 "
2000 5753 2101 5808 lsa.
2138 5767 2222 5817 τι,
2251 5751 2320 5818 5;
2355 5750 2543 5834 Matth.
2578 5765 2655 5816 nt,
2689 5752 2743 5807 3.
2772 5753 2815 5784 "
2850 5750 2990 5806 Psal.
3019 5766 3104 5813 xv,
3134 5753 3184 5806 8.
