4112 6322
634 405 740 469 895

1815 406 2192 471 EUTHYMII
2221 406 2392 466 ZIGA
2404 407 2546 468 BEN
2556 409 2580 467 Ι

3716 408 3819 472 896

710 519 873 575 Vsus.
896 518 983 575 li.
1007 516 1059 572 N
1063 519 1528 589 umquidjnarrabit
1543 520 1736 590 aliquis
1765 521 2077 592 inlsepulcro
2102 523 2201 576 mi-

2384 516 2481 585 Μὴ
2520 517 2872 586 διηγήσεται
2901 532 2987 585 τις
3023 521 3092 574 ἐν
3127 522 3288 590 τάφῳ
3317 520 3378 574 τὸ
3412 521 3580 585 ἔλεός
3609 536 3722 574 σου
3750 527 3844 577 και

636 612 974 684 scricordiam
993 613 1178 666 tuam.’
1207 623 1299 666 aut
1326 613 1592 667 veritatem
1615 622 1759 668 tuam
1784 616 1838 668 in
1867 615 2156 684 perditione
2180 616 2202 668 ‘l

639 703 718 755 Ad
757 682 1000 758 eamdem
1045 705 1158 758 b:ec
1185 705 1352 759 verba
1401 706 1726 762 sententiam
1792 682 2087 775 pertinent.
2133 706 2202 762 Et

635 808 734 861 per
770 794 1156 862 perditionem,
1193 810 1386 850 rursus
1423 797 1740 864 sepulcrum
1765 797 2046 868 intelligit,
2083 800 2201 852 vei-

641 886 718 939 uti
769 886 912 954 quod
941 886 1206 940 cadavera
1230 887 1340 941 illic
1359 888 1592 956 jacentia
1616 892 1922 960 carrnmpit
1984 906 2047 945 ac
2079 907 2200 961 per-

633 975 735 1030 dit.
774 978 1016 1034 Diximus
1058 986 1240 1032 autem
1286 981 1416 1033 alibi
1458 981 1603 1050 quod
1641 985 1883 1037 eamdem
1928 983 2197 1053 PrOpbeta

641 1072 970 1122 sententiam
1030 1085 1406 1140 saepenumero
1452 1072 1619 1125 variis
1647 1074 1845 1142 repetit
1890 1075 2092 1137 modis,
2120 1083 2200 1128 at-

641 1173 748 1226 que
775 1158 877 1211 hoc
905 1160 1172 1228 praecipue
1198 1161 1412 1230 quoties
1457 1162 1707 1216 allectum
1763 1163 2051 1232 quemdam
2085 1167 2202 1220 ani-

638 1253 709 1304 mi
758 1251 872 1306 vult
911 1253 1204 1320 explicare.
1249 1236 1364 1307 Non
1401 1264 1650 1312 mortuus
1677 1256 1972 1326 quispiam,
2003 1257 2199 1328 inquit,

636 1340 734 1396 sed
784 1342 975 1398 vivens
1010 1342 1131 1412 quis
1187 1351 1334 1398 tuam
1401 1345 1602 1423 sentiet
1651 1347 2107 1414 misericordiam,
2147 1359 2202 1404 et

637 1431 945 1488 hominibus
1027 1449 1143 1490 eam
1217 1424 1586 1492 annuntinbit.
1658 1437 1733 1496 De
1760 1439 1984 1499 veritate
2021 1450 2199 1497 autem
2231 1461 2243 1467 -

637 1523 753 1604 Dei.
791 1525 993 1580 dictum
1024 1538 1106 1582 est
1133 1528 1188 1581 in
1219 1530 1431 1597 psalmo
1462 1547 1611 1588 xxix.
2119 1601 2124 1608 ‘

707 1613 870 1669 Vsus.
892 1617 982 1671 l3.
1008 1616 1278 1686 Numquid
1305 1630 1678 1689 cognoscentur
1698 1624 1753 1676 in
1783 1625 2008 1679 tenebris
2037 1627 2202 1681 mira-

639 1705 767 1758 bilia
802 1717 892 1761 tua
918 1748 932 1772 ,
963 1716 1014 1762 et
1040 1710 1251 1777 justitia
1287 1720 1378 1765 tua
1419 1713 1470 1766 in
1503 1722 1644 1769 terra
1684 1715 1886 1772 obtita‘l
1917 1717 2019 1773 Per
2050 1728 2202 1775 tene-

2302 605 2415 674 τὴν
2437 607 2726 672 ἀλήθειάν
2745 623 2861 664 σου
2883 610 2952 662 ἐν
2971 609 3044 678 τῇ
3065 611 3328 679 ἀπωλείᾳ
3349 630 3366 676 ;
3393 612 3502 682 Τῆς
3518 611 3687 680 αὐτῆς
3706 612 3852 665 ἐστιν

2303 698 2511 761 ἐννοίας
2539 700 2849 754 καὶταῦτα.
2900 702 3202 756 Ἀπώλειαν
3247 703 3303 756 δὲ
3342 703 3434 756 τὸν
3477 705 3648 772 τάφον
3690 704 3849 757 πάλιν

2301 787 2606 859 ὠνόμασεν,
2641 791 2717 854 ώς
2747 792 3130 863 διαφθείροντα
3173 794 3264 847 τὸν
3291 794 3609 865 ἐγκείμενον
3639 797 3850 866 νεκρόν.

2300 881 2614 951 Εἰρήκαμεν
2638 881 2718 948 δὲ,
2765 884 2846 937 ὅτι
2886 885 2954 938 τὰ
2981 883 3119 938 αὐτὰ
3142 884 3210 938 δι’
3241 885 3444 955 ἐτέρων
3484 885 3741 949 πολλάκις
3762 886 3852 938 λέ-

2300 970 2436 1037 ξεων
2472 974 2500 1024 ό
2536 973 2825 1044 Προφήτης
2849 975 3001 1043 λέγει
3028 1014 3043 1041 ,
3099 978 3193 1030 καὶ
3225 976 3424 1046 μᾶλλον
3447 979 3504 1030 ὲν
3527 980 3640 1039 τοῖς
3674 976 3849 1046 παθη-

2300 1065 2492 1126 τικοῖς.
2527 1065 2638 1135 Οὐχ
2668 1067 2695 1117 ό
2728 1066 2942 1138 νεκρὸς,
2968 1066 3085 1120 ἀλλ’
3113 1069 3140 1120 ό
3164 1065 3292 1131 ζῶν,
3321 1067 3507 1137 φησὶν,
3536 1066 3848 1122 αἰσθάνεται

2301 1151 2393 1203 τοῦ
2438 1151 2621 1216 ὲλέους
2679 1171 2792 1219 σου,
2861 1157 2955 1208 καὶ
3013 1156 3344 1224 ἀπαγγέλλει
3403 1155 3562 1210 τοῦτο
3601 1158 3711 1218 τοῖς
3754 1157 3852 1208 ἀν-

2303 1241 2564 1311 θρώποις.
2643 1246 2778 1315 Περὶ
2827 1246 2882 1299 δὲ
2933 1247 3031 1316 τῆς
3087 1247 3341 1316 ἀληθείας
3393 1248 3608 1319 εἴρηται
3666 1249 3722 1300 ἐν
3771 1247 3848 1316 τῷ

2304 1332 2384 1387 κθ⁹
2422 1333 2640 1406 ψαλμῷ.

2373 1621 2468 1688 Μὴ
2507 1622 2918 1692 γνωσθήσεται
2956 1623 3025 1676 ἐν
3068 1621 3145 1688 τῷ
3181 1623 3387 1678 σκότει
3443 1624 3514 1678 τὰ
3556 1627 3850 1695 θαυμάσιά

2302 1729 2417 1766 σου
2427 1727 2446 1774 ;
2473 1712 2570 1766 καὶ
2603 1714 2640 1781 ή
2672 1713 3026 1780 δικαιοσύνη
3054 1727 3169 1767 σου
3201 1713 3272 1767 ἐν
3290 1712 3367 1782 τῇ
3384 1714 3850 1784 suamnam;

649 1797 846 1853 nebras
913 1801 1248 1870 sepulturam
1310 1804 1536 1873 intelligi
1604 1807 1876 1873 diximus,
1953 1810 2199 1865 eamdem

2308 1803 2504 1868 Σκότος
2545 1806 2692 1872 λέγει
2728 1805 2818 1859 τὸν
2844 1807 2901 1860 ὲν
2925 1807 3002 1872 τῷ
3031 1804 3187 1875 τάφῳ
3220 1805 3382 1860 πάλιν
3404 1806 3585 1870 τόπον,
3631 1807 3726 1860 τὸν
3758 1808 3852 1861 αὐ-

655 1888 820 1942 etiam
883 1869 1084 1944 terram
1133 1891 1358 1946 oblitam
1391 1869 1720 1964 ,appcllavit.
1777 1869 2201 1960 Ab-hominibus

2305 1895 2396 1948 τὸν
2449 1897 2504 1949 δὲ
2557 1869 2650 1951 καὶ
2698 1897 2803 1966 γῆν
2852 1869 3318 1968 ἐπιλελινισμενην⁸
3371 1899 3500 1968 παρ’
3552 1898 3852 1969 ἀνθρώποις

642 1980 865 2048 quidem
895 1981 1059 2035 oblita
1091 1983 1324 2050 videtur,
1356 1985 1426 2040 ob
1457 1990 1882 2058 corruptionem,
1916 2001 1972 2048 et
2008 2010 2040 2049 a
2069 1995 2199 2062 Deo,

633 2070 764 2140 quia
805 2063 1038 2142 amplius
1067 2089 1174 2130 non
1218 2076 1430 2142 vivunt,
1485 2079 1577 2147 qui
1611 2080 1721 2135 illic
1767 2082 1974 2152 iacent.
2001 2083 2201 2143 Vivere

638 2162 786 2216 enim
821 2162 896 2217 illi
929 2162 1204 2231 dicuntur,
1236 2181 1466 2236 quorum
1495 2168 1634 2226 Deus
1653 2175 2044 2238 reminiscitur,
2067 2178 2201 2234 Om-

634 2251 726 2305 nia
777 2259 958 2307 autem
995 2253 1111 2309 haec
1160 2257 1327 2310 verba
1357 2257 1599 2326 ejusdem
1631 2267 1917 2320 sententiae
1948 2261 2101 2334 sunt,
2148 2275 2203 2324 et

633 2355 732 2411 per
753 2341 1228 2414 interrogationem
1258 2356 1313 2402 et
1339 2363 1462 2402 cum
1489 2348 1690 2406 allectu
1722 2351 1946 2422 legenda
2005 2365 2156 2410 sunt.

705 2430 869 2492 Vnus:
903 2435 990 2492 Η.
1031 2436 1100 2492 Et
1136 2455 1227 2508 ego
1257 2441 1326 2492 ad
1363 2451 1432 2505 te,
1471 2439 1712 2510 Domine,
1741 2447 1980 2503 clamaui.
2012 2449 2078 2503 Et
2101 2465 2202 2522 ego

635 2528 799 2584 simul
843 2545 966 2586 cum
1001 2531 1124 2588 aliis
1153 2534 1485 2600 hominibus,
1510 2537 1675 2594 veluti
1711 2542 1806 2612 qui
1847 2557 2009 2600 verus
2035 2546 2200 2600 etiam

637 2631 757 2672 sum
789 2617 977 2674 homo.

707 2707 774 2762 Et
813 2726 962 2764 mane
993 2713 1165 2766 oratio
1193 2730 1307 2769 mea
1343 2720 1615 2785 prcoeniet
1647 2729 1712 2776 te.
1752 2720 1908 2778 Mane
1931 2724 2069 2781 dixit
2101 2741 2200 2797 pro

635 2799 760 2854 cito.
811 2800 932 2854 Cito
953 2804 1122 2870 enim,
1175 2805 1373 2876 inquit,
1417 2809 1592 2864 oratio
1637 2827 1755 2866 mea
1791 2813 1856 2869 ad
1911 2824 1966 2870 te
1999 2818 2198 2872 veniet.

637 2890 886 2947 Abundat
925 2904 1106 2950 autem
1160 2887 1471 2967 praepositio
1512 2918 1644 2970 pne.
1685 2905 1815 2960 Ideo
1859 2917 2039 2962 autem
2091 2910 2201 2965 cito

639 2984 790 3038 venit
809 2984 873 3038 ad
917 2993 972 3039 te
1015 3002 1134 3042 mea
1173 2991 1370 3056 oratio,
1420 2992 1550 3062 quia
1580 2994 1970 3066 impedimento
1998 2998 2047 3054 ei
2077 3015 2201 3057 esse

635 3087 744 3128 non
776 3084 1000 3144 possunt
1032 3087 1274 3148 peccata.

2310 1989 2408 2056 μὲν
2461 1987 2536 2051 ώς
2580 1987 2874 2058 διαφθορᾶς
2905 1988 3158 2060 ἔμπλεων
3182 2031 3195 2056 ,
3230 1989 3383 2060 παρὰ
3421 1990 3540 2061 Θεῷ
3579 1991 3635 2043 δὲ
3667 1991 3740 2052 ώς
3775 1989 3851 2060 μὴ

2306 2077 2508 2143 ζῶντος
2553 2078 2646 2133 τοῦ
2703 2080 3046 2151 ἐγκειμένου.
3082 2080 3224 2134 Ζῶσι
3273 2081 3381 2152 γὰρ
3422 2075 3497 2136 ὧν
3532 2081 3852 2152 μνημονεύει

2304 2171 2438 2234 Θεός
2464 2187 2478 2201 ·
2516 2171 2693 2226 πάντα
2727 2171 2784 2225 δὲ
2813 2173 2880 2226 τὰ
2915 2171 3149 2244 ρηθέντα
3171 2173 3268 2244 τῆς
3300 2172 3421 2242 ῐσης
3465 2171 3701 2236 διανοίας
3726 2172 3851 2226 ὄντα

2303 2264 2424 2318 κατ’
2453 2261 2724 2335 ἐρώτησιν
2749 2263 2955 2335 ἠθικῶς
2976 2264 3373 2332 ἀναγνωστέον.

2373 2437 2545 2507 Κάγὼ
2574 2438 2732 2508 πρὸς
2767 2440 2864 2507 σὲ,
2915 2441 3114 2509 Κύριε,
3146 2440 3463 2526 ἐκέκραξα.
3512 2422 3683 2509 Κάγώ
3719 2443 3854 2514 μετὰ

2301 2524 2412 2581 τῶν
2434 2526 2610 2586 ἄλλων
2639 2528 2966 2600 ἀνθρώπων,
3003 2530 3076 2597 ώς
3103 2531 3196 2585 καὶ
3229 2524 3390 2595 αὐτὸς
3413 2530 3720 2599 ἄνθρωπος.

2375 2698 2446 2760 Τὸ
2494 2708 2644 2776 πρωῒ
2679 2709 2717 2777 ἠ
2761 2708 3068 2780 προσευχὴ
3118 2727 3236 2779 μου
3270 2709 3599 2780 προφθάσει
3639 2726 3733 2766 σε.
3781 2713 3851 2768 Τὸ

2301 2799 2469 2868 πρωῒ,
2522 2799 2643 2852 ἀντὶ
2687 2800 2778 2855 τοῦ
2825 2803 3052 2872 ταχέως.
3081 2801 3275 2871 φθάσει
3315 2804 3394 2866 εἰς
3423 2804 3542 2874 σὲή
3577 2804 3849 2874 προσευχὴ

2302 2907 2428 2962 μου.
2448 2893 2766 2962 Περιττεύει
2791 2893 2847 2947 δὲ
2874 2896 2905 2965 ὴ
2929 2893 3295 2966 πρόθεσις.οὐ
3325 2895 3432 2965 γὰρ
3467 2895 3854 2965 ιμπώισουσιν

2299 2986 2438 3056 αὐτῇ
2473 2986 2764 3060 ἁμαρτίαι.

699 3163 863 3221 Vsus.
926 3168 1011 3222 15.
1090 3168 1301 3240 thuitl,
1374 3174 1618 3244 Domine,
1677 3181 1920 3249 repellis
1963 3184 2197 3238 animam

2374 3187 2501 3241 Ἵνα
2531 3187 2603 3254 τί,
2636 3189 2834 3258 Κύριε,
2861 3186 3115 3274 ἀπωθεῖς
3144 3186 3260 3254 τὴν
3293 3186 3504 3256 ψυχήν
3529 3202 3679 3256 pou;
3707 3186 3857 3241 ἁπο-

635 3260 848 3312 sneam?
898 3263 1084 3316 avertis
1143 3263 1330 3331 faciem
1381 3276 1525 3323 tuam
1578 3288 1612 3325 a
1663 3275 1782 3328 me?
1831 3274 2038 3330 Similia
2089 3277 2201 3333 hac

2305 3278 2580 3350 στρέφεις
2630 3279 2697 3333 τὸ
2753 3272 3077 3348 πρόσωπόν
3114 3295 3230 3333 σου
3269 3279 3371 3332 ἀπ’
3427 3277 3612 3349 spot“);
3650 3279 3853 3348 Ὅμοια

635 3359 764 3405 sunt
801 3351 867 3416 iis
890 3369 1010 3422 qua:
1035 3357 1305 3414 habentur
1332 3360 1385 3416 in
1412 3363 1620 3432 psalmo
1645 3381 1754 3430 xxt,
1775 3367 1849 3421 ibi
1876 3384 1892 3423 :
1921 3371 2099 3435 Quare
2115 3373 2204 3426 ds-

635 3442 893 3513 religuirti
921 3448 1046 3501 me?
1073 3446 1242 3505 Item:
1272 3450 1524 3508 Clamabo
1544 3471 1634 3524 per
1655 3459 1878 3526 diem,et
1916 3479 2016 3518 non
2045 3473 2205 3517 exau-

638 3533 772 3590 dies.
818 3534 945 3592 Haec
996 3549 1179 3595 autem
1221 3557 1287 3598 ex
1319 3558 1554 3614 persona
1599 3558 1808 3618 nostra,
1841 3552 2093 3613 Christus
2127 3558 2200 3614 ad

641 3625 855 3684 Patrem
901 3631 1193 3702 loquitur:
1228 3650 1326 3704 pro
1366 3638 1548 3704 nobis,
1599 3641 1842 3712 inquam.
1897 3648 1987 3718 qui
2040 3657 2202 3705 antea

634 3722 847 3787 expulsi
870 3737 1108 3779 eramus.
1135 3724 1575 3799 Uniuscujusque
1589 3733 1733 3786 enim
1749 3735 1922 3791 lldelis
1941 3739 2201 3806 animam,

635 3814 910 3880 prapriam
949 3814 1186 3870 animam
1231 3819 1491 3889 appellat,
1524 3821 1581 3876 in
1630 3838 1731 3880 sua
1762 3826 1935 3895 ipsius
1965 3844 2201 3900 persona

638 3916 1085 3976 unumquemque
1125 3917 1372 3964 nostrum
1396 3913 1718 3982 subjiciens.
1751 3915 1953 3985 Quare,
1997 3921 2198 3991 inquit,

636 3994 814 4050 adhuc
844 3998 1064 4067 repellis
1092 4000 1224 4057 eos?
1246 4001 1520 4072 Ego-enim
1549 4003 1806 4080 deinceps
1829 4025 1929 4078 pro
1948 4013 2203 4068 omnibus

639 4100 830 4156 poenas
860 4089 1032 4146 solvo.

712 4177 856 4235 Vens
903 4182 993 4236 16.
1029 4181 1188 4254 Inops
1217 4202 1334 4240 sum
1377 4203 1493 4257 ego,
1539 4196 1696 4253 atque
1735 4191 1792 4260 in
1829 4191 2091 4248 laboribus
2136 4196 2200 4249 ab

640 4269 992 4326 adolescentia
1023 4292 1158 4331 mea.
1192 4277 1269 4332 De
1299 4277 1401 4333 hac
1437 4277 1640 4336 Christi
1687 4283 1866 4354 inopia
1907 4286 2200 4357 Gregorius

639 4360 946 4432 Tlteologus
975 4366 1223 4437 loquens,
1276 4372 1444 4428 dixit:
1479 4375 1584 4442 Qui
1623 4377 1765 4433 dives
1792 4390 1926 4445 erat,
1985 4383 2201 4450 effectus

638 4464 715 4508 est
740 4457 905 4525 inops,
945 4461 1113 4530 inops,
1149 4463 1385 4533 inquam,
1418 4467 1480 4522 ob
1522 4486 1728 4525 carnem
1755 4488 1943 4538 meam,
1975 4484 2032 4528 ut
2053 4475 2200 4530 illius

2302 3375 2460 3426 ταυτὶ
2489 3374 2604 3436 τοῖς
2633 3375 2816 3443 ῥητοῖς
2841 3371 2935 3425 τοῦ
2973 3377 3059 3424 ita!
3086 3369 3324 3441 ψαλμοῦ,
3358 3368 3457 3442 τῷ,
3508 3367 3646 3422 Ἵνα
3668 3370 3730 3423 τι
3756 3370 3856 3437 ἐτι-

2302 3465 2618 3531 κατέλιπές
2634 3482 2753 3535 pe;
2804 3466 2918 3530 καὶ,
2949 3464 3028 3534 τῷ
3059 3462 3427 3532 Κειράεομαι
3480 3461 3720 3530 ἡμέρας,
3751 3460 3855 3514 καὶ

2302 3558 2415 3612 οὐκ
2459 3559 2794 3625 εὶσακούσῃ
2819 3573 2835 3589 ο
2871 3556 3018 3625 λέγει
3051 3555 3109 3610 δὲ
3150 3553 3321 3608 ταῦτα
3373 3555 3466 3609 καὶ
3509 3553 3650 3623 ὑπὲρ
3691 3553 3851 3622 ἡμῶν

2301 3647 2408 3702 τῶν
2442 3649 2572 3720 πρὶν
2602 3649 2964 3718 ἁπωσμένων,
3012 3646 3192 3717 ψυχὴν
3243 3645 3443 3700 ἑαυτοῦ
3488 3645 3587 3718 τὴν
3619 3645 3853 3699 ἑκάστου

2301 3739 2477 3810 ψυχὴν
2505 3740 2800 3810 ὀνομάζων,
2839 3739 2934 3793 καὶ
2962 3739 3164 3791 ἑαυτὸν
3178 3736 3357 3791 καλῶν
3397 3737 3628 3790 ἕκαστον
3666 3733 3850 3806 ἡμῶν.

2301 3832 2399 3884 Διὰ
2431 3831 2483 3883 τι
2511 3831 2770 3896 among,
2804 3833 2989 3901 φησιν,
3036 3829 3154 3899 Est;
3214 3829 3326 3884 Καὶ
3359 3827 3470 3900 γὰρ
3495 3827 3608 3901 ιγώ
3641 3826 3853 3882 λοιπὸν

2302 3919 2442 3990 ὑπὲρ
2473 3921 2690 3991 πάντων
2715 3920 2845 3976 τινω
2876 3921 3051 3986 δίκας.

2371 4195 2609 4265 Πτωχός
2649 4196 2768 4264 ειμι
2808 4193 2939 4263 ἐγὼ,
2972 4193 3071 4250 καὶ
3106 4193 3177 4248 ἂν
3212 4195 3422 4258 κόποις
3468 4192 3538 4247 ἐκ
3567 4190 3850 4259 νεότητός

2299 4305 2433 4358 μου.
2452 4289 2618 4358 Φησὶν
2639 4289 2667 4342 ὁ
2691 4286 2939 4356 θεολόγος
2960 4287 3256 4358 Γρηγόριος
3272 4303 3287 4317 ·
3315 4289 3424 4340 Kal
3458 4287 3490 4339 ὀ
3522 4280 3852 4343 ndomita»-

2301 4379 2618 4448 πτωχεύειο
2678 4380 2966 4450 πτωχεύω
3025 4380 3137 4449 γὰρ
3165 4377 3281 4446 τὴν
3314 4375 3471 4447 ἐμὴν
3520 4376 3735 4444 σάρκα,
3765 4373 3851 4428 ἵν’

2301 4473 2415 4542 ἐγὼ
2453 4471 2775 4538 πλουτήσει
2831 4471 2946 4536 τὴν
2987 4468 3174 4523 αὑτοῦ
3210 4470 3478 4534 ϐιότητα.
3531 4467 3734 4536 Erg-qu
3788 4467 3849 4522 δὲ

639 4561 733 4615 ego
755 4548 1028 4605 divinitate
1054 4553 1196 4608 dives
1231 4556 1488 4626 efﬁcerer.
1520 4561 1596 4617 De
1623 4577 1682 4618 se
1701 4564 1818 4633 ipso
1852 4565 2013 4620 etiam
2042 4566 2201 4622 Chri—

2304 4565 2397 4617 καὶ
2427 4564 2590 4626 αὐτὸς
2641 4565 2670 4615 δ
2721 4561 2956 4630 Χριστὸς
2984 4560 3112 4630 περὶ
3149 4557 3345 4613 ἑαυτοῦ
3381 4559 3514 4628 πρὸς
3541 4559 3630 4614 τὸν
3667 4575 3849 4630 γραμ-

641 4647 760 4693 stus
803 4642 867 4695 ad
909 4644 1140 4698 scribam
1175 4647 1327 4714 illum
1353 4650 1592 4733 dicebat:
1625 4645 1813 4724 Vulpes
1840 4657 2069 4712 latebras
2107 4659 2202 4714 ha-

641 4732 782 4796 bent,
809 4743 859 4786 et
890 4735 1116 4792 uolucres
1139 4740 1254 4793 caeli
1270 4732 1440 4810 nidos,
1462 4741 1632 4797 Filius
1648 4757 1820 4799 autem
1845 4751 2070 4804 hominis
2100 4768 2202 4805 non

640 4822 792 4876 habet
818 4824 907 4878 ubi
937 4827 1148 4882 reclinet
1178 4843 1336 4897 caput
1367 4850 1517 4888 suum
1541 4837 1606 4890 ⁸⁸.
1647 4835 1709 4890 1η
1733 4839 1998 4894 laboribus
2021 4829 2206 4896 autem’

645 4922 812 4981 atque
841 4917 904 4967 ab
936 4919 1310 4986 adolescentia,
1341 4925 1542 4979 dictum
1577 4937 1680 4994 est,
1704 4930 1827 5000 quia
1868 4932 1935 4985 ab
1959 4933 2090 5001 ipsis
2118 4931 2202 4986 in-

644 5007 937 5062 cunabulis
975 5007 1184 5066 lnsidia
1236 5015 1503 5071 adversus
1556 5032 1680 5073 eum
1720 5024 2100 5091 tendebantur,
2147 5033 2200 5080 et

649 5099 774 5165 quia
825 5101 1002 5157 infans
1057 5110 1465 5173 persecutiones
1515 5112 1815 5168 sustinuit:
1859 5115 1926 5168 ab
1990 5115 2200 5172 Herode

647 5192 857 5246 scilicet
911 5205 1075 5263 atque
1105 5212 1134 5250 a
1175 5196 1398 5264 ludatis,
1425 5215 1518 5270 per
1547 5203 1760 5259 labores
1801 5215 1978 5260 autem
2008 5223 2204 5261 aerum-

651 5296 751 5335 nas
783 5283 1055 5353 intelligit.

723 5373 1002 5431 Era/tatus
1046 5390 1219 5431 autem
1254 5382 1560 5437 humiliatus
1610 5401 1744 5455 sunt.
1785 5386 2063 5441 Exaltalus
2094 5389 2196 5442 mi-

647 5468 870 5529 raculis,
897 5478 949 5522 et
982 5469 1271 5538 depressus
1303 5474 1903 5541 conviciisJudteorum
1939 5479 2193 5533 nimirum

648 5560 918 5625 opinione.
955 5562 1046 5615 Vel
1072 5564 1334 5622 exsltatus
1363 5570 1415 5621 lu
1451 5583 1632 5637 cruce,
1665 5570 1977 5627 humiliatus
2020 5574 2072 5628 in
2115 5586 2197 5628 se-

647 5649 860 5714 pulcro.
902 5659 909 5667 '

816 5832 998 5885 Multi}.
1041 5852 1148 5888 Vm.
1188 5834 1268 5888 ‘39-.

2305 4657 2479 4725 ματέα
2505 4671 2520 4684 ⁸
2541 4658 2609 4710 Al
2639 4654 2944 4720 ἀλώπεκες
2969 4652 3240 4723 φωλεοὺς
3264 4651 3474 4720 ἔχουσι
3492 4691 3506 4717 ,
3530 4650 3630 4705 καὶ
3657 4651 3727 4704 τὰ
3746 4667 3851 4705 πε-

2301 4747 2463 4802 τεινὰ
2514 4747 2620 4802 τοῦ
2664 4745 2923 4813 οὐρανοῦ
2953 4743 3461 4810 κατασκηνώσεις.
3507 4742 3573 4823 Ὁ,
3610 4741 3680 4794 δὲ
3713 4741 3847 4805 Υἱὸς

2299 4840 2405 4894 τοῦ
2430 4838 2743 4907 ἀνθρώπου
2769 4840 2878 4891 οὐκ
2903 4837 3025 4904 ἔχει
3057 4836 3176 4890 ποῦ
3198 4834 3313 4902 τὴν
3333 4833 3604 4904 κεφαλὴν
3621 4829 3846 4885 κλῖναν

2299 4932 2358 4983 ὲν
2390 4933 2578 4992 κόποις
2604 4930 2665 4983 δὲ
2696 4931 2760 4982 ἑκ
2787 4929 3058 4996 νεότητος,
3080 4927 3214 4979 διότι
3244 4925 3303 4989 ἐξ
3323 4924 3501 4978 αὐτῶν
3524 4922 3848 4991 σπαργάνων

2298 5020 2702 5084 ἐπεϐουλεύετο,
2764 5019 2856 5071 καὶ
2903 5017 3154 5070 ἐδιώκετο
3200 5015 3305 5068 ὑπό
3353 5032 3414 5067 τε
3465 5013 3701 5085 Ἡρώδου
3752 5015 3848 5066 καὶ

2297 5099 2404 5170 τών
2469 5113 2737 5169 ἰουδαίων
2775 5129 2788 5142 ·
2848 5112 3049 5173 κόπους
3111 5109 3220 5178 γὰρ
3285 5108 3436 5178 λέγει
3499 5106 3600 5172 τὰς
3660 5105 3851 5176 ταλαι-

2299 5209 2527 5279 πωρίας.

2380 5383 2664 5451 Ὑψωθεὶς
2691 5380 2757 5434 δὲ
2804 5378 3226 5447 ἐτηπεινώϐην.
3279 5379 3543 5448 ’Υψωθεὶς
3586 5375 3696 5436 τοῖς
3754 5391 3852 5444 ση-

2307 5477 2497 5546 μείοις,
2535 5474 2906 5542 ἐταπεινώθην
2941 5475 3052 5535 τοῖς
3087 5470 3592 5543 προπηλακισμοῑς,
3620 5467 3693 5530 ὡς
3732 5470 3852 5531 τοῖς

2275 5591 2280 5594 ·
2315 5571 2582 5633 Ἰουδαίοις
2615 5569 2788 5632 ἔδοξεν
2813 5584 2827 5596 ·
2860 5568 2889 5634 ἢ
2923 5564 3158 5633 ὑψωθεὶς
3193 5563 3282 5615 ἐπὶ
3317 5557 3549 5630 σταυροῦ
3577 5602 3589 5624 τ
3625 5559 3850 5612 ἐταπει-

2306 5664 2476 5732 νώθην
2512 5664 2586 5724 εἰς
2621 5664 2705 5714 τὸν
2739 5662 2920 5726 τάξον.
