4112 6322
345 398 454 467 897

1483 399 1872 460 COMMENT.
1917 399 1994 457 IN
2029 399 2384 461 PSALMOS.

3457 418 3560 481 898

419 512 526 564 Καὶ
559 509 962 577 ἐξηπορήθην.
1001 512 1110 564 Καὶ
1154 509 1312 562 τοῦτο
1333 549 1347 573 ,
1380 511 1504 563 ὅσον
1536 511 1628 562 ἐπὶ
1661 512 1723 580 τῇ
1760 510 1892 560 ὕπο-

2067 508 2131 560 Ει
2196 510 2478 564 deslimms
2528 529 2664 568 sum.
2727 516 2792 571 Et
2844 518 2945 575 hoc
2989 522 3150 578 etiam
3201 536 3460 594 quantum
3491 531 3557 581 ad
3598 581 3609 587 _

350 601 508 670 λήψει
557 599 667 652 τῶν
718 599 1008 668 Ἐϐραίων.
1075 598 1258 662 Ἔδοξε
1306 600 1416 667 γὰρ
1466 599 1650 661 αὐτοῖς
1697 601 1897 666 ἄπορος

352 691 604 762 βοηθείας
624 707 638 720 '
667 691 748 744 διὸ
776 693 870 745 καὶ
894 690 1076 760 ἔλεγον
1095 689 1358 760 ’Ἴδωμεν
1377 693 1428 744 εὶ
1453 691 1687 760 ἔρχεται
1703 691 1899 756 Ἠλίας

349 780 568 834 σώσων
595 783 798 836 αὐτόν.

421 873 544 924 Ἐπ’
565 873 670 940 ἐμὲ
701 870 951 935 διῆλθον
995 875 1054 926 al
1084 874 1252 941 ὀργαί
1283 888 1398 926 σου
1421 887 1434 900 ·
1468 876 1523 926 οἱ
1555 873 1899 941 φοϐερισμοί

346 972 468 1014 σου
525 961 892 1030 ἐξετιίραξάν
941 978 1038 1031 με.
1080 962 1277 1032 Ὀργᾶς
1323 961 1456 1013 Θεοῦ
1489 965 1586 1024 τὰς
1625 961 1762 1013 κατὰ
1791 960 1899 1013 τῶν

350 1052 777 1121 ἁμαρτανόντων
810 1044 1140 1121 γινομένας,
1195 1051 1386 1118 φησίνο
1422 1050 1619 1118 ὁμοίως
1668 1051 1760 1102 καὶ
1805 1067 1898 1118 φο-

346 1140 667 1210 ϐερισμούς.
718 1141 828 1193 Καὶ
867 1141 964 1204 τὰς
1020 1142 1116 1212 μὲν
1155 1122 1326 1212 ὀργάς
1368 1141 1590 1193 διελθεῖν
1643 1143 1736 1194 καὶ
1784 1144 1898 1192 εἱσ-

343 1231 502 1284 δῦναι
554 1213 654 1294 sic.
682 1232 844 1284 αὑτὸν
882 1233 1057 1300 λέγει,
1104 1233 1228 1294 τοὺς
1270 1232 1324 1284 δὲ
1376 1231 1736 1301 φοὸερισμοῦς
1777 1249 1900 1284 συν-

233 1339 239 1343 ·
343 1323 639 1391 ταράττειν
694 1323 790 1376 καὶ
843 1323 1193 1376 ἀναστέλλειν
1225 1323 1330 1374 ἀπὸ
1360 1323 1577 1385 κακίας.
1619 1323 1899 1391 Ὠριγένης

265 1434 272 1438 ·
343 1411 409 1464 δὲ
437 1413 606 1481 ὀργὰς
646 1413 783 1466 Θεοῦ
815 1416 908 1466 καὶ
943 1413 1312 1483 φοὸερισμοὺς
1358 1414 1483 1475 τοὺς
1511 1414 1766 1483 δαίμονάς
1793 1433 1898 1484 φη-

345 1517 470 1553 σιν’
506 1503 675 1572 ὀργὰς
708 1506 806 1571 μὲν
828 1543 843 1567 ,
885 1503 960 1565 ὡς
991 1503 1376 1574 ὀργιζομένους
1410 1504 1498 1556 ἀεὶ
1538 1507 1648 1566 τοῖς
1689 1506 1897 1573 ἀνθρώ-

343 1609 507 1657 ποις·
559 1594 691 1648 θεοῦ
721 1596 807 1656 δὲ,
851 1596 922 1658 ὡς
965 1596 1103 1648 κατὰ
1136 1597 1522 1665 παραχώρησιν
1569 1596 1700 1649 Θεοῦ
1743 1596 1898 1648 τοῦτο

342 1686 662 1749 ποιοῦντες·
692 1687 1054 1758 (ροϐερισμοῦς
1078 1688 1134 1740 δὲ
1155 1729 1168 1751 ,
1220 1688 1294 1750 ὼς
1336 1688 1498 1757 φόϐον
1540 1688 1896 1752 ὲπισείοντας.

341 1778 514 1844 Λέγει
559 1779 760 1845 τοίνυν,
812 1781 892 1832 ὃτι
947 1779 1087 1832 κατὰ
1144 1780 1232 1832 τὸν
1280 1780 1472 1850 καιρὸν
1533 1781 1625 1834 τοῦ
1693 1782 1899 1845 πάθους

347 1866 588 1937 ἐπῆλθον
618 1871 788 1940 αὐτῷ,
821 1873 913 1922 καὶ
939 1870 1265 1939 ὲξετάραξαν
1301 1871 1375 1932 ὡς
1409 1871 1715 1940 ἄνθρωπον.

422 1958 812 2014 Ἐκύκλωσάν
831 1979 908 2028 με
943 1961 1086 2014 ὡσεί
1110 1961 1280 2031 ὕδωρ.
1320 1964 1381 2015 Οί
1425 1963 1683 2016 Ἰουδαῖοι.
1703 1963 1794 2016 Ἐν
1821 1962 1897 2032 τῷ

339 2049 437 2103 κα¹
493 2050 694 2121 ψαλμῷ
743 2054 930 2122 εἴρηκε
959 2068 973 2081 °
1022 2055 1516 2120 Περιεκύκλωσάν
1561 2071 1638 2123 με
1679 2057 1898 2124 μόσχοι

338 2143 568 2194 πολλοί
589 2158 604 2174 ο
635 2141 832 2210 ταῦροι
863 2143 1072 2208 πίονες
1097 2143 1417 2213 περιέσχον
1443 2161 1540 2213 με.
1577 2143 1722 2197 Ὠσεὶ
1757 2145 1898 2216 ὕδωρ

335 2230 406 2283 δὲ
439 2227 580 2296 εἷπε,
603 2233 736 2286 διότι
767 2235 828 2287 τὺ
862 2234 1004 2304 ὕδωρ
1036 2236 1370 2306 πανταχόθεν
1402 2236 1783 2305 περικυκλίζει
1807 2238 1897 2289 τὸν

337 2325 648 2397 ἑναπειλημ
656 2327 839 2396 μένον.

423 2505 609 2573 Ὅλην
631 2507 745 2573 τὴν
774 2506 1000 2574 ἡμέραν
1034 2508 1357 2578 περιέσχον
1376 2529 1455 2579 με
1481 2512 1620 2580 ἅμα.
1659 2513 1720 2566 Ἠ
1729 2515 1792 2584 μέ
1803 2531 1899 2584 ραν

336 2597 450 2666 τὴν
489 2596 584 2649 τοῦ
639 2596 847 2662 πάθους
891 2599 1056 2670 φησίν
1082 2617 1094 2629 ·
1131 2600 1285 2669 ’Ἅμα
1328 2602 1384 2655 δὲ
1439 2603 1560 2656 ἀντὶ
1618 2604 1712 2656 τοῦ
1764 2605 1897 2674 ὁμοῦ

339 2684 568 2752 πάντες.

435 2780 810 2848 Ἐμάκρυνας
835 2781 937 2836 ἀπ’
969 2783 1113 2850 ἐμοῦ
1152 2775 1334 2851 φίλον
1362 2786 1460 2838 καὶ
1489 2774 1755 2854 πλὴσίον
1802 2788 1900 2841 καὶ

335 2871 493 2936 τοὺς
523 2873 832 2940 τνωστούς
879 2891 998 2942 μου
1046 2874 1164 2928 ἀπὸ
1201 2877 1620 2942 ταλαιπωρίας.
1670 2876 1767 2930 Διὰ
1801 2878 1900 2948 τὴν

335 2962 724 3031 ταλαιπωρίαν
787 2981 888 3033 μου
944 2965 1047 3033 τὴν
1105 2965 1212 3018 ἀπὸ
1259 2967 1366 3018 τῶν
1429 2967 1898 3037 προπηλακισμῶν

341 3053 660 3123 ἒμάκρυνας
687 3055 779 3106 ἀπ’
824 3054 958 3120 ἐμοῦ
989 3052 1115 3116 τοὺς
1138 3054 1381 3123 μαθητάς
1425 3071 1547 3124 μου.
1581 3055 1806 3126 Εἴρηται
1842 3057 1898 3110 δὲ

1967 596 2312 668 ,Jmlaeorum
2366 603 2702 672 Opinionem.
2741 608 2902 667 Visus
2950 623 3034 669 est
3063 617 3207 670 enim
3243 619 3348 672 illis
3393 621 3560 674 veluti

2000 689 2297 745 destitutus
2335 708 2478 758 esse,
2501 703 2551 749 et
2581 696 2823 767 indigere
2855 705 3088 771 auxilio;
3123 714 3284 776 atque
3329 710 3449 763 ideo
3478 709 3562 764 di-

1999 778 2197 832 cebant
2239 796 2254 832 :
2289 779 2567 837 Videamus
2608 788 2654 839 si
2685 791 2821 842 venit
2853 791 3000 846 Elia:
3026 795 3324 850 salvaturus
3350 813 3464 852 eum
3489 801 3556 856 ³⁷.

2073 868 2238 924 Vens.
2278 875 2364 952 i7.
2414 873 2474 928 In
2513 893 2594 930 me
2624 884 3037 952 pertransierunt
3077 889 3170 940 irae
3227 899 3346 952 tum,
3387 901 3559 944 euer-

2000 975 2145 1013 τοι-ες
2177 963 2254 1014 tui
2285 950 2721 1029 conturbauerunt
2759 950 3005 1030 meflras
3040 975 3132 1038 Del
3166 993 3258 1033 eas
3287 980 3415 1034 inttl
3441 982 3557 1050 igit,

1998 1063 2137 1116 quas
2169 1048 2312 1106 Deus
2334 1055 2600 1111 adversus
2638 1069 2951 1127 peccatores
2972 1078 3330 1135 conceperat;
3364 1048 3561 1124 simili-

2000 1146 2082 1192 ter
2113 1149 2165 1206 et
2189 1147 2444 1198 terrores.
2480 1143 2544 1197 Et
2576 1148 2686 1202 iras
2739 1152 2956 1219 quidem
2991 1159 3351 1222 pertransisse
3400 1159 3558 1223 dicit,

2001 1238 2053 1282 et
2090 1230 2142 1282 in
2173 1247 2230 1286 se
2263 1232 2537 1302 ingressas
2568 1238 2758 1306 luisse,
2792 1250 3030 1299 terrores
3048 1260 3173 1299 vero
3202 1250 3556 1306 conturbasse

1999 1326 2053 1372 et
2083 1321 2391 1377 refl-enasse
2421 1340 2450 1376 a
2478 1327 2644 1383 vitiis.
2679 1327 2877 1384 Verum
2909 1333 3170 1403 Origenes
3207 1354 3299 1406 per
3333 1341 3461 1403 iras,
3504 1352 3559 1395 ct

2003 1420 2236 1467 terrores
2262 1412 2375 1477 Dei,
2398 1417 2669 1475 daemones
2703 1421 2848 1489 ipsos
2879 1424 3131 1495 intelligit
3150 1447 3164 1482 :
3183 1431 3293 1486 iras
3316 1433 3553 1500 quidem,

1999 1505 2127 1572 quia
2171 1505 2484 1565 hominibus
2526 1527 2739 1582 semper
2783 1516 2904 1570 irati
2935 1528 3082 1584 sunt,
3131 1522 3220 1576 Dei
3253 1539 3385 1580 vero
3421 1529 3551 1592 iras,

2000 1596 2126 1662 quia
2166 1601 2522 1665 permissione
2545 1603 2728 1658 divina
2751 1607 2803 1659 id
2849 1609 3086 1664 faciunt:
3125 1619 3358 1668 terrores
3397 1615 3551 1682 item,

2003 1689 2127 1756 quia
2153 1699 2408 1744 terrorem
2440 1693 2727 1751 incutiunt.
2772 1699 2860 1752 Ait
2903 1701 3068 1769 igitur
3101 1703 3374 1770 Christus,
3411 1710 3553 1774 quod

2002 1779 2270 1846 passionis
2312 1791 2549 1853 tempore
2603 1787 2917 1843 invaserunt
2967 1808 3089 1845 eum
3144 1794 3442 1859 daamoncs,
3498 1810 3551 1853 et

1998 1872 2140 1938 quod
2177 1881 2235 1924 ut
2263 1873 2534 1927 hominem
2564 1892 2686 1929 cum
2716 1883 3202 1940 conturbaverunt.

2062 1959 2226 2015 Vsus.
2263 1961 2347 2017 18.
2394 1962 2862 2022 Circumdederunt
2897 1987 2976 2024 me
3018 1973 3152 2026 sicut
3179 1992 3335 2046 aqua.
3371 1976 3540 2033 Judaii

1998 2054 2247 2120 scilicet;
2306 2056 2358 2109 in
2397 2059 2608 2126 psalmo
2652 2074 2826 2117 autem
2857 2080 2947 2118 xxI
2993 2065 3130 2121 dixit
3158 2087 3170 2122 :
3197 2069 3557 2127 Circumdede—

1998 2155 2119 2198 runt
2149 2164 2224 2200 me
2258 2150 2405 2202 vituli
2427 2150 2595 2216 multi,
2623 2156 2765 2206 tauri
2785 2158 2995 2226 pingues
3039 2161 3330 2215 circuibaut
3359 2182 3455 2218 me.
3489 2166 3553 2221 Et

1997 2235 2476 2292 circumdederunt
2517 2242 2659 2296 sicut
2693 2260 2856 2313 aqua,
2903 2249 3029 2316 quia
3061 2265 3198 2319 aqua
3235 2254 3468 2322 undique
3499 2268 3552 2310 et

1998 2339 2103 2378 non
2131 2342 2193 2380 ex
2227 2344 2329 2382 una
2356 2338 2560 2384 tantum
2591 2345 2742 2402 parte
2766 2351 2859 2392 eos
2891 2338 3213 2410 circumdat,
3243 2359 3379 2413 quos
3406 2361 3554 2401 com-

2000 2417 2301 2485 prehendit.
2525 2432 2531 2436 '

2069 2509 2200 2562 Tota
2227 2512 2309 2564 die
2355 2513 2751 2570 circumdabant
2781 2535 2859 2572 me
2895 2520 3070 2575 simul.
3101 2523 3248 2579 Diem
3277 2527 3547 2596 passionis

1999 2599 2270 2670 intelligit.
2328 2602 2391 2656 Et
2445 2605 2588 2674 quod
2624 2609 2719 2672 ait,
2772 2609 2965 2677 Simul,
3014 2629 3222 2682 expone
3278 2631 3393 2685 pro,
3433 2617 3550 2672 Una

1998 2705 2207 2746 omnes.

2073 2781 2233 2837 Vens.
2267 2785 2353 2839 19.
2381 2786 2654 2858 Elongasti
2680 2809 2711 2845 a
2744 2809 2824 2846 me
2885 2796 3108 2850 amicum
3160 2808 3209 2851 ει
3253 2805 3547 2866 ννοττὶυιιιηι

1998 2884 2045 2927 et
2075 2885 2225 2928 notos
2259 2893 2398 2931 meos
2454 2895 2486 2930 a
2539 2882 2768 2935 miseria.
2803 2885 2880 2938 Ob
2912 2886 3190 2942 miseriam
3233 2904 3427 2954 meam,
3465 2893 3550 2944 in-

1999 2965 2139 3032 quit,
2179 2973 2344 3047 atque
2366 2968 2434 3021 ob
2477 2973 2789 3038 opprobria,
2839 2990 2958 3044 qua:
2990 2976 3118 3030 mihi
3157 2978 3547 3044 inferebantur,

1999 3056 2262 3125 elongasti
2294 3073 2323 3112 a
2369 3075 2452 3114 me
2503 3061 2802 3130 discipulos
2856 3080 3026 3131 meos,
3073 3068 3138 3121 de
3214 3069 3405 3137 quibus
3463 3086 3556 3124 su-

341 3145 448 3199 καὶ
503 3145 760 3213 ἀνωτέρω
783 3161 798 3175 ο
841 3145 1210 3213 Ἐμάκρυνας
1258 3145 1397 3211 τοὺς
1448 3151 1753 3214 γνωστούς
1779 3167 1895 3217 μου

1999 3148 2182 3215 perius
2221 3149 2494 3205 diximus:
2530 3151 2806 3222 Elongasti
2838 3171 2870 3208 a
2897 3171 2976 3209 me
3001 3166 3148 3210 notos
3193 3175 3351 3214 meos.
3401 3162 3551 3214 Ami-

339 3235 452 3288 da"
484 3235 648 3304 ἐμοῦ.
671 3235 826 3288 Φίλον
849 3237 954 3307 γὰρ
983 3236 1076 3288 καὶ
1108 3237 1331 3305 πλησίον
1360 3239 1452 3289 καὶ
1479 3241 1752 3305 γνωστοὺς
1771 3242 1896 3304 τοὺς

341 3326 547 3389 αὐτοὺς
600 3327 786 3380 καλείο
837 3327 988 3394 φίλον
1027 3326 1144 3394 μὲν,
1183 3326 1334 3378 κατὰ
1369 3327 1449 3390 τὸ,
1491 3327 1686 3395 Ὑμεῖς
1732 3331 1895 3397 φίλοι

335 3418 465 3486 μού
493 3418 632 3471 ἐστε
651 3433 664 3447 ο
697 3417 921 3487 πλησίον
951 3406 1040 3479 ‘as,
1092 3417 1164 3478 ὡς
1201 3416 1680 3486 συνδιαιτωμένους
1709 3421 1857 3490 αὐτῷ
1878 3439 1891 3452 ο

343 3508 623 3575 γνωστοὺς
655 3507 731 3570 δὲ,
772 3509 846 3570 ὡς
887 3507 1270 3574 γινώσκοντας,
1312 3509 1404 3561 καὶ
1435 3509 1522 3563 διὰ
1551 3512 1706 3564 τοῦτο
1735 3531 1893 3581 γινω-

347 3599 666 3669 σκομένους.
700 3599 821 3654 AD.’
867 3600 1008 3654 οὕτω
1054 3602 1150 3671 μὲν
1189 3605 1218 3654 ὁ
1269 3602 1479 3670 eam;
1531 3605 1610 3665 είς
1661 3605 1894 3673 Χριστὸν

343 3690 596 3761 ἀνήχθη·
650 3689 876 3761 ἁρμόζει
921 3691 978 3742 δὲ
1025 3691 1119 3743 καὶ
1177 3692 1286 3751 τοῖς
1329 3691 1574 3744 εὐσεϐέσι
1625 3696 1790 3746 πᾶσιν
1840 3698 1894 3749 ἐν

345 3776 528 3852 καιρῷ
552 3782 780 3850 θλίψεως
805 3821 820 3845 ,
851 3781 1024 3844 οὕτως
1046 3796 1062 3812 ⁶
1092 3782 1257 3851 Κύριε
1283 3785 1309 3834 ὁ
1339 3783 1471 3846 Θεὸς
1496 3785 1594 3853 τῆς
1627 3788 1895 3855 σωτηρίας

350 3891 480 3943 μου,
507 3875 594 3928 διὰ
621 3875 819 3937 παντὸς
850 3875 1105 3927 ἐνώπιόν
1139 3891 1232 3926 σου
1268 3874 1560 3941 ἐκέκραξα.
1595 3876 1896 3929 ἐπικαλού-

354 3965 516 4028 μενός
542 3981 599 4017 σε
635 3967 713 4026 είς
743 3964 1009 4034 βοήθειαν.
1038 3964 1118 4017 Τὰ
1164 3964 1220 4016 δὲ
1264 3964 1389 4032 ἑξῆς
1443 3966 1596 4035 δῆλα,
1639 3967 1717 4019 ὅτι
1769 3967 1893 4019 Θλίο

350 4054 499 4119 ψεων
533 4056 778 4124 ἐπλήσθη
815 4056 911 4108 καὶ
945 4056 1121 4108 πόνων
1153 4056 1350 4124 ἡψυχὴ
1391 4073 1515 4124 μου,
1544 4056 1639 4109 καὶ
1670 4057 1894 4126 πλησίον

348 4146 469 4214 εἰμὶ
520 4144 616 4197 τοῦ
647 4145 899 4208 θανάτου,
956 4146 1055 4216 ἤδη
1090 4145 1430 4215 ἀποκαμώνο
1485 4147 1894 4217 συνηριθμήθην

348 4237 465 4298 τοῖς
487 4239 720 4307 νεκροῖς,
770 4239 893 4290 ὅσον
921 4240 1012 4290 ἐπὶ
1039 4241 1102 4307 τῇ
1137 4238 1339 4308 σπουδῇ
1376 4239 1482 4290 τῶν
1510 4239 1894 4309 ἀνθρωποκτό-

347 4343 458 4379 νων
481 4326 750 4392 δαιμόνων
776 4342 788 4356 ·
821 4328 1086 4398 ἐγενήθην
1117 4329 1461 4397 εὐχείρωτος,
1498 4329 1628 4381 ὡσεὶ
1657 4331 1893 4402 season-

346 4432 465 4477 τος,
519 4417 613 4470 καὶ
676 4418 736 4468 ἐν
782 4419 1014 4487 νεκροῖς,
1065 4419 1188 4470 ὅσον
1233 4418 1294 4470 τὸ
1347 4419 1432 4470 ἐπ’
1471 4419 1670 4482 αὐτοῖς,
1716 4421 1892 4472 καίτοι

2000 3252 2123 3290 cum
2177 3248 2356 3292 autem
2404 3252 2455 3294 et
2480 3246 2810 3310 proximum,
2842 3255 2894 3298 et
2927 3253 3105 3309 notos,
3138 3247 3355 3302 eosdem
3391 3249 3556 3303 intel-

2002 3325 2140 3397 ligit.
2191 3327 2256 3380 Et
2289 3329 2521 3383 amicum
2561 3329 2890 3399 dicit’juxta
2923 3333 3053 3386 illud
3081 3351 3094 3388 :
3131 3332 3228 3388 Vos
3261 3338 3416 3389 amici
3454 3340 3552 3392 mei

1998 3421 2123 3472 estis
2145 3419 2210 3472 ³⁸.
2240 3418 2550 3472 Proximum
2580 3437 2731 3485 vero,
2757 3425 2882 3491 quia
2926 3439 3030 3477 una
3063 3439 3243 3479 secum
3270 3428 3547 3494 vivebant,

2001 3513 2054 3555 et
2084 3511 2266 3570 notos;
2302 3507 2426 3574 quia
2457 3515 2511 3560 et
2541 3511 2942 3577 cognoscebant
2964 3521 3018 3565 et
3063 3515 3548 3583 cognoscebantur.

2003 3593 2066 3647 Et
2116 3596 2218 3649 hoc
2257 3606 2414 3664 pacto
2441 3598 2658 3666 quidem
2693 3608 2836 3654 totus
2867 3600 2956 3654 hic
3004 3604 3246 3670 psalmus
3295 3605 3349 3658 in
3394 3606 3553 3660 Clu-i-

2001 3695 2143 3740 stum
2190 3687 2391 3742 relatus
2442 3696 2545 3743 est.
2577 3688 2840 3758 Congruit
2879 3699 3061 3746 tamen
3092 3694 3338 3753 Icuilibet
3379 3697 3546 3750 etiam

2001 3778 2144 3832 ﬁdeli
2174 3783 2224 3831 in
2254 3781 2520 3849 angustiis
2553 3783 2890 3836 constituto:
2925 3782 3148 3837 Domine
3186 3783 3326 3840 Dens
3355 3779 3548 3840 salutis

2001 3884 2152 3934 mem,
2186 3871 2404 3925 assidue
2427 3871 2654 3925 clamavi
2684 3877 2737 3925 in
2773 3882 3066 3941 conspecto
3097 3881 3212 3937 tuo,
3246 3873 3548 3941 adjutorem

2002 3971 2054 4014 te
2101 3962 2232 4014 mihi
2264 3975 2519 4016 avocans.
2552 3961 2682 4027 Qua:
2711 3961 3010 4032 sequunt'ur
3036 3965 3180 4018 clara
3222 3974 3385 4019 sunt:
3411 3965 3547 4029 Quia

2000 4052 2179 4104 anima
2209 4068 2327 4107 mea
2352 4053 2609 4110 aerumnis
2633 4055 2850 4124 impleta
2899 4063 3005 4118 est,
3032 4055 3230 4124 quibus
3264 4055 3396 4109 adeo
3426 4057 3550 4109 fati-

2000 4153 2160 4214 gatus
2188 4159 2330 4207 sum,
2358 4153 2418 4224 ut
2443 4145 2896 4214 mortiproximus
2916 4147 3129 4200 fuerim.
3150 4147 3550 4203 Annumeratns

1955 4285 1958 4288 .
2000 4242 2178 4288 autem
2209 4248 2329 4288 sum
2366 4248 2490 4287 cum
2542 4236 2791 4298 mortuis,
2828 4242 3086 4303 quantum
3124 4235 3189 4289 ad
3225 4235 3550 4288 saevissimo-

2001 4343 2120 4380 rum
2171 4327 2478 4380 dromonum
2545 4336 2729 4380 votum
2787 4341 2850 4380 ac
2902 4328 3136 4380 studium
3200 4328 3550 4395 pertinetzet

2005 4420 2177 4474 factus
2231 4435 2352 4472 sum
2402 4418 2548 4471 velut
2611 4417 2774 4470 homo
2847 4419 2964 4472 sine.
3016 4418 3238 4480 auxilio,
3291 4419 3361 4469 ita
3392 4427 3448 4470 ut
3475 4418 3544 4472 de

347 4509 631 4578 ἐλεύθερος
658 4509 732 4561 ὢν
757 4510 834 4562 ἔτι
866 4511 1204 4578 νεκρώσεως,
1234 4513 1307 4573 ὥς
1335 4514 1531 4580 μηκέτι
1568 4515 1631 4582 τῇ
1669 4513 1895 4584 ἀληθείᾳ

2006 4511 2150 4564 facili
2175 4510 2294 4578 capi
2323 4523 2559 4578 possem.
2593 4506 2690 4562 Fui
2723 4509 2882 4562 etiam
2907 4509 2960 4561 in
2997 4510 3242 4572 m‘ortuis,
3287 4522 3545 4577 quantum

349 4600 556 4653 θανών·
586 4600 850 4671 ἐγενήθην
881 4601 1012 4653 ὡσεὶ
1043 4602 1412 4671 τετρωμένοι,
1436 4603 1678 4682 κείμενοι
1709 4605 1766 4658 ὲν
1798 4609 1894 4658 τά·

349 4711 497 4764 φοις,
558 4695 783 4762 τρωθεὶς
809 4695 888 4764 τῷ
921 4695 1060 4761 βέλει
1089 4697 1186 4764 τῆς
1218 4696 1508 4764 ἁμαρτίας,
1552 4699 1585 4766 ἦ
1637 4700 1735 4765 τῆς
1765 4700 1895 4753 ἀθυο

346 4786 480 4854 μίας
498 4799 512 4818 ⁸
533 4785 628 4838 καὶ
657 4784 724 4837 τὰ
747 4785 870 4854 ἑξῆς
899 4786 1192 4852 ἀναλόγως.
1227 4787 1445 4839 Ἕθεντό
1482 4806 1547 4856 με
1576 4791 1623 4840 οἱ
1644 4789 1893 4858 δαίμονες

350 4873 508 4945 βαθεῖ
533 4874 710 4946 βόθρῳ
737 4875 836 4945 τῆς
865 4876 1134 4945 ἁμαρτίας
1161 4916 1176 4939 ,
1215 4877 1272 4928 ἐν
1321 4879 1498 4930 σκότει
1550 4877 1778 4946 θλίψεως
1809 4894 1823 4910 ο
1859 4881 1890 4946 ἢ

350 4964 484 5018 σκιὰ
535 4966 629 5019 καὶ
673 4965 928 5034 ὀμοίωσίς
959 4967 1074 5017 ἐστι
1103 4966 1331 5019 θανάτου
1384 4967 1468 5018 διὰ
1498 4967 1594 5036 τὴν
1630 4969 1858 5035 πικρίαν
1882 4984 1894 4998 ·

347 5055 441 5108 ἐπ’
466 5054 566 5130 ἐμὲ
599 5054 942 5125 ὲπεϐάρησεν
969 5055 998 5107 ὁ
1029 5054 1195 5124 θυμός
1229 5071 1321 5106 σου
1343 5073 1356 5086 ο
1382 5058 1429 5107 εξ
1457 5058 1564 5126 γὰρ
1601 5058 1675 5126 μὴ
1701 5058 1763 5109 σύ
1792 5076 1893 5130 μου

347 5146 636 5218 ὀργισθῇς,
664 5147 763 5200 οὒκ
790 5147 855 5202 ἄν
888 5164 988 5216 μου
1019 5147 1398 5215 περιεγένοντο
1418 5164 1433 5179 ο
1464 5148 1561 5200 καὶ
1587 5150 1764 5211 πάσας
1799 5151 1896 5212 τὰς

348 5240 750 5303 ἐπαναστάσεις
775 5239 884 5293 τῶν
910 5238 1159 5308 θλίψεων,
1185 5240 1327 5291 κατὰ
1363 5240 1751 5308 παραχώρησίν
1776 5258 1892 5305 σου,

345 5331 629 5399 ιπήγαγες
674 5329 761 5383 ἐπ’
791 5331 894 5398 ἐμέ
915 5343 929 5358 ⁸
962 5331 1271 5398 ἐμὰκρυνας
1300 5329 1425 5389 τοὺς
1460 5330 1733 5395 γνωττούς
1767 5348 1892 5398 μου,

343 5419 526 5473 εττουν
565 5422 694 5483 τοὺς
739 5421 927 5488 ἁγίους
955 5419 1236 5488 ἀγγέλους,
1282 5418 1408 5480 τοὺς
1449 5419 1554 5487 πρὸ
1585 5421 1679 5487 τῆς
1715 5422 1892 5488 ἀμαρ-

251 5495 261 5500 ’
343 5512 473 5574 τίας
501 5511 736 5582 γνησίως
760 5512 893 5582 πρός
923 5527 990 5578 με
1012 5510 1384 5577 διακειμένους
1412 5510 1505 5562 καὶ
1529 5510 1889 5578 ῃωρίζοντάς

346 5617 445 5673 με,
479 5602 530 5654 οἶ
561 5603 654 5656 καὶ
691 5602 1038 5667 ὲδδελύξαντό
1069 5618 1135 5672 με
1164 5602 1251 5655 διὰ
1279 5602 1376 5670 τὴν
1418 5601 1690 5670 ἁμαρτίαν
1715 5618 1729 5633 ο
1785 5619 1888 5656 πα-

399 5778 463 5851 -’7_
502 5777 688 5834 Matth.
732 5794 877 5846 τινι,
918 5777 1003 5832 49.
1079 5776 1125 5808 ³⁸
1164 5774 1321 5832 Joan.
1367 5792 1452 5842 1.,
1498 5807 1581 5830 ι-..

2002 4605 2069 4657 ad
2126 4605 2364 4668 illorum,
2401 4615 2459 4656 ut
2489 4603 2744 4668 diximus,
2779 4603 3013 4656 studium
3043 4603 3297 4670 pertinet,
3331 4605 3545 4656 tametsi

1999 4709 2098 4761 ego
2131 4694 2306 4747 adhuc
2327 4692 2576 4747 libersim
2600 4706 2628 4744 ιι
2649 4701 2842 4754 morte,
2879 4692 3038 4745 veluti
3071 4692 3162 4758 qui
3198 4678 3381 4745 revera
3417 4707 3548 4744 nec-

1945 4774 1950 4778 ’
1999 4784 2131 4837 dum
2163 4790 2408 4836 mortuus
2441 4779 2812 4850 sum.:Factus
2836 4796 2953 4833 sum
2991 4781 3130 4833 sicut
3169 4779 3432 4832 vulnerati
3461 4782 3548 4849 ja-

1999 4882 2184 4928 centes
2216 4874 2270 4926 in
2299 4873 2588 4941 sepulcris,
2625 4871 2938 4925 vulneratus
2980 4879 3033 4926 et
3066 4871 3179 4938 ipse
3208 4870 3391 4937 jaculo
3423 4886 3549 4938 prc-

1999 4965 2128 5028 cati,
2176 4965 2260 5018 vel
2292 4963 2476 5032 jacqu
2515 4964 2804 5018 mcestitiae.
2839 4964 2968 5027 Quae
3015 4969 3316 5030 sequuntur
3358 4961 3545 5014 eadem

1997 5057 2209 5108 ratione
2244 5069 2510 5124 expones:
2547 5053 2845 5108 Posuerunt
2891 5067 2976 5105 me
3017 5052 3288 5105 daemones
3340 5051 3393 5103 in
3427 5067 3545 5121 pro.

1997 5147 2165 5200 fundo
2185 5154 2345 5216 atque
2375 5145 2430 5199 in
2467 5145 2617 5199 fovea
2650 5145 2878 5213 peccati,
2920 5143 2973 5195 in
3006 5141 3353 5194 afﬂictionum
3397 5151 3547 5196 tene-

1997 5237 2112 5290 bris
2149 5251 2288 5305 quae,
2342 5236 2413 5290 ob
2451 5249 2719 5289 summam
2770 5232 3210 5293 amaritudinem,
3241 5231 3428 5283 umbra
3482 5246 3545 5285 ac

1997 5328 2297 5382 similitudo
2338 5326 2582 5394 qumdam
2635 5340 2758 5380 esse
2805 5324 2996 5377 mortis
3037 5323 3306 5376 videntur.
3353 5319 3407 5372 In
3460 5333 3544 5374 me

1998 5429 2253 5489 gravatus
2279 5427 2361 5474 est
2397 5418 2546 5481 furor
2573 5427 2733 5482 tuus;
2763 5429 2890 5470 nam
2915 5416 2961 5468 si
2995 5423 3050 5466 tu
3081 5413 3209 5466 mibi
3240 5413 3407 5464 iratus
3439 5427 3542 5463 non

1997 5513 2214 5578 fuisses,
2239 5526 2322 5566 me
2345 5511 2418 5565 illi
2455 5520 2603 5566 certe
2633 5524 2738 5563 non
2772 5516 3364 5577 superassentzomnes
3380 5501 3542 5555 etiam

1993 5603 2278 5669 elationes,
2315 5609 2366 5659 et
2410 5601 2788 5663 afﬂictionum,
2840 5606 2900 5652 ut
2947 5597 3022 5651 ita
3068 5595 3266 5662 dicam,
3306 5592 3550 5648 insurre-
