4112 6322
713 271 825 336 899
1926 262 2306 323 EUTHYMII
2337 259 2693 319 ZIGABENI
3389 330 3394 333 _
3795 279 3903 333 9w

712 387 913 449 tiones,
964 398 1060 438 seu
1109 382 1361 450 impetus,
1397 394 1536 449 quos
1567 377 1678 433 fieri
1713 375 2028 447 permisisti,
2061 375 2264 429 inducti
2295 377 2336 435 Λ

2295 377 2340 435 Λ
2372 373 2591 442 ρεδὸθην
2615 374 2799 427 λοιπὸν
2825 377 2941 436 ταῖς
2968 374 3197 443 θλίψεσι,
3232 375 3325 428 καὶ
3360 375 3461 429 οὐκ
3505 375 3903 448 ὲξεπορευὸμην

713 487 838 532 sunt
865 490 1024 544 super
1051 488 1152 527 me.
1183 470 1461 542 Elougasti
1493 486 1522 524 a
1552 486 1637 524 me
1668 477 1824 522 notos
1847 482 2015 530 meos,
2047 476 2264 520 sanctos

2365 463 2426 526 ἐξ
2462 463 2659 529 αὐτῶν,
2688 465 2931 533 σφοδρῶς
2969 466 3344 533 συνεχόμενος.
3380 466 3452 517 Τὸ
3483 465 3540 518 δέ
3561 481 3575 496 ·
3604 468 3668 518 οι
3695 467 3904 534 ὀφθαλ-

714 567 918 621 scilicet
947 565 1192 634 angelos,
1229 566 1340 633 qui'
1375 571 1664 630 antequam
1715 574 2015 628 peccarem,
2042 559 2264 612 amicis-

2359 557 2466 623 μοι
2492 571 2611 623 μου
2648 557 3002 622 ὴσθέγησαν
3025 556 3141 610 ἀπὸ
3167 558 3482 624 πτωχείας,
3525 556 3601 618 ὡς
3626 560 3903 628 προηρμή.

711 655 833 711 simi
891 663 1052 723 atque
1110 652 1350 708 benevoli
1394 649 1525 703 milii
1577 658 1766 702 erant:
1804 647 1920 710 illis
1943 657 2072 700 tunc
2104 657 2266 701 notus

2368 663 2578 700 νευται.
2618 646 2922 716 Ἐκέκραξα
2953 646 3085 715 πρὸς
3131 647 3192 698 σὲ
3222 647 3311 699 διὰ
3353 648 3574 711 παντὸς,
3623 649 3798 701 καλῶν
3827 653 3902 714 είς

709 763 882 810 eram,
914 761 1098 801 verum
1162 758 1308 797 nunc
1351 742 1420 796 ob
1469 749 1692 809 peccata
1737 740 2120 792 abominantur
2159 752 2263 791 me.

2349 737 2683 806 ἀντίληψιν,
2736 738 2830 790 καὶ
2858 737 2924 790 τὰ
2955 737 3102 806 ἑξῆς,
3148 738 3222 800 ὡς
3261 739 3682 807 προαποδέδοται
3709 740 3899 792 πάντα.

706 839 885 906 Atque
935 837 1057 890 ideo
1086 835 1316 888 traditus
1343 848 1462 888 sum
1511 831 1926 894 afﬂictionibus,
1987 845 2018 883 a
2067 830 2266 898 quibus

2380 829 2645 891 Ἀναστὰς
2675 829 2734 884 δὲ
2765 831 2865 899 τῆς
2896 829 3102 899 κοίτης,
3125 829 3230 900 πρὸ
3257 831 3476 884 πάντων
3497 830 3800 899 ἀναπέμψω
3825 849 3901 884 σοι

708 929 893 998 egredi
937 943 1043 982 non
1077 927 1256 988 datur,
1289 925 1383 978 sed
1436 936 1631 990 magna
1679 922 1747 976 ab
1786 921 1866 976 eis
1901 921 1954 974 vi
1998 921 2263 974 dctiueor.

2365 921 2696 992 προσευχήν.
2725 921 2843 974 Ἵνα
2868 921 2940 985 τί,
2959 919 3151 990 Κύριε,
3169 920 3406 983 ἀωθείς
3436 919 3534 991 τὴν
3561 921 3740 990 ψυχήν
3763 938 3861 990 μου
3883 939 3896 987 ;

597 1088 601 1093 ι
627 1004 632 1011 ’
710 1020 805 1073 Illa
836 1027 1014 1072 autem
1069 1017 1228 1071 verba
1253 1034 1268 1070 :
1297 1016 1447 1071 Oculi
1479 1015 1580 1068 mei
1599 1013 1910 1083 languerunt
1927 1027 2037 1079 pra:
2066 1013 2221 1080 inopit

2365 1015 2642 1067 τουτέστιν
2677 1012 2798 1081 ἐμὲ,
2825 1012 2962 1087 κατὰ
3001 1011 3354 1082 περίφρασιν,
3384 1013 3440 1064 ὲν
3467 1012 3731 1079 ἀνάγκαις
3758 1011 3900 1073 ὅντα,

711 1110 925 1162 declara
961 1119 1019 1161 ut
1075 1109 1326 1176 superius
1377 1107 1751 1176 rxposuimus.
1803 1105 2043 1158 Clamavi
2086 1105 2153 1159 ad
2188 1113 2262 1170 te,

2366 1104 2464 1158 καὶ
2496 1102 2712 1174 θερμῶς
2737 1103 3012 1172 δεόμενον,
3050 1103 3145 1155 καὶ
3182 1102 3251 1154 τὰ
3281 1101 3429 1170 ἑξῆς.
3492 1095 3646 1164 Εἶτα,
3700 1103 3903 1171 πτωχός

712 1197 932 1252 assidue
983 1196 1034 1248 in
1092 1195 1353 1248 auxiliun.
1402 1203 1453 1240 ’ρ
1505 1209 1683 1248 meum
1730 1192 2021 1255 advocatis,
2068 1200 2120 1245 et
2149 1208 2269 1261 quae

2367 1196 2484 1259 εἰμι
2511 1192 2640 1260 ἐγὼ,
2675 1192 2940 1261 μηδεμίαν
2985 1191 3126 1261 ἔχων
3161 1190 3455 1259 ἀλλαχόθεν
3487 1190 3758 1259 βοήθειαν.
3800 1191 3902 1244 Καὶ

711 1295 1037 1354 sequuntur,
1089 1299 1299 1353 expone
1339 1293 1394 1338 ut
1433 1285 1686 1338 diximus.
1734 1282 1889 1338 Mane
1927 1285 2115 1345 etiam,
2167 1283 2270 1338 hoc

2369 1285 2427 1336 ὲν
2461 1283 2646 1344 κόποις
2671 1283 2786 1351 εἰμὶ
2817 1283 2910 1334 καὶ
2941 1283 3120 1345 πόνοις
3159 1281 3245 1334 διὰ
3272 1281 3334 1332 τὸ
3368 1281 3613 1349 σφάλμα.
3647 1280 3901 1348 ’Υψωθεὶς

711 1386 819 1440 est,
851 1391 1012 1446 quam
1045 1377 1297 1446 primum,
1336 1390 1398 1430 ac
1433 1375 1636 1435 Statim,
1673 1375 1758 1426 ubi
1791 1389 1821 1427 a
1848 1389 2040 1428 somno
2080 1389 2272 1428 exsur-

2371 1374 2429 1427 se
2455 1374 2530 1443 τῷ
2562 1375 2682 1426 κατ’
2714 1374 2898 1426 εἰκόνα
2938 1389 3030 1424 σου
3059 1373 3405 1442 γεγενῆσθαι,
3439 1369 3807 1438 ὲταπεινώθην
3828 1373 3899 1441 τῷ

717 1482 859 1536 gam,
898 1475 1022 1520 ante
1052 1466 1232 1520 omnia
1265 1466 1562 1520 orationem
1588 1465 1652 1518 ad
1684 1474 1735 1518 te
1759 1480 1932 1518 meam
1966 1464 2266 1528 effundam,

2371 1465 2633 1518 ἀπολέσαι
2674 1466 2735 1516 τὸ
2773 1464 2985 1532 ἀξίωμα
3015 1464 3111 1533 τῆς
3153 1463 3378 1526 εἰκόνος.
3412 1464 3482 1515 Ἦ
3533 1462 3628 1515 καὶ
3680 1460 3899 1530 ὑψωθεὶς

716 1556 905 1609 dicens
939 1571 958 1607 :
1007 1550 1203 1620 Quare,
1230 1555 1472 1622 Domine,
1498 1555 1717 1623 repellis
1748 1554 1982 1605 animam
2049 1567 2218 1605 meam
2250 1552 2273 1605 ἲ

2370 1561 2437 1626 τῇ
2470 1558 2666 1626 οίήσει,
2696 1555 3068 1624 ἑταπεινὼθην
3105 1554 3286 1608 πεσὼν
3319 1557 3396 1617 είς
3431 1554 3642 1608 ὄλισθον
3661 1571 3675 1584 ·
3705 1554 3794 1606 καὶ
3821 1554 3901 1619 tE-

714 1649 819 1701 hoc
883 1655 987 1709 est,
1034 1649 1297 1715 meipsum
1346 1648 1402 1699 in
1460 1646 1730 1714 angustiis
1787 1644 2174 1705 constitutum,
2217 1651 2271 1696 et

2373 1645 2706 1716 ἡπορεύθην,
2741 1646 2815 1716 μὴ
2844 1646 2978 1716 ἔχων
2998 1646 3050 1697 τί
3085 1645 3176 1698 καὶ
3199 1645 3382 1715 δράσω
3401 1662 3415 1675 °
3443 1647 3529 1698 ἐπ’
3552 1646 3652 1714 ἐμὲ
3679 1643 3896 1712 διῆλθον,

717 1738 921 1792 fervide
947 1740 1012 1791 ad
1045 1748 1100 1792 te
1133 1737 1549 1806 supplicantem.
1573 1736 1774 1790 Deinde
1799 1737 1954 1805 inops
1987 1747 2089 1804 ego
2126 1749 2270 1800 sum,
2305 1718 2341 1770 Π

2305 1718 2344 1770 Β
2375 1739 2541 1807 ἤγουν
2579 1737 2819 1804 ἔφθασαν
2857 1755 2919 1806 με
2966 1741 3020 1790 ai
3075 1737 3235 1807 ὀργαί
3267 1753 3381 1802 σου,
3402 1737 3617 1790 τίνοντα
3641 1737 3812 1800 δίκας,
3848 1738 3897 1787 ἐν

716 1829 925 1883 nullum
975 1829 1191 1882 aliunde
1239 1828 1502 1883 auxilium
1556 1829 1780 1893 habens,
1812 1831 1949 1882 etin
1991 1828 2272 1882 laboribus

2371 1827 2450 1897 τῷ
2481 1829 2546 1896 τῇ
2585 1826 2730 1897 λύπῃ
2759 1825 3179 1895 συμπνίγεσθαι.
3217 1825 3338 1877 Ἔτι
3363 1827 3410 1878 οἱ
3444 1824 3764 1893 φοϐερισμοί
3793 1839 3897 1885 σου,

717 1937 837 1974 sum
861 1920 933 1975 ob
964 1935 1206 1976 errorem
1239 1934 1417 1973 meum
1447 1930 1540 1976 :et
1567 1919 1763 1972 licetin
1794 1919 1895 1974 hoc
1926 1935 1953 1972 a
1998 1929 2050 1972 te
2079 1918 2272 1972 fuerim

2372 1919 2422 1970 οἱ
2451 1919 2547 1988 τὴν
2577 1916 2794 1972 αἰώνιον
2828 1916 3175 1978 ἀπειλοῦντες
3201 1916 3442 1980 κόλασιν,
3468 1913 3796 1985 ὲξετάραξάν
3821 1906 3895 1982 με,

714 1992 1005 2075 exaltatus,
1053 2009 1199 2080 quod
1247 2011 1314 2063 ad
1362 2009 1651 2079 imaginem
1710 2024 1796 2063 me
1839 2018 1986 2062 tuam
2048 2009 2270 2073 creasti,

2374 2007 2692 2060 ἐκύκλωσαν
2732 2025 2819 2075 με,
2848 2009 2977 2059 ὡσεὶ
3006 2007 3172 2078 ὓδωρ,
3199 2007 3249 2058 oi
3275 2006 3595 2082 φοϐερισμοί
3631 2006 3816 2058 σου.“ΙΙ
3854 2005 3897 2056 οἱ

716 2101 1037 2155 humiliatus
1070 2117 1189 2156 sum
1221 2108 1424 2165 tatnen,
1459 2102 1586 2169 quia
1615 2102 1869 2170 imaginis
1896 2108 2002 2153 tua:
2038 2100 2272 2170 dignita-

2370 2098 2642 2165 δαίμονες,
2687 2098 2811 2167 ﬁcti
2861 2097 3088 2165 θλίψεις,
3143 2098 3542 2165 ἀποπνίγουσαι
3568 2097 3656 2151 διὰ
3714 2097 3899 2158 παντὸς

686 2193 824 2246 ἰθιιι
858 2192 1016 2246 amisi
1057 2207 1072 2246 :
1102 2192 1205 2256 vel,
1254 2191 1514 2260 opinione
1543 2200 1704 2259 atque
1729 2190 2126 2245 existimatione
2151 2205 2265 2244 mea

2377 2191 2668 2260 περιέσχον
2694 2207 2759 2258 με
2788 2188 2901 2258 ἅμα
2932 2175 3130 2251 πάντες
3157 2207 3171 2221 ·
3197 2190 3509 2257 ὲμάκρυνας
3542 2188 3638 2241 ἀπ’
3666 2187 3796 2254 ἐμοῦ
3817 2186 3902 2239 καὶ

717 2281 1012 2346 exaltatus,
1045 2280 1264 2334 tandem
1321 2281 1640 2335 humiliatus
1705 2295 1847 2343 sum,
1897 2280 2023 2349 quia
2083 2281 2265 2349 lapsus

2375 2283 2498 2341 τοὺς
2549 2283 2800 2348 συνήθεις
2841 2280 3178 2348 ἀνθρώπους,
3237 2279 3538 2347 φεύγοντάς
3577 2297 3666 2349 με,
3695 2280 3779 2332 διὰ
3813 2276 3899 2346 τὴν

715 2371 886 2424 cecidi
921 2379 1016 2423 :et
1045 2369 1274 2424 consilio
1319 2369 1611 2423 destitutus
1655 2383 1796 2428 sum,
1850 2366 2268 2435 nescienszquid

2139 2366 2268 2435 quid
2374 2372 2750 2439 κατασχοῦσαν
2781 2386 2848 2438 με
2874 2369 3261 2440 ταλαιπωρίαν,
3289 2371 3406 2440 ἦτοι
3439 2370 3741 2440 συμφοράν.

714 2460 968 2516 facerem.
1001 2460 1358 2516 Transierunt
1413 2470 1694 2531 praeterea,
1760 2459 1864 2513 hoc
1901 2468 2007 2520 est,
2029 2470 2388 2528 pervenerunt
2421 2462 2471 2514 iu
2519 2477 2604 2518 me
2638 2463 2731 2518 ire
2778 2473 2900 2526 tuae,
2971 2463 3098 2516 dum
3166 2465 3217 2516 iu
3277 2465 3542 2531 praesenti
3570 2465 3677 2518 vita
3727 2475 3900 2531 poenas

717 2553 830 2616 luo,
862 2551 988 2605 dum
1039 2563 1272 2604 maerore
1311 2550 1550 2606 suffocor
1583 2567 1597 2602 :
1632 2558 1684 2603 et
1741 2557 1979 2602 terrores
2033 2550 2108 2602 tui
2162 2549 2248 2618 qui
2291 2557 2519 2607 aeternas
2554 2553 2687 2606 mihi
2720 2566 2909 2622 pcenas
2973 2553 3392 2617 comminantur,
3459 2556 3902 2611 couturbaverunt

715 2664 802 2703 me
847 2659 901 2703 et
985 2647 1459 2702 circumdederunt
1545 2661 1650 2710 me,
1716 2647 1860 2701 sicut
1901 2659 2061 2714 aqua.
2113 2645 2209 2700 Vel
2243 2659 2338 2713 per
2376 2647 2486 2702 iras
2507 2655 2828 2704 cHerrores
2865 2648 2981 2709 Dei.
3016 2651 3286 2704 daemones
3337 2656 3390 2704 et
3431 2647 3902 2703 tribulationesin-

716 2743 929 2813 telligit.
981 2742 1062 2796 Ab
1092 2742 1174 2795 eis
1208 2742 1373 2804 enim,
1420 2741 1616 2808 inquit,
1665 2738 1887 2794 assidue
1946 2754 2187 2809 premor,
2221 2747 2274 2792 et
2312 2755 2525 2810 semper
2556 2757 2638 2796 me
2680 2743 2796 2798 haec
2833 2743 2971 2813 mala
2997 2742 3354 2797 circumdant.
3399 2741 3671 2811 Elougasti
3738 2759 3766 2796 a
3826 2758 3902 2797 me

719 2812 1011 2890 familiares
1039 2847 1207 2898 meus,
1240 2832 1364 2901 quia
1399 2831 1470 2885 ob
1508 2830 1838 2886 calamitates
1879 2839 1932 2885 et
1989 2832 2258 2899 miserias,
2300 2833 2497 2904 quibus
2531 2835 2812 2901 .detineor,
2869 2812 3066 2891 omnes
3144 2850 3228 2891 me
3271 2823 3655 2906 derelinquunt
3734 2846 3785 2889 et
3829 2835 3902 2888 fu-

603 2957 609 2962 -
718 2927 894 2981 aiunt.

756 2943 894 2981 lunt.

716 2943 752 3058 ε
980 3017 1348 3088 Intelligentiw
1376 3019 1479 3086 ipsi
1501 3018 1574 3082 ΑΕ
1579 3018 1701 3071 than
1731 3019 2010 3073 lsraelitw.
2300 3025 2340 3084 α

2300 3025 2342 3084 C
2619 3020 2924 3085 Συνέσεως
2955 3020 3139 3088 Αίθὰμ
3174 3018 3254 3084 τῷ
3283 3021 3651 3089 Ἰσραηλιτῃ.

1149 3109 1466 3166 PSALMUS
1508 3107 1840 3172 CXXXVIII.

2923 3111 3209 3165 ΨΑΛΜΟΣ
3247 3110 3377 3165 BH'.

791 3205 870 3259 Ad
905 3203 1577 3275 praesentisinscriptionis
1606 3202 2027 3260 declarationem
2066 3216 2128 3256 ea
2163 3202 2275 3257 suf-

2273 3228 2275 3238 ν
2449 3202 2560 3256 Καὶ
2614 3201 2752 3271 αὓτη
2800 3203 2832 3270 ἡ
2882 3201 3159 3272 ἐπιγραφὴ
3205 3204 3269 3271 τῇ
3304 3202 3409 3272 πρὸ
3445 3202 3612 3271 αύτῆς
3647 3217 3897 3272 συνερμη-

646 3285 653 3290 ’
723 3297 929 3364 flciant,
959 3314 1076 3365 qua:
1099 3299 1336 3351 diximus
1363 3296 1416 3349 in
1453 3295 1699 3364 proxime
1757 3293 2106 3363 pra-cedenti.
2141 3293 2270 3348 Tra-

2270 3323 2276 3334 -
2376 3293 2610 3347 νεύεται.
2643 3297 2920 3362 Διηγεῑται
2951 3294 3008 3346 δὲ
3053 3295 3121 3347 τὰ
3160 3292 3282 3346 καθ’
3310 3294 3502 3347 ἑαυτὸν
3540 3294 3568 3347 ὁ
3592 3295 3774 3358 Δαὸὶδ,
3812 3296 3894 3347 καὶ

724 3396 839 3442 ctat
891 3398 1068 3444 autem
1113 3388 1302 3440 beatus
1360 3385 1524 3438 David
1572 3386 1625 3438 in
1655 3385 1917 3452 praesenti
1941 3383 2146 3452 psalmo
2193 3398 2274 3442 ea,

2273 3426 2274 3440 χ
2378 3385 2536 3453 ὑμνεῖ
2580 3384 2670 3437 τὸν
2701 3385 2853 3447 Θεὸν,
2904 3384 2978 3446 ὡς
3009 3385 3300 3454 εὐεργέτην
3327 3384 3515 3439 αὑτοῦ.
3561 3386 3897 3455 ’Δναμίγνυσι

729 3492 851 3545 quae
880 3478 944 3531 ad
1010 3493 1098 3532 res
1131 3492 1259 3531 suos
1299 3476 1570 3545 pertinent
1600 3491 1615 3528 :
1644 3473 1938 3542 Deumque
1959 3482 2017 3527 ut
2063 3473 2279 3528 benefa-

2273 3501 2279 3513 ι
2375 3475 2434 3528 δὲ
2467 3477 2577 3537 τοῖς
2607 3474 2785 3541 λόγοις
2809 3475 2901 3527 καὶ
2930 3478 3058 3545 περὶ
3089 3474 3182 3526 τοῦ
3209 3474 3462 3543 Χριστοῦ.
3485 3476 3576 3529 Διὸ
3604 3477 3897 3542 Evr-laetae

716 3577 938 3623 ctorum
968 3569 1174 3622 laudat.
1200 3567 1456 3632 Quaedam
1505 3573 1681 3618 tamen
1726 3566 1777 3616 in
1801 3578 2051 3618 set-tirone
2080 3577 2179 3618 suo
2212 3563 2278 3617 de

2274 3585 2278 3613 ι
2379 3566 2780 3633 ἐπιγέγραπται
2805 3581 2820 3596 ’
2855 3565 3012 3636 χρεία
3042 3565 3149 3634 γὰρ
3178 3566 3381 3635 ταύτης
3421 3569 3534 3629 τοῖς
3561 3567 3898 3636 ἐντυγχάνου-

721 3654 1266 3709 Cliristointarserit:
1304 3663 1466 3721 atque
1489 3652 1612 3706 ideo
1649 3653 2002 3722 intelligentia
2029 3651 2282 3706 inscribi-

2276 3681 2282 3691 ~
2382 3674 2464 3708 σιν
2495 3657 2574 3720 είς
2609 3657 2670 3708 τδ
2704 3657 2938 3708 συνιέναι
2981 3659 3062 3709 τὰ·
3084 3657 3580 3726 ὲγκατεσπαρμένα
3622 3660 3749 3728 περὶ
3784 3659 3900 3728 Χρι-

723 3756 838 3809 tur.
893 3747 1018 3815 quia
1077 3745 1430 3812 intelligentia
1478 3743 1666 3797 lectori
1692 3759 1828 3811 opus
1855 3754 1955 3808 est,
1985 3744 2050 3796 ad
2089 3744 2280 3812 digno-

2273 3771 2280 3780 -
2381 3745 2506 3799 στοῦ
2532 3762 2546 3777 ⁶
2606 3748 2967 3818 προαγορεύει
3013 3747 3069 3799 δὲ
3099 3748 3193 3801 καὶ
3225 3747 3323 3817 τὴν
3360 3748 3511 3818 παρὰ
3559 3749 3897 3802 Βαϐυλωνίων

726 3837 987 3891 scendum
1023 3851 1083 3889 ea
1113 3834 1314 3932 (ιιιωήἰο
1351 3834 1554 3903 psalmo
1579 3833 1644 3888 de
1673 3832 1893 3888 Christo
1931 3834 2162 3903 sparsim
2194 3834 2279 3886 di-

1155 3834 1314 3932 ιιωήἰο
1351 3834 1554 3903 psalmo
1579 3833 1644 3888 de
1673 3832 1893 3888 Christo
1931 3834 2162 3903 sparsim
2194 3834 2279 3886 di-
2381 3834 2779 3904 αἰχμαλωσίαν.

726 3936 947 3980 cuntur.
979 3921 1422 3979 Pranlicifetiam
1473 3921 1854 3992 Babylonicam
1887 3923 2276 3992 captivitatem.

802 4017 966 4072 νειις.
993 4019 1052 4072 4.
1083 4015 1478 4086 Misericordiae
1501 4024 1643 4078 tuas,
1676 4013 1911 4078 Domine,
1940 4014 1993 4066 in
2033 4013 2280 4068 saxulum

2274 4031 2280 4064 ι
2453 4009 2534 4067 Τὰ
2565 4012 2705 4082 uti;
2735 4027 2872 4077 σου,
2911 4013 3105 4080 Κύριε,
3163 4015 3245 4078 είς
3310 4013 3418 4068 τὸν
3445 4014 3631 4069 αιῶνα
3677 4014 3898 4084 ᾄσομαι.

724 4115 971 4165 cantabo.
1009 4108 1431 4172 Misericordias,
1471 4106 1668 4176 inquit,
1696 4121 1838 4174 quas
1884 4106 1938 4159 in
1975 4120 2059 4159 me
2090 4119 2282 4173 opera-

2277 4131 2282 4144 ι
2380 4101 2460 4154 Τὰ
2513 4099 2663 4169 ἐλέη,
2719 4101 2874 4170 φησι,
2926 4101 2989 4154 τὰ
3021 4102 3102 4163 είς
3139 4101 3239 4171 ἐμὲ
3274 4103 3640 4172 γεγενημένα,
3685 4104 3810 4174 περὶ
3837 4098 3901 4156 ὧν

725 4210 814 4255 tus
832 4215 912 4264 es,
942 4210 996 4254 et
1021 4215 1119 4268 pro
1148 4199 1347 4268 quibus
1377 4199 1430 4251 in
1463 4197 1927 4268 secundorﬂegum
1959 4196 2097 4251 libro
2120 4197 2281 4251 latius

2278 4214 2281 4245 ι
2385 4186 2722 4259 πλατύτερον
2774 4190 3085 4259 εὐχαριστεῖ
3135 4193 3195 4244 ὲν
3225 4193 3292 4261 τῇ
3340 4193 3567 4262 δευτέρᾳ
3613 4192 3777 4262 βίϐλῳ
3811 4193 3902 4246 τῶν

726 4292 927 4363 gratias
953 4295 1078 4362 agit.
1106 4291 1172 4345 In
1209 4292 1483 4356 sarculum,
1511 4292 1614 4345 hoc
1653 4299 1736 4345 cst
1768 4304 2000 4359 semper.
2027 4291 2278 4360 cantabo,
2311 4340 2350 4395 Β

726 4381 740 4393 .
913 4383 940 4395 ν.
1131 4380 1142 4390 .
1207 4379 1220 4395 ρ
1313 4393 1335 4395 Α
1565 4378 1590 4395 ..
1643 4375 2249 4395 ._____-_--__.,___-

2276 4343 2278 4351 ν
2311 4340 2354 4395 D
2387 4279 2838 4361 Bactistcbv._Eic
2870 4280 2979 4334 τὸν
3014 4280 3198 4334 αἰῶνα
3221 4281 3299 4346 δὲ,
3343 4282 3465 4338 ἀντὶ
3513 4283 3630 4349 τοῦ,
3656 4285 3746 4338 ἀεὶ
3789 4285 3900 4355 ᾀσο-

2390 4388 2482 4395 .-__
2511 4386 2527 4395 .
2563 4367 2708 4395 1-..-
2737 4371 2908 4395 __=__
2944 4371 3254 4395 __---o.-_--.--

723 4381 780 4435 iu
802 4383 1068 4437 canticum
1092 4379 1345 4436 nimirum
1376 4388 1538 4447 atque
1565 4378 1618 4430 in
1643 4378 1872 4446 hymnos
1886 4390 1979 4430 eas
2004 4375 2272 4444 redigens.
2313 4367 2347 4395 υ

1649 4378 1872 4446 hymnos
1886 4390 1979 4430 eas
2004 4375 2272 4444 redigens.
2313 4367 2354 4395 ν
2387 4388 2486 4442 μαι
2511 4386 2527 4402 ·
2559 4367 2712 4441 ᾆσμα
2737 4371 2912 4425 ταῦτα
2941 4371 3273 4442 ποιούμενος.

796 4467 863 4521 In
937 4465 1317 4534 generationem
1380 4473 1430 4516 et
1501 4465 1880 4531 generationem
1952 4463 2272 4517 annuntiabo

2454 4466 2561 4528 Εις
2591 4465 2808 4532 γενεὰν
2839 4466 2936 4518 καὶ
2970 4469 3182 4533 γενεὰν
3241 4465 3558 4534 ἀπαγγελῶ
3602 4467 3731 4534 ’τὴν
3769 4470 3901 4538 ἀδιή-

726 4559 1024 4624 ιεενίιαιεηι,
1061 4565 1205 4607 tuam
1250 4556 1304 4606 in
1355 4570 1445 4607 ore
1500 4569 1634 4606 meo.
1690 4551 1746 4606 In
1783 4553 2180 4621 generationem
2229 4561 2281 4607 et

2277 4592 2281 4604 ι
2385 4558 2552 4613 θειάν
2575 4575 2692 4624 σου
2722 4559 2792 4612 ἐν
2814 4557 2895 4623 τῷ
2925 4559 3176 4627 στόματί
3198 4575 3337 4626 μου.
3361 4587 3428 4598 -
3454 4562 3555 4624 Είς
3575 4559 3789 4628 γενεὰν
3817 4560 3901 4613 καί

731 4646 1162 4715 generationem,
1217 4645 1368 4710 dicit,
1401 4659 1500 4712 pro
1531 4643 1595 4698 In
1635 4659 1835 4697 omnem
1881 4645 2280 4713 generationem.

2278 4686 2280 4693 ν
2381 4652 2620 4719 γενεὰν,
2649 4651 2768 4704 ἀντὶ
2791 4649 2906 4713 τοῦ,
2935 4651 3027 4712 Ei;
3058 4651 3239 4703 πᾶσαν
3267 4649 3476 4715 γενεάν.
3522 4649 3902 4720 ’Δποθνησκού-

683 4769 691 4776 -
729 4737 1025 4791 Deficiente
1059 4736 1204 4788 enim
1246 4749 1350 4788 una
1401 4736 1768 4804 generatione,
1800 4736 1969 4789 altera
2017 4737 2284 4788 subintro-

2278 4763 2284 4774 ι
2386 4759 2486 4810 σης
2519 4741 2628 4811 γὰρ
2663 4741 2761 4810 τῆς
2793 4743 2945 4810 μιᾶς,
2976 4740 3353 4808 ἀντεισάγεται
3386 4741 3570 4812 ἑτέρα,
3620 4741 3711 4794 καὶ
3752 4741 3902 4804 οὕτως

724 4827 948 4880 ducitur
977 4844 991 4877 :
1018 4835 1180 4895 atque
1214 4827 1316 4880 hoc
1342 4835 1500 4894 pacto
1533 4826 1793 4895 usquead
1825 4825 2008 4880 saeculi
2037 4840 2282 4879 consum-

2383 4833 2512 4903 ἄχρι
2547 4832 2877 4895 συντελείας.
2919 4833 2988 4895 Ἦ
3034 4833 3116 4895 είς
3158 4849 3216 4886 τε
3256 4831 3355 4901 τὴν
3405 4834 3598 4899 γενεὰν
3643 4832 3754 4886 τῶν
3791 4835 3929 4887 Ἰονο·

728 4917 1023 4970 mationcm
1058 4915 1392 4985 proceditur.
1427 4915 1526 4971 Vel
1555 4918 1610 4970 in
1633 4917 2035 4984 generationem
2066 4914 2280 4970 Judzro-

2277 4946 2280 4955 ι
2381 4924 2548 4976 δαίων
2575 4923 2667 4974 καὶ
2698 4922 2796 4992 τὴν
2824 4922 2932 4975 τῶν
2950 4922 3312 4990 Χριστιανῶν.
3337 4922 3545 4984 Ἁόναις
3575 4923 3680 4992 γὰρ
3699 4925 3901 4985 ταύταις

729 5021 849 5059 rum
877 5013 932 5059 et
976 5007 1030 5059 in
1064 5008 1480 5084 generationem.
1507 5006 1979 5069 Christianorum;
2021 5006 2106 5059 his
2139 5007 2280 5059 enim

2276 5028 2280 5058 ι
2382 5016 2410 5065 ὀ
2448 5013 2614 5065 Δαόὶδ
2634 5013 2971 5079 ἀπαγγέλλει
2997 5015 3094 5080 τὴν
3123 5012 3379 5081 ἀλήθειαν
3402 5011 3496 5064 τοῦ
3535 4993 3671 5066 θεοῦ
3706 5013 3795 5066 διὰ
3822 5012 3900 5065 τοῦ

731 5095 948 5150 duabus
981 5096 1419 5166 generationibus
1452 5089 1688 5158 tantum,
1716 5103 1770 5150 et
1798 5110 1904 5150 non
1935 5097 2055 5149 aliis
2089 5095 2280 5148 beatus

2275 5118 2280 5145 ι
2385 5102 2654 5170 στόματος
2681 5100 2868 5155 αὐτοῦ.
2901 5099 3082 5169 Στόμα
3128 5101 3183 5153 δὲ
3214 5100 3377 5153 αὑτοῦ
3426 5101 3515 5170 εἴη
3555 5100 3624 5154 ἂν
3737 5103 3899 5170 βίσλος

733 5183 902 5237 David
948 5186 1227 5239 veritatem
1290 5185 1396 5257 Dei
1431 5185 1718 5239 annuntiat
1749 5189 1802 5238 in
1843 5199 1937 5239 ore
1980 5200 2104 5238 suo.
2154 5184 2282 5239 Pos-

2275 5215 2282 5226 -
2383 5192 2488 5244 τῶν
2533 5190 2777 5260 Ψαλμῶν
2825 5190 3013 5244 αὑτοῦ.
3045 5191 3325 5261 Ἀλήθειαν
3368 5189 3425 5243 δὲ
3461 5190 3595 5243 Θεοῦ
3637 5190 3785 5260 λέγει
3819 5193 3899 5255 τὰς

733 5288 926 5328 smnus
951 5277 1111 5329 etiam
1141 5278 1212 5330 dit
1230 5291 1342 5342 ere,
1380 5277 1522 5346 quod
1553 5276 1885 5346 Psalmorum
1937 5276 2078 5334 liber~
2121 5288 2184 5330 os
2211 5276 2285 5329 sit

2275 5286 2285 5329 ι
2384 5283 2602 5350 ἀληθεῖς
2660 5282 2988 5348 ἐπαγγελίας
3156 5281 3303 5351 αὐτῷ
3349 5281 3715 5350 ἐπηγγείλατο
3769 5282 3899 5334 τοῦτο

618 5406 620 5408 -
733 5361 875 5418 beati
919 5362 1120 5424 David.
1161 5365 1451 5421 Veritatem
1506 5375 1682 5419 autem
1722 5365 1836 5420 Dei
1883 5380 2114 5436 expone,
2165 5380 2242 5433 pI’t

2388 5373 2485 5440 μὲν
2526 5372 2616 5424 διὰ
2645 5372 2740 5424 τοῦ
2774 5373 3058 5439 προφήτου
3095 5372 3302 5436 Νάθαν,
3350 5372 3424 5434 ὡς
3469 5373 3505 5438 ἡ
3551 5371 3780 5443 δευτέρα
3809 5371 3899 5424 τῶν
3941 5411 3951 5420 .

619 5499 627 5507 .
734 5469 893 5508 veras
933 5457 1322 5524 promissiones
1352 5457 1469 5520 Dei,
1500 5456 1669 5520 factas
1688 5457 1897 5511 scilicet
1939 5456 2038 5523 ipsi
2091 5456 2243 5509 Davit

2271 5494 2280 5518 ι
2384 5461 2676 5515 Βασιλειῶν
2703 5464 2904 5532 ἱστορεῖ
2927 5501 2942 5526 ,
2965 5461 3123 5514 τοῦτο
3146 5463 3202 5514 δὲ
3225 5463 3321 5515 καὶ
3347 5463 3436 5516 διὰ
3465 5460 3559 5514 τοῦ
3591 5462 3895 5524 ἐνοικοῦντος

732 5547 930 5621 partim
981 5561 1074 5614 per
1124 5547 1440 5614 prophetam
1503 5546 1759 5611 Natliam,
1836 5557 1892 5600 ut
1949 5546 2180 5599 traditur
2229 5552 2281 5598 in

2270 5561 2281 5598 I
2385 5551 2532 5621 αὐτῷ
2585 5551 2925 5620 προφητικοῦ
2975 5552 3283 5620 πνεύματος
3305 5568 3318 5581 ·
3352 5553 3618 5623 ὑπέσχετο
3639 5553 3748 5621 γὰρ
3770 5550 3894 5620 αὐτῷ

735 5636 974 5689 secundo
1024 5635 1223 5706 Regum
1276 5636 1436 5702 libro,
1470 5646 1523 5691 et
1574 5639 1769 5706 partim
1817 5654 1909 5709 per
1947 5638 2086 5692 illam
2154 5653 2282 5706 pro-

2266 5667 2282 5680 -
2388 5643 2578 5708 πολλὰ,
2644 5645 2769 5712 περί
2804 5658 2862 5693 τε
2899 5642 2998 5710 τῆς
3028 5642 3305 5712 ὑποταγῆς
3347 5644 3455 5697 τῶν
3498 5643 3707 5713 ἐχθρῶν
3734 5639 3890 5708 αὑτοῦ,
