  <div class='ocr_page' id='page_1' title='image "/cluster/home/n/w/nwhite01/storage/ocr_20150623/128/pst.000005714438/491.png"; bbox 0 0 4112 6322; ppageno 0'>
   <div class='ocr_carea' id='block_1_1' title="bbox 727 403 837 466">
    <p class='ocr_par' dir='ltr' id='par_1_1' title="bbox 727 403 837 466">
     <span class='ocr_line' id='line_1_1' title="bbox 727 403 837 466; baseline -0.018 0"><span class='ocrx_word' id='word_1_1' title='bbox 727 403 837 466; x_wconf 80' lang='lat'><strong>903</strong></span> 
     </span>
    </p>
   </div>
   <div class='ocr_carea' id='block_1_2' title="bbox 716 531 1003 586">
    <p class='ocr_par' dir='ltr' id='par_1_2' title="bbox 716 531 1003 586">
     <span class='ocr_line' id='line_1_2' title="bbox 716 531 1003 586; baseline -0.01 -16"><span class='ocrx_word' id='word_1_2' title='bbox 716 532 934 586; x_wconf 82' lang='lat' dir='ltr'><strong><em>regnum</em></strong></span> <span class='ocrx_word' id='word_1_3' title='bbox 984 531 1003 568; x_wconf 92' lang='lat'><strong><em>:</em></strong></span> 
     </span>
    </p>
   </div>
   <div class='ocr_carea' id='block_1_3' title="bbox 715 605 2273 678">
    <p class='ocr_par' dir='ltr' id='par_1_3' title="bbox 715 605 2273 678">
     <span class='ocr_line' id='line_1_3' title="bbox 715 605 2273 678; baseline -0.003 -17"><span class='ocrx_word' id='word_1_4' title='bbox 715 606 798 661; x_wconf 88' lang='lat' dir='ltr'><strong>illi</strong></span> <span class='ocrx_word' id='word_1_5' title='bbox 822 623 840 661; x_wconf 91' lang='lat'><strong><em>:</em></strong></span> <span class='ocrx_word' id='word_1_6' title='bbox 865 621 1080 678; x_wconf 78' lang='lat' dir='ltr'><strong>regnum</strong></span> <span class='ocrx_word' id='word_1_7' title='bbox 1113 605 1280 671; x_wconf 77' lang='lat' dir='ltr'><strong>illius,</strong></span> <span class='ocrx_word' id='word_1_8' title='bbox 1307 621 1522 676; x_wconf 83' lang='lat' dir='ltr'><strong><em>regnum</em></strong></span> <span class='ocrx_word' id='word_1_9' title='bbox 1547 614 1821 667; x_wconf 77' lang='lat' dir='ltr'><strong>wternum,</strong></span> <span class='ocrx_word' id='word_1_10' title='bbox 1852 612 1901 656; x_wconf 89' lang='lat' dir='ltr'><strong>et</strong></span> <span class='ocrx_word' id='word_1_11' title='bbox 1929 606 2162 672; x_wconf 78' lang='lat' dir='ltr'><strong><em>potentia</em></strong></span> <span class='ocrx_word' id='word_1_12' title='bbox 2190 606 2273 658; x_wconf 80' lang='lat' dir='ltr'><strong>in-</strong></span> 
     </span>
    </p>
   </div>
   <div class='ocr_carea' id='block_1_4' title="bbox 713 695 2271 766">
    <p class='ocr_par' dir='ltr' id='par_1_4' title="bbox 713 695 2271 766">
     <span class='ocr_line' id='line_1_4' title="bbox 713 695 2271 766; baseline 0.001 -16"><span class='ocrx_word' id='word_1_13' title='bbox 713 706 965 766; x_wconf 83' lang='lat' dir='ltr'><strong>corrupta</strong></span> <span class='ocrx_word' id='word_1_14' title='bbox 986 699 1051 761; x_wconf 77' lang='lat'><strong>&quot;,</strong></span> <span class='ocrx_word' id='word_1_15' title='bbox 1082 711 1203 765; x_wconf 73' lang='lat' dir='ltr'><strong>qua:</strong></span> <span class='ocrx_word' id='word_1_16' title='bbox 1253 698 1416 751; x_wconf 84' lang='lat' dir='ltr'><strong>verba</strong></span> <span class='ocrx_word' id='word_1_17' title='bbox 1449 695 1754 762; x_wconf 72' lang='lat' dir='ltr'><strong>Solomoni:</strong></span> <span class='ocrx_word' id='word_1_18' title='bbox 1786 709 1896 749; x_wconf 89' lang='lat' dir='ltr'><strong>non</strong></span> <span class='ocrx_word' id='word_1_19' title='bbox 1940 705 2271 766; x_wconf 83' lang='lat' dir='ltr'><strong>congruunt.</strong></span> 
     </span>
    </p>
   </div>
   <div class='ocr_carea' id='block_1_5' title="bbox 785 788 2274 858">
    <p class='ocr_par' dir='ltr' id='par_1_5' title="bbox 785 788 2274 858">
     <span class='ocr_line' id='line_1_5' title="bbox 785 788 2274 858; baseline 0 -19"><span class='ocrx_word' id='word_1_20' title='bbox 785 789 953 845; x_wconf 69' lang='lat' dir='ltr'><strong>Vnus.</strong></span> <span class='ocrx_word' id='word_1_21' title='bbox 977 790 1030 844; x_wconf 83' lang='lat'><strong>5.</strong></span> <span class='ocrx_word' id='word_1_22' title='bbox 1057 789 1122 842; x_wconf 87' lang='lat' dir='ltr'><strong>Et</strong></span> <span class='ocrx_word' id='word_1_23' title='bbox 1153 788 1430 858; x_wconf 74' lang='lat' dir='ltr'><strong>tedificabo</strong></span> <span class='ocrx_word' id='word_1_24' title='bbox 1461 790 1516 842; x_wconf 87' lang='lat' dir='ltr'><strong>in</strong></span> <span class='ocrx_word' id='word_1_25' title='bbox 1542 789 1930 858; x_wconf 71' lang='lat' dir='ltr'><strong>generationem</strong></span> <span class='ocrx_word' id='word_1_26' title='bbox 1978 799 2024 842; x_wconf 86' lang='lat' dir='ltr'><strong>ct</strong></span> <span class='ocrx_word' id='word_1_27' title='bbox 2057 804 2274 858; x_wconf 87' lang='lat' dir='ltr'><strong>genera-</strong></span> 
     </span>
    </p>
   </div>
   <div class='ocr_carea' id='block_1_6' title="bbox 715 882 2273 948">
    <p class='ocr_par' dir='ltr' id='par_1_6' title="bbox 715 882 2273 948">
     <span class='ocr_line' id='line_1_6' title="bbox 715 882 2273 948; baseline 0 -12"><span class='ocrx_word' id='word_1_28' title='bbox 715 884 908 936; x_wconf 84' lang='lat' dir='ltr'><strong><em>tionem</em></strong></span> <span class='ocrx_word' id='word_1_29' title='bbox 968 883 1213 936; x_wconf 76' lang='lat' dir='ltr'><strong><em>thronum</em></strong></span> <span class='ocrx_word' id='word_1_30' title='bbox 1273 890 1443 936; x_wconf 88' lang='lat' dir='ltr'><strong>tuum.</strong></span> <span class='ocrx_word' id='word_1_31' title='bbox 1501 882 1823 946; x_wconf 66' lang='lat' dir='ltr'><strong>Aidilicare,</strong></span> <span class='ocrx_word' id='word_1_32' title='bbox 1871 882 1975 937; x_wconf 90' lang='lat' dir='ltr'><strong>hoc</strong></span> <span class='ocrx_word' id='word_1_33' title='bbox 2019 883 2074 936; x_wconf 90' lang='lat' dir='ltr'><strong>in</strong></span> <span class='ocrx_word' id='word_1_34' title='bbox 2131 884 2273 948; x_wconf 80' lang='lat' dir='ltr'><strong>loco,</strong></span> 
     </span>
    </p>
   </div>
   <div class='ocr_carea' id='block_1_7' title="bbox 715 973 2276 1045">
    <p class='ocr_par' dir='ltr' id='par_1_7' title="bbox 715 973 2276 1045">
     <span class='ocr_line' id='line_1_7' title="bbox 715 973 2276 1045; baseline 0.001 -19"><span class='ocrx_word' id='word_1_35' title='bbox 715 977 870 1043; x_wconf 96' lang='lat' dir='ltr'><strong>ponit</strong></span> <span class='ocrx_word' id='word_1_36' title='bbox 911 989 1011 1043; x_wconf 91' lang='lat' dir='ltr'><strong>pro</strong></span> <span class='ocrx_word' id='word_1_37' title='bbox 1041 988 1263 1042; x_wconf 84' lang='lat' dir='ltr'><strong>augere,</strong></span> <span class='ocrx_word' id='word_1_38' title='bbox 1325 980 1380 1028; x_wconf 93' lang='lat' dir='ltr'><strong>et</strong></span> <span class='ocrx_word' id='word_1_39' title='bbox 1435 973 1719 1045; x_wconf 83' lang='lat' dir='ltr'><strong>perlicere,</strong></span> <span class='ocrx_word' id='word_1_40' title='bbox 1759 981 1813 1027; x_wconf 91' lang='lat' dir='ltr'><strong>et</strong></span> <span class='ocrx_word' id='word_1_41' title='bbox 1865 974 2118 1028; x_wconf 76' lang='lat' dir='ltr'><strong>thronum</strong></span> <span class='ocrx_word' id='word_1_42' title='bbox 2177 987 2276 1042; x_wconf 88' lang='lat' dir='ltr'><strong>pro</strong></span> 
     </span>
    </p>
   </div>
   <div class='ocr_carea' id='block_1_8' title="bbox 715 1063 2275 1136">
    <p class='ocr_par' dir='ltr' id='par_1_8' title="bbox 715 1063 2275 1136">
     <span class='ocr_line' id='line_1_8' title="bbox 715 1063 2275 1136; baseline 0 -18"><span class='ocrx_word' id='word_1_43' title='bbox 715 1080 904 1134; x_wconf 75' lang='lat' dir='ltr'><strong>regno.</strong></span> <span class='ocrx_word' id='word_1_44' title='bbox 935 1065 1075 1118; x_wconf 83' lang='lat' dir='ltr'><strong>illud</strong></span> <span class='ocrx_word' id='word_1_45' title='bbox 1109 1066 1420 1126; x_wconf 88' lang='lat' dir='ltr'><strong>considera,</strong></span> <span class='ocrx_word' id='word_1_46' title='bbox 1452 1063 1729 1133; x_wconf 91' lang='lat' dir='ltr'><strong>quomodo</strong></span> <span class='ocrx_word' id='word_1_47' title='bbox 1750 1064 2018 1135; x_wconf 80' lang='lat' dir='ltr'><strong>Propheta</strong></span> <span class='ocrx_word' id='word_1_48' title='bbox 2051 1081 2275 1136; x_wconf 80' lang='lat' dir='ltr'><strong>regnum</strong></span> 
     </span>
    </p>
   </div>
   <div class='ocr_carea' id='block_1_9' title="bbox 713 1154 2278 1225">
    <p class='ocr_par' dir='ltr' id='par_1_9' title="bbox 713 1154 2278 1225">
     <span class='ocr_line' id='line_1_9' title="bbox 713 1154 2278 1225; baseline 0.004 -17"><span class='ocrx_word' id='word_1_49' title='bbox 713 1154 916 1208; x_wconf 76' lang='lat' dir='ltr'><strong>Christi</strong></span> <span class='ocrx_word' id='word_1_50' title='bbox 947 1155 1243 1225; x_wconf 79' lang='lat' dir='ltr'><strong>appellavit</strong></span> <span class='ocrx_word' id='word_1_51' title='bbox 1272 1170 1498 1225; x_wconf 81' lang='lat' dir='ltr'><strong>regnum</strong></span> <span class='ocrx_word' id='word_1_52' title='bbox 1529 1154 1722 1221; x_wconf 71' lang='lat' dir='ltr'><strong>David,</strong></span> <span class='ocrx_word' id='word_1_53' title='bbox 1746 1156 1872 1224; x_wconf 87' lang='lat' dir='ltr'><strong>quia</strong></span> <span class='ocrx_word' id='word_1_54' title='bbox 1905 1157 2156 1212; x_wconf 86' lang='lat' dir='ltr'><strong>Christus</strong></span> <span class='ocrx_word' id='word_1_55' title='bbox 2186 1173 2278 1214; x_wconf 86' lang='lat' dir='ltr'><strong>se-</strong></span> 
     </span>
    </p>
   </div>
   <div class='ocr_carea' id='block_1_10' title="bbox 715 1246 2276 1312">
    <p class='ocr_par' dir='ltr' id='par_1_10' title="bbox 715 1246 2276 1312">
     <span class='ocr_line' id='line_1_10' title="bbox 715 1246 2276 1312; baseline 0.004 -13"><span class='ocrx_word' id='word_1_56' title='bbox 715 1246 957 1299; x_wconf 90' lang='lat' dir='ltr'><strong>cundum</strong></span> <span class='ocrx_word' id='word_1_57' title='bbox 1021 1262 1240 1301; x_wconf 90' lang='lat' dir='ltr'><strong>carnem</strong></span> <span class='ocrx_word' id='word_1_58' title='bbox 1293 1250 1362 1304; x_wconf 88' lang='lat' dir='ltr'><strong>ab</strong></span> <span class='ocrx_word' id='word_1_59' title='bbox 1413 1250 1508 1304; x_wconf 91' lang='lat' dir='ltr'><strong>illo</strong></span> <span class='ocrx_word' id='word_1_60' title='bbox 1583 1248 1967 1304; x_wconf 84' lang='lat' dir='ltr'><strong>descendebat.</strong></span> <span class='ocrx_word' id='word_1_61' title='bbox 2026 1249 2276 1312; x_wconf 77' lang='lat' dir='ltr'><strong>Solemus</strong></span> 
     </span>
    </p>
   </div>
   <div class='ocr_carea' id='block_1_11' title="bbox 714 1337 2276 1410">
    <p class='ocr_par' dir='ltr' id='par_1_11' title="bbox 714 1337 2276 1410">
     <span class='ocr_line' id='line_1_11' title="bbox 714 1337 2276 1410; baseline 0.003 -18"><span class='ocrx_word' id='word_1_62' title='bbox 714 1337 916 1392; x_wconf 83' lang='lat' dir='ltr'><strong>etenim</strong></span> <span class='ocrx_word' id='word_1_63' title='bbox 983 1337 1078 1391; x_wconf 87' lang='lat' dir='ltr'><strong>lilii</strong></span> <span class='ocrx_word' id='word_1_64' title='bbox 1130 1354 1356 1408; x_wconf 78' lang='lat' dir='ltr'><strong>regnum</strong></span> <span class='ocrx_word' id='word_1_65' title='bbox 1404 1341 1572 1410; x_wconf 85' lang='lat' dir='ltr'><strong>patris</strong></span> <span class='ocrx_word' id='word_1_66' title='bbox 1609 1339 1828 1394; x_wconf 85' lang='lat' dir='ltr'><strong><em>nomine</em></strong></span> <span class='ocrx_word' id='word_1_67' title='bbox 1881 1340 2174 1409; x_wconf 88' lang='lat' dir='ltr'><strong>appellare,</strong></span> <span class='ocrx_word' id='word_1_68' title='bbox 2205 1340 2276 1396; x_wconf 88' lang='lat' dir='ltr'><strong>ob</strong></span> 
     </span>
    </p>
   </div>
   <div class='ocr_carea' id='block_1_12' title="bbox 720 1430 2278 1500">
    <p class='ocr_par' dir='ltr' id='par_1_12' title="bbox 720 1430 2278 1500">
     <span class='ocr_line' id='line_1_12' title="bbox 720 1430 2278 1500; baseline 0.002 -16"><span class='ocrx_word' id='word_1_69' title='bbox 720 1430 1102 1500; x_wconf 79' lang='lat' dir='ltr'><strong>cognationem</strong></span> <span class='ocrx_word' id='word_1_70' title='bbox 1162 1431 1372 1486; x_wconf 76' lang='lat' dir='ltr'><strong>scilicet</strong></span> <span class='ocrx_word' id='word_1_71' title='bbox 1401 1442 1454 1486; x_wconf 85' lang='lat' dir='ltr'><strong>et</strong></span> <span class='ocrx_word' id='word_1_72' title='bbox 1503 1441 1614 1486; x_wconf 90' lang='lat' dir='ltr'><strong>tam</strong></span> <span class='ocrx_word' id='word_1_73' title='bbox 1651 1440 1857 1486; x_wconf 83' lang='lat' dir='ltr'><strong>arctam</strong></span> <span class='ocrx_word' id='word_1_74' title='bbox 1914 1433 2278 1488; x_wconf 82' lang='lat' dir='ltr'><strong>necessitudi-</strong></span> 
     </span>
    </p>
   </div>
   <div class='ocr_carea' id='block_1_13' title="bbox 719 1537 864 1576">
    <p class='ocr_par' dir='ltr' id='par_1_13' title="bbox 719 1537 864 1576">
     <span class='ocr_line' id='line_1_13' title="bbox 719 1537 864 1576; baseline -0.014 0"><span class='ocrx_word' id='word_1_75' title='bbox 719 1537 864 1576; x_wconf 88' lang='lat' dir='ltr'><strong>nem.</strong></span> 
     </span>
    </p>
   </div>
   <div class='ocr_carea' id='block_1_14' title="bbox 789 1615 2274 1686">
    <p class='ocr_par' dir='ltr' id='par_1_14' title="bbox 789 1615 2274 1686">
     <span class='ocr_line' id='line_1_14' title="bbox 789 1615 2274 1686; baseline 0.006 -19"><span class='ocrx_word' id='word_1_76' title='bbox 789 1615 1037 1671; x_wconf 70' lang='lat' dir='ltr'><strong>Vens.6.</strong></span> <span class='ocrx_word' id='word_1_77' title='bbox 1077 1617 1476 1684; x_wconf 83' lang='lat' dir='ltr'><strong>Conﬁteountur</strong></span> <span class='ocrx_word' id='word_1_78' title='bbox 1529 1619 1644 1672; x_wconf 75' lang='lat' dir='ltr'><strong>cceli</strong></span> <span class='ocrx_word' id='word_1_79' title='bbox 1692 1619 1962 1673; x_wconf 76' lang='lat' dir='ltr'><strong>mirabilia</strong></span> <span class='ocrx_word' id='word_1_80' title='bbox 2002 1630 2115 1686; x_wconf 86' lang='lat' dir='ltr'><strong>tua,</strong></span> <span class='ocrx_word' id='word_1_81' title='bbox 2164 1621 2274 1676; x_wconf 86' lang='lat' dir='ltr'><strong>Do-</strong></span> 
     </span>
    </p>
   </div>
   <div class='ocr_carea' id='block_1_15' title="bbox 719 1709 2273 1782">
    <p class='ocr_par' dir='ltr' id='par_1_15' title="bbox 719 1709 2273 1782">
     <span class='ocr_line' id='line_1_15' title="bbox 719 1709 2273 1782; baseline 0.005 -20"><span class='ocrx_word' id='word_1_82' title='bbox 719 1710 875 1763; x_wconf 83' lang='lat' dir='ltr'><strong><em>mine.</em></strong></span> <span class='ocrx_word' id='word_1_83' title='bbox 908 1709 1009 1762; x_wconf 84' lang='lat' dir='ltr'><strong>Per</strong></span> <span class='ocrx_word' id='word_1_84' title='bbox 1032 1709 1501 1771; x_wconf 74' lang='lat' dir='ltr'><strong>cmlos,cmlestes</strong></span> <span class='ocrx_word' id='word_1_85' title='bbox 1533 1710 1783 1779; x_wconf 83' lang='lat' dir='ltr'><strong>intelligit</strong></span> <span class='ocrx_word' id='word_1_86' title='bbox 1806 1713 2095 1780; x_wconf 83' lang='lat' dir='ltr'><strong>potentias.</strong></span> <span class='ocrx_word' id='word_1_87' title='bbox 2120 1712 2273 1782; x_wconf 70' lang='lat' dir='ltr'><strong>Ipsae,</strong></span> 
     </span>
    </p>
   </div>
   <div class='ocr_carea' id='block_1_16' title="bbox 720 1799 2272 1874">
    <p class='ocr_par' dir='ltr' id='par_1_16' title="bbox 720 1799 2272 1874">
     <span class='ocr_line' id='line_1_16' title="bbox 720 1799 2272 1874; baseline 0.005 -22"><span class='ocrx_word' id='word_1_88' title='bbox 720 1799 916 1869; x_wconf 89' lang='lat' dir='ltr'><strong>inquit,</strong></span> <span class='ocrx_word' id='word_1_89' title='bbox 945 1802 1200 1855; x_wconf 73' lang='lat' dir='ltr'><strong>cmlestes</strong></span> <span class='ocrx_word' id='word_1_90' title='bbox 1234 1801 1462 1856; x_wconf 76' lang='lat' dir='ltr'><strong>virtutes</strong></span> <span class='ocrx_word' id='word_1_91' title='bbox 1502 1803 1705 1871; x_wconf 81' lang='lat' dir='ltr'><strong>gratias</strong></span> <span class='ocrx_word' id='word_1_92' title='bbox 1744 1803 1840 1858; x_wconf 87' lang='lat' dir='ltr'><strong>tibi</strong></span> <span class='ocrx_word' id='word_1_93' title='bbox 1878 1815 2032 1874; x_wconf 85' lang='lat' dir='ltr'><strong>agent</strong></span> <span class='ocrx_word' id='word_1_94' title='bbox 2071 1805 2139 1860; x_wconf 93' lang='lat' dir='ltr'><strong>de</strong></span> <span class='ocrx_word' id='word_1_95' title='bbox 2166 1814 2272 1860; x_wconf 84' lang='lat' dir='ltr'><strong>tam</strong></span> 
     </span>
    </p>
   </div>
   <div class='ocr_carea' id='block_1_17' title="bbox 1947 393 2708 457">
    <p class='ocr_par' dir='ltr' id='par_1_17' title="bbox 1947 393 2708 457">
     <span class='ocr_line' id='line_1_17' title="bbox 1947 393 2708 457; baseline 0.001 -3"><span class='ocrx_word' id='word_1_96' title='bbox 1947 393 2326 456; x_wconf 84' lang='lat' dir='ltr'><strong>EUTHYMll</strong></span> <span class='ocrx_word' id='word_1_97' title='bbox 2351 396 2673 457; x_wconf 80' lang='lat' dir='ltr'><strong>ZlGABEN</strong></span> <span class='ocrx_word' id='word_1_98' title='bbox 2683 397 2708 455; x_wconf 90' lang='grc' dir='ltr'><strong>Ι</strong></span> 
     </span>
    </p>
   </div>
   <div class='ocr_carea' id='block_1_18' title="bbox 1062 512 2280 587">
    <p class='ocr_par' dir='ltr' id='par_1_18' title="bbox 1062 512 2278 584">
     <span class='ocr_line' id='line_1_18' title="bbox 1062 512 2278 584; baseline -0.002 -16"><span class='ocrx_word' id='word_1_99' title='bbox 1062 531 1238 570; x_wconf 82' lang='lat' dir='ltr'><strong><em>omnes</em></strong></span> <span class='ocrx_word' id='word_1_100' title='bbox 1293 517 1494 584; x_wconf 81' lang='lat' dir='ltr'><strong>populi,</strong></span> <span class='ocrx_word' id='word_1_101' title='bbox 1539 515 1744 578; x_wconf 82' lang='lat' dir='ltr'><strong>tribus,</strong></span> <span class='ocrx_word' id='word_1_102' title='bbox 1793 512 2006 582; x_wconf 60' lang='lat' dir='ltr'><strong>linguae,</strong></span> <span class='ocrx_word' id='word_1_103' title='bbox 2056 514 2278 567; x_wconf 76' lang='lat' dir='ltr'><strong>servient</strong></span> 
     </span>
    </p>
   </div>
   <div class='ocr_carea' id='block_1_19' title="bbox 2379 512 3925 587">
    <p class='ocr_par' dir='ltr' id='par_1_19' title="bbox 2387 513 3925 587">
     <span class='ocr_line' id='line_1_19' title="bbox 2387 513 3925 587; baseline 0.007 -21"><span class='ocrx_word' id='word_1_104' title='bbox 2387 513 2659 584; x_wconf 73' lang='grc' dir='ltr'><em>γλῶσσαι</em></span> <span class='ocrx_word' id='word_1_105' title='bbox 2691 515 3136 570; x_wconf 76' lang='grc' dir='ltr'><strong>δουλεύσουσιν</strong></span> <span class='ocrx_word' id='word_1_106' title='bbox 3167 516 3326 582; x_wconf 84' lang='grc' dir='ltr'>αὐτῷ</span> <span class='ocrx_word' id='word_1_107' title='bbox 3347 535 3360 548; x_wconf 74' lang='grc' dir='ltr'><strong>ο</strong></span> <span class='ocrx_word' id='word_1_108' title='bbox 3395 519 3434 587; x_wconf 80' lang='grc' dir='ltr'><strong><em>ἠ</em></strong></span> <span class='ocrx_word' id='word_1_109' title='bbox 3452 519 3740 583; x_wconf 69' lang='grc' dir='ltr'><strong>βασιλεία</strong></span> <span class='ocrx_word' id='word_1_110' title='bbox 3754 524 3925 584; x_wconf 82' lang='grc' dir='ltr'>αὑτοῦ</span> 
     </span>
    </p>
   </div>
   <div class='ocr_carea' id='block_1_20' title="bbox 3831 405 3924 469">
    <p class='ocr_par' dir='ltr' id='par_1_20' title="bbox 3831 405 3924 469">
     <span class='ocr_line' id='line_1_20' title="bbox 3831 405 3924 469; baseline 0 0"><span class='ocrx_word' id='word_1_111' title='bbox 3831 405 3924 469; x_wconf 72' lang='grc' dir='ltr'><strong>θυι</strong></span> 
     </span>
    </p>
   </div>
   <div class='ocr_carea' id='block_1_21' title="bbox 2375 602 3924 677">
    <p class='ocr_par' dir='ltr' id='par_1_21' title="bbox 2375 602 3924 677">
     <span class='ocr_line' id='line_1_21' title="bbox 2375 602 3924 677; baseline 0.006 -22"><span class='ocrx_word' id='word_1_112' title='bbox 2375 603 2667 666; x_wconf 73' lang='grc' dir='ltr'><strong>,ϐασιλεία</strong></span> <span class='ocrx_word' id='word_1_113' title='bbox 2690 602 2928 670; x_wconf 82' lang='grc' dir='ltr'>αιὼνιος</span> <span class='ocrx_word' id='word_1_114' title='bbox 2949 618 2962 633; x_wconf 76' lang='grc' dir='ltr'><strong>ο</strong></span> <span class='ocrx_word' id='word_1_115' title='bbox 2982 604 3078 657; x_wconf 79' lang='grc' dir='ltr'><strong>καὶ</strong></span> <span class='ocrx_word' id='word_1_116' title='bbox 3101 606 3139 672; x_wconf 78' lang='grc' dir='ltr'><strong><em>ἠ</em></strong></span> <span class='ocrx_word' id='word_1_117' title='bbox 3163 605 3571 675; x_wconf 73' lang='grc' dir='ltr'>ἐξοινσία,ἣτις</span> <span class='ocrx_word' id='word_1_118' title='bbox 3597 611 3670 663; x_wconf 86' lang='grc' dir='ltr'>οὐ</span> <span class='ocrx_word' id='word_1_119' title='bbox 3695 609 3924 677; x_wconf 68' lang='grc' dir='ltr'><strong>διαφθα-</strong></span> 
     </span>
    </p>
   </div>
   <div class='ocr_carea' id='block_1_22' title="bbox 2375 679 3920 770">
    <p class='ocr_par' dir='ltr' id='par_1_22' title="bbox 2375 679 3920 770">
     <span class='ocr_line' id='line_1_22' title="bbox 2375 679 3920 770; baseline 0.006 -23"><span class='ocrx_word' id='word_1_120' title='bbox 2375 695 2650 763; x_wconf 80' lang='grc' dir='ltr'>ρήσεται.</span> <span class='ocrx_word' id='word_1_121' title='bbox 2702 695 2886 750; x_wconf 83' lang='grc' dir='ltr'>Ταῦτα</span> <span class='ocrx_word' id='word_1_122' title='bbox 2920 695 2977 749; x_wconf 78' lang='grc' dir='ltr'><strong>δὲ</strong></span> <span class='ocrx_word' id='word_1_123' title='bbox 3000 679 3101 749; x_wconf 79' lang='grc' dir='ltr'>οὐκ</span> <span class='ocrx_word' id='word_1_124' title='bbox 3133 698 3198 751; x_wconf 83' lang='grc' dir='ltr'><strong>ἂν</strong></span> <span class='ocrx_word' id='word_1_125' title='bbox 3221 698 3458 768; x_wconf 85' lang='grc' dir='ltr'>ἁρμόσοι</span> <span class='ocrx_word' id='word_1_126' title='bbox 3489 701 3570 770; x_wconf 81' lang='grc' dir='ltr'>τῷ</span> <span class='ocrx_word' id='word_1_127' title='bbox 3609 701 3920 770; x_wconf 81' lang='grc' dir='ltr'>Σολομῶντι.</span> 
     </span>
    </p>
   </div>
   <div class='ocr_carea' id='block_1_23' title="bbox 2455 786 3924 862">
    <p class='ocr_par' dir='ltr' id='par_1_23' title="bbox 2455 786 3924 862">
     <span class='ocr_line' id='line_1_23' title="bbox 2455 786 3924 862; baseline 0.006 -23"><span class='ocrx_word' id='word_1_128' title='bbox 2455 786 2839 856; x_wconf 80' lang='grc' dir='ltr'><strong>Οἱκοδομήσω</strong></span> <span class='ocrx_word' id='word_1_129' title='bbox 2871 791 2957 854; x_wconf 75' lang='grc' dir='ltr'><strong>εἰς</strong></span> <span class='ocrx_word' id='word_1_130' title='bbox 2979 789 3191 857; x_wconf 78' lang='grc' dir='ltr'><em>γενεὰν</em></span> <span class='ocrx_word' id='word_1_131' title='bbox 3221 789 3320 843; x_wconf 76' lang='grc' dir='ltr'><strong>καὶ</strong></span> <span class='ocrx_word' id='word_1_132' title='bbox 3352 791 3566 858; x_wconf 74' lang='grc' dir='ltr'><em>γενεὰν</em></span> <span class='ocrx_word' id='word_1_133' title='bbox 3589 793 3696 846; x_wconf 83' lang='grc' dir='ltr'><strong>τὸν</strong></span> <span class='ocrx_word' id='word_1_134' title='bbox 3724 795 3924 862; x_wconf 80' lang='grc' dir='ltr'><strong>θρόνον</strong></span> 
     </span>
    </p>
   </div>
   <div class='ocr_carea' id='block_1_24' title="bbox 2379 877 3926 952">
    <p class='ocr_par' dir='ltr' id='par_1_24' title="bbox 2379 877 3926 952">
     <span class='ocr_line' id='line_1_24' title="bbox 2379 877 3926 952; baseline 0.006 -23"><span class='ocrx_word' id='word_1_135' title='bbox 2379 893 2520 933; x_wconf 87' lang='grc' dir='ltr'>σου.</span> <span class='ocrx_word' id='word_1_136' title='bbox 2549 877 2852 948; x_wconf 76' lang='grc' dir='ltr'>Οἰκοδομὴν</span> <span class='ocrx_word' id='word_1_137' title='bbox 2883 879 2980 948; x_wconf 85' lang='grc' dir='ltr'><strong>μὲν</strong></span> <span class='ocrx_word' id='word_1_138' title='bbox 3010 879 3241 934; x_wconf 74' lang='grc' dir='ltr'>ἐνταῦθα</span> <span class='ocrx_word' id='word_1_139' title='bbox 3289 880 3436 949; x_wconf 78' lang='grc' dir='ltr'>λέγει</span> <span class='ocrx_word' id='word_1_140' title='bbox 3461 881 3558 952; x_wconf 76' lang='grc' dir='ltr'>τὴν</span> <span class='ocrx_word' id='word_1_141' title='bbox 3591 882 3820 952; x_wconf 71' lang='grc' dir='ltr'>αὐξησιν</span> <span class='ocrx_word' id='word_1_142' title='bbox 3844 888 3926 939; x_wconf 74' lang='grc' dir='ltr'><strong>καὶ</strong></span> 
     </span>
    </p>
   </div>
   <div class='ocr_carea' id='block_1_25' title="bbox 2382 969 3924 1042">
    <p class='ocr_par' dir='ltr' id='par_1_25' title="bbox 2382 969 3924 1042">
     <span class='ocr_line' id='line_1_25' title="bbox 2382 969 3924 1042; baseline 0.008 -22"><span class='ocrx_word' id='word_1_143' title='bbox 2382 969 2695 1038; x_wconf 80' lang='grc' dir='ltr'>ἀπάρτισιν,</span> <span class='ocrx_word' id='word_1_144' title='bbox 2753 971 2941 1040; x_wconf 84' lang='grc' dir='ltr'>θρόνον</span> <span class='ocrx_word' id='word_1_145' title='bbox 2967 970 3023 1023; x_wconf 81' lang='grc' dir='ltr'><strong>δὲ</strong></span> <span class='ocrx_word' id='word_1_146' title='bbox 3056 971 3155 1042; x_wconf 82' lang='grc' dir='ltr'>τὴν</span> <span class='ocrx_word' id='word_1_147' title='bbox 3177 971 3473 1042; x_wconf 78' lang='grc' dir='ltr'>βασιλείαν.</span> <span class='ocrx_word' id='word_1_148' title='bbox 3503 976 3701 1028; x_wconf 78' lang='grc' dir='ltr'><strong>Σκόπει</strong></span> <span class='ocrx_word' id='word_1_149' title='bbox 3735 977 3792 1030; x_wconf 81' lang='grc' dir='ltr'><strong>δὲ</strong></span> <span class='ocrx_word' id='word_1_150' title='bbox 3822 979 3924 1042; x_wconf 79' lang='grc' dir='ltr'><strong>πῶς</strong></span> 
     </span>
    </p>
   </div>
   <div class='ocr_carea' id='block_1_26' title="bbox 2381 1046 3927 1134">
    <p class='ocr_par' dir='ltr' id='par_1_26' title="bbox 2381 1046 3927 1134">
     <span class='ocr_line' id='line_1_26' title="bbox 2381 1046 3927 1134; baseline 0.007 -22"><span class='ocrx_word' id='word_1_151' title='bbox 2381 1061 2478 1131; x_wconf 78' lang='grc' dir='ltr'><strong>τὴν</strong></span> <span class='ocrx_word' id='word_1_152' title='bbox 2496 1046 2773 1131; x_wconf 77' lang='grc' dir='ltr'>βασιλείαν</span> <span class='ocrx_word' id='word_1_153' title='bbox 2812 1062 2905 1116; x_wconf 84' lang='grc' dir='ltr'>τοῦ</span> <span class='ocrx_word' id='word_1_154' title='bbox 2939 1063 3176 1132; x_wconf 79' lang='grc' dir='ltr'><strong>Χριστοῦ</strong></span> <span class='ocrx_word' id='word_1_155' title='bbox 3221 1063 3498 1134; x_wconf 80' lang='grc' dir='ltr'>βασιλείαν</span> <span class='ocrx_word' id='word_1_156' title='bbox 3521 1067 3686 1121; x_wconf 78' lang='grc' dir='ltr'>Δασὶδ</span> <span class='ocrx_word' id='word_1_157' title='bbox 3715 1068 3927 1124; x_wconf 77' lang='grc' dir='ltr'><strong>ἐκάλεσε</strong></span> 
     </span>
    </p>
   </div>
   <div class='ocr_carea' id='block_1_27' title="bbox 2381 1153 3924 1232">
    <p class='ocr_par' dir='ltr' id='par_1_27' title="bbox 2381 1153 3924 1232">
     <span class='ocr_line' id='line_1_27' title="bbox 2381 1153 3924 1232; baseline 0.006 -27"><span class='ocrx_word' id='word_1_158' title='bbox 2381 1153 2469 1206; x_wconf 74' lang='grc' dir='ltr'>διὰ</span> <span class='ocrx_word' id='word_1_159' title='bbox 2495 1154 2554 1208; x_wconf 72' lang='grc' dir='ltr'><strong>τὸ</strong></span> <span class='ocrx_word' id='word_1_160' title='bbox 2578 1155 2636 1221; x_wconf 79' lang='grc' dir='ltr'><strong>ἐξ</strong></span> <span class='ocrx_word' id='word_1_161' title='bbox 2658 1154 2820 1208; x_wconf 83' lang='grc' dir='ltr'>αὐτοῦ</span> <span class='ocrx_word' id='word_1_162' title='bbox 2841 1154 3176 1224; x_wconf 78' lang='grc' dir='ltr'><strong>κατάγεσθαι</strong></span> <span class='ocrx_word' id='word_1_163' title='bbox 3206 1158 3542 1228; x_wconf 83' lang='grc' dir='ltr'>τὸνΧριστδν</span> <span class='ocrx_word' id='word_1_164' title='bbox 3571 1161 3710 1214; x_wconf 77' lang='grc' dir='ltr'>κατὰ</span> <span class='ocrx_word' id='word_1_165' title='bbox 3738 1162 3924 1232; x_wconf 73' lang='grc' dir='ltr'>σάρκα.</span> 
     </span>
    </p>
   </div>
   <div class='ocr_carea' id='block_1_28' title="bbox 2383 1245 3927 1325">
    <p class='ocr_par' dir='ltr' id='par_1_28' title="bbox 2383 1245 3927 1325">
     <span class='ocr_line' id='line_1_28' title="bbox 2383 1245 3927 1325; baseline 0.006 -27"><span class='ocrx_word' id='word_1_166' title='bbox 2383 1245 2665 1316; x_wconf 82' lang='grc' dir='ltr'>Εἰώθαμεν</span> <span class='ocrx_word' id='word_1_167' title='bbox 2702 1247 2810 1317; x_wconf 83' lang='grc' dir='ltr'><strong>γὰρ</strong></span> <span class='ocrx_word' id='word_1_168' title='bbox 2853 1248 2952 1319; x_wconf 79' lang='grc' dir='ltr'>τὴν</span> <span class='ocrx_word' id='word_1_169' title='bbox 2997 1248 3269 1318; x_wconf 75' lang='grc' dir='ltr'>βασιλείαν</span> <span class='ocrx_word' id='word_1_170' title='bbox 3313 1251 3407 1304; x_wconf 86' lang='grc' dir='ltr'>τοῦ</span> <span class='ocrx_word' id='word_1_171' title='bbox 3441 1253 3558 1305; x_wconf 89' lang='grc' dir='ltr'>υίοῦ</span> <span class='ocrx_word' id='word_1_172' title='bbox 3606 1253 3702 1308; x_wconf 77' lang='grc' dir='ltr'><strong>τοῦ</strong></span> <span class='ocrx_word' id='word_1_173' title='bbox 3736 1255 3927 1325; x_wconf 74' lang='grc' dir='ltr'>πατρὸς</span> 
     </span>
    </p>
   </div>
   <div class='ocr_carea' id='block_1_29' title="bbox 2383 1337 3128 1411">
    <p class='ocr_par' dir='ltr' id='par_1_29' title="bbox 2383 1337 3128 1411">
     <span class='ocr_line' id='line_1_29' title="bbox 2383 1337 3128 1411; baseline 0.009 -22"><span class='ocrx_word' id='word_1_174' title='bbox 2383 1337 2564 1408; x_wconf 81' lang='grc' dir='ltr'>λέγειν</span> <span class='ocrx_word' id='word_1_175' title='bbox 2594 1340 2679 1393; x_wconf 80' lang='grc' dir='ltr'>διὰ</span> <span class='ocrx_word' id='word_1_176' title='bbox 2711 1340 2809 1411; x_wconf 81' lang='grc' dir='ltr'>τὴν</span> <span class='ocrx_word' id='word_1_177' title='bbox 2835 1341 3128 1396; x_wconf 81' lang='grc' dir='ltr'>οίκείωσιν.</span> 
     </span>
    </p>
   </div>
   <div class='ocr_carea' id='block_1_30' title="bbox 2467 1607 3924 1689">
    <p class='ocr_par' dir='ltr' id='par_1_30' title="bbox 2467 1607 3924 1689">
     <span class='ocr_line' id='line_1_30' title="bbox 2467 1607 3924 1689; baseline 0.002 -27"><span class='ocrx_word' id='word_1_178' title='bbox 2467 1607 3047 1689; x_wconf 68' lang='grc' dir='ltr'><strong>Ἐξομολογήσονταί</strong></span> <span class='ocrx_word' id='word_1_179' title='bbox 3070 1625 3167 1662; x_wconf 88' lang='grc' dir='ltr'>σοι</span> <span class='ocrx_word' id='word_1_180' title='bbox 3195 1611 3250 1662; x_wconf 81' lang='grc' dir='ltr'><strong>οἱ</strong></span> <span class='ocrx_word' id='word_1_181' title='bbox 3269 1610 3512 1676; x_wconf 76' lang='grc' dir='ltr'>οὐρανοὶ</span> <span class='ocrx_word' id='word_1_182' title='bbox 3549 1609 3621 1662; x_wconf 82' lang='grc' dir='ltr'>τὰ</span> <span class='ocrx_word' id='word_1_183' title='bbox 3642 1610 3924 1679; x_wconf 70' lang='grc' dir='ltr'><strong>θαυμάσια</strong></span> 
     </span>
    </p>
   </div>
   <div class='ocr_carea' id='block_1_31' title="bbox 2383 1699 3925 1770">
    <p class='ocr_par' dir='ltr' id='par_1_31' title="bbox 2383 1699 3925 1770">
     <span class='ocr_line' id='line_1_31' title="bbox 2383 1699 3925 1770; baseline 0 -16"><span class='ocrx_word' id='word_1_184' title='bbox 2383 1716 2522 1764; x_wconf 88' lang='grc' dir='ltr'><em>σου,</em></span> <span class='ocrx_word' id='word_1_185' title='bbox 2551 1701 2748 1767; x_wconf 81' lang='grc' dir='ltr'><strong>Κύριε.</strong></span> <span class='ocrx_word' id='word_1_186' title='bbox 2791 1701 3066 1770; x_wconf 77' lang='grc' dir='ltr'>Οὐρανούς</span> <span class='ocrx_word' id='word_1_187' title='bbox 3117 1700 3268 1768; x_wconf 76' lang='grc' dir='ltr'>λέγει</span> <span class='ocrx_word' id='word_1_188' title='bbox 3310 1699 3407 1761; x_wconf 79' lang='grc' dir='ltr'>τὰς</span> <span class='ocrx_word' id='word_1_189' title='bbox 3443 1700 3726 1770; x_wconf 86' lang='grc' dir='ltr'>οὐναρίους</span> <span class='ocrx_word' id='word_1_190' title='bbox 3778 1700 3925 1754; x_wconf 79' lang='grc' dir='ltr'>δυνά-</span> 
     </span>
    </p>
   </div>
   <div class='ocr_carea' id='block_1_32' title="bbox 2387 1792 3924 1864">
    <p class='ocr_par' dir='ltr' id='par_1_32' title="bbox 2387 1792 3924 1864">
     <span class='ocr_line' id='line_1_32' title="bbox 2387 1792 3924 1864; baseline 0.001 -20"><span class='ocrx_word' id='word_1_191' title='bbox 2387 1810 2528 1862; x_wconf 90' lang='grc' dir='ltr'>μεις.</span> <span class='ocrx_word' id='word_1_192' title='bbox 2573 1792 2766 1859; x_wconf 78' lang='grc' dir='ltr'>Αὖται,</span> <span class='ocrx_word' id='word_1_193' title='bbox 2810 1794 3002 1862; x_wconf 69' lang='grc' dir='ltr'>φησὶν,</span> <span class='ocrx_word' id='word_1_194' title='bbox 3037 1793 3094 1846; x_wconf 78' lang='lat' dir='ltr'><strong>al</strong></span> <span class='ocrx_word' id='word_1_195' title='bbox 3135 1793 3383 1863; x_wconf 76' lang='grc' dir='ltr'><strong>οὐράνιαι</strong></span> <span class='ocrx_word' id='word_1_196' title='bbox 3417 1793 3675 1862; x_wconf 83' lang='grc' dir='ltr'>δυνάμεις</span> <span class='ocrx_word' id='word_1_197' title='bbox 3723 1794 3924 1864; x_wconf 80' lang='grc' dir='ltr'>εὐχαρι-</span> 
     </span>
    </p>
   </div>
   <div class='ocr_carea' id='block_1_33' title="bbox 719 1886 2280 1963">
    <p class='ocr_par' dir='ltr' id='par_1_33' title="bbox 719 1892 2272 1963">
     <span class='ocr_line' id='line_1_33' title="bbox 719 1892 2272 1963; baseline 0.005 -20"><span class='ocrx_word' id='word_1_198' title='bbox 719 1892 1052 1946; x_wconf 79' lang='lat' dir='ltr'><strong>admirandis</strong></span> <span class='ocrx_word' id='word_1_199' title='bbox 1083 1892 1362 1961; x_wconf 86' lang='lat' dir='ltr'><strong>operibus.</strong></span> <span class='ocrx_word' id='word_1_200' title='bbox 1399 1892 1496 1948; x_wconf 90' lang='lat' dir='ltr'><strong>Vel</strong></span> <span class='ocrx_word' id='word_1_201' title='bbox 1547 1911 1643 1963; x_wconf 85' lang='lat' dir='ltr'><strong>per</strong></span> <span class='ocrx_word' id='word_1_202' title='bbox 1687 1895 1853 1950; x_wconf 75' lang='lat' dir='ltr'><strong>coelos</strong></span> <span class='ocrx_word' id='word_1_203' title='bbox 1892 1911 1984 1950; x_wconf 87' lang='lat' dir='ltr'><strong>eos</strong></span> <span class='ocrx_word' id='word_1_204' title='bbox 2024 1898 2272 1952; x_wconf 88' lang='lat' dir='ltr'><strong><em>homines</em></strong></span> 
     </span>
    </p>
   </div>
   <div class='ocr_carea' id='block_1_34' title="bbox 2379 1886 3927 1963">
    <p class='ocr_par' dir='ltr' id='par_1_34' title="bbox 2381 1886 3927 1958">
     <span class='ocr_line' id='line_1_34' title="bbox 2381 1886 3927 1958; baseline 0.003 -19"><span class='ocrx_word' id='word_1_205' title='bbox 2381 1888 2638 1955; x_wconf 84' lang='grc' dir='ltr'><em>στήσουσι</em></span> <span class='ocrx_word' id='word_1_206' title='bbox 2666 1890 2779 1948; x_wconf 82' lang='grc' dir='ltr'>τοῖς</span> <span class='ocrx_word' id='word_1_207' title='bbox 2808 1886 3130 1958; x_wconf 81' lang='grc' dir='ltr'><strong>Θαυμασίοις</strong></span> <span class='ocrx_word' id='word_1_208' title='bbox 3161 1889 3341 1956; x_wconf 75' lang='grc' dir='ltr'>ἔργοις</span> <span class='ocrx_word' id='word_1_209' title='bbox 3371 1904 3463 1940; x_wconf 90' lang='grc' dir='ltr'><strong>σου</strong></span> <span class='ocrx_word' id='word_1_210' title='bbox 3493 1887 3724 1952; x_wconf 80' lang='grc' dir='ltr'>τούτοις.</span> <span class='ocrx_word' id='word_1_211' title='bbox 3765 1889 3927 1942; x_wconf 79' lang='grc' dir='ltr'>’Δδια-</span> 
     </span>
    </p>
   </div>
   <div class='ocr_carea' id='block_1_35' title="bbox 719 1981 2273 2054">
    <p class='ocr_par' dir='ltr' id='par_1_35' title="bbox 719 1981 2273 2054">
     <span class='ocr_line' id='line_1_35' title="bbox 719 1981 2273 2054; baseline 0.005 -20"><span class='ocrx_word' id='word_1_212' title='bbox 719 1981 992 2047; x_wconf 77' lang='lat' dir='ltr'><strong>intelligit,</strong></span> <span class='ocrx_word' id='word_1_213' title='bbox 1016 1983 1106 2049; x_wconf 92' lang='lat' dir='ltr'><strong>qui</strong></span> <span class='ocrx_word' id='word_1_214' title='bbox 1138 1983 1360 2050; x_wconf 86' lang='lat' dir='ltr'><strong>sapiunt</strong></span> <span class='ocrx_word' id='word_1_215' title='bbox 1383 1982 1652 2046; x_wconf 63' lang='lat' dir='ltr'><strong>caelestia,</strong></span> <span class='ocrx_word' id='word_1_216' title='bbox 1689 1985 1895 2054; x_wconf 87' lang='lat' dir='ltr'><strong>quique</strong></span> <span class='ocrx_word' id='word_1_217' title='bbox 1917 1988 2023 2040; x_wconf 83' lang='lat' dir='ltr'><strong>vita</strong></span> <span class='ocrx_word' id='word_1_218' title='bbox 2048 1999 2110 2040; x_wconf 86' lang='lat' dir='ltr'><strong>ac</strong></span> <span class='ocrx_word' id='word_1_219' title='bbox 2135 2001 2273 2042; x_wconf 79' lang='lat' dir='ltr'><strong>cou-</strong></span> 
     </span>
    </p>
   </div>
   <div class='ocr_carea' id='block_1_36' title="bbox 718 2076 1938 2137">
    <p class='ocr_par' dir='ltr' id='par_1_36' title="bbox 718 2076 1938 2137">
     <span class='ocr_line' id='line_1_36' title="bbox 718 2076 1938 2137; baseline 0.007 -12"><span class='ocrx_word' id='word_1_220' title='bbox 718 2076 1024 2130; x_wconf 80' lang='lat' dir='ltr'><strong>vcrsatione</strong></span> <span class='ocrx_word' id='word_1_221' title='bbox 1053 2088 1151 2128; x_wconf 85' lang='lat' dir='ltr'><strong>sua</strong></span> <span class='ocrx_word' id='word_1_222' title='bbox 1178 2076 1389 2129; x_wconf 73' lang='lat' dir='ltr'><strong>caeteris</strong></span> <span class='ocrx_word' id='word_1_223' title='bbox 1413 2077 1938 2137; x_wconf 80' lang='lat' dir='ltr'><strong>sublimioressunt.</strong></span> 
     </span>
    </p>
   </div>
   <div class='ocr_carea' id='block_1_37' title="bbox 795 2253 2273 2328">
    <p class='ocr_par' dir='ltr' id='par_1_37' title="bbox 795 2253 2273 2328">
     <span class='ocr_line' id='line_1_37' title="bbox 795 2253 2273 2328; baseline 0.007 -22"><span class='ocrx_word' id='word_1_224' title='bbox 795 2253 1004 2307; x_wconf 78' lang='lat' dir='ltr'><strong><em>Etenim</em></strong></span> <span class='ocrx_word' id='word_1_225' title='bbox 1050 2257 1325 2311; x_wconf 80' lang='lat' dir='ltr'><strong>ueritatem</strong></span> <span class='ocrx_word' id='word_1_226' title='bbox 1360 2267 1506 2312; x_wconf 89' lang='lat' dir='ltr'><strong>tuam</strong></span> <span class='ocrx_word' id='word_1_227' title='bbox 1551 2259 1605 2312; x_wconf 89' lang='lat' dir='ltr'><strong>in</strong></span> <span class='ocrx_word' id='word_1_228' title='bbox 1659 2256 1896 2312; x_wconf 75' lang='lat' dir='ltr'><strong>Ecclesia</strong></span> <span class='ocrx_word' id='word_1_229' title='bbox 1948 2271 2273 2328; x_wconf 82' lang='lat' dir='ltr'><strong>sanctorum.</strong></span> 
     </span>
    </p>
   </div>
   <div class='ocr_carea' id='block_1_38' title="bbox 718 2345 2272 2420">
    <p class='ocr_par' dir='ltr' id='par_1_38' title="bbox 718 2345 2272 2420">
     <span class='ocr_line' id='line_1_38' title="bbox 718 2345 2272 2420; baseline 0.004 -22"><span class='ocrx_word' id='word_1_230' title='bbox 718 2345 973 2399; x_wconf 77' lang='lat' dir='ltr'><strong>Abundat</strong></span> <span class='ocrx_word' id='word_1_231' title='bbox 1008 2346 1173 2400; x_wconf 78' lang='lat' dir='ltr'><strong>dictio</strong></span> <span class='ocrx_word' id='word_1_232' title='bbox 1209 2347 1848 2418; x_wconf 73' lang='lat' dir='ltr'><strong>Enim._Conlitebu-ntur</strong></span> <span class='ocrx_word' id='word_1_233' title='bbox 1898 2350 2017 2413; x_wconf 88' lang='lat' dir='ltr'><strong>tibi,</strong></span> <span class='ocrx_word' id='word_1_234' title='bbox 2076 2352 2272 2420; x_wconf 87' lang='lat' dir='ltr'><strong>inquit,</strong></span> 
     </span>
    </p>
   </div>
   <div class='ocr_carea' id='block_1_39' title="bbox 722 2436 2274 2518">
    <p class='ocr_par' dir='ltr' id='par_1_39' title="bbox 722 2436 2274 2518">
     <span class='ocr_line' id='line_1_39' title="bbox 722 2436 2274 2518; baseline 0.005 -30"><span class='ocrx_word' id='word_1_235' title='bbox 722 2436 996 2490; x_wconf 79' lang='lat' dir='ltr'><strong>mirabilia</strong></span> <span class='ocrx_word' id='word_1_236' title='bbox 1031 2445 1147 2501; x_wconf 86' lang='lat' dir='ltr'><strong>tua,</strong></span> <span class='ocrx_word' id='word_1_237' title='bbox 1199 2439 1345 2508; x_wconf 91' lang='lat' dir='ltr'><strong>quod</strong></span> <span class='ocrx_word' id='word_1_238' title='bbox 1383 2440 1594 2494; x_wconf 85' lang='lat' dir='ltr'><strong>scilicet</strong></span> <span class='ocrx_word' id='word_1_239' title='bbox 1643 2439 1964 2495; x_wconf 84' lang='lat' dir='ltr'><strong>admiranda</strong></span> <span class='ocrx_word' id='word_1_240' title='bbox 2011 2444 2274 2518; x_wconf 80' lang='lat' dir='ltr'><strong>cperaris,</strong></span> 
     </span>
    </p>
   </div>
   <div class='ocr_carea' id='block_1_40' title="bbox 716 2527 2276 2600">
    <p class='ocr_par' dir='ltr' id='par_1_40' title="bbox 716 2527 2276 2600">
     <span class='ocr_line' id='line_1_40' title="bbox 716 2527 2276 2600; baseline 0.006 -21"><span class='ocrx_word' id='word_1_241' title='bbox 716 2533 773 2579; x_wconf 88' lang='lat' dir='ltr'><strong>et</strong></span> <span class='ocrx_word' id='word_1_242' title='bbox 809 2527 1088 2580; x_wconf 89' lang='lat' dir='ltr'><strong>veritatem</strong></span> <span class='ocrx_word' id='word_1_243' title='bbox 1121 2538 1290 2592; x_wconf 83' lang='lat' dir='ltr'><strong>tuam,</strong></span> <span class='ocrx_word' id='word_1_244' title='bbox 1326 2530 1428 2584; x_wconf 90' lang='lat' dir='ltr'><strong>hoc</strong></span> <span class='ocrx_word' id='word_1_245' title='bbox 1465 2539 1570 2594; x_wconf 91' lang='lat' dir='ltr'><strong>est,</strong></span> <span class='ocrx_word' id='word_1_246' title='bbox 1603 2531 1746 2600; x_wconf 91' lang='lat' dir='ltr'><strong>quod</strong></span> <span class='ocrx_word' id='word_1_247' title='bbox 1774 2541 1931 2587; x_wconf 78' lang='lat' dir='ltr'><strong>veras</strong></span> <span class='ocrx_word' id='word_1_248' title='bbox 1963 2547 2086 2586; x_wconf 85' lang='lat' dir='ltr'><strong>esse</strong></span> <span class='ocrx_word' id='word_1_249' title='bbox 2111 2534 2276 2588; x_wconf 79' lang='lat' dir='ltr'><strong>facies</strong></span> 
     </span>
    </p>
   </div>
   <div class='ocr_carea' id='block_1_41' title="bbox 719 2616 2275 2688">
    <p class='ocr_par' dir='ltr' id='par_1_41' title="bbox 719 2616 2275 2688">
     <span class='ocr_line' id='line_1_41' title="bbox 719 2616 2275 2688; baseline 0.006 -21"><span class='ocrx_word' id='word_1_250' title='bbox 719 2616 1113 2683; x_wconf 85' lang='lat' dir='ltr'><strong>promissiones</strong></span> <span class='ocrx_word' id='word_1_251' title='bbox 1139 2625 1283 2674; x_wconf 88' lang='lat' dir='ltr'><strong>tuas.</strong></span> <span class='ocrx_word' id='word_1_252' title='bbox 1323 2621 1500 2688; x_wconf 81' lang='lat' dir='ltr'><strong>Atque</strong></span> <span class='ocrx_word' id='word_1_253' title='bbox 1530 2621 1642 2674; x_wconf 59' lang='lat' dir='ltr'><strong>haec</strong></span> <span class='ocrx_word' id='word_1_254' title='bbox 1675 2621 1830 2676; x_wconf 82' lang='lat' dir='ltr'><strong>laetus</strong></span> <span class='ocrx_word' id='word_1_255' title='bbox 1875 2622 2169 2676; x_wconf 87' lang='lat' dir='ltr'><strong>admodum</strong></span> <span class='ocrx_word' id='word_1_256' title='bbox 2211 2638 2275 2677; x_wconf 85' lang='lat' dir='ltr'><strong>ac</strong></span> 
     </span>
    </p>
   </div>
   <div class='ocr_carea' id='block_1_42' title="bbox 718 2706 2275 2782">
    <p class='ocr_par' dir='ltr' id='par_1_42' title="bbox 718 2706 2275 2782">
     <span class='ocr_line' id='line_1_42' title="bbox 718 2706 2275 2782; baseline 0.007 -24"><span class='ocrx_word' id='word_1_257' title='bbox 718 2706 961 2773; x_wconf 79' lang='lat' dir='ltr'><strong>gaudens</strong></span> <span class='ocrx_word' id='word_1_258' title='bbox 989 2707 1142 2774; x_wconf 87' lang='lat' dir='ltr'><strong>dicit,</strong></span> <span class='ocrx_word' id='word_1_259' title='bbox 1176 2709 1246 2763; x_wconf 92' lang='lat' dir='ltr'><strong>ob</strong></span> <span class='ocrx_word' id='word_1_260' title='bbox 1273 2710 1648 2766; x_wconf 85' lang='lat' dir='ltr'><strong>admirandam</strong></span> <span class='ocrx_word' id='word_1_261' title='bbox 1675 2711 1936 2766; x_wconf 86' lang='lat' dir='ltr'><strong>nimirum</strong></span> <span class='ocrx_word' id='word_1_262' title='bbox 1959 2711 2275 2782; x_wconf 88' lang='lat' dir='ltr'><strong>promissio-</strong></span> 
     </span>
    </p>
   </div>
   <div class='ocr_carea' id='block_1_43' title="bbox 720 2795 2275 2873">
    <p class='ocr_par' dir='ltr' id='par_1_43' title="bbox 720 2795 2275 2873">
     <span class='ocr_line' id='line_1_43' title="bbox 720 2795 2275 2873; baseline 0.008 -25"><span class='ocrx_word' id='word_1_263' title='bbox 720 2810 867 2850; x_wconf 90' lang='lat' dir='ltr'><strong>nem.</strong></span> <span class='ocrx_word' id='word_1_264' title='bbox 899 2795 1139 2864; x_wconf 81' lang='lat' dir='ltr'><strong>Gratias,</strong></span> <span class='ocrx_word' id='word_1_265' title='bbox 1163 2799 1366 2869; x_wconf 86' lang='lat' dir='ltr'><strong>inquit,</strong></span> <span class='ocrx_word' id='word_1_266' title='bbox 1396 2802 1491 2856; x_wconf 92' lang='lat' dir='ltr'><strong>tibi</strong></span> <span class='ocrx_word' id='word_1_267' title='bbox 1525 2811 1687 2873; x_wconf 85' lang='lat' dir='ltr'><strong>agent</strong></span> <span class='ocrx_word' id='word_1_268' title='bbox 1729 2803 1983 2860; x_wconf 82' lang='lat' dir='ltr'><strong>caelestes</strong></span> <span class='ocrx_word' id='word_1_269' title='bbox 2029 2806 2133 2859; x_wconf 73' lang='lat' dir='ltr'><strong>illa:</strong></span> <span class='ocrx_word' id='word_1_270' title='bbox 2162 2807 2275 2859; x_wconf 87' lang='lat' dir='ltr'><strong>vir-</strong></span> 
     </span>
    </p>
   </div>
   <div class='ocr_carea' id='block_1_44' title="bbox 722 2888 2276 2965">
    <p class='ocr_par' dir='ltr' id='par_1_44' title="bbox 722 2888 2276 2965">
     <span class='ocr_line' id='line_1_44' title="bbox 722 2888 2276 2965; baseline 0.01 -27"><span class='ocrx_word' id='word_1_271' title='bbox 722 2896 890 2952; x_wconf 84' lang='lat' dir='ltr'><strong>tutes,</strong></span> <span class='ocrx_word' id='word_1_272' title='bbox 924 2888 978 2942; x_wconf 91' lang='lat' dir='ltr'><strong><em>in</em></strong></span> <span class='ocrx_word' id='word_1_273' title='bbox 1012 2901 1328 2948; x_wconf 82' lang='lat' dir='ltr'><strong>sanctorum</strong></span> <span class='ocrx_word' id='word_1_274' title='bbox 1373 2893 1588 2948; x_wconf 91' lang='lat' dir='ltr'><strong>illorum</strong></span> <span class='ocrx_word' id='word_1_275' title='bbox 1619 2893 1883 2962; x_wconf 85' lang='lat' dir='ltr'><strong>Ecclesia,</strong></span> <span class='ocrx_word' id='word_1_276' title='bbox 1913 2897 2002 2965; x_wconf 92' lang='lat' dir='ltr'><strong>qui</strong></span> <span class='ocrx_word' id='word_1_277' title='bbox 2035 2898 2087 2951; x_wconf 94' lang='lat' dir='ltr'><strong>in</strong></span> <span class='ocrx_word' id='word_1_278' title='bbox 2121 2899 2276 2954; x_wconf 76' lang='lat' dir='ltr'><strong>ctelis</strong></span> 
     </span>
    </p>
   </div>
   <div class='ocr_carea' id='block_1_45' title="bbox 719 2977 2274 3053">
    <p class='ocr_par' dir='ltr' id='par_1_45' title="bbox 719 2977 2274 3053">
     <span class='ocr_line' id='line_1_45' title="bbox 719 2977 2274 3053; baseline 0.005 -21"><span class='ocrx_word' id='word_1_279' title='bbox 719 2988 870 3032; x_wconf 74' lang='lat' dir='ltr'><strong>sunt.</strong></span> <span class='ocrx_word' id='word_1_280' title='bbox 901 2977 1222 3048; x_wconf 69' lang='lat' dir='ltr'><strong>&quot;ujUSn‘OJi</strong></span> <span class='ocrx_word' id='word_1_281' title='bbox 1256 2995 1435 3038; x_wconf 86' lang='lat' dir='ltr'><strong>autem</strong></span> <span class='ocrx_word' id='word_1_282' title='bbox 1472 2983 1769 3039; x_wconf 72' lang='lat' dir='ltr'><strong>Ecclesium</strong></span> <span class='ocrx_word' id='word_1_283' title='bbox 1800 2985 2022 3053; x_wconf 81' lang='lat' dir='ltr'><strong>Paulus,</strong></span> <span class='ocrx_word' id='word_1_284' title='bbox 2063 2988 2274 3041; x_wconf 84' lang='lat' dir='ltr'><strong>Primo-</strong></span> 
     </span>
    </p>
   </div>
   <div class='ocr_carea' id='block_1_46' title="bbox 718 3071 2275 3146">
    <p class='ocr_par' dir='ltr' id='par_1_46' title="bbox 718 3071 2275 3146">
     <span class='ocr_line' id='line_1_46' title="bbox 718 3071 2275 3146; baseline 0.01 -28"><span class='ocrx_word' id='word_1_285' title='bbox 718 3071 1011 3137; x_wconf 74' lang='lat' dir='ltr'><strong>grnitorum</strong></span> <span class='ocrx_word' id='word_1_286' title='bbox 1045 3072 1335 3127; x_wconf 77' lang='lat' dir='ltr'><strong>Ecclesium</strong></span> <span class='ocrx_word' id='word_1_287' title='bbox 1371 3077 1610 3144; x_wconf 84' lang='lat' dir='ltr'><strong>appellat</strong></span> <span class='ocrx_word' id='word_1_288' title='bbox 1641 3078 2019 3146; x_wconf 80' lang='lat' dir='ltr'><strong>descriptorum</strong></span> <span class='ocrx_word' id='word_1_289' title='bbox 2072 3081 2127 3133; x_wconf 88' lang='lat' dir='ltr'><strong><em>in</em></strong></span> <span class='ocrx_word' id='word_1_290' title='bbox 2173 3098 2275 3134; x_wconf 71' lang='lat' dir='ltr'><strong>ca:-</strong></span> 
     </span>
    </p>
   </div>
   <div class='ocr_carea' id='block_1_47' title="bbox 733 3159 2277 3240">
    <p class='ocr_par' dir='ltr' id='par_1_47' title="bbox 733 3159 2277 3240">
     <span class='ocr_line' id='line_1_47' title="bbox 733 3159 2277 3240; baseline 0.01 -30"><span class='ocrx_word' id='word_1_291' title='bbox 733 3159 799 3211; x_wconf 88' lang='lat' dir='ltr'><strong>lis</strong></span> <span class='ocrx_word' id='word_1_292' title='bbox 821 3161 888 3214; x_wconf 75' lang='lat'><strong>“.</strong></span> <span class='ocrx_word' id='word_1_293' title='bbox 918 3161 1071 3226; x_wconf 86' lang='lat' dir='ltr'><strong>Quod</strong></span> <span class='ocrx_word' id='word_1_294' title='bbox 1095 3163 1140 3218; x_wconf 88' lang='lat' dir='ltr'><strong>si</strong></span> <span class='ocrx_word' id='word_1_295' title='bbox 1165 3163 1320 3232; x_wconf 65' lang='lat' dir='ltr'><strong>juxta</strong></span> <span class='ocrx_word' id='word_1_296' title='bbox 1347 3166 1508 3220; x_wconf 82' lang='lat' dir='ltr'><strong>aliam</strong></span> <span class='ocrx_word' id='word_1_297' title='bbox 1531 3168 1943 3236; x_wconf 77' lang='lat' dir='ltr'><strong>expositionem,</strong></span> <span class='ocrx_word' id='word_1_298' title='bbox 1973 3186 2067 3240; x_wconf 91' lang='lat' dir='ltr'><strong>per</strong></span> <span class='ocrx_word' id='word_1_299' title='bbox 2087 3172 2277 3235; x_wconf 75' lang='lat' dir='ltr'><strong>cmlos,</strong></span> 
     </span>
    </p>
   </div>
   <div class='ocr_carea' id='block_1_48' title="bbox 2382 1979 3924 2050">
    <p class='ocr_par' dir='ltr' id='par_1_48' title="bbox 2382 1979 3924 2050">
     <span class='ocr_line' id='line_1_48' title="bbox 2382 1979 3924 2050; baseline 0.003 -19"><span class='ocrx_word' id='word_1_300' title='bbox 2382 1980 2559 2049; x_wconf 77' lang='grc' dir='ltr'>φόρως</span> <span class='ocrx_word' id='word_1_301' title='bbox 2583 1980 2638 2033; x_wconf 79' lang='grc' dir='ltr'><strong>δὲ</strong></span> <span class='ocrx_word' id='word_1_302' title='bbox 2671 1982 2843 2032; x_wconf 84' lang='grc' dir='ltr'>κεῖται</span> <span class='ocrx_word' id='word_1_303' title='bbox 2881 1981 2912 2049; x_wconf 82' lang='grc' dir='ltr'>ή</span> <span class='ocrx_word' id='word_1_304' title='bbox 2955 1979 3049 2032; x_wconf 82' lang='grc' dir='ltr'>τοῦ</span> <span class='ocrx_word' id='word_1_305' title='bbox 3101 1979 3647 2050; x_wconf 68' lang='grc' dir='ltr'><strong>ἐξομολογήσονται</strong></span> <span class='ocrx_word' id='word_1_306' title='bbox 3671 1980 3924 2046; x_wconf 74' lang='grc' dir='ltr'><strong>σύνταξις.</strong></span> 
     </span>
    </p>
   </div>
   <div class='ocr_carea' id='block_1_49' title="bbox 2386 2067 3924 2140">
    <p class='ocr_par' dir='ltr' id='par_1_49' title="bbox 2386 2067 3924 2140">
     <span class='ocr_line' id='line_1_49' title="bbox 2386 2067 3924 2140; baseline -0.001 -18"><span class='ocrx_word' id='word_1_307' title='bbox 2386 2071 2457 2122; x_wconf 85' lang='grc' dir='ltr'><em>Ἢ</em></span> <span class='ocrx_word' id='word_1_308' title='bbox 2496 2070 2756 2140; x_wconf 81' lang='grc' dir='ltr'>οὐρανοὺς</span> <span class='ocrx_word' id='word_1_309' title='bbox 2793 2071 2901 2122; x_wconf 84' lang='grc' dir='ltr'>νόει</span> <span class='ocrx_word' id='word_1_310' title='bbox 2949 2085 3040 2138; x_wconf 86' lang='grc' dir='ltr'>μοι</span> <span class='ocrx_word' id='word_1_311' title='bbox 3078 2070 3202 2130; x_wconf 80' lang='grc' dir='ltr'>τοὺς</span> <span class='ocrx_word' id='word_1_312' title='bbox 3249 2068 3316 2121; x_wconf 82' lang='grc' dir='ltr'>τὰ</span> <span class='ocrx_word' id='word_1_313' title='bbox 3363 2067 3590 2138; x_wconf 80' lang='grc' dir='ltr'>οὐράνια</span> <span class='ocrx_word' id='word_1_314' title='bbox 3619 2067 3924 2140; x_wconf 71' lang='grc' dir='ltr'><strong>φρονοῦντας</strong></span> 
     </span>
    </p>
   </div>
   <div class='ocr_carea' id='block_1_50' title="bbox 2385 2159 3387 2230">
    <p class='ocr_par' dir='ltr' id='par_1_50' title="bbox 2385 2159 3387 2230">
     <span class='ocr_line' id='line_1_50' title="bbox 2385 2159 3387 2230; baseline -0.002 -16"><span class='ocrx_word' id='word_1_315' title='bbox 2385 2160 2729 2230; x_wconf 82' lang='grc' dir='ltr'>ἀνθρώπους,</span> <span class='ocrx_word' id='word_1_316' title='bbox 2754 2162 2850 2213; x_wconf 75' lang='grc' dir='ltr'>καὶ</span> <span class='ocrx_word' id='word_1_317' title='bbox 2869 2160 3104 2229; x_wconf 77' lang='grc' dir='ltr'>ὑψηλοὺς</span> <span class='ocrx_word' id='word_1_318' title='bbox 3125 2159 3216 2213; x_wconf 73' lang='grc' dir='ltr'>τὸν</span> <span class='ocrx_word' id='word_1_319' title='bbox 3255 2159 3387 2229; x_wconf 85' lang='grc' dir='ltr'>βίον.</span> 
     </span>
    </p>
   </div>
   <div class='ocr_carea' id='block_1_51' title="bbox 2455 2249 3919 2320">
    <p class='ocr_par' dir='ltr' id='par_1_51' title="bbox 2455 2249 3919 2320">
     <span class='ocr_line' id='line_1_51' title="bbox 2455 2249 3919 2320; baseline -0.001 -14"><span class='ocrx_word' id='word_1_320' title='bbox 2455 2252 2563 2308; x_wconf 75' lang='grc' dir='ltr'><strong>Καὶ</strong></span> <span class='ocrx_word' id='word_1_321' title='bbox 2586 2253 2694 2320; x_wconf 76' lang='grc' dir='ltr'>γὰρ</span> <span class='ocrx_word' id='word_1_322' title='bbox 2721 2250 2835 2318; x_wconf 78' lang='grc' dir='ltr'><strong>τὴν</strong></span> <span class='ocrx_word' id='word_1_323' title='bbox 2866 2249 3158 2318; x_wconf 79' lang='grc' dir='ltr'><strong>ἀλήθειάν</strong></span> <span class='ocrx_word' id='word_1_324' title='bbox 3185 2265 3301 2303; x_wconf 91' lang='grc' dir='ltr'>σου</span> <span class='ocrx_word' id='word_1_325' title='bbox 3326 2251 3396 2304; x_wconf 82' lang='grc' dir='ltr'><strong>ἐν</strong></span> <span class='ocrx_word' id='word_1_326' title='bbox 3436 2249 3766 2317; x_wconf 73' lang='grc' dir='ltr'><strong>Ἐκκλησία</strong></span> <span class='ocrx_word' id='word_1_327' title='bbox 3780 2251 3919 2319; x_wconf 75' lang='grc' dir='ltr'>ἁγίᾳ.</span> 
     </span>
    </p>
   </div>
   <div class='ocr_carea' id='block_1_52' title="bbox 2385 2341 3923 2414">
    <p class='ocr_par' dir='ltr' id='par_1_52' title="bbox 2385 2341 3923 2414">
     <span class='ocr_line' id='line_1_52' title="bbox 2385 2341 3923 2414; baseline -0.001 -18"><span class='ocrx_word' id='word_1_328' title='bbox 2385 2344 2696 2414; x_wconf 84' lang='grc' dir='ltr'>ῐιεριττεύει</span> <span class='ocrx_word' id='word_1_329' title='bbox 2747 2344 2808 2396; x_wconf 82' lang='grc' dir='ltr'>τὸ</span> <span class='ocrx_word' id='word_1_330' title='bbox 2866 2341 3016 2411; x_wconf 82' lang='grc' dir='ltr'><strong>Γὰρ.</strong></span> <span class='ocrx_word' id='word_1_331' title='bbox 3066 2343 3600 2413; x_wconf 78' lang='grc' dir='ltr'>Ἐξομολογήσονται,</span> <span class='ocrx_word' id='word_1_332' title='bbox 3647 2343 3817 2409; x_wconf 77' lang='grc' dir='ltr'>φασὶ,</span> <span class='ocrx_word' id='word_1_333' title='bbox 3865 2341 3923 2394; x_wconf 80' lang='grc' dir='ltr'>τὰ</span> 
     </span>
    </p>
   </div>
   <div class='ocr_carea' id='block_1_53' title="bbox 2385 2432 3926 2504">
    <p class='ocr_par' dir='ltr' id='par_1_53' title="bbox 2385 2432 3926 2504">
     <span class='ocr_line' id='line_1_53' title="bbox 2385 2432 3926 2504; baseline -0.003 -16"><span class='ocrx_word' id='word_1_334' title='bbox 2385 2435 2664 2504; x_wconf 81' lang='grc' dir='ltr'><strong>θαυμάσιά</strong></span> <span class='ocrx_word' id='word_1_335' title='bbox 2716 2452 2829 2496; x_wconf 89' lang='grc' dir='ltr'>σου,</span> <span class='ocrx_word' id='word_1_336' title='bbox 2873 2435 2954 2488; x_wconf 80' lang='grc' dir='ltr'>ὅτι</span> <span class='ocrx_word' id='word_1_337' title='bbox 2985 2434 3272 2503; x_wconf 79' lang='grc' dir='ltr'>θαυμαστὰ</span> <span class='ocrx_word' id='word_1_338' title='bbox 3313 2437 3504 2500; x_wconf 83' lang='grc' dir='ltr'><strong>ποιεῖς,</strong></span> <span class='ocrx_word' id='word_1_339' title='bbox 3551 2433 3646 2488; x_wconf 78' lang='grc' dir='ltr'><strong>καὶ</strong></span> <span class='ocrx_word' id='word_1_340' title='bbox 3682 2433 3777 2504; x_wconf 80' lang='grc' dir='ltr'>τὴν</span> <span class='ocrx_word' id='word_1_341' title='bbox 3808 2432 3926 2501; x_wconf 63' lang='lat' dir='ltr'><strong>diti;-</strong></span> 
     </span>
    </p>
   </div>
   <div class='ocr_carea' id='block_1_54' title="bbox 2385 2523 3924 2603">
    <p class='ocr_par' dir='ltr' id='par_1_54' title="bbox 2385 2523 3924 2603">
     <span class='ocr_line' id='line_1_54' title="bbox 2385 2523 3924 2603; baseline -0.003 -25"><span class='ocrx_word' id='word_1_342' title='bbox 2385 2526 2535 2578; x_wconf 76' lang='grc' dir='ltr'><strong>Θειάν</strong></span> <span class='ocrx_word' id='word_1_343' title='bbox 2594 2543 2708 2591; x_wconf 93' lang='grc' dir='ltr'>σου,</span> <span class='ocrx_word' id='word_1_344' title='bbox 2760 2527 2844 2579; x_wconf 83' lang='grc' dir='ltr'>ὅτι</span> <span class='ocrx_word' id='word_1_345' title='bbox 2899 2525 3187 2592; x_wconf 77' lang='grc' dir='ltr'><strong>ἀληθεύεις</strong></span> <span class='ocrx_word' id='word_1_346' title='bbox 3234 2526 3269 2579; x_wconf 79' lang='grc' dir='ltr'><strong>ὃ.</strong></span> <span class='ocrx_word' id='word_1_347' title='bbox 3315 2525 3646 2603; x_wconf 78' lang='grc' dir='ltr'><strong>ἐπαγγέλλῃ.</strong></span> <span class='ocrx_word' id='word_1_348' title='bbox 3692 2523 3845 2591; x_wconf 75' lang='grc' dir='ltr'>Λέγει</span> <span class='ocrx_word' id='word_1_349' title='bbox 3875 2523 3924 2574; x_wconf 79' lang='grc' dir='ltr'>δὲ</span> 
     </span>
    </p>
   </div>
   <div class='ocr_carea' id='block_1_55' title="bbox 2384 2614 3919 2688">
    <p class='ocr_par' dir='ltr' id='par_1_55' title="bbox 2384 2614 3919 2688">
     <span class='ocr_line' id='line_1_55' title="bbox 2384 2614 3919 2688; baseline -0.001 -20"><span class='ocrx_word' id='word_1_350' title='bbox 2384 2617 2581 2682; x_wconf 82' lang='grc' dir='ltr'>ταῦτα,</span> <span class='ocrx_word' id='word_1_351' title='bbox 2600 2617 2946 2687; x_wconf 77' lang='grc' dir='ltr'>ὑπερχαίρων</span> <span class='ocrx_word' id='word_1_352' title='bbox 2975 2621 3039 2686; x_wconf 82' lang='grc' dir='ltr'>τῇ</span> <span class='ocrx_word' id='word_1_353' title='bbox 3066 2617 3288 2688; x_wconf 75' lang='grc' dir='ltr'><strong>ῥηθείσῃ</strong></span> <span class='ocrx_word' id='word_1_354' title='bbox 3305 2616 3581 2686; x_wconf 73' lang='grc' dir='ltr'>θαυμασία</span> <span class='ocrx_word' id='word_1_355' title='bbox 3599 2614 3888 2685; x_wconf 71' lang='grc' dir='ltr'>ἐπαγγελίᾳ</span> <span class='ocrx_word' id='word_1_356' title='bbox 3907 2629 3919 2642; x_wconf 93' lang='grc'><strong>·</strong></span> 
     </span>
    </p>
   </div>
   <div class='ocr_carea' id='block_1_56' title="bbox 2386 2706 3920 2781">
    <p class='ocr_par' dir='ltr' id='par_1_56' title="bbox 2386 2706 3920 2781">
     <span class='ocr_line' id='line_1_56' title="bbox 2386 2706 3920 2781; baseline -0.003 -20"><span class='ocrx_word' id='word_1_357' title='bbox 2386 2709 2838 2780; x_wconf 80' lang='grc' dir='ltr'>εὐχαριστήσουσι</span> <span class='ocrx_word' id='word_1_358' title='bbox 2869 2710 2926 2762; x_wconf 84' lang='grc' dir='ltr'><strong>δὲ</strong></span> <span class='ocrx_word' id='word_1_359' title='bbox 2949 2712 3004 2762; x_wconf 80' lang='lat' dir='ltr'><strong>ai</strong></span> <span class='ocrx_word' id='word_1_360' title='bbox 3038 2711 3133 2780; x_wconf 81' lang='grc' dir='ltr'><strong>μὲν</strong></span> <span class='ocrx_word' id='word_1_361' title='bbox 3168 2711 3413 2781; x_wconf 77' lang='grc' dir='ltr'>οὐρᾶνιαι</span> <span class='ocrx_word' id='word_1_362' title='bbox 3440 2708 3694 2778; x_wconf 84' lang='grc' dir='ltr'>δυνάμεις</span> <span class='ocrx_word' id='word_1_363' title='bbox 3726 2709 3780 2758; x_wconf 82' lang='grc' dir='ltr'><strong>ὲν</strong></span> <span class='ocrx_word' id='word_1_364' title='bbox 3816 2706 3920 2758; x_wconf 82' lang='grc' dir='ltr'><strong>Ἐκ-</strong></span> 
     </span>
    </p>
   </div>
   <div class='ocr_carea' id='block_1_57' title="bbox 2389 2795 3921 2873">
    <p class='ocr_par' dir='ltr' id='par_1_57' title="bbox 2389 2795 3921 2873">
     <span class='ocr_line' id='line_1_57' title="bbox 2389 2795 3921 2873; baseline -0.003 -21"><span class='ocrx_word' id='word_1_365' title='bbox 2389 2799 2586 2873; x_wconf 79' lang='grc' dir='ltr'>κλησίᾳ</span> <span class='ocrx_word' id='word_1_366' title='bbox 2638 2801 2830 2868; x_wconf 88' lang='grc' dir='ltr'>ἁγίων,</span> <span class='ocrx_word' id='word_1_367' title='bbox 2874 2801 2980 2853; x_wconf 83' lang='grc' dir='ltr'><strong>τῶν</strong></span> <span class='ocrx_word' id='word_1_368' title='bbox 3034 2803 3089 2853; x_wconf 83' lang='grc' dir='ltr'><strong>ὲν</strong></span> <span class='ocrx_word' id='word_1_369' title='bbox 3143 2801 3410 2870; x_wconf 84' lang='grc' dir='ltr'>οὐρανοῖς,</span> <span class='ocrx_word' id='word_1_370' title='bbox 3451 2800 3581 2869; x_wconf 73' lang='grc' dir='ltr'><strong>περ)⁵</strong></span> <span class='ocrx_word' id='word_1_371' title='bbox 3633 2795 3698 2869; x_wconf 81' lang='grc' dir='ltr'>ἧς</span> <span class='ocrx_word' id='word_1_372' title='bbox 3752 2798 3921 2867; x_wconf 72' lang='grc' dir='ltr'><strong>εἴρηκε</strong></span> 
     </span>
    </p>
   </div>
   <div class='ocr_carea' id='block_1_58' title="bbox 2388 2891 3924 2961">
    <p class='ocr_par' dir='ltr' id='par_1_58' title="bbox 2388 2891 3924 2961">
     <span class='ocr_line' id='line_1_58' title="bbox 2388 2891 3924 2961; baseline -0.004 -15"><span class='ocrx_word' id='word_1_373' title='bbox 2388 2893 2599 2954; x_wconf 72' lang='grc' dir='ltr'>Παῦλος</span> <span class='ocrx_word' id='word_1_374' title='bbox 2620 2909 2634 2924; x_wconf 77' lang='grc' dir='ltr'><strong><em>ο</em></strong></span> <span class='ocrx_word' id='word_1_375' title='bbox 2673 2894 2782 2948; x_wconf 82' lang='lat' dir='ltr'><strong>Kal</strong></span> <span class='ocrx_word' id='word_1_376' title='bbox 2811 2894 3140 2960; x_wconf 81' lang='grc' dir='ltr'><strong>Ἐκκλησία</strong></span> <span class='ocrx_word' id='word_1_377' title='bbox 3166 2893 3549 2961; x_wconf 79' lang='grc' dir='ltr'><em>πρωτοτόκων</em></span> <span class='ocrx_word' id='word_1_378' title='bbox 3575 2891 3924 2956; x_wconf 66' lang='lat' dir='ltr'><strong>dam-erpth-</strong></span> 
     </span>
    </p>
   </div>
   <div class='ocr_carea' id='block_1_59' title="bbox 2382 2980 3918 3054">
    <p class='ocr_par' dir='ltr' id='par_1_59' title="bbox 2382 2980 3918 3054">
     <span class='ocr_line' id='line_1_59' title="bbox 2382 2980 3918 3054; baseline -0.006 -17"><span class='ocrx_word' id='word_1_379' title='bbox 2382 2984 2578 3054; x_wconf 83' lang='grc' dir='ltr'><em>μένων</em></span> <span class='ocrx_word' id='word_1_380' title='bbox 2624 2984 2699 3052; x_wconf 70' lang='grc'><strong>(4)</strong></span> <span class='ocrx_word' id='word_1_381' title='bbox 2747 2985 2816 3037; x_wconf 77' lang='grc' dir='ltr'><strong>ἐν</strong></span> <span class='ocrx_word' id='word_1_382' title='bbox 2857 2983 3152 3051; x_wconf 74' lang='grc' dir='ltr'>οὐρανοῖς.</span> <span class='ocrx_word' id='word_1_383' title='bbox 3203 2984 3268 3040; x_wconf 80' lang='lat' dir='ltr'><strong>Ui.</strong></span> <span class='ocrx_word' id='word_1_384' title='bbox 3311 2983 3367 3035; x_wconf 81' lang='grc' dir='ltr'><strong>δὲ</strong></span> <span class='ocrx_word' id='word_1_385' title='bbox 3411 2981 3796 3052; x_wconf 70' lang='grc' dir='ltr'>οὖρανὸερρονες</span> <span class='ocrx_word' id='word_1_386' title='bbox 3839 2980 3918 3032; x_wconf 83' lang='grc' dir='ltr'>ἁν-</span> 
     </span>
    </p>
   </div>
   <div class='ocr_carea' id='block_1_60' title="bbox 2389 3073 3918 3147">
    <p class='ocr_par' dir='ltr' id='par_1_60' title="bbox 2389 3073 3918 3147">
     <span class='ocr_line' id='line_1_60' title="bbox 2389 3073 3918 3147; baseline -0.005 -17"><span class='ocrx_word' id='word_1_387' title='bbox 2389 3079 2594 3146; x_wconf 85' lang='grc' dir='ltr'>ορωποι</span> <span class='ocrx_word' id='word_1_388' title='bbox 2651 3079 2707 3128; x_wconf 83' lang='grc' dir='ltr'><strong>ὲν</strong></span> <span class='ocrx_word' id='word_1_389' title='bbox 2777 3077 3075 3147; x_wconf 68' lang='grc' dir='ltr'><strong>Ἐκκλησία.</strong></span> <span class='ocrx_word' id='word_1_390' title='bbox 3137 3077 3328 3142; x_wconf 88' lang='grc' dir='ltr'>ἁγίων,</span> <span class='ocrx_word' id='word_1_391' title='bbox 3381 3076 3488 3127; x_wconf 83' lang='grc' dir='ltr'>τῶν</span> <span class='ocrx_word' id='word_1_392' title='bbox 3541 3075 3635 3126; x_wconf 76' lang='grc' dir='ltr'><strong>ἐπὶ</strong></span> <span class='ocrx_word' id='word_1_393' title='bbox 3693 3073 3795 3143; x_wconf 83' lang='grc' dir='ltr'>γῆς</span> <span class='ocrx_word' id='word_1_394' title='bbox 3848 3074 3918 3124; x_wconf 81' lang='grc' dir='ltr'><strong>ἑτι</strong></span> 
     </span>
    </p>
   </div>
   <div class='ocr_carea' id='block_1_61' title="bbox 2389 3170 2624 3234">
    <p class='ocr_par' dir='ltr' id='par_1_61' title="bbox 2389 3170 2624 3234">
     <span class='ocr_line' id='line_1_61' title="bbox 2389 3170 2624 3234; baseline 0.004 -14"><span class='ocrx_word' id='word_1_395' title='bbox 2389 3170 2624 3234; x_wconf 75' lang='grc' dir='ltr'>ζώντων.</span> 
     </span>
    </p>
   </div>
   <div class='ocr_carea' id='block_1_62' title="bbox 721 3247 3920 3329">
    <p class='ocr_par' dir='ltr' id='par_1_62' title="bbox 721 3247 3920 3329">
     <span class='ocr_line' id='line_1_62' title="bbox 721 3247 3920 3329; baseline 0.003 -30"><span class='ocrx_word' id='word_1_396' title='bbox 721 3261 818 3301; x_wconf 90' lang='lat' dir='ltr'><strong>eos</strong></span> <span class='ocrx_word' id='word_1_397' title='bbox 845 3249 1093 3306; x_wconf 84' lang='lat' dir='ltr'><strong>homines</strong></span> <span class='ocrx_word' id='word_1_398' title='bbox 1126 3252 1420 3322; x_wconf 86' lang='lat' dir='ltr'><strong>intelligas,</strong></span> <span class='ocrx_word' id='word_1_399' title='bbox 1458 3256 1551 3323; x_wconf 88' lang='lat' dir='ltr'><strong>qui</strong></span> <span class='ocrx_word' id='word_1_400' title='bbox 1620 3257 1863 3325; x_wconf 72' lang='lat' dir='ltr'><strong>ctelestia</strong></span> <span class='ocrx_word' id='word_1_401' title='bbox 1909 3259 2150 3329; x_wconf 81' lang='lat' dir='ltr'><strong>sapiunt,</strong></span> <span class='ocrx_word' id='word_1_402' title='bbox 2214 3269 2531 3315; x_wconf 86' lang='lat' dir='ltr'><strong>sanctorum</strong></span> <span class='ocrx_word' id='word_1_403' title='bbox 2600 3258 2896 3313; x_wconf 73' lang='lat' dir='ltr'><strong>Ecclesium</strong></span> <span class='ocrx_word' id='word_1_404' title='bbox 2952 3260 3168 3312; x_wconf 90' lang='lat' dir='ltr'><strong>illorum</strong></span> <span class='ocrx_word' id='word_1_405' title='bbox 3220 3271 3340 3312; x_wconf 87' lang='lat' dir='ltr'><strong>esse</strong></span> <span class='ocrx_word' id='word_1_406' title='bbox 3405 3255 3705 3310; x_wconf 86' lang='lat' dir='ltr'><strong>Ecclesiam</strong></span> <span class='ocrx_word' id='word_1_407' title='bbox 3763 3247 3920 3310; x_wconf 34' lang='lat' dir='ltr'><strong>dices.</strong></span> 
     </span>
    </p>
   </div>
   <div class='ocr_carea' id='block_1_63' title="bbox 720 3341 3493 3425">
    <p class='ocr_par' dir='ltr' id='par_1_63' title="bbox 720 3341 3493 3425">
     <span class='ocr_line' id='line_1_63' title="bbox 720 3341 3493 3425; baseline 0.003 -31"><span class='ocrx_word' id='word_1_408' title='bbox 720 3343 813 3410; x_wconf 84' lang='lat' dir='ltr'><strong>qui</strong></span> <span class='ocrx_word' id='word_1_409' title='bbox 847 3341 900 3395; x_wconf 90' lang='lat' dir='ltr'><strong>in</strong></span> <span class='ocrx_word' id='word_1_410' title='bbox 933 3345 1077 3395; x_wconf 84' lang='lat' dir='ltr'><strong>terra</strong></span> <span class='ocrx_word' id='word_1_411' title='bbox 1109 3344 1377 3410; x_wconf 79' lang='lat' dir='ltr'><strong>viventes,</strong></span> <span class='ocrx_word' id='word_1_412' title='bbox 1424 3348 1727 3402; x_wconf 72' lang='lat' dir='ltr'><strong>cmlestium</strong></span> <span class='ocrx_word' id='word_1_413' title='bbox 1748 3351 2062 3417; x_wconf 85' lang='lat' dir='ltr'><strong>angelorum</strong></span> <span class='ocrx_word' id='word_1_414' title='bbox 2085 3353 2268 3417; x_wconf 88' lang='lat' dir='ltr'><strong>vitam,</strong></span> <span class='ocrx_word' id='word_1_415' title='bbox 2310 3369 2373 3406; x_wconf 90' lang='lat' dir='ltr'><strong>ac</strong></span> <span class='ocrx_word' id='word_1_416' title='bbox 2399 3352 2865 3425; x_wconf 75' lang='lat' dir='ltr'><strong>cunversationetu</strong></span> <span class='ocrx_word' id='word_1_417' title='bbox 2894 3351 3194 3421; x_wconf 83' lang='lat' dir='ltr'><strong>imitantur.</strong></span> <span class='ocrx_word' id='word_1_418' title='bbox 3487 3357 3493 3362; x_wconf 83' lang='grc'><em>“</em></span> 
     </span>
    </p>
   </div>
   <div class='ocr_carea' id='block_1_64' title="bbox 794 3436 2359 3515">
    <p class='ocr_par' dir='ltr' id='par_1_64' title="bbox 794 3436 2359 3515">
     <span class='ocr_line' id='line_1_64' title="bbox 794 3436 2359 3515; baseline 0.008 -27"><span class='ocrx_word' id='word_1_419' title='bbox 794 3436 960 3492; x_wconf 65' lang='lat' dir='ltr'><strong>Vens.</strong></span> <span class='ocrx_word' id='word_1_420' title='bbox 990 3441 1040 3492; x_wconf 89' lang='lat'><strong>7.</strong></span> <span class='ocrx_word' id='word_1_421' title='bbox 1093 3437 1356 3502; x_wconf 84' lang='lat' dir='ltr'><strong><em>Quoniam</em></strong></span> <span class='ocrx_word' id='word_1_422' title='bbox 1423 3443 1539 3511; x_wconf 82' lang='lat' dir='ltr'><strong>quis</strong></span> <span class='ocrx_word' id='word_1_423' title='bbox 1604 3444 1657 3496; x_wconf 90' lang='lat' dir='ltr'><strong><em>in</em></strong></span> <span class='ocrx_word' id='word_1_424' title='bbox 1719 3445 1941 3498; x_wconf 80' lang='lat' dir='ltr'><strong>nubibus</strong></span> <span class='ocrx_word' id='word_1_425' title='bbox 1996 3445 2359 3515; x_wconf 77' lang='lat' dir='ltr'><strong>a&#39;quabiturc</strong></span> 
     </span>
    </p>
   </div>
   <div class='ocr_carea' id='block_1_65' title="bbox 724 3528 2282 3602">
    <p class='ocr_par' dir='ltr' id='par_1_65' title="bbox 724 3528 2282 3602">
     <span class='ocr_line' id='line_1_65' title="bbox 724 3528 2282 3602; baseline 0.006 -20"><span class='ocrx_word' id='word_1_426' title='bbox 724 3528 948 3582; x_wconf 83' lang='lat' dir='ltr'><strong><em>Domino</em></strong></span> <span class='ocrx_word' id='word_1_427' title='bbox 978 3528 1004 3581; x_wconf 79' lang='lat'><strong>.’</strong></span> <span class='ocrx_word' id='word_1_428' title='bbox 1065 3531 1256 3585; x_wconf 83' lang='lat' dir='ltr'><strong>similis</strong></span> <span class='ocrx_word' id='word_1_429' title='bbox 1295 3533 1395 3585; x_wconf 90' lang='lat' dir='ltr'><strong>erit</strong></span> <span class='ocrx_word' id='word_1_430' title='bbox 1423 3532 1647 3586; x_wconf 80' lang='lat' dir='ltr'><strong><em>Domino</em></strong></span> <span class='ocrx_word' id='word_1_431' title='bbox 1689 3534 1742 3586; x_wconf 87' lang='lat' dir='ltr'><strong><em>in</em></strong></span> <span class='ocrx_word' id='word_1_432' title='bbox 1781 3535 1904 3602; x_wconf 79' lang='lat' dir='ltr'><strong>ﬁliis</strong></span> <span class='ocrx_word' id='word_1_433' title='bbox 1937 3533 2076 3590; x_wconf 81' lang='lat' dir='ltr'><strong>Dei?</strong></span> <span class='ocrx_word' id='word_1_434' title='bbox 2126 3536 2282 3600; x_wconf 86' lang='lat' dir='ltr'><strong>Quod</strong></span> 
     </span>
    </p>
   </div>
   <div class='ocr_carea' id='block_1_66' title="bbox 724 3620 2282 3696">
    <p class='ocr_par' dir='ltr' id='par_1_66' title="bbox 724 3620 2282 3696">
     <span class='ocr_line' id='line_1_66' title="bbox 724 3620 2282 3696; baseline 0.004 -23"><span class='ocrx_word' id='word_1_435' title='bbox 724 3620 813 3674; x_wconf 86' lang='lat' dir='ltr'><strong>hic</strong></span> <span class='ocrx_word' id='word_1_436' title='bbox 851 3621 1082 3689; x_wconf 85' lang='lat' dir='ltr'><strong>legimus</strong></span> <span class='ocrx_word' id='word_1_437' title='bbox 1117 3624 1180 3676; x_wconf 86' lang='lat' dir='ltr'><strong><em>In</em></strong></span> <span class='ocrx_word' id='word_1_438' title='bbox 1206 3623 1461 3687; x_wconf 74' lang='lat' dir='ltr'><strong>trabibus,</strong></span> <span class='ocrx_word' id='word_1_439' title='bbox 1521 3624 1745 3696; x_wconf 88' lang='lat' dir='ltr'><strong>quidam</strong></span> <span class='ocrx_word' id='word_1_440' title='bbox 1802 3626 2152 3693; x_wconf 84' lang='lat' dir='ltr'><strong>interpretes,</strong></span> <span class='ocrx_word' id='word_1_441' title='bbox 2216 3625 2282 3679; x_wconf 83' lang='lat' dir='ltr'><strong>In</strong></span> 
     </span>
    </p>
   </div>
   <div class='ocr_carea' id='block_1_67' title="bbox 725 3710 2285 3779">
    <p class='ocr_par' dir='ltr' id='par_1_67' title="bbox 725 3710 2285 3779">
     <span class='ocr_line' id='line_1_67' title="bbox 725 3710 2285 3779; baseline 0.005 -18"><span class='ocrx_word' id='word_1_442' title='bbox 725 3711 861 3775; x_wconf 89' lang='lat' dir='ltr'><strong>alto,</strong></span> <span class='ocrx_word' id='word_1_443' title='bbox 888 3710 1288 3776; x_wconf 88' lang='lat' dir='ltr'><strong>reddiderunt;</strong></span> <span class='ocrx_word' id='word_1_444' title='bbox 1315 3713 1429 3779; x_wconf 88' lang='lat' dir='ltr'><strong>alii,</strong></span> <span class='ocrx_word' id='word_1_445' title='bbox 1461 3711 1527 3767; x_wconf 84' lang='lat' dir='ltr'><strong>In</strong></span> <span class='ocrx_word' id='word_1_446' title='bbox 1558 3714 1685 3767; x_wconf 78' lang='lat' dir='ltr'><strong>locis</strong></span> <span class='ocrx_word' id='word_1_447' title='bbox 1716 3715 2032 3769; x_wconf 78' lang='lat' dir='ltr'><strong>ccelestibus.</strong></span> <span class='ocrx_word' id='word_1_448' title='bbox 2065 3714 2285 3770; x_wconf 84' lang='lat' dir='ltr'><strong>Manent</strong></span> 
     </span>
    </p>
   </div>
   <div class='ocr_carea' id='block_1_68' title="bbox 724 3801 2277 3875">
    <p class='ocr_par' dir='ltr' id='par_1_68' title="bbox 724 3801 2277 3875">
     <span class='ocr_line' id='line_1_68' title="bbox 724 3801 2277 3875; baseline 0.004 -23"><span class='ocrx_word' id='word_1_449' title='bbox 724 3809 906 3853; x_wconf 89' lang='lat' dir='ltr'><strong>autem</strong></span> <span class='ocrx_word' id='word_1_450' title='bbox 943 3801 1000 3854; x_wconf 92' lang='lat' dir='ltr'><strong>in</strong></span> <span class='ocrx_word' id='word_1_451' title='bbox 1042 3803 1152 3856; x_wconf 90' lang='lat' dir='ltr'><strong>alto</strong></span> <span class='ocrx_word' id='word_1_452' title='bbox 1191 3813 1357 3871; x_wconf 88' lang='lat' dir='ltr'><strong>atque</strong></span> <span class='ocrx_word' id='word_1_453' title='bbox 1413 3805 1467 3858; x_wconf 91' lang='lat' dir='ltr'><strong>in</strong></span> <span class='ocrx_word' id='word_1_454' title='bbox 1522 3805 1655 3858; x_wconf 91' lang='lat' dir='ltr'><strong>locis</strong></span> <span class='ocrx_word' id='word_1_455' title='bbox 1716 3806 2028 3860; x_wconf 79' lang='lat' dir='ltr'><strong>coelestibus</strong></span> <span class='ocrx_word' id='word_1_456' title='bbox 2079 3807 2277 3875; x_wconf 84' lang='lat' dir='ltr'><strong>angeli.</strong></span> 
     </span>
    </p>
   </div>
   <div class='ocr_carea' id='block_1_69' title="bbox 722 3892 2282 3968">
    <p class='ocr_par' dir='ltr' id='par_1_69' title="bbox 722 3892 2282 3968">
     <span class='ocr_line' id='line_1_69' title="bbox 722 3892 2282 3968; baseline 0.006 -25"><span class='ocrx_word' id='word_1_457' title='bbox 722 3892 882 3957; x_wconf 85' lang='lat' dir='ltr'><strong>Quis,</strong></span> <span class='ocrx_word' id='word_1_458' title='bbox 915 3893 1116 3961; x_wconf 89' lang='lat' dir='ltr'><strong>inquit,</strong></span> <span class='ocrx_word' id='word_1_459' title='bbox 1139 3895 1366 3964; x_wconf 85' lang='lat' dir='ltr'><strong>angelus</strong></span> <span class='ocrx_word' id='word_1_460' title='bbox 1394 3896 1699 3965; x_wconf 66' lang='lat' dir='ltr'><strong>aeq-rabitur</strong></span> <span class='ocrx_word' id='word_1_461' title='bbox 1736 3897 2004 3952; x_wconf 82' lang='lat' dir='ltr'><strong>Domino?</strong></span> <span class='ocrx_word' id='word_1_462' title='bbox 2036 3898 2131 3952; x_wconf 85' lang='lat' dir='ltr'><strong>Vel</strong></span> <span class='ocrx_word' id='word_1_463' title='bbox 2159 3899 2282 3968; x_wconf 89' lang='lat' dir='ltr'><strong>quis</strong></span> 
     </span>
    </p>
   </div>
   <div class='ocr_carea' id='block_1_70' title="bbox 723 3982 2283 4058">
    <p class='ocr_par' dir='ltr' id='par_1_70' title="bbox 723 3982 2283 4058">
     <span class='ocr_line' id='line_1_70' title="bbox 723 3982 2283 4058; baseline 0.005 -24"><span class='ocrx_word' id='word_1_464' title='bbox 723 3982 869 4046; x_wconf 83' lang='lat' dir='ltr'><strong>inter</strong></span> <span class='ocrx_word' id='word_1_465' title='bbox 900 3992 1122 4038; x_wconf 85' lang='lat' dir='ltr'><strong>sanctos</strong></span> <span class='ocrx_word' id='word_1_466' title='bbox 1156 4000 1368 4052; x_wconf 77' lang='lat' dir='ltr'><strong>omnes,</strong></span> <span class='ocrx_word' id='word_1_467' title='bbox 1403 3987 1452 4040; x_wconf 92' lang='lat' dir='ltr'><strong>ci</strong></span> <span class='ocrx_word' id='word_1_468' title='bbox 1509 3989 1710 4057; x_wconf 85' lang='lat' dir='ltr'><strong>poterit</strong></span> <span class='ocrx_word' id='word_1_469' title='bbox 1770 3990 2122 4058; x_wconf 81' lang='lat' dir='ltr'><strong>comparari?</strong></span> <span class='ocrx_word' id='word_1_470' title='bbox 2180 3989 2283 4043; x_wconf 85' lang='lat' dir='ltr'><strong>Per</strong></span> 
     </span>
    </p>
   </div>
   <div class='ocr_carea' id='block_1_71' title="bbox 724 4076 2281 4152">
    <p class='ocr_par' dir='ltr' id='par_1_71' title="bbox 724 4076 2281 4152">
     <span class='ocr_line' id='line_1_71' title="bbox 724 4076 2281 4152; baseline 0.004 -23"><span class='ocrx_word' id='word_1_471' title='bbox 724 4076 820 4130; x_wconf 88' lang='lat' dir='ltr'><strong>Dei</strong></span> <span class='ocrx_word' id='word_1_472' title='bbox 854 4078 998 4131; x_wconf 88' lang='lat' dir='ltr'><strong>enim</strong></span> <span class='ocrx_word' id='word_1_473' title='bbox 1032 4078 1197 4144; x_wconf 80' lang='lat' dir='ltr'><strong>ﬁlios,</strong></span> <span class='ocrx_word' id='word_1_474' title='bbox 1231 4093 1454 4134; x_wconf 85' lang='lat' dir='ltr'><strong>sanctos</strong></span> <span class='ocrx_word' id='word_1_475' title='bbox 1498 4082 1646 4134; x_wconf 87' lang='lat' dir='ltr'><strong>viros</strong></span> <span class='ocrx_word' id='word_1_476' title='bbox 1698 4082 2075 4150; x_wconf 78' lang='lat' dir='ltr'><strong>intelligimus,</strong></span> <span class='ocrx_word' id='word_1_477' title='bbox 2127 4082 2281 4152; x_wconf 82' lang='lat' dir='ltr'><strong>juxta</strong></span> 
     </span>
    </p>
   </div>
   <div class='ocr_carea' id='block_1_72' title="bbox 721 4167 2280 4250">
    <p class='ocr_par' dir='ltr' id='par_1_72' title="bbox 721 4167 2280 4250">
     <span class='ocr_line' id='line_1_72' title="bbox 721 4167 2280 4250; baseline 0.005 -29"><span class='ocrx_word' id='word_1_478' title='bbox 721 4167 854 4221; x_wconf 87' lang='lat' dir='ltr'><strong>illud</strong></span> <span class='ocrx_word' id='word_1_479' title='bbox 879 4187 892 4222; x_wconf 91' lang='lat'><strong>:</strong></span> <span class='ocrx_word' id='word_1_480' title='bbox 920 4167 1029 4238; x_wconf 86' lang='lat' dir='ltr'><strong>Ego</strong></span> <span class='ocrx_word' id='word_1_481' title='bbox 1054 4171 1205 4224; x_wconf 69' lang='lat' dir='ltr'><strong>dixi:</strong></span> <span class='ocrx_word' id='word_1_482' title='bbox 1233 4171 1318 4224; x_wconf 88' lang='lat' dir='ltr'><strong>Dii</strong></span> <span class='ocrx_word' id='word_1_483' title='bbox 1346 4174 1490 4236; x_wconf 81' lang='lat' dir='ltr'><strong>estis,</strong></span> <span class='ocrx_word' id='word_1_484' title='bbox 1519 4182 1566 4226; x_wconf 88' lang='lat' dir='ltr'><strong>et</strong></span> <span class='ocrx_word' id='word_1_485' title='bbox 1597 4173 1698 4242; x_wconf 79' lang='lat' dir='ltr'><strong>ﬁlii</strong></span> <span class='ocrx_word' id='word_1_486' title='bbox 1723 4173 1980 4226; x_wconf 77' lang='lat' dir='ltr'><strong>Altissimi</strong></span> <span class='ocrx_word' id='word_1_487' title='bbox 2012 4191 2187 4250; x_wconf 83' lang='lat' dir='ltr'><strong><em>omnes</em></strong></span> <span class='ocrx_word' id='word_1_488' title='bbox 2215 4175 2280 4229; x_wconf 69' lang='grc'><strong>⁸⁷.</strong></span> 
     </span>
    </p>
   </div>
   <div class='ocr_carea' id='block_1_73' title="bbox 724 4259 2279 4336">
    <p class='ocr_par' dir='ltr' id='par_1_73' title="bbox 724 4259 2279 4336">
     <span class='ocr_line' id='line_1_73' title="bbox 724 4259 2279 4336; baseline 0.005 -25"><span class='ocrx_word' id='word_1_489' title='bbox 724 4259 800 4312; x_wconf 82' lang='lat' dir='ltr'><strong>Ae</strong></span> <span class='ocrx_word' id='word_1_490' title='bbox 823 4261 867 4313; x_wconf 91' lang='lat' dir='ltr'><strong>si</strong></span> <span class='ocrx_word' id='word_1_491' title='bbox 912 4260 1119 4316; x_wconf 88' lang='lat' dir='ltr'><strong>diceret</strong></span> <span class='ocrx_word' id='word_1_492' title='bbox 1149 4280 1162 4313; x_wconf 91' lang='lat'><strong>:</strong></span> <span class='ocrx_word' id='word_1_493' title='bbox 1188 4261 1379 4317; x_wconf 83' lang='lat' dir='ltr'><strong>Nullus</strong></span> <span class='ocrx_word' id='word_1_494' title='bbox 1399 4264 1644 4333; x_wconf 82' lang='lat' dir='ltr'><strong>profecto</strong></span> <span class='ocrx_word' id='word_1_495' title='bbox 1666 4267 1714 4318; x_wconf 90' lang='lat' dir='ltr'><strong>ei</strong></span> <span class='ocrx_word' id='word_1_496' title='bbox 1741 4266 1937 4333; x_wconf 87' lang='lat' dir='ltr'><strong>poterit</strong></span> <span class='ocrx_word' id='word_1_497' title='bbox 1955 4267 2279 4336; x_wconf 76' lang='lat' dir='ltr'><strong>comparari.</strong></span> 
     </span>
    </p>
   </div>
   <div class='ocr_carea' id='block_1_74' title="bbox 725 4348 2283 4419">
    <p class='ocr_par' dir='ltr' id='par_1_74' title="bbox 725 4348 2283 4419">
     <span class='ocr_line' id='line_1_74' title="bbox 725 4348 2283 4419; baseline 0.006 -16"><span class='ocrx_word' id='word_1_498' title='bbox 725 4348 808 4403; x_wconf 77' lang='lat' dir='ltr'><strong>Tu</strong></span> <span class='ocrx_word' id='word_1_499' title='bbox 873 4354 1017 4405; x_wconf 89' lang='lat' dir='ltr'><strong>enim</strong></span> <span class='ocrx_word' id='word_1_500' title='bbox 1067 4354 1266 4419; x_wconf 82' lang='lat' dir='ltr'><strong>factor,</strong></span> <span class='ocrx_word' id='word_1_501' title='bbox 1304 4355 1380 4409; x_wconf 91' lang='lat' dir='ltr'><strong>illi</strong></span> <span class='ocrx_word' id='word_1_502' title='bbox 1433 4365 1612 4410; x_wconf 86' lang='lat' dir='ltr'><strong>autem</strong></span> <span class='ocrx_word' id='word_1_503' title='bbox 1657 4356 1889 4412; x_wconf 72' lang='lat' dir='ltr'><strong>factura.</strong></span> <span class='ocrx_word' id='word_1_504' title='bbox 1934 4356 2128 4411; x_wconf 73' lang='lat' dir='ltr'><strong>Verum</strong></span> <span class='ocrx_word' id='word_1_505' title='bbox 2172 4358 2283 4412; x_wconf 60' lang='lat' dir='ltr'><strong>haec</strong></span> 
     </span>
    </p>
   </div>
   <div class='ocr_carea' id='block_1_75' title="bbox 725 4436 2280 4514">
    <p class='ocr_par' dir='ltr' id='par_1_75' title="bbox 725 4436 2280 4514">
     <span class='ocr_line' id='line_1_75' title="bbox 725 4436 2280 4514; baseline 0.004 -24"><span class='ocrx_word' id='word_1_506' title='bbox 725 4436 996 4507; x_wconf 83' lang='lat' dir='ltr'><strong>Propheta</strong></span> <span class='ocrx_word' id='word_1_507' title='bbox 1031 4457 1136 4494; x_wconf 91' lang='lat' dir='ltr'><strong>non</strong></span> <span class='ocrx_word' id='word_1_508' title='bbox 1172 4441 1305 4496; x_wconf 92' lang='lat' dir='ltr'><strong>dicit</strong></span> <span class='ocrx_word' id='word_1_509' title='bbox 1335 4451 1393 4496; x_wconf 91' lang='lat' dir='ltr'><strong>ut</strong></span> <span class='ocrx_word' id='word_1_510' title='bbox 1428 4452 1710 4513; x_wconf 84' lang='lat' dir='ltr'><strong>comparet</strong></span> <span class='ocrx_word' id='word_1_511' title='bbox 1745 4444 1855 4498; x_wconf 86' lang='lat' dir='ltr'><strong>Deo</strong></span> <span class='ocrx_word' id='word_1_512' title='bbox 1887 4446 2156 4514; x_wconf 86' lang='lat' dir='ltr'><strong>homines,</strong></span> <span class='ocrx_word' id='word_1_513' title='bbox 2186 4445 2280 4498; x_wconf 81' lang='lat' dir='ltr'><strong>sed</strong></span> 
     </span>
    </p>
   </div>
   <div class='ocr_carea' id='block_1_76' title="bbox 723 4529 2284 4606">
    <p class='ocr_par' dir='ltr' id='par_1_76' title="bbox 723 4529 2284 4606">
     <span class='ocr_line' id='line_1_76' title="bbox 723 4529 2284 4606; baseline 0.005 -24"><span class='ocrx_word' id='word_1_514' title='bbox 723 4529 927 4583; x_wconf 85' lang='lat' dir='ltr'><strong>idioma</strong></span> <span class='ocrx_word' id='word_1_515' title='bbox 951 4529 1275 4587; x_wconf 83' lang='lat' dir='ltr'><strong>Hebraicum</strong></span> <span class='ocrx_word' id='word_1_516' title='bbox 1301 4543 1551 4599; x_wconf 86' lang='lat' dir='ltr'><strong>secutus,</strong></span> <span class='ocrx_word' id='word_1_517' title='bbox 1578 4550 1640 4589; x_wconf 76' lang='lat' dir='ltr'><strong>ex</strong></span> <span class='ocrx_word' id='word_1_518' title='bbox 1676 4535 1776 4590; x_wconf 82' lang='lat' dir='ltr'><strong>hac</strong></span> <span class='ocrx_word' id='word_1_519' title='bbox 1837 4536 2284 4606; x_wconf 84' lang='lat' dir='ltr'><strong>dissimilitudine</strong></span> 
     </span>
    </p>
   </div>
   <div class='ocr_carea' id='block_1_77' title="bbox 723 4617 2284 4693">
    <p class='ocr_par' dir='ltr' id='par_1_77' title="bbox 723 4617 2284 4693">
     <span class='ocr_line' id='line_1_77' title="bbox 723 4617 2284 4693; baseline 0.004 -22"><span class='ocrx_word' id='word_1_520' title='bbox 723 4617 819 4672; x_wconf 86' lang='lat' dir='ltr'><strong>Dei</strong></span> <span class='ocrx_word' id='word_1_521' title='bbox 852 4621 1232 4675; x_wconf 81' lang='lat' dir='ltr'><strong>excellentiam</strong></span> <span class='ocrx_word' id='word_1_522' title='bbox 1275 4623 1632 4690; x_wconf 85' lang='lat' dir='ltr'><strong>demonstrat,</strong></span> <span class='ocrx_word' id='word_1_523' title='bbox 1661 4640 1894 4693; x_wconf 88' lang='lat' dir='ltr'><strong>eumque</strong></span> <span class='ocrx_word' id='word_1_524' title='bbox 1927 4626 2134 4689; x_wconf 78' lang='lat' dir='ltr'><strong>laudat,</strong></span> <span class='ocrx_word' id='word_1_525' title='bbox 2170 4625 2284 4677; x_wconf 82' lang='lat' dir='ltr'><strong>vel-</strong></span> 
     </span>
    </p>
   </div>
   <div class='ocr_carea' id='block_1_78' title="bbox 726 4713 2279 4786">
    <p class='ocr_par' dir='ltr' id='par_1_78' title="bbox 726 4713 2279 4786">
     <span class='ocr_line' id='line_1_78' title="bbox 726 4713 2279 4786; baseline 0.006 -21"><span class='ocrx_word' id='word_1_526' title='bbox 726 4713 802 4765; x_wconf 91' lang='lat' dir='ltr'><strong>uti</strong></span> <span class='ocrx_word' id='word_1_527' title='bbox 850 4714 939 4781; x_wconf 89' lang='lat' dir='ltr'><strong>qui</strong></span> <span class='ocrx_word' id='word_1_528' title='bbox 972 4716 1442 4785; x_wconf 36' lang='lat' dir='ltr'><strong>magna‘qumdam</strong></span> <span class='ocrx_word' id='word_1_529' title='bbox 1477 4732 1540 4771; x_wconf 90' lang='lat' dir='ltr'><strong>ac</strong></span> <span class='ocrx_word' id='word_1_530' title='bbox 1594 4719 1858 4771; x_wconf 85' lang='lat' dir='ltr'><strong>salutaria</strong></span> <span class='ocrx_word' id='word_1_531' title='bbox 1893 4720 2168 4786; x_wconf 83' lang='lat' dir='ltr'><strong>pollicitus</strong></span> <span class='ocrx_word' id='word_1_532' title='bbox 2191 4721 2279 4774; x_wconf 90' lang='lat' dir='ltr'><strong>sit.</strong></span> 
     </span>
    </p>
   </div>
   <div class='ocr_carea' id='block_1_79' title="bbox 2463 3441 3922 3515">
    <p class='ocr_par' dir='ltr' id='par_1_79' title="bbox 2463 3441 3922 3515">
     <span class='ocr_line' id='line_1_79' title="bbox 2463 3441 3922 3515; baseline -0.005 -15"><span class='ocrx_word' id='word_1_533' title='bbox 2463 3449 2591 3500; x_wconf 75' lang='grc' dir='ltr'>Ὀτι</span> <span class='ocrx_word' id='word_1_534' title='bbox 2638 3449 2730 3512; x_wconf 72' lang='grc' dir='ltr'><strong>τίς</strong></span> <span class='ocrx_word' id='word_1_535' title='bbox 2766 3447 2835 3500; x_wconf 80' lang='grc' dir='ltr'><strong>ἐν</strong></span> <span class='ocrx_word' id='word_1_536' title='bbox 2878 3448 3158 3515; x_wconf 66' lang='grc' dir='ltr'><strong>νεφέλαις</strong></span> <span class='ocrx_word' id='word_1_537' title='bbox 3212 3441 3568 3509; x_wconf 79' lang='grc' dir='ltr'><strong>ὶσωθήσεται</strong></span> <span class='ocrx_word' id='word_1_538' title='bbox 3608 3441 3688 3506; x_wconf 82' lang='grc' dir='ltr'>τῷ</span> <span class='ocrx_word' id='word_1_539' title='bbox 3711 3441 3922 3508; x_wconf 74' lang='lat' dir='ltr'><strong>Kvpltp;</strong></span> 
     </span>
    </p>
   </div>
   <div class='ocr_carea' id='block_1_80' title="bbox 2396 3533 3922 3610">
    <p class='ocr_par' dir='ltr' id='par_1_80' title="bbox 2396 3533 3922 3610">
     <span class='ocr_line' id='line_1_80' title="bbox 2396 3533 3922 3610; baseline -0.006 -18"><span class='ocrx_word' id='word_1_540' title='bbox 2396 3539 2854 3610; x_wconf 81' lang='grc' dir='ltr'><strong>Ὀμοιωθήσεται</strong></span> <span class='ocrx_word' id='word_1_541' title='bbox 2911 3537 2991 3602; x_wconf 82' lang='grc' dir='ltr'>τῷ</span> <span class='ocrx_word' id='word_1_542' title='bbox 3018 3537 3214 3603; x_wconf 78' lang='grc' dir='ltr'>Κυρίῳ</span> <span class='ocrx_word' id='word_1_543' title='bbox 3235 3537 3304 3588; x_wconf 82' lang='grc' dir='ltr'><strong>ἐν</strong></span> <span class='ocrx_word' id='word_1_544' title='bbox 3327 3535 3480 3600; x_wconf 79' lang='grc' dir='ltr'>υἱοῖς</span> <span class='ocrx_word' id='word_1_545' title='bbox 3508 3533 3655 3588; x_wconf 84' lang='grc' dir='ltr'><strong>Θεοῦ</strong></span> <span class='ocrx_word' id='word_1_546' title='bbox 3680 3549 3700 3597; x_wconf 85' lang='grc'><em>;</em></span> <span class='ocrx_word' id='word_1_547' title='bbox 3729 3533 3800 3587; x_wconf 90' lang='grc' dir='ltr'>Τδ</span> <span class='ocrx_word' id='word_1_548' title='bbox 3833 3535 3922 3588; x_wconf 84' lang='grc' dir='ltr'><strong>Ἐν</strong></span> 
     </span>
    </p>
   </div>
   <div class='ocr_carea' id='block_1_81' title="bbox 2385 3627 3923 3701">
    <p class='ocr_par' dir='ltr' id='par_1_81' title="bbox 2385 3627 3923 3701">
     <span class='ocr_line' id='line_1_81' title="bbox 2385 3627 3923 3701; baseline -0.005 -16"><span class='ocrx_word' id='word_1_549' title='bbox 2385 3636 2689 3701; x_wconf 68' lang='grc' dir='ltr'>νεφέλαις,</span> <span class='ocrx_word' id='word_1_550' title='bbox 2735 3632 2837 3684; x_wconf 82' lang='grc' dir='ltr'><em>Ἐν</em></span> <span class='ocrx_word' id='word_1_551' title='bbox 2882 3631 3020 3697; x_wconf 71' lang='grc' dir='ltr'><strong>ὕψει</strong></span> <span class='ocrx_word' id='word_1_552' title='bbox 3053 3629 3194 3689; x_wconf 82' lang='grc' dir='ltr'>τινὲς</span> <span class='ocrx_word' id='word_1_553' title='bbox 3228 3627 3528 3694; x_wconf 77' lang='grc' dir='ltr'><strong>ἐξέδωκαν·</strong></span> <span class='ocrx_word' id='word_1_554' title='bbox 3563 3627 3712 3680; x_wconf 76' lang='grc' dir='ltr'>ἄλλοι</span> <span class='ocrx_word' id='word_1_555' title='bbox 3743 3627 3796 3680; x_wconf 84' lang='grc' dir='ltr'><strong>δὲ</strong></span> <span class='ocrx_word' id='word_1_556' title='bbox 3832 3627 3923 3678; x_wconf 73' lang='grc' dir='ltr'><em>Ἐν</em></span> 
     </span>
    </p>
   </div>
   <div class='ocr_carea' id='block_1_82' title="bbox 2384 3718 3922 3790">
    <p class='ocr_par' dir='ltr' id='par_1_82' title="bbox 2384 3718 3922 3790">
     <span class='ocr_line' id='line_1_82' title="bbox 2384 3718 3922 3790; baseline -0.005 -14"><span class='ocrx_word' id='word_1_557' title='bbox 2384 3723 2684 3790; x_wconf 79' lang='grc' dir='ltr'>οὐρανίοις</span> <span class='ocrx_word' id='word_1_558' title='bbox 2722 3724 2924 3783; x_wconf 80' lang='grc' dir='ltr'>τόποις</span> <span class='ocrx_word' id='word_1_559' title='bbox 2949 3738 2962 3752; x_wconf 87' lang='grc'><strong>·</strong></span> <span class='ocrx_word' id='word_1_560' title='bbox 2993 3720 3048 3770; x_wconf 83' lang='grc' dir='ltr'><strong>ἐν</strong></span> <span class='ocrx_word' id='word_1_561' title='bbox 3093 3719 3213 3788; x_wconf 77' lang='grc' dir='ltr'>ὐψει</span> <span class='ocrx_word' id='word_1_562' title='bbox 3244 3719 3300 3771; x_wconf 84' lang='grc' dir='ltr'><strong>δὲ</strong></span> <span class='ocrx_word' id='word_1_563' title='bbox 3341 3719 3436 3773; x_wconf 75' lang='grc' dir='ltr'><strong>καὶ</strong></span> <span class='ocrx_word' id='word_1_564' title='bbox 3469 3721 3526 3770; x_wconf 82' lang='grc' dir='ltr'><strong>ἐν</strong></span> <span class='ocrx_word' id='word_1_565' title='bbox 3552 3719 3817 3788; x_wconf 81' lang='grc' dir='ltr'>οὐρανίοις</span> <span class='ocrx_word' id='word_1_566' title='bbox 3844 3718 3922 3770; x_wconf 82' lang='grc' dir='ltr'>τό·</span> 
     </span>
    </p>
   </div>
   <div class='ocr_carea' id='block_1_83' title="bbox 2387 3800 3921 3882">
    <p class='ocr_par' dir='ltr' id='par_1_83' title="bbox 2387 3800 3921 3882">
     <span class='ocr_line' id='line_1_83' title="bbox 2387 3800 3921 3882; baseline -0.004 -14"><span class='ocrx_word' id='word_1_567' title='bbox 2387 3833 2508 3879; x_wconf 80' lang='grc' dir='ltr'>ποις</span> <span class='ocrx_word' id='word_1_568' title='bbox 2539 3817 2674 3868; x_wconf 76' lang='grc' dir='ltr'>εἰσὶν</span> <span class='ocrx_word' id='word_1_569' title='bbox 2698 3817 2746 3867; x_wconf 90' lang='grc' dir='ltr'><strong>οί</strong></span> <span class='ocrx_word' id='word_1_570' title='bbox 2779 3814 3018 3882; x_wconf 80' lang='grc' dir='ltr'>ἄγγελοι.</span> <span class='ocrx_word' id='word_1_571' title='bbox 3049 3813 3212 3880; x_wconf 81' lang='grc' dir='ltr'>Λέγέι</span> <span class='ocrx_word' id='word_1_572' title='bbox 3242 3813 3423 3865; x_wconf 83' lang='grc' dir='ltr'>τοίνυν</span> <span class='ocrx_word' id='word_1_573' title='bbox 3447 3829 3462 3843; x_wconf 88' lang='grc'><strong>·</strong></span> <span class='ocrx_word' id='word_1_574' title='bbox 3490 3813 3572 3866; x_wconf 82' lang='grc' dir='ltr'>ὅτι</span> <span class='ocrx_word' id='word_1_575' title='bbox 3601 3813 3695 3876; x_wconf 75' lang='grc' dir='ltr'>Τίς</span> <span class='ocrx_word' id='word_1_576' title='bbox 3712 3800 3921 3881; x_wconf 73' lang='grc' dir='ltr'>ἄγγελος</span> 
     </span>
    </p>
   </div>
   <div class='ocr_carea' id='block_1_84' title="bbox 2391 3903 3922 3974">
    <p class='ocr_par' dir='ltr' id='par_1_84' title="bbox 2391 3903 3922 3974">
     <span class='ocr_line' id='line_1_84' title="bbox 2391 3903 3922 3974; baseline -0.005 -16"><span class='ocrx_word' id='word_1_577' title='bbox 2391 3906 2716 3974; x_wconf 75' lang='grc' dir='ltr'>ἰσωϐήσεται</span> <span class='ocrx_word' id='word_1_578' title='bbox 2747 3905 2822 3973; x_wconf 79' lang='grc' dir='ltr'><strong>τῷ</strong></span> <span class='ocrx_word' id='word_1_579' title='bbox 2852 3903 3039 3973; x_wconf 85' lang='grc' dir='ltr'>Κυρίῳ</span> <span class='ocrx_word' id='word_1_580' title='bbox 3065 3944 3079 3967; x_wconf 90' lang='grc'><strong>,</strong></span> <span class='ocrx_word' id='word_1_581' title='bbox 3106 3904 3137 3973; x_wconf 80' lang='grc' dir='ltr'><strong>ἦ</strong></span> <span class='ocrx_word' id='word_1_582' title='bbox 3166 3903 3246 3965; x_wconf 87' lang='grc' dir='ltr'><strong>τίς</strong></span> <span class='ocrx_word' id='word_1_583' title='bbox 3275 3905 3332 3954; x_wconf 85' lang='grc' dir='ltr'><strong>ὲν</strong></span> <span class='ocrx_word' id='word_1_584' title='bbox 3349 3903 3521 3970; x_wconf 83' lang='grc' dir='ltr'>ἁγίοις</span> <span class='ocrx_word' id='word_1_585' title='bbox 3545 3903 3922 3973; x_wconf 78' lang='grc' dir='ltr'><strong>ὁμοιωθήσεται</strong></span> 
     </span>
    </p>
   </div>
   <div class='ocr_carea' id='block_1_85' title="bbox 2386 3989 3920 4063">
    <p class='ocr_par' dir='ltr' id='par_1_85' title="bbox 2386 3989 3920 4063">
     <span class='ocr_line' id='line_1_85' title="bbox 2386 3989 3920 4063; baseline -0.005 -17"><span class='ocrx_word' id='word_1_586' title='bbox 2386 3995 2532 4063; x_wconf 85' lang='grc' dir='ltr'>αὐτῷ</span> <span class='ocrx_word' id='word_1_587' title='bbox 2557 4011 2571 4059; x_wconf 87' lang='lat'>;</span> <span class='ocrx_word' id='word_1_588' title='bbox 2601 3993 2759 4054; x_wconf 80' lang='grc' dir='ltr'><strong>Υίούς</strong></span> <span class='ocrx_word' id='word_1_589' title='bbox 2789 3991 2896 4060; x_wconf 83' lang='grc' dir='ltr'>γὰρ</span> <span class='ocrx_word' id='word_1_590' title='bbox 2922 3989 3053 4042; x_wconf 82' lang='grc' dir='ltr'><strong>Θεοῦ</strong></span> <span class='ocrx_word' id='word_1_591' title='bbox 3088 3990 3213 4053; x_wconf 84' lang='grc' dir='ltr'>τοὺς</span> <span class='ocrx_word' id='word_1_592' title='bbox 3244 3991 3516 4053; x_wconf 84' lang='grc' dir='ltr'>τοιούτους</span> <span class='ocrx_word' id='word_1_593' title='bbox 3573 3990 3920 4058; x_wconf 81' lang='grc' dir='ltr'>ὑποληπτέον,</span> 
     </span>
    </p>
   </div>
   <div class='ocr_carea' id='block_1_86' title="bbox 2386 4081 3939 4152">
    <p class='ocr_par' dir='ltr' id='par_1_86' title="bbox 2386 4081 3939 4152">
     <span class='ocr_line' id='line_1_86' title="bbox 2386 4081 3939 4152; baseline -0.005 -12"><span class='ocrx_word' id='word_1_594' title='bbox 2386 4087 2526 4140; x_wconf 86' lang='grc' dir='ltr'>κατὰ</span> <span class='ocrx_word' id='word_1_595' title='bbox 2563 4086 2644 4150; x_wconf 85' lang='grc' dir='ltr'>τὸ,</span> <span class='ocrx_word' id='word_1_596' title='bbox 2702 4084 2848 4152; x_wconf 76' lang='grc' dir='ltr'><strong>Ἐγὼ</strong></span> <span class='ocrx_word' id='word_1_597' title='bbox 2880 4081 3019 4136; x_wconf 76' lang='grc' dir='ltr'><strong>εἶπα</strong></span> <span class='ocrx_word' id='word_1_598' title='bbox 3039 4097 3054 4112; x_wconf 75' lang='grc'><strong><em>⁸</em></strong></span> <span class='ocrx_word' id='word_1_599' title='bbox 3077 4083 3203 4137; x_wconf 82' lang='grc' dir='ltr'>Θεοί</span> <span class='ocrx_word' id='word_1_600' title='bbox 3235 4083 3406 4137; x_wconf 54' lang='grc' dir='ltr'>ἐστιν</span> <span class='ocrx_word' id='word_1_601' title='bbox 3437 4085 3606 4147; x_wconf 74' lang='grc' dir='ltr'>ὅντως</span> <span class='ocrx_word' id='word_1_602' title='bbox 3651 4083 3836 4147; x_wconf 81' lang='grc' dir='ltr'>οὐδεὶς,</span> <span class='ocrx_word' id='word_1_603' title='bbox 3862 4081 3939 4150; x_wconf 76' lang='grc' dir='ltr'><strong>σίι¹</strong></span> 
     </span>
    </p>
   </div>
   <div class='ocr_carea' id='block_1_87' title="bbox 2391 4169 3920 4248">
    <p class='ocr_par' dir='ltr' id='par_1_87' title="bbox 2391 4169 3920 4248">
     <span class='ocr_line' id='line_1_87' title="bbox 2391 4169 3920 4248; baseline -0.003 -17"><span class='ocrx_word' id='word_1_604' title='bbox 2391 4181 2490 4248; x_wconf 81' lang='grc' dir='ltr'><strong>μὲν</strong></span> <span class='ocrx_word' id='word_1_605' title='bbox 2511 4179 2618 4246; x_wconf 77' lang='grc' dir='ltr'><strong>γὰρ</strong></span> <span class='ocrx_word' id='word_1_606' title='bbox 2653 4178 2881 4244; x_wconf 81' lang='grc' dir='ltr'>ποιητής</span> <span class='ocrx_word' id='word_1_607' title='bbox 2907 4192 2920 4204; x_wconf 83' lang='lat'><strong>&#39;</strong></span> <span class='ocrx_word' id='word_1_608' title='bbox 2953 4169 3098 4228; x_wconf 73' lang='grc' dir='ltr'>οὗτοι</span> <span class='ocrx_word' id='word_1_609' title='bbox 3133 4176 3188 4227; x_wconf 86' lang='grc' dir='ltr'><strong>δὲ</strong></span> <span class='ocrx_word' id='word_1_610' title='bbox 3233 4179 3532 4244; x_wconf 79' lang='grc' dir='ltr'>ποιήματα.</span> <span class='ocrx_word' id='word_1_611' title='bbox 3567 4175 3680 4245; x_wconf 87' lang='grc' dir='ltr'><strong>Οὐχ</strong></span> <span class='ocrx_word' id='word_1_612' title='bbox 3701 4175 3774 4238; x_wconf 86' lang='grc' dir='ltr'><strong>ὡς</strong></span> <span class='ocrx_word' id='word_1_613' title='bbox 3803 4189 3920 4239; x_wconf 86' lang='grc' dir='ltr'>συγ-</span> 
     </span>
    </p>
   </div>
   <div class='ocr_carea' id='block_1_88' title="bbox 2387 4264 3917 4337">
    <p class='ocr_par' dir='ltr' id='par_1_88' title="bbox 2387 4264 3917 4337">
     <span class='ocr_line' id='line_1_88' title="bbox 2387 4264 3917 4337; baseline -0.001 -17"><span class='ocrx_word' id='word_1_614' title='bbox 2387 4268 2587 4337; x_wconf 85' lang='grc' dir='ltr'>κρίνων</span> <span class='ocrx_word' id='word_1_615' title='bbox 2616 4267 2670 4318; x_wconf 64' lang='lat' dir='ltr'><strong>et</strong></span> <span class='ocrx_word' id='word_1_616' title='bbox 2701 4267 2859 4318; x_wconf 76' lang='grc' dir='ltr'>τοῦτό</span> <span class='ocrx_word' id='word_1_617' title='bbox 2889 4284 3070 4336; x_wconf 77' lang='grc' dir='ltr'>φησιν,</span> <span class='ocrx_word' id='word_1_618' title='bbox 3121 4265 3238 4317; x_wconf 79' lang='grc' dir='ltr'><strong>ἀλλ’</strong></span> <span class='ocrx_word' id='word_1_619' title='bbox 3271 4267 3463 4334; x_wconf 87' lang='grc' dir='ltr'>ίδίωμα</span> <span class='ocrx_word' id='word_1_620' title='bbox 3523 4267 3612 4319; x_wconf 74' lang='grc' dir='ltr'><strong>καὶ</strong></span> <span class='ocrx_word' id='word_1_621' title='bbox 3641 4264 3796 4318; x_wconf 83' lang='grc' dir='ltr'>τοῦτο</span> <span class='ocrx_word' id='word_1_622' title='bbox 3829 4265 3917 4334; x_wconf 76' lang='grc' dir='ltr'>τῆς</span> 
     </span>
    </p>
   </div>
   <div class='ocr_carea' id='block_1_89' title="bbox 2399 4355 3918 4428">
    <p class='ocr_par' dir='ltr' id='par_1_89' title="bbox 2399 4355 3918 4428">
     <span class='ocr_line' id='line_1_89' title="bbox 2399 4355 3918 4428; baseline 0.001 -20"><span class='ocrx_word' id='word_1_623' title='bbox 2399 4356 2696 4426; x_wconf 72' lang='grc' dir='ltr'>Ἐὅραΐδος,</span> <span class='ocrx_word' id='word_1_624' title='bbox 2724 4357 2831 4409; x_wconf 84' lang='grc' dir='ltr'><strong>ἀπὸ</strong></span> <span class='ocrx_word' id='word_1_625' title='bbox 2874 4355 2970 4426; x_wconf 79' lang='grc' dir='ltr'>τῆς</span> <span class='ocrx_word' id='word_1_626' title='bbox 2999 4358 3398 4427; x_wconf 80' lang='grc' dir='ltr'>ἀνομοιότητος,</span> <span class='ocrx_word' id='word_1_627' title='bbox 3433 4357 3701 4427; x_wconf 81' lang='grc' dir='ltr'><strong>ὑπεροχὴν</strong></span> <span class='ocrx_word' id='word_1_628' title='bbox 3732 4356 3918 4428; x_wconf 85' lang='grc' dir='ltr'>προσὰ-</span> 
     </span>
    </p>
   </div>
   <div class='ocr_carea' id='block_1_90' title="bbox 2386 4432 3920 4515">
    <p class='ocr_par' dir='ltr' id='par_1_90' title="bbox 2386 4432 3920 4515">
     <span class='ocr_line' id='line_1_90' title="bbox 2386 4432 3920 4515; baseline 0.001 -17"><span class='ocrx_word' id='word_1_629' title='bbox 2386 4463 2502 4514; x_wconf 81' lang='grc' dir='ltr'>γειν</span> <span class='ocrx_word' id='word_1_630' title='bbox 2522 4446 2658 4514; x_wconf 81' lang='grc' dir='ltr'>Θεῷ.</span> <span class='ocrx_word' id='word_1_631' title='bbox 2699 4432 2829 4497; x_wconf 72' lang='grc' dir='ltr'><strong>’Υτὲε</strong></span> <span class='ocrx_word' id='word_1_632' title='bbox 2839 4449 3029 4514; x_wconf 83' lang='grc' dir='ltr'>ρυμνεῖ</span> <span class='ocrx_word' id='word_1_633' title='bbox 3043 4446 3097 4500; x_wconf 78' lang='grc' dir='ltr'><strong>δὲ</strong></span> <span class='ocrx_word' id='word_1_634' title='bbox 3121 4446 3304 4509; x_wconf 80' lang='grc' dir='ltr'>αὐτὸν,</span> <span class='ocrx_word' id='word_1_635' title='bbox 3324 4446 3398 4508; x_wconf 81' lang='grc' dir='ltr'>ὡς</span> <span class='ocrx_word' id='word_1_636' title='bbox 3421 4448 3631 4514; x_wconf 83' lang='grc' dir='ltr'>μεγάλα</span> <span class='ocrx_word' id='word_1_637' title='bbox 3648 4449 3740 4500; x_wconf 75' lang='grc' dir='ltr'><strong>καὶ</strong></span> <span class='ocrx_word' id='word_1_638' title='bbox 3763 4450 3920 4515; x_wconf 85' lang='grc' dir='ltr'>σωτή·</span> 
     </span>
    </p>
   </div>
   <div class='ocr_carea' id='block_1_91' title="bbox 2388 4535 3920 4609">
    <p class='ocr_par' dir='ltr' id='par_1_91' title="bbox 2388 4535 3920 4609">
     <span class='ocr_line' id='line_1_91' title="bbox 2388 4535 3920 4609; baseline 0.003 -21"><span class='ocrx_word' id='word_1_639' title='bbox 2388 4555 2477 4606; x_wconf 85' lang='grc' dir='ltr'><strong>ρια</strong></span> <span class='ocrx_word' id='word_1_640' title='bbox 2526 4537 3011 4605; x_wconf 74' lang='grc' dir='ltr'>ἐπαγγειλάμενον.</span> <span class='ocrx_word' id='word_1_641' title='bbox 3055 4537 3239 4591; x_wconf 62' lang='lat' dir='ltr'><strong>&quot;Enixa</strong></span> <span class='ocrx_word' id='word_1_642' title='bbox 3281 4535 3338 4590; x_wconf 81' lang='grc' dir='ltr'><strong>δὲ</strong></span> <span class='ocrx_word' id='word_1_643' title='bbox 3385 4539 3463 4608; x_wconf 87' lang='grc' dir='ltr'>τῷ</span> <span class='ocrx_word' id='word_1_644' title='bbox 3505 4538 3650 4609; x_wconf 81' lang='grc' dir='ltr'>λόγῳ</span> <span class='ocrx_word' id='word_1_645' title='bbox 3693 4540 3783 4592; x_wconf 75' lang='grc' dir='ltr'><strong>καὶ</strong></span> <span class='ocrx_word' id='word_1_646' title='bbox 3823 4539 3920 4592; x_wconf 70' lang='grc' dir='ltr'><strong>τόδ</strong></span> 
     </span>
    </p>
   </div>
   <div class='ocr_carea' id='block_1_92' title="bbox 2388 4629 3920 4701">
    <p class='ocr_par' dir='ltr' id='par_1_92' title="bbox 2388 4629 3920 4701">
     <span class='ocr_line' id='line_1_92' title="bbox 2388 4629 3920 4701; baseline 0.001 -20"><span class='ocrx_word' id='word_1_647' title='bbox 2388 4629 2535 4681; x_wconf 81' lang='grc' dir='ltr'><strong>Οὔτε</strong></span> <span class='ocrx_word' id='word_1_648' title='bbox 2554 4630 2824 4698; x_wconf 67' lang='grc' dir='ltr'>ἅγγελος,</span> <span class='ocrx_word' id='word_1_649' title='bbox 2841 4632 2948 4683; x_wconf 81' lang='grc' dir='ltr'>οὐκ</span> <span class='ocrx_word' id='word_1_650' title='bbox 2962 4630 3291 4699; x_wconf 76' lang='grc' dir='ltr'>ἅνθρωπος,</span> <span class='ocrx_word' id='word_1_651' title='bbox 3309 4631 3446 4686; x_wconf 65' lang='grc' dir='ltr'><em>ἀλλ’</em></span> <span class='ocrx_word' id='word_1_652' title='bbox 3464 4635 3644 4700; x_wconf 82' lang='grc' dir='ltr'>αὐτὸς</span> <span class='ocrx_word' id='word_1_653' title='bbox 3671 4637 3701 4687; x_wconf 86' lang='grc' dir='ltr'><em>ό</em></span> <span class='ocrx_word' id='word_1_654' title='bbox 3725 4635 3920 4701; x_wconf 79' lang='grc' dir='ltr'>Κύριος</span> 
     </span>
    </p>
   </div>
   <div class='ocr_carea' id='block_1_93' title="bbox 2386 4719 2825 4787">
    <p class='ocr_par' dir='ltr' id='par_1_93' title="bbox 2386 4719 2825 4787">
     <span class='ocr_line' id='line_1_93' title="bbox 2386 4719 2825 4787; baseline 0.011 -18"><span class='ocrx_word' id='word_1_655' title='bbox 2386 4721 2623 4773; x_wconf 76' lang='grc' dir='ltr'><em>ἔσωσεν</em></span> <span class='ocrx_word' id='word_1_656' title='bbox 2648 4719 2825 4787; x_wconf 75' lang='grc' dir='ltr'><strong>ἡμᾶς.</strong></span> 
     </span>
    </p>
   </div>
   <div class='ocr_carea' id='block_1_94' title="bbox 725 4787 3921 4893">
    <p class='ocr_par' dir='ltr' id='par_1_94' title="bbox 725 4787 3921 4893">
     <span class='ocr_line' id='line_1_94' title="bbox 725 4787 3921 4893; baseline 0.003 -32"><span class='ocrx_word' id='word_1_657' title='bbox 725 4809 824 4863; x_wconf 75' lang='lat' dir='ltr'><strong>llis</strong></span> <span class='ocrx_word' id='word_1_658' title='bbox 878 4819 1058 4864; x_wconf 88' lang='lat' dir='ltr'><strong>autem</strong></span> <span class='ocrx_word' id='word_1_659' title='bbox 1119 4815 1306 4868; x_wconf 89' lang='lat' dir='ltr'><strong>verbis</strong></span> <span class='ocrx_word' id='word_1_660' title='bbox 1361 4787 1730 4893; x_wconf 52' lang='lat' dir='ltr'><strong>illa/(postoli</strong></span> <span class='ocrx_word' id='word_1_661' title='bbox 1762 4817 1916 4870; x_wconf 85' lang='lat' dir='ltr'><strong>valde</strong></span> <span class='ocrx_word' id='word_1_662' title='bbox 1950 4817 2148 4870; x_wconf 83' lang='lat' dir='ltr'><strong>similia</strong></span> <span class='ocrx_word' id='word_1_663' title='bbox 2182 4824 2331 4878; x_wconf 89' lang='lat' dir='ltr'><strong>sunt,</strong></span> <span class='ocrx_word' id='word_1_664' title='bbox 2372 4816 2518 4885; x_wconf 83' lang='lat' dir='ltr'><strong>quod</strong></span> <span class='ocrx_word' id='word_1_665' title='bbox 2561 4833 2719 4885; x_wconf 83' lang='lat' dir='ltr'><strong>neque</strong></span> <span class='ocrx_word' id='word_1_666' title='bbox 2758 4819 2994 4885; x_wconf 81' lang='lat' dir='ltr'><strong>angelus,</strong></span> <span class='ocrx_word' id='word_1_667' title='bbox 3055 4832 3212 4886; x_wconf 78' lang='lat' dir='ltr'><strong><em>neque</em></strong></span> <span class='ocrx_word' id='word_1_668' title='bbox 3252 4817 3426 4880; x_wconf 81' lang='lat' dir='ltr'><strong>homo,</strong></span> <span class='ocrx_word' id='word_1_669' title='bbox 3481 4817 3570 4870; x_wconf 73' lang='lat' dir='ltr'><strong>sed</strong></span> <span class='ocrx_word' id='word_1_670' title='bbox 3615 4817 3726 4887; x_wconf 77' lang='lat' dir='ltr'><strong>ipse</strong></span> <span class='ocrx_word' id='word_1_671' title='bbox 3799 4815 3921 4871; x_wconf 75' lang='lat' dir='ltr'><strong>Deut</strong></span> 
     </span>
    </p>
   </div>
   <div class='ocr_carea' id='block_1_95' title="bbox 722 4905 1143 4959">
    <p class='ocr_par' dir='ltr' id='par_1_95' title="bbox 722 4905 1143 4959">
     <span class='ocr_line' id='line_1_95' title="bbox 722 4905 1143 4959; baseline 0.002 -1"><span class='ocrx_word' id='word_1_672' title='bbox 722 4905 940 4959; x_wconf 76' lang='lat' dir='ltr'><strong>saluauit</strong></span> <span class='ocrx_word' id='word_1_673' title='bbox 963 4921 1054 4958; x_wconf 81' lang='lat' dir='ltr'><strong><em>nos</em></strong></span> <span class='ocrx_word' id='word_1_674' title='bbox 1077 4906 1143 4959; x_wconf 78' lang='grc'><strong>⁸⁸.</strong></span> 
     </span>
    </p>
   </div>
   <div class='ocr_carea' id='block_1_96' title="bbox 797 4995 2356 5070">
    <p class='ocr_par' dir='ltr' id='par_1_96' title="bbox 797 4995 2356 5070">
     <span class='ocr_line' id='line_1_96' title="bbox 797 4995 2356 5070; baseline 0.006 -21"><span class='ocrx_word' id='word_1_675' title='bbox 797 4995 960 5051; x_wconf 72' lang='lat' dir='ltr'><strong>Vens.</strong></span> <span class='ocrx_word' id='word_1_676' title='bbox 998 4997 1052 5051; x_wconf 88' lang='lat'><strong>8.</strong></span> <span class='ocrx_word' id='word_1_677' title='bbox 1091 4996 1233 5053; x_wconf 82' lang='lat' dir='ltr'><strong>Deus</strong></span> <span class='ocrx_word' id='word_1_678' title='bbox 1259 5001 1348 5069; x_wconf 83' lang='lat' dir='ltr'><strong>qui</strong></span> <span class='ocrx_word' id='word_1_679' title='bbox 1373 5000 1704 5070; x_wconf 85' lang='lat' dir='ltr'><strong>gloriﬁcatur</strong></span> <span class='ocrx_word' id='word_1_680' title='bbox 1739 5004 1792 5056; x_wconf 87' lang='lat' dir='ltr'><strong><em>in</em></strong></span> <span class='ocrx_word' id='word_1_681' title='bbox 1819 5006 2041 5058; x_wconf 81' lang='lat' dir='ltr'><strong>consilio</strong></span> <span class='ocrx_word' id='word_1_682' title='bbox 2069 5013 2277 5058; x_wconf 83' lang='lat' dir='ltr'><strong><em>sancto-</em></strong></span> <span class='ocrx_word' id='word_1_683' title='bbox 2310 5009 2356 5064; x_wconf 87' lang='grc' dir='ltr'>ι)</span> 
     </span>
    </p>
   </div>
   <div class='ocr_carea' id='block_1_97' title="bbox 723 5093 2281 5164">
    <p class='ocr_par' dir='ltr' id='par_1_97' title="bbox 723 5093 2281 5164">
     <span class='ocr_line' id='line_1_97' title="bbox 723 5093 2281 5164; baseline 0.004 -23"><span class='ocrx_word' id='word_1_684' title='bbox 723 5103 863 5150; x_wconf 74' lang='lat' dir='ltr'><strong>rum,</strong></span> <span class='ocrx_word' id='word_1_685' title='bbox 905 5102 1132 5158; x_wconf 77' lang='lat' dir='ltr'><strong>magnus</strong></span> <span class='ocrx_word' id='word_1_686' title='bbox 1153 5101 1198 5143; x_wconf 88' lang='lat' dir='ltr'><strong><em>et</em></strong></span> <span class='ocrx_word' id='word_1_687' title='bbox 1235 5093 1484 5147; x_wconf 83' lang='lat' dir='ltr'><strong>terribilis</strong></span> <span class='ocrx_word' id='word_1_688' title='bbox 1541 5105 1616 5149; x_wconf 83' lang='lat' dir='ltr'><strong>est</strong></span> <span class='ocrx_word' id='word_1_689' title='bbox 1647 5111 1802 5163; x_wconf 65' lang='lat' dir='ltr'><strong>super</strong></span> <span class='ocrx_word' id='word_1_690' title='bbox 1845 5113 2040 5159; x_wconf 83' lang='lat' dir='ltr'><strong>omnes,</strong></span> <span class='ocrx_word' id='word_1_691' title='bbox 2091 5097 2179 5164; x_wconf 86' lang='lat' dir='ltr'><strong>qui</strong></span> <span class='ocrx_word' id='word_1_692' title='bbox 2228 5098 2281 5148; x_wconf 85' lang='lat' dir='ltr'><strong><em>in</em></strong></span> 
     </span>
    </p>
   </div>
   <div class='ocr_carea' id='block_1_98' title="bbox 723 5180 2283 5248">
    <p class='ocr_par' dir='ltr' id='par_1_98' title="bbox 723 5180 2283 5248">
     <span class='ocr_line' id='line_1_98' title="bbox 723 5180 2283 5248; baseline 0.003 -16"><span class='ocrx_word' id='word_1_693' title='bbox 723 5180 946 5234; x_wconf 87' lang='lat' dir='ltr'><strong>circuitu</strong></span> <span class='ocrx_word' id='word_1_694' title='bbox 976 5181 1090 5248; x_wconf 80' lang='lat' dir='ltr'><strong>ejus</strong></span> <span class='ocrx_word' id='word_1_695' title='bbox 1112 5193 1256 5236; x_wconf 85' lang='lat' dir='ltr'><strong>sunt.</strong></span> <span class='ocrx_word' id='word_1_696' title='bbox 1288 5181 1395 5236; x_wconf 87' lang='lat' dir='ltr'><strong>Per</strong></span> <span class='ocrx_word' id='word_1_697' title='bbox 1435 5186 1730 5241; x_wconf 82' lang='lat' dir='ltr'><strong>consilium</strong></span> <span class='ocrx_word' id='word_1_698' title='bbox 1768 5187 1874 5240; x_wconf 88' lang='lat' dir='ltr'><strong>hoc</strong></span> <span class='ocrx_word' id='word_1_699' title='bbox 1910 5187 1965 5239; x_wconf 90' lang='lat' dir='ltr'><strong>in</strong></span> <span class='ocrx_word' id='word_1_700' title='bbox 2009 5189 2126 5240; x_wconf 88' lang='lat' dir='ltr'><strong>loco</strong></span> <span class='ocrx_word' id='word_1_701' title='bbox 2149 5199 2283 5239; x_wconf 87' lang='lat' dir='ltr'><strong>con-</strong></span> 
     </span>
    </p>
   </div>
   <div class='ocr_carea' id='block_1_99' title="bbox 724 5271 2282 5346">
    <p class='ocr_par' dir='ltr' id='par_1_99' title="bbox 724 5271 2282 5346">
     <span class='ocr_line' id='line_1_99' title="bbox 724 5271 2282 5346; baseline 0.004 -23"><span class='ocrx_word' id='word_1_702' title='bbox 724 5271 1100 5340; x_wconf 72' lang='lat' dir='ltr'><strong>gregationem</strong></span> <span class='ocrx_word' id='word_1_703' title='bbox 1157 5280 1212 5326; x_wconf 90' lang='lat' dir='ltr'><strong>et</strong></span> <span class='ocrx_word' id='word_1_704' title='bbox 1236 5277 1540 5331; x_wconf 73' lang='lat' dir='ltr'><strong>concilium</strong></span> <span class='ocrx_word' id='word_1_705' title='bbox 1579 5277 1855 5346; x_wconf 76' lang='lat' dir='ltr'><strong>intelligit,</strong></span> <span class='ocrx_word' id='word_1_706' title='bbox 1892 5287 1950 5330; x_wconf 92' lang='lat' dir='ltr'><strong>ut</strong></span> <span class='ocrx_word' id='word_1_707' title='bbox 2002 5278 2055 5331; x_wconf 83' lang='lat' dir='ltr'><strong>in</strong></span> <span class='ocrx_word' id='word_1_708' title='bbox 2106 5277 2282 5346; x_wconf 86' lang='lat' dir='ltr'><strong>primo</strong></span> 
     </span>
    </p>
   </div>
   <div class='ocr_carea' id='block_1_100' title="bbox 721 5363 2282 5441">
    <p class='ocr_par' dir='ltr' id='par_1_100' title="bbox 721 5363 2282 5441">
     <span class='ocr_line' id='line_1_100' title="bbox 721 5363 2282 5441; baseline 0.004 -26"><span class='ocrx_word' id='word_1_709' title='bbox 721 5363 890 5417; x_wconf 86' lang='lat' dir='ltr'><strong>etiam</strong></span> <span class='ocrx_word' id='word_1_710' title='bbox 945 5364 1186 5426; x_wconf 79' lang='lat' dir='ltr'><strong>diximus</strong></span> <span class='ocrx_word' id='word_1_711' title='bbox 1240 5367 1473 5436; x_wconf 86' lang='lat' dir='ltr'><strong>psalmo.</strong></span> <span class='ocrx_word' id='word_1_712' title='bbox 1541 5368 1602 5424; x_wconf 76' lang='lat' dir='ltr'><strong>in</strong></span> <span class='ocrx_word' id='word_1_713' title='bbox 1655 5372 2080 5441; x_wconf 80' lang='lat' dir='ltr'><strong>congregatione</strong></span> <span class='ocrx_word' id='word_1_714' title='bbox 2135 5369 2282 5422; x_wconf 77' lang='lat' dir='ltr'><strong>enim</strong></span> 
     </span>
    </p>
   </div>
   <div class='ocr_carea' id='block_1_101' title="bbox 2463 4995 3921 5082">
    <p class='ocr_par' dir='ltr' id='par_1_101' title="bbox 2463 4995 3921 5082">
     <span class='ocr_line' id='line_1_101' title="bbox 2463 4995 3921 5082; baseline -0.003 -28"><span class='ocrx_word' id='word_1_715' title='bbox 2463 5000 2526 5054; x_wconf 89' lang='lat'><strong>&#39;0</strong></span> <span class='ocrx_word' id='word_1_716' title='bbox 2566 5003 2707 5065; x_wconf 82' lang='grc' dir='ltr'><strong>Θεὸς</strong></span> <span class='ocrx_word' id='word_1_717' title='bbox 2731 4998 3187 5082; x_wconf 77' lang='grc' dir='ltr'><strong>ἐνδοξαζόμενος</strong></span> <span class='ocrx_word' id='word_1_718' title='bbox 3215 4997 3284 5052; x_wconf 83' lang='grc' dir='ltr'><strong>ὲν</strong></span> <span class='ocrx_word' id='word_1_719' title='bbox 3301 4995 3504 5066; x_wconf 75' lang='grc' dir='ltr'>,ϐουλῇ</span> <span class='ocrx_word' id='word_1_720' title='bbox 3527 4997 3729 5067; x_wconf 74' lang='grc' dir='ltr'>ἁγίων,</span> <span class='ocrx_word' id='word_1_721' title='bbox 3753 5001 3921 5068; x_wconf 69' lang='grc' dir='ltr'>μέγας</span> 
     </span>
    </p>
   </div>
   <div class='ocr_carea' id='block_1_102' title="bbox 2382 5085 3920 5163">
    <p class='ocr_par' dir='ltr' id='par_1_102' title="bbox 2382 5085 3920 5163">
     <span class='ocr_line' id='line_1_102' title="bbox 2382 5085 3920 5163; baseline -0.004 -16"><span class='ocrx_word' id='word_1_722' title='bbox 2382 5095 2480 5148; x_wconf 80' lang='grc' dir='ltr'><strong>καὶ</strong></span> <span class='ocrx_word' id='word_1_723' title='bbox 2514 5094 2763 5163; x_wconf 72' lang='grc' dir='ltr'><strong>φοϐερός</strong></span> <span class='ocrx_word' id='word_1_724' title='bbox 2795 5093 2964 5145; x_wconf 81' lang='grc' dir='ltr'>ἐστιν</span> <span class='ocrx_word' id='word_1_725' title='bbox 2985 5091 3083 5145; x_wconf 72' lang='grc' dir='ltr'><strong>ἐπὶ</strong></span> <span class='ocrx_word' id='word_1_726' title='bbox 3111 5091 3356 5154; x_wconf 69' lang='grc' dir='ltr'>πάντας</span> <span class='ocrx_word' id='word_1_727' title='bbox 3381 5089 3524 5155; x_wconf 79' lang='grc' dir='ltr'>τοὺς</span> <span class='ocrx_word' id='word_1_728' title='bbox 3559 5089 3690 5158; x_wconf 77' lang='grc' dir='ltr'>,περὶ</span> <span class='ocrx_word' id='word_1_729' title='bbox 3735 5085 3920 5150; x_wconf 62' lang='grc' dir='ltr'><strong>κύκλῳ</strong></span> 
     </span>
    </p>
   </div>
   <div class='ocr_carea' id='block_1_103' title="bbox 2384 5182 3922 5255">
    <p class='ocr_par' dir='ltr' id='par_1_103' title="bbox 2384 5182 3922 5255">
     <span class='ocr_line' id='line_1_103' title="bbox 2384 5182 3922 5255; baseline -0.003 -17"><span class='ocrx_word' id='word_1_730' title='bbox 2384 5186 2588 5240; x_wconf 82' lang='grc' dir='ltr'>αὐτοῦ.</span> <span class='ocrx_word' id='word_1_731' title='bbox 2622 5186 2825 5255; x_wconf 75' lang='grc' dir='ltr'>Βουλὴν</span> <span class='ocrx_word' id='word_1_732' title='bbox 2856 5185 3090 5239; x_wconf 78' lang='grc' dir='ltr'>ἐνταῦθα</span> <span class='ocrx_word' id='word_1_733' title='bbox 3135 5183 3228 5236; x_wconf 76' lang='grc' dir='ltr'>τὸν</span> <span class='ocrx_word' id='word_1_734' title='bbox 3267 5182 3542 5254; x_wconf 82' lang='grc' dir='ltr'>σύλλογον,</span> <span class='ocrx_word' id='word_1_735' title='bbox 3571 5185 3632 5239; x_wconf 79' lang='grc' dir='ltr'>τὸ</span> <span class='ocrx_word' id='word_1_736' title='bbox 3662 5183 3922 5251; x_wconf 79' lang='grc' dir='ltr'>συνέδριον</span> 
     </span>
    </p>
   </div>
   <div class='ocr_carea' id='block_1_104' title="bbox 2383 5271 3923 5347">
    <p class='ocr_par' dir='ltr' id='par_1_104' title="bbox 2383 5271 3923 5347">
     <span class='ocr_line' id='line_1_104' title="bbox 2383 5271 3923 5347; baseline 0.004 -19"><span class='ocrx_word' id='word_1_737' title='bbox 2383 5278 2490 5329; x_wconf 81' lang='grc' dir='ltr'>τῶν</span> <span class='ocrx_word' id='word_1_738' title='bbox 2537 5278 2704 5342; x_wconf 79' lang='grc' dir='ltr'>ἁγίων</span> <span class='ocrx_word' id='word_1_739' title='bbox 2735 5278 3036 5346; x_wconf 85' lang='grc' dir='ltr'>ὠνόμασεν,</span> <span class='ocrx_word' id='word_1_740' title='bbox 3094 5277 3170 5337; x_wconf 84' lang='grc' dir='ltr'><strong>ὡς</strong></span> <span class='ocrx_word' id='word_1_741' title='bbox 3205 5275 3298 5329; x_wconf 75' lang='grc' dir='ltr'><strong>καὶ</strong></span> <span class='ocrx_word' id='word_1_742' title='bbox 3329 5279 3385 5330; x_wconf 83' lang='grc' dir='ltr'><strong>ὲν</strong></span> <span class='ocrx_word' id='word_1_743' title='bbox 3418 5276 3495 5347; x_wconf 84' lang='grc' dir='ltr'><strong>τῷ</strong></span> <span class='ocrx_word' id='word_1_744' title='bbox 3517 5277 3717 5347; x_wconf 80' lang='grc' dir='ltr'>πρώτῳ</span> <span class='ocrx_word' id='word_1_745' title='bbox 3737 5271 3923 5344; x_wconf 74' lang='grc' dir='ltr'>ψαλμῷ</span> 
     </span>
    </p>
   </div>
   <div class='ocr_carea' id='block_1_105' title="bbox 2387 5364 3922 5442">
    <p class='ocr_par' dir='ltr' id='par_1_105' title="bbox 2387 5364 3922 5442">
     <span class='ocr_line' id='line_1_105' title="bbox 2387 5364 3922 5442; baseline -0.001 -22"><span class='ocrx_word' id='word_1_746' title='bbox 2387 5369 2758 5438; x_wconf 77' lang='grc' dir='ltr'>παραδίδοται.</span> <span class='ocrx_word' id='word_1_747' title='bbox 2799 5369 2884 5420; x_wconf 85' lang='grc' dir='ltr'>Ἐν</span> <span class='ocrx_word' id='word_1_748' title='bbox 2913 5370 2981 5438; x_wconf 80' lang='grc' dir='ltr'>τῇ</span> <span class='ocrx_word' id='word_1_749' title='bbox 3005 5372 3302 5442; x_wconf 74' lang='grc' dir='ltr'>συναγωγῇ</span> <span class='ocrx_word' id='word_1_750' title='bbox 3333 5370 3438 5440; x_wconf 80' lang='grc' dir='ltr'><strong>γὰρ</strong></span> <span class='ocrx_word' id='word_1_751' title='bbox 3462 5370 3568 5424; x_wconf 84' lang='grc' dir='ltr'><strong>τῶν</strong></span> <span class='ocrx_word' id='word_1_752' title='bbox 3594 5364 3764 5435; x_wconf 80' lang='grc' dir='ltr'>ἁγίων</span> <span class='ocrx_word' id='word_1_753' title='bbox 3784 5366 3922 5434; x_wconf 76' lang='grc' dir='ltr'>δοξα-</span> 
     </span>
    </p>
   </div>
   <div class='ocr_carea' id='block_1_106' title="bbox 791 5493 2280 5613">
    <p class='ocr_par' dir='ltr' id='par_1_106' title="bbox 791 5493 2280 5613">
     <span class='ocr_line' id='line_1_106' title="bbox 791 5493 2280 5613; baseline -0.001 -15"><span class='ocrx_word' id='word_1_754' title='bbox 791 5542 839 5578; x_wconf 78' lang='grc'><strong>⁸⁸</strong></span> <span class='ocrx_word' id='word_1_755' title='bbox 870 5541 1008 5599; x_wconf 83' lang='lat' dir='ltr'><strong>Dan.</strong></span> <span class='ocrx_word' id='word_1_756' title='bbox 1035 5559 1135 5610; x_wconf 85' lang='lat' dir='ltr'><strong>vn,</strong></span> <span class='ocrx_word' id='word_1_757' title='bbox 1169 5543 1257 5600; x_wconf 75' lang='grc' dir='ltr'><strong>Η.</strong></span> <span class='ocrx_word' id='word_1_758' title='bbox 1333 5546 1380 5581; x_wconf 65' lang='grc' dir='ltr'><strong>ι’</strong></span> <span class='ocrx_word' id='word_1_759' title='bbox 1413 5545 1581 5604; x_wconf 81' lang='lat' dir='ltr'><strong>Hebr.</strong></span> <span class='ocrx_word' id='word_1_760' title='bbox 1642 5562 1737 5613; x_wconf 82' lang='lat' dir='ltr'><strong>xu,</strong></span> <span class='ocrx_word' id='word_1_761' title='bbox 1795 5546 1884 5603; x_wconf 75' lang='grc'><strong>25.</strong></span> <span class='ocrx_word' id='word_1_762' title='bbox 1959 5493 2002 5579; x_wconf 40' lang='grc' dir='ltr'><strong>ἐν</strong></span> <span class='ocrx_word' id='word_1_763' title='bbox 2039 5545 2184 5602; x_wconf 82' lang='lat' dir='ltr'><strong>Psal.</strong></span> <span class='ocrx_word' id='word_1_764' title='bbox 2226 5559 2280 5598; x_wconf 84' lang='lat' dir='ltr'><strong>LI</strong></span> 
     </span>
    </p>
   </div>
   <div class='ocr_carea' id='block_1_107' title="bbox 2379 5493 3042 5613">
    <p class='ocr_par' dir='ltr' id='par_1_107' title="bbox 2379 5499 3042 5611">
     <span class='ocr_line' id='line_1_107' title="bbox 2379 5499 3042 5611; baseline 0.008 -15"><span class='ocrx_word' id='word_1_765' title='bbox 2379 5561 2407 5611; x_wconf 87' lang='grc' dir='ltr'>ι,</span> <span class='ocrx_word' id='word_1_766' title='bbox 2441 5545 2496 5600; x_wconf 91' lang='lat'><strong>6.</strong></span> <span class='ocrx_word' id='word_1_767' title='bbox 2570 5546 2614 5578; x_wconf 75' lang='grc'><strong>⁵⁸</strong></span> <span class='ocrx_word' id='word_1_768' title='bbox 2643 5499 2923 5610; x_wconf 45' lang='lat' dir='ltr'><strong>llebr.&#39;.u,</strong></span> <span class='ocrx_word' id='word_1_769' title='bbox 2957 5545 3042 5601; x_wconf 75' lang='grc'><strong>16.</strong></span> 
     </span>
    </p>
   </div>
   <div class='ocr_carea' id='block_1_108' title="bbox 2100 5668 2669 5731">
    <p class='ocr_par' dir='ltr' id='par_1_108' title="bbox 2100 5668 2669 5731">
     <span class='ocr_line' id='line_1_108' title="bbox 2100 5668 2669 5731; baseline 0 -1"><span class='ocrx_word' id='word_1_770' title='bbox 2100 5668 2298 5730; x_wconf 67' lang='lat' dir='ltr'><strong>Varia)</strong></span> <span class='ocrx_word' id='word_1_771' title='bbox 2339 5668 2669 5731; x_wconf 89' lang='lat' dir='ltr'><strong>lectiones.</strong></span> 
     </span>
    </p>
   </div>
   <div class='ocr_carea' id='block_1_109' title="bbox 701 5756 2254 5830">
    <p class='ocr_par' dir='ltr' id='par_1_109' title="bbox 701 5756 2254 5830">
     <span class='ocr_line' id='line_1_109' title="bbox 701 5756 2254 5830; baseline 0.005 -16"><span class='ocrx_word' id='word_1_772' title='bbox 791 5761 868 5830; x_wconf 76' lang='grc' dir='ltr'><strong>(ι)</strong></span> <span class='ocrx_word' id='word_1_773' title='bbox 889 5762 1112 5819; x_wconf 77' lang='lat' dir='ltr'><strong>Videtur</strong></span> <span class='ocrx_word' id='word_1_774' title='bbox 1141 5758 1384 5822; x_wconf 80' lang='lat' dir='ltr'><strong>nonnihil</strong></span> <span class='ocrx_word' id='word_1_775' title='bbox 1415 5767 1668 5822; x_wconf 85' lang='lat' dir='ltr'><strong>aberrare</strong></span> <span class='ocrx_word' id='word_1_776' title='bbox 1709 5770 1773 5822; x_wconf 85' lang='lat' dir='ltr'><strong>ab</strong></span> <span class='ocrx_word' id='word_1_777' title='bbox 1798 5771 2041 5824; x_wconf 87' lang='lat' dir='ltr'><strong>auctoris</strong></span> <span class='ocrx_word' id='word_1_778' title='bbox 2070 5785 2254 5822; x_wconf 70' lang='lat' dir='ltr'><strong>sen~u.</strong></span> 
     </span>
    </p>
   </div>
   <div class='ocr_carea' id='block_1_110' title="bbox 717 5829 2262 5907">
    <p class='ocr_par' dir='ltr' id='par_1_110' title="bbox 717 5829 2262 5907">
     <span class='ocr_line' id='line_1_110' title="bbox 717 5829 2262 5907; baseline 0.006 -23"><span class='ocrx_word' id='word_1_779' title='bbox 717 5829 906 5888; x_wconf 60' lang='lat' dir='ltr'><strong>Grut:</strong></span> <span class='ocrx_word' id='word_1_780' title='bbox 937 5835 1255 5906; x_wconf 84' lang='lat' dir='ltr'><strong>simpliciter</strong></span> <span class='ocrx_word' id='word_1_781' title='bbox 1286 5855 1300 5890; x_wconf 88' lang='lat'><strong>:</strong></span> <span class='ocrx_word' id='word_1_782' title='bbox 1341 5837 1590 5898; x_wconf 81' lang='lat' dir='ltr'><strong><em>Homines</em></strong></span> <span class='ocrx_word' id='word_1_783' title='bbox 1624 5854 1742 5893; x_wconf 78' lang='lat' dir='ltr'><strong><em>vero</em></strong></span> <span class='ocrx_word' id='word_1_784' title='bbox 1796 5840 1884 5907; x_wconf 82' lang='lat' dir='ltr'><strong>qui</strong></span> <span class='ocrx_word' id='word_1_785' title='bbox 1911 5841 2137 5892; x_wconf 69' lang='lat' dir='ltr'><strong>caelestia</strong></span> <span class='ocrx_word' id='word_1_786' title='bbox 2177 5856 2262 5893; x_wconf 77' lang='lat' dir='ltr'><strong>sa-</strong></span> 
     </span>
    </p>
   </div>
   <div class='ocr_carea' id='block_1_111' title="bbox 2370 5768 3913 5842">
    <p class='ocr_par' dir='ltr' id='par_1_111' title="bbox 2370 5768 3913 5842">
     <span class='ocr_line' id='line_1_111' title="bbox 2370 5768 3913 5842; baseline 0.001 -23"><span class='ocrx_word' id='word_1_787' title='bbox 2370 5772 2514 5839; x_wconf 77' lang='lat' dir='ltr'><strong>piunt</strong></span> <span class='ocrx_word' id='word_1_788' title='bbox 2549 5773 2776 5840; x_wconf 84' lang='lat' dir='ltr'><strong>(gratias</strong></span> <span class='ocrx_word' id='word_1_789' title='bbox 2810 5780 2969 5839; x_wconf 78' lang='lat' dir='ltr'><strong>agent</strong></span> <span class='ocrx_word' id='word_1_790' title='bbox 3001 5771 3128 5842; x_wconf 84' lang='lat' dir='ltr'><strong>veo)</strong></span> <span class='ocrx_word' id='word_1_791' title='bbox 3163 5771 3212 5824; x_wconf 85' lang='lat' dir='ltr'><strong>in</strong></span> <span class='ocrx_word' id='word_1_792' title='bbox 3238 5768 3473 5826; x_wconf 84' lang='lat' dir='ltr'><strong>Ecclesia</strong></span> <span class='ocrx_word' id='word_1_793' title='bbox 3505 5784 3803 5828; x_wconf 68' lang='lat' dir='ltr'><strong>sanctorum</strong></span> <span class='ocrx_word' id='word_1_794' title='bbox 3832 5769 3913 5836; x_wconf 64' lang='lat' dir='ltr'><strong>qui</strong></span> 
     </span>
    </p>
   </div>
   <div class='ocr_carea' id='block_1_112' title="bbox 2370 5844 3026 5896">
    <p class='ocr_par' dir='ltr' id='par_1_112' title="bbox 2370 5844 3026 5896">
     <span class='ocr_line' id='line_1_112' title="bbox 2370 5844 3026 5896; baseline 0 -2"><span class='ocrx_word' id='word_1_795' title='bbox 2370 5845 2540 5894; x_wconf 74' lang='lat' dir='ltr'><strong>adhuc</strong></span> <span class='ocrx_word' id='word_1_796' title='bbox 2570 5845 2623 5896; x_wconf 84' lang='lat' dir='ltr'><strong>in</strong></span> <span class='ocrx_word' id='word_1_797' title='bbox 2663 5854 2803 5894; x_wconf 78' lang='lat' dir='ltr'><strong>terra</strong></span> <span class='ocrx_word' id='word_1_798' title='bbox 2831 5844 3026 5894; x_wconf 81' lang='lat' dir='ltr'><strong>vivunt.</strong></span> 
     </span>
    </p>
   </div>
  </div>
