4112 6322
250 232 370 294 905
1407 228 1786 288 COMMENT.
1826 228 1905 288 IN
1945 227 2074 285 PSA
2086 227 2301 287 LMOS.
3365 214 3472 281 906

257 343 424 405 ζεται
467 341 559 394 καὶ
597 342 845 410 ὑμνεῖται
887 342 915 395 ὖ
943 340 1096 405 Θεός,
1129 341 1266 408 Φησὶ
1292 340 1489 411 τοίνυν,
1532 315 1613 392 ὅτι
1644 341 1671 393 ὁ
1693 339 1822 403 Θεὸς

1933 349 2244 395 sanctorum
2291 337 2624 406 gloriﬁcatur
2666 343 2719 390 et
2751 335 3004 388 laudatur
3038 333 3202 385 Deus.
3246 329 3335 383 Ait
3375 315 3474 398 ἰεί-

257 433 682 501 ἒνδοξαζόμενος
746 434 884 502 αὐτῇ
939 434 1110 500 μέγας
1176 430 1269 484 καὶ
1303 430 1532 500 φοϐερός
1567 432 1680 482 ἐστι
1711 431 1824 491 τοῖς

1933 444 2041 496 tur,
2085 433 2229 501 quod
2259 430 2409 492 Dens
2434 429 2488 481 in
2519 428 2609 480 illa
2635 425 3076 496 congregatione,
3117 431 3172 478 et
3200 420 3475 490 gIOriIica-

259 527 488 595 ἁγίοις·
529 523 672 582 οὗτοι
729 527 838 597 γὰρ
893 525 1051 596 πέριξ
1116 525 1280 577 αὑτοῦ
1325 525 1723 594 πλησιάσαντες
1757 523 1824 575 δι’

255 617 596 680 οἰκειώσεως
624 617 854 685 ἀρετῶνο
886 617 1061 685 μέγας
1089 615 1144 667 δὲ
1171 617 1264 668 καὶ
1281 613 1503 684 φοϐερὸς
1525 610 1722 676 αὐτοῖς,
1754 615 1828 676 ὡς

1933 612 2097 666 abiis
2151 611 2385 670 sanctis.
2435 609 2528 676 qui
2591 608 3017 675 circumquaque
3070 619 3163 672 per
3221 605 3479 655 virtutum

259 708 519 778 ἀκριϐῶς
546 709 930 777 ἐπισταμένοις
959 706 1057 776 τὴν
1091 709 1367 780 ὑπεροχὴν
1392 709 1577 762 αὐτοῦ.
1615 708 1828 775 Ἀγίους

1933 703 2294 772 adeptionem
2317 702 2368 757 ei
2404 702 2828 770 pr0pinquiores
2855 699 3009 753 liunt.
3037 696 3263 766 Magnus
3304 705 3482 746 autem

255 797 326 850 δὲ
371 797 596 867 λέγομεν
652 801 747 850 καὶ
800 797 900 860 τὰς
948 799 1233 868 οὐρανίους
1274 797 1550 865 δυνάμεις,
1601 799 1657 850 αἲ
1702 799 1828 866 περὶ

1933 804 1985 848 et
2019 793 2294 848 timendus
2327 802 2412 846 est
2441 791 2584 846 Deus
2617 792 2702 845 his
2750 791 2978 852 sanctis,
3013 790 3139 857 quia
3172 787 3317 839 illius
3347 787 3483 838 cmi-

256 888 405 943 Θεὸν
427 891 624 961 ὁμοίως
669 889 832 944 είσίν.

1933 885 2173 936 nentiam
2208 897 2270 935 ac
2304 883 2601 951 potentiam
2632 881 2836 948 optime
2860 888 3215 948 cognoscunt.
3240 878 3339 931 Per
3362 893 3485 930 anno

1935 983 2055 1027 ctos
2091 974 2255 1027 etiam
2315 972 2566 1026 t-aslestes
2615 970 2847 1040 intelligi
2906 976 3138 1039 possunt
3176 976 3489 1064 ipotestates

1935 1079 2058 1132 qua:
2087 1077 2303 1130 semper
2319 1063 2464 1122 circa
2488 1076 2611 1116 eum
2642 1069 2790 1115 sunt.

1927 531 2040 585 tus,
2069 531 2124 576 et
2160 535 2390 588 magnus
2418 531 2522 582 est,
2553 528 2606 572 et
2632 518 2908 580 terribilis,
2939 516 3039 569 hoc
3065 527 3172 575 est,
3206 512 3480 566 timendus

274 1150 491 1227 Ἑτέρα
539 1151 822 1221 ἑρμηνεία
857 1154 944 1218 εις
973 1154 1042 1205 τό
1070 1170 1082 1182 °
1112 1153 1320 1216 Πάντας
1349 1155 1474 1216 τοὺς
1497 1152 1626 1222 περὶ
1653 1151 1836 1218 κύκλῳ

963 1243 1154 1297 αὐτοῦ.

353 1325 415 1386 Ὅ
448 1335 817 1404 κυκλούμενος
849 1335 1078 1388 ἐνώπιον
1110 1335 1201 1386 καὶ
1235 1335 1408 1387 ὀπίσω
1437 1334 1531 1386 καὶ
1587 1335 1644 1386 ἐν
1691 1332 1838 1403 δεξιᾷ

263 1428 372 1503 τεαὶ
401 1428 460 1480 ιν
492 1429 758 1498 ἀριστερᾷ
811 1428 928 1498 ἔχει
955 1429 1082 1489 τοὺς
1118 1419 1455 1490 ’κυκλοῦντας
1483 1410 1644 1478 αυτόν
1670 1443 1682 1455 ·
1717 1428 1838 1477 ἐπεὶ

263 1518 452 1570 τοίνυν
479 1520 571 1570 καὶ
593 1519 621 1570 ὁ
641 1518 774 1596 Θεὸς
797 1518 910 1586 ἔχει
937 1505 1062 1579 τοὺς
1082 1516 1410 1577 κυκλοῦντας
1445 1516 1608 1568 αὐτὸν
1625 1513 1838 1582 evapo-

264 1627 436 1675 πους,
489 1609 663 1662 ὀπίσω
700 1609 800 1678 μὲν
843 1608 1231 1678 ὑποληψόμεθα
1274 1607 1400 1670 τοὺς
1442 1607 1528 1660 διὰ
1579 1606 1678 1675 τῆς
1701 1622 1841 1675 πρα-

1935 1154 2053 1207 Alia
2076 1153 2512 1221 interpretationi
2541 1169 2604 1207 ea
2635 1155 2811 1206 verba:
2838 1149 3041 1206 Omnes
3063 1152 3155 1220 qui
3184 1152 3237 1205 in
3256 1151 3487 1204 circuitu

2567 1244 2687 1312 ejus
2716 1253 2866 1298 sunt.

2007 1333 2299 1405 [Legimus
2327 1334 2494 1387 etiam
2531 1335 2673 1403 apud
2705 1343 2959 1388 sanctum
3003 1333 3319 1412 Saximum]
3349 1334 3491 1405 quod

1924 1426 2030 1480 ille
2060 1426 2261 1480 dicitur
2287 1421 2686 1492 circumdatus,
2717 1426 2809 1494 qui
2839 1441 3045 1500 coram,
3078 1437 3244 1487 retro,
3271 1428 3334 1479 ad
3360 1425 3494 1506 dex~

1940 1523 2138 1575 teram,
2175 1524 2343 1584 atque
2381 1515 2450 1568 ad
2482 1515 2788 1580 sinistram,
2841 1517 3058 1586 aliquos
3097 1515 3252 1586 quasi
3304 1515 3358 1568 in
3389 1517 3496 1571 cir-

1941 1607 2067 1660 culo
2095 1605 2279 1659 habet.
2307 1605 2578 1670 Quoniam
2631 1606 2797 1674 igitur
2827 1607 2967 1661 Deus
3009 1606 3064 1660 in
3112 1607 3343 1660 Circuitu
3393 1620 3494 1660 suo

262 1699 469 1769 κτικῆς
511 1699 716 1769 άρετῆς
758 1698 1186 1760 ἀκολουθοῦντας
1229 1697 1407 1766 αὐτῷ,
1489 1697 1547 1748 ιν
1575 1696 1828 1765 ἀριστερᾷ

1943 1693 2145 1746 habere
2184 1696 2385 1748 multos
2413 1695 2616 1748 dicitur
2656 1695 2906 1765 quicum
2936 1696 3277 1750 circumdant
3309 1714 3323 1748 :
3351 1695 3501 1750 retro"

262 1788 329 1842 δὲ
375 1790 501 1853 τοὺς
543 1791 640 1857 την
673 1789 912 1857 φυσικὴν
938 1788 1171 1858 θεωρίαν
1205 1788 1590 1856 πνευματικῶς
1628 1801 1828 1853 κατορ-

263 1881 538 1944 θοῦντας*
564 1883 699 1951 φησὶ
730 1886 839 1952 γὰρ
875 1883 1004 1950 περὶ
1042 1881 1143 1951 τῆς
1177 1881 1369 1948 σοφίας
1421 1881 1454 1947 ἡ
1490 1878 1598 1930 τῶν
1635 1878 1834 1946 Παροι-

269 1971 418 2040 μιῶν
447 1971 626 2040 βίϐλος
648 1987 663 2001 °
697 1971 800 2025 Ἐν
829 1971 898 2023 δὲ
925 1970 1002 2038 τῇ
1034 1968 1316 2041 ἀριστερᾷ
1342 1968 1531 2035 αὐτῆς
1581 1968 1838 2032 πλοῦτος

265 2059 373 2114 καὶ
401 2059 572 2125 δόξα.
613 2063 702 2116 Ἐν
727 2061 786 2114 δὲ
815 2065 880 2132 τῇ
908 2061 1059 2131 δεξιᾷ
1093 2061 1189 2114 τοῦ
1231 2059 1364 2112 Θεοῦ
1408 2059 1646 2128 νοηθείεν
1678 2057 1746 2110 ἂν
1787 2057 1836 2108 οἱ

268 2150 525 2219 καθαράν
575 2152 838 2221 αίσθητῆς
879 2153 1181 2220 φαντασίας
1214 2151 1494 2220 δεχόμενοι
1543 2150 1641 2217 τὴν
1675 2147 1833 2200 άῦλον

265 2237 477 2304 γνῶσιν
547 2242 643 2291 καὶ
697 2239 929 2312 θεωρίαν
990 2241 1095 2294 τῶν
1145 2239 1348 2310 νοητῶν
1384 2257 1400 2275 ο
1473 2240 1575 2293 Ἕν
1603 2229 1710 2306 γᾶρ
1759 2237 1832 2302 τῇ

264 2325 467 2393 δεξιᾷ,
509 2329 695 2401 φησιν,
721 2329 909 2396 αὐτῆς
943 2331 1046 2397 ἔτη
1070 2329 1219 2397 ζωῆς
1240 2347 1253 2360 ο
1288 2327 1517 2382 ἐνώπιον
1564 2328 1622 2380 δὲ
1665 2328 1714 2377 ol
1747 2325 1834 2378 διὰ

269 2416 504 2486 σφοδρὸν
545 2418 726 2494 ἔρωτα
779 2418 872 2471 τοῦ
925 2419 1071 2472 θείου
1121 2419 1352 2482 κάλλους
1396 2415 1706 2487 ἀξιούμενοι
1735 2413 1836 2481 τῆς

269 2509 568 2578 πρόσωπον
615 2511 750 2582 πρὸς
797 2513 1091 2583 πρόσωπον
1127 2511 1499 2574 ἀπολαύσεως,
1545 2509 1640 2562 καὶ
1683 2505 1834 2560 θεούο

163 2596 170 2602 ”
271 2615 452 2664 μενοι.

1941 1785 2158 1852 quidem
2188 1799 2287 1838 eos
2318 1800 2444 1839 esse
2499 1785 2881 1854 intelligimus,
2943 1789 3036 1856 qui
3095 1805 3190 1860 per
3237 1791 3492 1844 virtutem

1943 1874 2092 1926 illam
2123 1889 2246 1927 eum
2286 1886 2615 1942 sequuntur,
2659 1893 2779 1945 quae
2827 1880 3181 1946 adactimics
3215 1881 3448 1948 pertinet
3479 1900 3495 1937 :

1943 1966 2008 2019 ad
2044 1965 2328 2019 sinistram
2367 1980 2499 2022 vero
2550 1968 2695 2033 illos,
2749 1971 2842 2037 qui
2893 1971 3199 2024 naturalem
3261 1972 3500 2036 philoso-

1945 2056 2129 2123 phiam
2161 2056 2404 2124 dirigunt
2437 2058 2502 2109 ad
2549 2059 2857 2126 spiritualia
2891 2076 2906 2120 ;
2945 2061 3012 2112 de
3056 2049 3321 2128 sapientia
3349 2063 3494 2117 enim

1937 2148 1992 2200 in
2025 2147 2449 2201 Proverbiorum
2482 2149 2619 2204 libro
2650 2151 2852 2204 dicitur
2880 2169 2893 2205 :
2926 2150 2990 2203 In
3013 2153 3231 2205 sinistra
3264 2155 3376 2220 ejus
3410 2156 3481 2206 di-

1937 2238 2160 2292 ritiwet
2190 2238 2367 2305 gloria
2391 2238 2456 2293 δ’.
2487 2239 2568 2292 Ad
2609 2239 2885 2292 dexteram
2917 2240 3086 2294 etiam
3139 2239 3234 2297 Dei
3264 2257 3385 2296 esse
3415 2243 3490 2297 illi

1941 2329 2279 2398 intelligendi
2314 2338 2471 2392 sunt,
2505 2332 2600 2398 qui
2630 2332 3069 2390 immaterialium
3112 2340 3273 2400 atque
3300 2333 3458 2386 invisi
3480 2363 3494 2373 -

1939 2417 2131 2470 bilium
2174 2433 2355 2470 rerum
2392 2419 2762 2487 cognitionem
2797 2420 2864 2472 ab
2887 2421 3034 2473 omni
3063 2421 3306 2474 sensibili
3331 2431 3493 2491 atque

1937 2506 2150 2560 carnali
2184 2508 2570 2573 phantasmate
2605 2524 2797 2578 puram
2843 2525 2905 2563 ac
2955 2511 3209 2566 mundam
3245 2528 3494 2582 suscepe.

1937 2603 2065 2649 runt
2103 2613 2117 2648 :
2153 2593 2220 2648 1η
2250 2597 2466 2649 dextera
2496 2597 2666 2660 enim,
2707 2598 2903 2665 inquit,
2944 2599 3058 2664 ejus
3102 2602 3226 2652 anni
3258 2603 3372 2654 vita:
3405 2603 3489 2658 “1

264 2703 459 2742 coram
491 2689 602 2762 Deo
661 2692 825 2744 etiam
892 2691 1017 2746 illos
1094 2705 1218 2746 esse
1273 2689 1541 2750 dicemus,
1599 2683 1690 2754 qui
1771 2683 1842 2737 ob
1910 2681 2235 2735 immensum
2308 2682 2512 2735 divinae
2571 2684 2994 2752 pulchritudinis
3055 2702 3292 2744 amorem
3345 2691 3489 2758 digni

268 2777 448 2858 euecti
479 2789 626 2846 sunt,
674 2793 730 2835 ut
761 2791 1021 2852 perpetuo
1053 2783 1143 2836 Dei
1175 2781 1431 2837 fruantur
1484 2783 1804 2848 conspectu,
1845 2770 1984 2827 facie
2009 2771 2078 2827 ad
2111 2772 2307 2828 faciem
2384 2773 2538 2826 illum
2612 2773 2907 2841 intuentes,
2986 2785 3039 2832 et
3090 2779 3490 2847 quodammodo

272 2868 381 2940 ipsi
411 2871 616 2937 pariter
654 2872 832 2928 eﬂ‘ecti
864 2874 958 2929 dii.

346 2964 523 3030 Κύριε
559 2964 592 3016 ό
613 2965 754 3031 Θεὸς
776 2961 894 3017 τῶν
923 2964 1254 3035 δυνάμεων.
1287 2964 1515 3036 Εἴρηται
1541 2965 1600 3015 ἐν
1632 2961 1709 3028 τῷ
1739 2975 1816 3026 πγ

270 3051 497 3123 ψαλμᾴ

2009 2953 2174 3007 Vsns.
2203 2952 2255 3006 9.
2282 2951 2504 3006 Domine
2534 2952 2674 3005 Deus
2692 2953 2961 3006 virtutum.
2986 2952 3301 3025 lIujusmodi
3326 2966 3484 3020 verba

1938 3040 2367 3111 esposuimusin
2403 3042 2608 3108 psalmo
2642 3055 2864 3096 anxnt.

343 3142 446 3210 Τις
477 3144 675 3212 ὅμοιός
715 3158 861 3211 σοις
895 3176 963 3185 -
997 3148 1092 3213 Τίς
1118 3148 1316 3216 ὅμοιος
1353 3161 1484 3212 σοι,
1517 3145 1828 3215 συνεχέστε-

2012 3129 2139 3193 Quis
2170 3130 2362 3183 similis
2395 3130 2533 3182 tibi?
2567 3130 2914 3199 (Ilujusmodi
2963 3133 3126 3187 etiam
3167 3140 3482 3196 sententiam

272 3252 368 3303 ρον
399 3236 639 3313 ἐπιλέγει
683 3237 783 3289 οὐκ
813 3237 1056 3304 ἐρωτῶν,
1102 3238 1217 3289 ἀλλ’
1245 3237 1705 3307 ἐκπληττόμενος,
1738 3234 1828 3287 καὶ

1937 3221 2131 3274 crebro
2166 3220 2412 3276 invenies
2452 3221 2593 3288 apud
2634 3221 2851 3274 beatum
2883 3222 3096 3290 David.)
3125 3223 3270 3280 Dicta
3303 3243 3482 3286 autem

269 3328 333 3379 τὸ
361 3327 757 3411 άπαοάϐλητον
783 3327 950 3381 αὐτοῦ
979 3329 1248 3382 διδάσκων
1270 3330 1442 3396 ἡμᾶς.

342 3589 607 3656 ιυγατὸς
673 3584 748 3653 al,
809 3588 1005 3655 Κύριε.
1066 3586 1300 3650 Δυθατὸς
1330 3590 1572 3655 ποιῆσαι,
1592 3589 1627 3639 ἃ.
1657 3589 1828 3653 ἑπαγ-

271 3678 436 3752 τάλλῃ
453 3694 470 3709 ⁶
497 3681 591 3733 καὶ
618 3678 856 3732 πιστεύω
878 3678 1082 3744 λοιπὸν,
1108 3678 1191 3731 δτι
1213 3679 1548 3748 γενήσονται.

339 3860 451 3912 Κα.
507 3858 548 3925 ἠ
585 3855 838 3920 ἀλήθειά
869 3870 986 3910 σου
1039 3856 1250 3922 κύκλῳ
1279 3871 1415 3909 σου.
1462 3854 1537 3908 Οὐ
1591 3856 1749 3924 μόνον
1777 3850 1829 3908 εί

266 3935 514 4011 δυνατὸς,
537 3949 672 4001 ἀλλὰ
704 3947 796 4001 καὶ
824 3946 1032 4017 ἀληθής
1055 3961 1073 3980 ⁶
1104 3947 1199 4000 καὶ
1234 3946 1390 4014 δίκην
1432 3945 1647 4014 ἱματίου
1673 3947 1825 4016 περί-

268 4036 533 4106 σὲὄλησαι
563 4026 662 4104 τὴν
686 4023 968 4106 άλήθειαν,
1019 4023 1114 4090 καὶ
1142 4035 1337 4104 κύκλῳ-
1361 4051 1454 4088 σου
1483 4029 1635 4097 οὖσα,
1674 4034 1824 4087 οὐδέ-

268 4127 398 4179 ποτέ
461 4143 555 4199 σου
594 4120 889 4195 ἀφίσταται
922 4133 955 4157 ·’
983 4117 1236 4196 ἐμφαίνει
1281 4125 1340 4178 δὲ
1392 4123 1566 4184 τοῦτο,
1608 4125 1690 4178 ὅτι
1736 4124 1823 4178 ἀεὶ

268 4216 576 4288 άληθεύεις.

331 4309 418 4362 Σὺ
449 4290 755 4374 dediticiam
785 4308 890 4362 τοῦ
915 4309 1170 4375 κράτους
1196 4308 1311 4376 ,τῆς
1343 4307 1680 4374 θαλάσσης,
1715 4310 1821 4362 τὸν

263 4397 328 4450 δὲ
362 4391 560 4452 σάλον
582 4389 996 4468 τῶνκυμάτων
1031 4390 1220 4464 αὐτῆς
1246 4391 1328 4452 σὺ
1366 4400 1813 4466 καταπραΰνεις.

1935 3323 2066 3366 sunt
2125 3327 2231 3366 non
2290 3321 2348 3365 ut
2407 3313 2790 3383 interrogaret,
2853 3317 2945 3369 scd
3003 3319 3169 3373 veluti
3230 3320 3483 3393 obstupe-

1933 3416 2115 3466 scens,
2155 3410 2337 3456 utnos
2371 3402 2474 3457 hoc
2516 3414 2676 3472 pacto
2714 3405 2859 3459 illius
2895 3407 3479 3478 incomparabilitatem

1930 3491 2172 3548 doceret.

2005 3582 2197 3637 Potens
2223 3600 2304 3647 es,
2332 3582 2575 3639 Domine.
2610 3584 2680 3640 Ut
2711 3587 2904 3651 facias,
2935 3605 3054 3656 quae
3082 3591 3353 3659 pollicitus
3400 3611 3482 3663 es,

1931 3673 2076 3728 unde
2121 3673 2287 3728 etiam
2346 3681 2510 3730 credo
2564 3684 2616 3731 te
2661 3679 2844 3732 omnia
2899 3680 3156 3752 deinceps
3210 3685 3481 3753 perfectu-

1929 3779 2072 3817 rum.

2002 3854 2071 3908 Et
2103 3858 2290 3910 veritas
2312 3865 2403 3909 tua
2443 3858 2496 3910 in
2526 3857 2751 3911 circuitu
2794 3869 2902 3914 tuo.
2931 3861 3054 3916 Non
3074 3863 3248 3919 solum
3282 3879 3477 3936 potens

1927 3964 2008 4012 es,
2047 3948 2142 4002 sed
2182 3963 2350 4003 verax
2391 3949 2578 4018 etiam.
2617 3950 2907 4007 Veritatem
2974 3955 3118 4009 enim
3173 3958 3392 4016 indutus
3417 3977 3478 4017 es

1927 4036 2104 4092 instar
2131 4039 2308 4093 vestis
2332 4074 2348 4100 ,
2394 4053 2514 4106 qua:
2562 4036 2988 4111 circumquaque
3025 4059 3091 4099 ex
3130 4047 3276 4100 omni
3326 4062 3477 4118 parte

1927 4128 2201 4182 hominem
2231 4129 2411 4197 operit
2446 4146 2460 4182 :
2489 4145 2612 4198 quae
2646 4132 2811 4186 verba
2846 4132 2979 4188 illud
3032 4136 3285 4192 videntur
3327 4139 3475 4194 ludi-

1925 4233 2073 4282 care,
2107 4219 2251 4287 quod
2278 4221 2420 4275 Deus
2443 4236 2658 4289 semper
2696 4237 2856 4278 verax
2888 4233 2994 4279 est.
3207 4281 3210 4284 ,

2013 4307 2181 4364 Vens.
2218 4309 2305 4362 IO.
2338 4309 2409 4382 Tu
2439 4311 2736 4366 dominaris
2766 4317 3011 4380 potestati
3042 4333 3225 4381 maris,
3279 4334 3472 4375 motum

1925 4410 2100 4453 autem
2134 4401 2392 4470 [luctuum
2419 4403 2532 4471 ejus
2564 4413 2620 4458 tu
2674 4407 2907 4473 mitigas.
2934 4407 3259 4462 Potestatem
3307 4415 3471 4467 maris

269 4490 485 4557 Κράτος
519 4484 791 4559 θαλάσσης
837 4491 871 4558 ἠ
912 4489 1002 4559 βία
1048 4491 1156 4544 τῶν
1204 4492 1460 4560 κυμάτων
1507 4491 1694 4558 αὐτῆς.
1744 4490 1814 4541 Σὺ

1933 4492 2194 4549 undarum
2221 4493 2536 4547 violentiam
2583 4497 2840 4564 appellat.
2895 4495 2972 4549 Tu
3007 4508 3061 4552 et
3087 4504 3468 4570 procellarum,

262 4577 562 4646 δεσπόζεις,
599 4581 747 4650 φησὶ,
794 4582 886 4634 καὶ
926 4577 1023 4651 τῆς
1063 4583 1306 4653 ταραχῆς
1349 4581 1532 4650 αὐτῆς,
1580 4582 1672 4635 καὶ
1721 4582 1816 4650 τῆς

1923 4582 2120 4650 inquit,
2162 4590 2218 4636 et
2246 4585 2664 4652 tranquillitatis
2692 4588 2978 4655 imperium
3015 4593 3068 4643 in
3103 4593 3236 4644 mari
3278 4596 3464 4650 habes.

267 4673 526 4742 γαλήνης,
560 4675 654 4724 καὶ
682 4673 746 4724 σὺ
786 4674 944 4725 τοῦτο
971 4661 1188 4726 κάκεῖνο
1220 4675 1410 4735 ποιεῖς.
1443 4673 1649 4739 Ὥσπερ
1673 4671 1728 4722 δὲ
1760 4673 1816 4722 ὲν

1933 4671 1986 4725 Et
2037 4673 2495 4741 quemadmodum
2551 4675 2607 4729 in
2665 4678 2872 4745 psalmo
2922 4694 3110 4743 ιιιιιιι,
3169 4682 3360 4754 Deum
3402 4687 3467 4736 ab

266 4762 339 4829 τῷ
367 4762 450 4829 ογ*
479 4762 674 4832 ψαλμῷ
703 4765 976 4834 ἀνύμνησε
1003 4764 1092 4817 τὸν
1117 4765 1244 4816 Θεὸν
1263 4765 1370 4816 ἀπὸ
1395 4765 1502 4816 τῶν
1523 4763 1819 4832 μεγαλουρ-

270 4853 529 4920 γημάτων
565 4852 746 4917 αὑτοῦ,
774 4851 942 4904 εἰπών
966 4868 979 4881 ο
999 4854 1069 4906 Σὺ
1103 4854 1362 4923 ἐποίησας
1387 4852 1506 4904 τάδε
1528 4851 1622 4903 καὶ
1652 4851 1778 4905 τάδε
1799 4865 1814 4881 ο

269 4941 406 4996 οὕτω
446 4943 541 4996 καὶ
567 4945 658 4996 ἐπὶ
685 4942 777 5009 τοῦ
805 4944 1089 5014 παρόντος.
1698 4940 1707 4949 ’

338 5037 421 5088 Σὺ
452 5034 855 5092 ἐταπεινωας
883 5035 961 5101 ὡς
1001 5035 1366 5103 τραυματίαν
1406 5047 1806 5102 υπερηφανον.

272 5125 546 5195 Δισθητῶς
585 5125 683 5195 μὲν
725 5127 899 5178 πάντα
939 5119 1281 5195 ὑπερήφανον
1328 5124 1608 5194 ἄνθρωπον
1635 5140 1647 5152 ·
1690 5127 1804 5178 Κύ-

264 5232 384 5282 ριος
418 5217 542 5284 γὰρ,
571 5211 760 5286 φησιν,
790 5217 1194 5284 ὑπερηφάνοις
1206 5216 1621 5270 ἀντιτάσσεται
1645 5233 1656 5247 ·
1686 5234 1811 5285 νοη-

1920 4763 2256 4818 admirandis
2311 4765 2432 4833 ejus
2501 4768 2761 4835 operibus
2815 4768 3054 4824 laudavit
3104 4772 3293 4828 dicens
3332 4793 3344 4826 :
3386 4774 3464 4827 Tu

1923 4852 2036 4906 haec
2093 4860 2259 4922 atque
2311 4854 2404 4908 illa
2443 4854 2664 4921 fecisti,
2719 4859 2790 4911 ita
2845 4861 3006 4913 etiam
3060 4865 3170 4931 agit
3224 4864 3277 4916 in
3332 4880 3468 4934 pra:-

1919 4942 2078 4995 senti.

1991 5031 2152 5087 Vsas.
2190 5034 2273 5090 II.
2313 5034 2388 5087 Tu
2418 5035 2713 5091 humiliasti
2741 5041 2875 5094 sicut
2903 5023 3248 5109 rulneratum,
3287 5062 3467 5114 supcr-

1920 5125 2060 5176 bum.
2092 5123 2261 5178 Juxta
2292 5125 2535 5180 historiae
2563 5145 2807 5193 sensum,
2842 5147 3056 5186 omnem
3080 5136 3371 5202 superbum
3402 5152 3468 5190 ac

1921 5220 2267 5273 temerarium
2303 5220 2577 5277 hominem
2608 5223 2867 5293 intellige.
2906 5226 3161 5282 Dominus
3193 5233 3360 5292 enim,
3387 5234 3466 5284 ιιι.

272 5305 373 5367 τῶς
409 5308 467 5360 δὲ
508 5307 596 5360 τὸν
638 5307 901 5371 διάϐολον,
953 5309 1538 5377 ὑπερηφανευοάμενον
1563 5344 1578 5369 ,
1613 5306 1703 5358 καὶ
1729 5307 1817 5359 διὰ

1933 5309 2056 5376 luit,
2111 5309 2308 5361 resistit
2372 5311 2600 5376 superbis
2641 5314 2709 5366 ".
2746 5315 2939 5369 Verum
2997 5319 3160 5372 altius
3215 5324 3462 5375 conside-

272 5393 423 5449 τοῦτο
467 5397 872 5470 καταϐληθέντα
901 5419 914 5433 ·
970 5400 1044 5463 ὡς
1084 5400 1426 5469 τραυματίαν
1465 5398 1540 5458 δὲ,
1589 5397 1718 5450 διότι
1767 5400 1816 5450 οἱ

1933 5399 2111 5463 'ando,
2141 5415 2235 5470 per
2284 5404 2611 5470 superbum,
2645 5410 2818 5478 ipsum
2849 5409 3128 5465 daemon-“-
3204 5413 3455 5480 ἕκτης-κερ,

341 5575 578 5631 "Prov.
642 5594 722 5639 ιιι,
785 5579 868 5633 I6.
945 5580 988 5609 "
1033 5578 1163 5633 Ibid.
1243 5580 1284 5612 ⁸¹
1307 5579 1461 5633 Prov.
1499 5593 1576 5630 ill.
1615 5578 1716 5638 ’ὀιέ
1754 5578 1868 5634 Jac.
1913 5594 1984 5646 IV,
2016 5581 2071 5633 6ο

582 5673 850 5734 ΡΑτιιοι..
883 5676 970 5735 Gn
985 5721 998 5734 .
1035 5675 1363 5735 CXXVIII.
