4112 6322
829 332 931 397 931

2015 333 2395 394 summa
2435 298 2790 395 ZIGABENI
3920 331 4007 393 εει

834 451 932 504 νει.
972 448 1022 495 et
1051 446 1275 494 arescat.
1306 438 1426 494 Haec
1457 441 1636 493 omnia
1674 438 1741 493 ad
1790 438 2017 493 celerem
2069 439 2247 494 herba:
2297 441 2379 493 in-

2477 442 2792 505 ἀποπέσοι,
2821 424 3256 506 σδιλτψυνίῑιείη¹
3301 437 3398 491 καὶ
3443 438 3781 505 ξηρανθείη.
3838 440 4007 494 ταῦτα

836 534 1055 585 teritum
1092 529 1418 597 referuntur,
1441 546 1559 599 quae
1580 526 1736 584 mane
1765 529 1977 599 quidem
2010 531 2113 585 diei
2138 529 2370 593 ﬂorebit,

834 632 888 676 et
920 622 1263 691 pertransibit
1294 636 1322 674 a
1360 620 1512 687 ﬂore,
1541 630 1594 676 et
1617 636 1840 689 vespere
1863 621 2070 676 decidet
2096 661 2111 684 ,
2144 624 2245 675 hoc
2271 632 2371 682 est,

837 714 993 766 cadet
1021 714 1073 765 in
1104 721 1298 765 terram
1340 727 1354 762 :
1389 718 1551 778 atque
1581 709 1654 762 ita
1678 718 2000 778 consumpto
2030 724 2095 764 eo
2122 709 2370 771 humore,

834 817 991 871 quem
1021 810 1177 854 antea
1197 801 1444 862 habebat,
1466 799 1785 854 obdurescet
1801 808 1959 867 atque
1986 796 2369 854 exsiccabitur.

832 891 1021 945 Omnia
1050 891 1193 944 enim
1230 889 1342 941 [me
1371 890 1529 942 verba
1555 889 1676 943 licet
1697 890 1931 956 optantis
1979 888 2194 941 modum
2246 888 2370 940 reti-

833 990 1018 1044 neant,
1053 982 1105 1033 in
1136 980 1301 1033 futuri
1339 989 1514 1033 tamen
1566 976 1958 1049 signiﬁcatione
2007 978 2371 1047 accipiuntur.

829 1076 1003 1141 Atque
1062 1081 1118 1126 ut
1172 1073 1479 1125 ostenderet
1526 1069 1793 1139 Propheta
1837 1085 1998 1139 quam
2048 1069 2159 1123 cito
2203 1068 2371 1125 herba

832 1171 1033 1232 pereat,
1067 1177 1173 1215 uno
1203 1171 1362 1230 atque
1377 1162 1564 1215 eodem
1596 1161 1684 1214 die
1710 1159 1899 1214 ﬂorere
1923 1174 2039 1214 eam
2059 1157 2369 1225 descripsit,

831 1264 991 1322 atque
1016 1268 1279 1307 arescere.
1316 1251 1409 1306 Vel
1446 1251 1581 1305 forte
1605 1251 1723 1305 ideo
1751 1252 1823 1303 ita
1853 1251 2006 1314 dixit,
2025 1248 2152 1319 quia
2176 1248 2371 1317 aliquas

830 1343 939 1397 sint
963 1343 1159 1405 herbae,
1199 1357 1317 1409 qna:
1351 1356 1458 1394 uno
1503 1350 1661 1408 atque
1711 1340 1896 1394 eodem
1949 1340 2038 1391 die
2079 1337 2373 1391 ﬂorescant

828 1442 888 1485 et
922 1439 1161 1499 pereant.
1220 1432 1445 1495 Quidam
1502 1431 1616 1484 haec
1663 1431 1804 1483 dicta
1850 1443 1973 1484 esse
2015 1436 2265 1482 asserunt
2304 1426 2372 1480 de

830 1523 1050 1583 ludatis,
1083 1537 1309 1593 (litorum
1363 1519 1672 1589 religionem
1721 1534 1784 1573 ac
1825 1520 2025 1573 cultum
2087 1519 2141 1571 in
2176 1511 2372 1584 templo

832 1614 975 1666 mille
1001 1623 1209 1665 tantum
1226 1612 1382 1663 annis
1404 1610 1593 1663 dicunt
1612 1621 2007 1677 perseverasse,
2030 1621 2058 1660 a
2086 1606 2373 1663 Salomone

834 1703 1079 1756 videlicet
1118 1716 1288 1769 usque
1320 1701 1384 1755 ad
1428 1699 1629 1754 Christi
1675 1690 2006 1768 passionem,
2059 1698 2134 1750 ita
2166 1704 2222 1749 ut
2249 1712 2374 1751 sen-

2483 531 2616 598 πρὸς
2662 529 2723 581 τὸ
2764 529 2863 598 τῆς
2907 529 3067 597 χλόης
3110 526 3393 594 ὠκύμορον
3439 528 3801 589 ἀποτείνεται,
3852 530 3932 581 ὅτι
3979 533 4005 600 ἡ

2479 618 2607 687 χλόη
2638 621 2697 670 τὸ
2726 620 2826 682 μὲν
2868 618 3010 686 πρωῒ
3044 618 3143 685 τῆς
3193 617 3403 686 ἡμέρας
3432 618 3674 686 ἀνθήσει,
3704 615 3823 670 εἶτα
3853 634 4005 687 παρε-

2479 708 2726 761 λεύσεται
2752 708 2858 761 ἀπὸ
2893 707 2986 761 τοῦ
3011 706 3190 761 ἀνθεῖν
3217 722 3230 735 ·
3267 706 3328 758 τὸ
3359 708 3417 760 δὲ
3453 708 3687 778 ἑσπέρας
3726 709 4001 775 ἀποπεσεῇ
4076 706 4077 739 ἶ

2478 800 2654 850 εῐτουν
2682 797 2994 868 κλιθήσεται
3022 800 3103 861 εἰς
3139 798 3240 865 γῆν
3266 814 3280 826 ο
3318 797 3623 867 περιττεύει
3651 798 3707 850 δὲ
3739 800 3773 869 η
3825 800 4004 869 πρόθε-
4076 782 4077 785 η

2480 905 2561 952 σις
2588 905 2602 919 ο
2638 887 2757 943 εἶτα
2782 888 3268 959 σκληρυνθήσεται,
3300 889 3694 955 δαπανωμένης
3719 889 3821 957 τῆς
3847 892 3905 944 ἐν
3919 892 4003 944 αὐ-

2479 983 2544 1049 τῇ
2598 980 2842 1048 ἰκμάδος,
2887 970 2981 1033 καὶ
3024 978 3166 1032 οὕτω
3207 978 3625 1049 ξηρανθήσεται,
3655 980 3737 1033 Τὰ
3765 981 3875 1060 γὰρ
3925 986 4005 1035 εὑ-

2479 1072 2640 1123 κτικὶι
2680 1070 2773 1121 νῦν
2810 1072 2930 1125 ἀντὶ
2977 1070 3276 1139 μελλόντων
3326 1069 3709 1138 λαμϐάνονται.
3760 1070 3836 1123 Τὸ
3874 1074 4005 1139 πρωῒ

2475 1161 2533 1213 δὲ
2572 1162 2664 1212 καὶ
2700 1160 2759 1213 τὸ
2805 1161 3061 1227 ἑσπέρας
3117 1160 3237 1213 ἀντὶ
3298 1159 3390 1212 τοῦ
3435 1161 3549 1213 Ἐνε-
3570 1162 3789 1231 πρωῒᾳ,
3820 1162 3914 1213 καὶ
3956 1162 4006 1212 ὲν

2478 1246 2707 1320 ἑσπέρᾳ..
2752 1252 2838 1305 Ἐν
2878 1253 2979 1321 μιᾷ.
3000 1252 3056 1304 δὲ
3081 1252 3261 1321 ἡμέρᾳ
3294 1251 3421 1316 πρὶν
3450 1252 3635 1305 εἰκόνα
3665 1254 3761 1321 τῆς
3799 1252 4004 1323 ὠκυμο·

2481 1341 2598 1411 ρίας
2642 1341 2739 1408 τῆς
2782 1341 2943 1411 χλόης
2982 1341 3253 1411 ἱστόρησε,
3308 1340 3569 1394 δεικνύων
3616 1341 3675 1394 τὸ
3720 1343 3884 1412 τάχος
3917 1343 4005 1412 τῆς

2480 1434 2833 1501 παραδρομῆς
2864 1433 3051 1502 αὐτῆς.
3088 1431 3295 1493 Ἀλλως
3320 1449 3376 1483 τε
3406 1432 3463 1485 δὲ
3502 1432 3595 1485 καὶ
3634 1433 3716 1484 ὅτι
3743 1434 3849 1485 εισι
3876 1450 4005 1496 τινες

2478 1524 2629 1591 χλόαι
2664 1526 2720 1575 ὲν
2751 1525 2849 1594 μιᾷ
2882 1524 3064 1594 ἡμέρᾳ
3102 1522 3361 1577 ἀνθοῦσαι
3401 1525 3495 1576 καὶ
3526 1523 3884 1588 ἀπανθοῦσαι,
3922 1527 4005 1576 καὶ

2483 1612 2855 1689 ἀπολλύμεναι
2888 1627 2902 1642 ο
2934 1611 3106 1664 ταῦτα
3148 1611 3248 1679 μὲν
3272 1610 3465 1673 οὕτως.
3502 1612 3655 1672 Τινὲς
3678 1612 3734 1665 δὲ
3767 1611 4004 1683 περὶτῶν

2489 1699 2756 1753 Ἰουδαίων
2799 1698 3173 1770 προρρηθῆναι
3211 1697 3385 1751 ταῦτά
3424 1714 3592 1770 φησι·
3643 1700 3891 1767 λέγοντες
3923 1702 4003 1753 ἐπὶ

830 1808 927 1849 ειιε
964 1792 1033 1844 sit
1063 1809 1077 1844 :
1112 1792 1250 1860 quod
1283 1791 1334 1843 lii
1364 1790 1507 1845 mille
1536 1792 1685 1855 anni,
1735 1790 1806 1843 ob
1854 1789 2066 1842 illorum
2127 1789 2329 1841 scelera
2358 1826 2374 1852 ,

2478 1790 2621 1859 χίλια
2647 1788 2738 1859 ἔτη
2768 1789 3047 1856 διαρκέσαι
3080 1790 3178 1858 τὴν
3211 1791 3268 1841 ὲν
3295 1789 3380 1859 τῷ,
3399 1789 3509 1858 ναῷ
3526 1781 3775 1857 λατρείαν
3806 1790 4000 1844 αὐτῶν
4080 1842 4081 1855 χ

833 1898 941 1936 non
975 1896 1136 1936 secus
1164 1897 1189 1931 a
1223 1880 1327 1932 Deo
1349 1880 1577 1948 reputari
1605 1886 1930 1947 sunt,qnam
1958 1878 2073 1931 dies
2099 1877 2370 1938 hesterna,

832 1981 994 2039 atque
1028 1970 1147 2023 ideo
1177 1969 1317 2037 quod
1351 1975 1693 2035 contemptus
1719 1978 1907 2020 eorum
1934 1966 2243 2021 Judaaorum
2278 1967 2371 2019 ad-

833 2062 936 2113 liuc
963 2066 1141 2119 erunt,
1174 2067 1227 2111 et
1253 2072 1463 2125 semper
1492 2057 1663 2125 magis
1693 2066 2003 2124 augescent.
2036 2058 2101 2110 Et
2131 2055 2375 2110 videmus

831 2165 962 2205 sane
990 2165 1085 2203 eos
1118 2134 1394 2217 nu’nquam
1424 2162 1675 2202 cessasse
1707 2187 1721 2209 ,
1754 2148 1881 2213 quin
1938 2162 2152 2216 semper
2200 2148 2375 2216 magis

831 2238 1161 2307 contemptui
1205 2238 1313 2291 sint
1351 2246 1406 2291 et
1441 2236 1695 2295 ludibrio.
1727 2236 1789 2290 Et
1834 2237 1936 2291 alia
1978 2238 2139 2290 etiam
2187 2251 2377 2294 conse-

830 2339 1057 2399 quenter
1087 2326 1151 2380 ad
1184 2326 1752 2406 pradictaintelligunt
1773 2344 1786 2380 :
1806 2326 1964 2395 quod
1988 2328 2193 2382 scilicet
2218 2343 2376 2382 mane

830 2435 1039 2483 eorum,
1072 2418 1174 2472 hoc
1211 2427 1295 2474 est
1336 2416 1564 2472 felicitas
1592 2433 1805 2481 eorum,
1834 2419 2187 2486 pertransibit
2232 2419 2375 2473 velut

834 2509 1018 2564 herba.
1043 2508 1240 2562 Eorum
1278 2516 1453 2561 autem
1482 2506 1712 2561 felicitas
1743 2516 1953 2561 tantum
1990 2507 2205 2561 duravit
2233 2550 2249 2575 ,
2287 2524 2374 2563 re-

834 2604 1032 2666 gnante
1060 2594 1371 2649 Salomone.
1424 2584 1555 2648 Nam
1598 2596 1941 2665 postmodum
1990 2611 2203 2666 semper
2243 2612 2373 2653 con-

837 2687 983 2740 cussi
1024 2692 1176 2749 sunt,
1203 2684 1319 2739 Alia
1348 2693 1526 2738 autem
1573 2699 1693 2753 qua
1731 2693 2034 2754 sequuntur
2073 2686 2255 2751 verba,
2307 2687 2374 2740 ad

835 2776 1054 2831 herbam
1078 2773 1303 2838 referes,
1334 2789 1399 2829 eo
1426 2775 1585 2828 modo
1612 2790 1721 2844 quo
1743 2775 1853 2845 jam
1886 2776 2262 2845 pra-diximus.

902 3040 1067 3094 Vens.
1106 3038 1160 3093 7.
1201 3035 1337 3101 Quia
1366 3036 1641 3107 deferimus
1668 3039 1728 3092 in‘
1760 3041 1840 3091 ira
1874 3050 1996 3104 tua,
2029 3051 2078 3094 et
2108 3044 2161 3093 in
2191 3042 2371 3111 furore

835 3137 923 3182 tuo
948 3126 1144 3180 turbati
1181 3142 1381 3180 trimus.
1418 3125 1742 3192 Deiecimus,
1804 3127 1907 3181 hoc
1961 3129 2371 3201 est,_diminuti

835 3232 1025 3289 sumus
1066 3223 1119 3272 et
1149 3216 1467 3287 perivimus,
1505 3215 1632 3269 dum
1669 3225 1722 3271 tu
1756 3219 2000 3286 peccatis
2027 3221 2235 3276 nostris
2266 3222 2376 3276 ira-

837 3319 923 3362 tus
951 3322 1030 3361 es.
1074 3306 1147 3360 De
1182 3306 1257 3359 ira
1291 3313 1469 3361 autem
1519 3315 1573 3360 et
1605 3307 1786 3361 furore
1840 3306 1957 3378 (seu
1989 3312 2191 3378 potius,
2219 3312 2375 3380 juxta

839 3399 1104 3454 veriorem
1153 3395 1353 3452 Graecae
1397 3396 1649 3453 dictionis
1682 3398 1850 3469 θυμὸς
1900 3401 2372 3469 signiﬁcationem,

795 3552 801 3559 ,
835 3491 903 3546 de
936 3490 1421 3559 excandescentia)
1470 3509 1707 3563 persaepe
1741 3495 1865 3547 alibi
1906 3494 2111 3549 dictum
2164 3505 2270 3561 est,
2322 3505 2375 3551 ct

833 3586 1104 3655 praecipue
1133 3583 1188 3637 in
1222 3583 1428 3652 psalmo
1457 3600 1532 3638 vt.

854 3714 859 3720 .
908 3673 1071 3728 Vens.
1108 3673 1161 3729 8.
1201 3672 1429 3727 Posuisti
1462 3673 1761 3742 iniquitate:
1787 3683 1991 3729 nostras
2021 3676 2075 3727 in
2102 3686 2373 3745 conspectu

837 3776 948 3818 tuo.
976 3762 1293 3818 Manifestas
1340 3762 1593 3835 nimirum
1643 3778 1705 3815 ac
1736 3765 2058 3831 conspicuas
2086 3780 2268 3819 coram
2299 3777 2370 3821 te.

835 3853 903 3929 Et
929 3869 1050 3908 cum
1082 3853 1248 3907 latere
1267 3869 1375 3907 nun
1407 3854 1655 3922 possint,
1689 3853 1780 3907 sed
1808 3854 1981 3907 oculis
2015 3856 2234 3910 assidue
2268 3858 2373 3911 tuis

814 3934 1078 4012 ‘pateant,
1125 3951 1179 3998 te
1220 3942 1425 3997 idcirco
1466 3957 1679 4010 semper
1715 3942 1883 4013 magis
1920 3943 2135 3997 irritant
2176 3946 2375 4001 adver-

836 4048 955 4087 sum
987 4048 1106 4092 nos.

909 4124 1172 4178 chutum
1234 4134 1468 4179 nostrum
1516 4129 1570 4182 iu
1614 4129 2001 4183 illummaltone
2048 4130 2224 4201 vultus
2274 4133 2372 4181 tui.

838 4211 1100 4267 Saeculum
1127 4224 1391 4281 nostrum,
1429 4214 1531 4268 hoc
1580 4225 1663 4269 est
1720 4208 1885 4271 'vitam
1919 4225 1974 4271 et
2010 4216 2375 4269 conversatio-

836 4318 959 4358 nem
994 4311 1255 4357 nostram.
1290 4302 1500 4370 Onmis,
1549 4305 1767 4375 inquit,
1802 4306 1908 4360 vita
1953 4314 2005 4360 et
2036 4305 2375 4381 conversatio

2476 1879 2706 1932 τοσαῦτα
2745 1880 2853 1947 γὰρ
2883 1879 2987 1932 ἀπὸ
3013 1878 3350 1952 Σολομῷντος
3374 1879 3501 1948 ἄχρι
3526 1878 3623 1946 τῆς
3658 1879 3749 1932 τοῦ
3780 1880 4002 1949 Χριστοῦ

2472 1968 2835 2037 σταυρώσεως
2890 1970 2983 2038 ἐτη
3028 1968 3439 2037 συναριθμεῖται
3480 1970 3645 2022 Φασὶν
3674 1966 3765 2023 οὖν
3782 1986 4003 2038 προαγο-

2479 2059 2659 2127 ρεύειν
2688 2060 2778 2110 τὸν
2801 2059 2980 2124 λόγον,
3011 2059 3091 2110 ὅτι
3123 2058 3277 2110 ταυτὶ
3305 2058 3370 2110 τὰ
3402 2058 3547 2126 χίλια
3588 2060 3685 2129 ἔτη
3723 2060 3797 2123 ὡς
3830 2062 3861 2129 η
3890 2059 4003 2128 χθὲς

2480 2149 2656 2218 ἡμέρα
2680 2147 3109 2216 συλλελόγισται,
3164 2147 3251 2199 διὰ
3294 2150 3392 2216 την
3426 2153 3770 2218 παρανομίαν
3817 2150 4000 2204 αὐτῶν.

2474 2240 2567 2291 Διδ
2610 2240 2675 2291 τὰ
2727 2238 3135 2305 ὲξουδενὼματα
3190 2239 3369 2293 αὐτῶν
3425 2240 3533 2293 τῶν
3602 2240 3872 2294 Ἰουδαίων
3922 2243 4001 2293 ἐπὶ

2478 2327 2661 2378 πλεῖον
2683 2327 2917 2391 ἔσονται,
2935 2328 3021 2379 ἀεὶ
3051 2329 3547 2399 προσεπιγινόμενα
3563 2346 3579 2359 ο
3609 2330 3705 2382 καὶ
3727 2331 3790 2401 δὴ
3824 2330 4000 2399 βλέπο-

2479 2434 2579 2486 μεν
2630 2417 2826 2478 αὐτοὺς
2878 2416 3129 2469 οὐδέποτε
3196 2418 3411 2473 παῦλαν
3469 2419 3567 2489 τῆς
3619 2420 4000 2486 ὲξουδενώσεως

2475 2506 2863 2575 λαμϐάνοντας.
2897 2507 3003 2558 Καὶ
3034 2504 3197 2558 τᾶλλα
3250 2506 3306 2559 δὲ
3344 2508 3649 2571 ἀκολούθως
3690 2509 3917 2576 νοοῦσιν,
3933 2512 4000 2563 ὅτι
4082 2496 4083 2505 γ

2472 2597 2533 2650 τὸ
2579 2595 2721 2665 πρωῒ
2757 2597 3143 2666 αὐτῶν,ἧγουν
3172 2597 3205 2667 η
3242 2597 3512 2668 εὐημερια
3535 2600 3741 2664 αὐτῶν,
3776 2599 3848 2662 ὡς
3883 2601 3997 2668 χλόη

2473 2687 2862 2757 παρελεύσεται
2887 2702 2901 2715 ⁸
2925 2687 3191 2754 εὐημερία
3212 2686 3268 2739 δὲ
3300 2687 3481 2742 αὐτῶν
3507 2688 3647 2758 ῆὲπὶ
3676 2688 3999 2758 Σολομῶντος

2475 2780 2634 2847 μόνον
2690 2778 2934 2847 βασιλεία
2965 2794 2978 2807 ⁸
3024 2782 3083 2831 τὸ
3124 2778 3232 2848 γὰρ
3259 2778 3387 2849 ἑξῆς
3434 2781 3808 2849 δκυμαίνοντο.
3853 2781 3929 2833 Τὰ
3952 2780 3998 2834 δὲ

2472 2868 2669 2937 ἑφεξῆς
2719 2868 2857 2939 ῥητὰ
2899 2867 2972 2931 ὡς
3019 2870 3116 2938 τὴν
3156 2869 3318 2941 χλόην
3359 2868 3680 2937 ἀποδώσεις,
3728 2872 3803 2934 ὡς
3837 2872 3999 2942 προεὶ-

2476 2975 2656 3028 ρηται.

2546 3052 2665 3104 Ὅτι
2684 3051 3036 3117 ἐξελίπομεν
3054 3053 3121 3105 ἐν
3139 3051 3212 3121 τῇ
3227 3052 3375 3121 ὀργῆ
3390 3070 3526 3118 σου,
3550 3056 3645 3110 και
3665 3055 3736 3109 ἐν
3757 3052 3833 3119 τῷ
3853 3053 4000 3123 θυμῷ

2475 3156 2592 3197 σου
2631 3142 3056 3210 ἐταράχθημεν.
3087 3170 3154 3183 -
3186 3143 3594 3213 Ἐξελιπομέν,
3617 3146 3737 3199 ἀντὶ
3757 3144 3998 3209 105.1%:-
4084 3174 4085 3179 η

2474 3233 2749 3300 γὼθημεν,
2807 3233 3156 3302 ἀπωλόμεθα,
3200 3236 3256 3286 ὲν
3297 3233 3375 3304 τῷ
3422 3233 3737 3305 ὀργισθῆναι
3779 3251 3835 3287 σε
3882 3236 3997 3304 ἡμῖν

2478 3322 2865 3392 ἁμαρτάνουσι.
2921 3323 3051 3389 Περὶ
3088 3322 3267 3390 δὲτῆς
3292 3324 3459 3393 ὀργῆς
3485 3342 3577 3378 σου
3606 3326 3811 3381 καὶτοῦ
3842 3324 3995 3394 θυμοῦ

2475 3412 2742 3479 διαφόρως
2768 3410 2980 3483 εἴρηται
3015 3430 3029 3442 ·
3068 3413 3160 3464 καὶ
3202 3412 3399 3480 μᾶλλον
3440 3415 3496 3465 ὲν
3521 3413 3597 3483 τῷ
3626 3420 3680 3477 ς’
3705 3413 3918 3484 ψαλμῷ.

2549 3692 2727 3745 Ἕθου
2767 3691 2871 3757 τὰς
2892 3692 3142 3761 ἀνομίας
3168 3686 3335 3762 ήμῶν
3360 3695 3636 3750 ἐναντίον
3676 3715 3810 3752 σου.
3851 3699 3995 3751 Ἐθου

2477 3783 2644 3845 αὑτὰς
2681 3783 2893 3852 γυμνὰς
2934 3784 3165 3836 ἐνώπιόν
3222 3801 3337 3848 σου,
3368 3786 3461 3838 καὶ
3493 3785 3763 3855 ὁρώμεναι
3801 3788 3863 3841 οὑ
3894 3788 3994 3841 δια-

2474 3872 2847 3937 λανθάνουσιν,
2872 3872 3006 3926 ἁλλὰ
3034 3873 3128 3927 καὶ
3158 3873 3390 3943 μάλιστα
3420 3876 3777 3945 παροξύνουσι
3800 3896 3858 3933 σε
3890 3871 3994 3933 παῦ’

2474 3964 2653 4033 ἡμῶν.

2559 4142 2623 4195 ’0
2668 4143 2814 4197 αιὼν
2850 4143 3015 4213 ἡμῶν
3048 4148 3135 4210 εις
3189 4145 3495 4213 φωτισμὸν
3544 4147 3649 4201 τοῦ
3698 4149 3995 4216 προσώπου

2474 4246 2613 4286 σου.
2642 4233 2819 4288 Δίῶνα
2845 4235 2937 4288 νῦν
2965 4238 3058 4288 τὸν
3081 4236 3194 4308 βίον
3225 4236 3370 4304 λέγει
3402 4237 3495 4289 καὶ
3514 4238 3614 4306 τὴν
3644 4240 3807 4309 ζωήν.
3832 4240 3991 4303 ὀλο,

2475 4324 2661 4392 φησὶν,
2696 4326 2724 4375 ὀ
2759 4324 2870 4391 βίος
2899 4326 3073 4394 ἡμῶν,
3106 4327 3201 4397 ὅλη
3235 4330 3267 4396 ἡ
3313 4330 3424 4396 ζωὴ
3452 4332 3531 4392 εἷς
3560 4331 3621 4383 τὸ
3648 4332 3884 4401 ἐμφανὲς
3910 4333 3988 4401 τῆς

835 4402 1020 4448 nostra
1067 4391 1352 4446 manifesta
1404 4400 1486 4448 est
1538 4394 1591 4448 in
1623 4404 1918 4464 conspectu
1962 4401 2089 4449 tuo:
2125 4401 2180 4448 et
2233 4393 2372 4447 idem

2480 4415 2574 4483 σῆς
2617 4415 2919 4483 ἐπισκοπῆς
2956 4419 3148 4484 κεῖται,
3210 4421 3451 4472 τουτέστι
3490 4424 3865 4491 πεφανέρωται
3902 4440 3988 4477 σοι.

834 4488 917 4535 εει
948 4493 1165 4543 sensus,
1193 4480 1285 4546 qui
1318 4479 1372 4532 in
1402 4480 1723 4547 prtecedenti
1750 4483 2039 4537 versiculo.

904 4568 1068 4621 Vens.
1107 4568 1159 4623 9.
1200 4566 1458 4631 Quoniam
1494 4585 1667 4624 omnes
1710 4570 1819 4634 dies
1860 4573 2026 4625 nostri
2057 4570 2369 4641 defecerunt.

836 4654 1035 4709 Omnes
1059 4656 1179 4709 vitae
1208 4664 1402 4710 noslraa
1428 4655 1545 4711 dies
1560 4644 2025 4729 'pertransierunt.
2048 4658 2165 4714 Jam
2203 4670 2371 4714 morte

836 4748 1064 4816 proximi
1097 4762 1320 4813 sumus;
1354 4749 1425 4803 ita
1454 4749 1619 4825 enim,
1656 4752 1851 4821 inquit,
1885 4766 1971 4807 me
2013 4751 2213 4807 sentire
2256 4767 2373 4819 per-

838 4837 1027 4891 suadet
1077 4838 1447 4893 calamitatum
1497 4840 1858 4896 vehementia.
1915 4844 2010 4898 Est
2043 4852 2224 4898 aulem
2255 4857 2371 4896 mos

837 4928 906 4983 iis
940 4930 1029 4996 qui
1061 4931 1114 4984 in
1156 4932 1426 4999 angustiis
1468 4942 1611 4999 sunt,
1644 4943 1705 4987 ut
1734 4933 1920 4988 dicant
1952 4950 2009 4988 se
2036 4935 2104 4987 ab
2151 4934 2233 4989 eis
2278 4949 2372 5002 op-

839 5032 1053 5085 pressos
1112 5032 1253 5082 esse,
1313 5034 1376 5074 ac
1410 5010 1520 5087 jam
1581 5020 1825 5088 periisse,
1878 5021 2038 5075 veluti
2094 5022 2370 5091 desperata

838 5122 1061 5176 prorsus
1088 5110 1289 5187 salute.
1320 5109 1532 5163 Dictum
1576 5111 1737 5164 etiam
1769 5119 1854 5165 est
1887 5127 2144 5181 persaepe,
2191 5123 2245 5167 et
2276 5114 2401 5168 (ιε--

836 5214 945 5251 nuo
982 5208 1305 5268 repetemus,
1352 5200 1494 5268 quod
1524 5199 1720 5265 dictio,
1755 5200 2037 5265 Quoniam,
2084 5217 2179 5257 seu
2214 5202 2370 5266 Quia,

837 5282 1075 5355 alioquin
1111 5290 1327 5356 ponitur
1356 5296 1412 5341 ut
1462 5289 1772 5354 conﬁrmet,
1822 5305 1919 5359 pro
1948 5292 2104 5355 Vere,
2136 5293 2370 5361 alioquin

837 5376 1099 5430 rationem
1156 5377 1348 5443 reddit,
1406 5386 1462 5432 et
1514 5379 1756 5447 alioquin
1816 5388 2023 5433 tantum
2085 5389 2289 5445 narrat,
2319 5390 2410 5435 et-

836 5466 1110 5522 abundare
1141 5469 1533 5537 quodammodo
1558 5470 1791 5533 videtur,
1813 5480 1871 5523 ut
1907 5471 1991 5524 hic
2014 5488 2028 5537 ;
2053 5484 2107 5524 et
2134 5473 2206 5524 ita
2236 5486 2376 5539 sarpe

842 5558 1073 5625 positam
1106 5574 1222 5613 eam
1260 5560 1571 5615 invenimus
1617 5562 1754 5631 apud
1790 5562 2001 5615 beatum
2053 5562 2238 5615 David.
2293 5563 2375 5616 Sit

841 5642 1000 5709 igitur
1047 5642 1161 5698 haec
1194 5645 1289 5699 tibi
1325 5645 1378 5699 in
1410 5646 1648 5700 futurum
1687 5664 1872 5701 norma
1906 5650 2231 5703 certissima.
2273 5651 2374 5705 Su-

848 5731 1106 5804 perlluutn
1146 5737 1287 5792 enim
1316 5747 1399 5794 est
1432 5738 1616 5793 eadem
1662 5754 1870 5808 semper
1904 5750 2159 5809 repetere.

2487 4504 2544 4557 'O
2574 4507 2631 4559 δὲ
2661 4524 2783 4569 νους
2808 4524 2988 4577 ομοιος
3015 4509 3106 4559 τοῦ
3144 4509 3505 4578 προλαϐόντος
3539 4514 3745 4582 στίχου.
4005 4518 4011 4558 ε

2548 4596 2666 4648 Ὅτι
2692 4596 2879 4651 πᾶσαι
2912 4602 2970 4650 αι
3003 4595 3212 4664 ἡμέραι
3243 4598 3410 4666 ἡμῶν
3435 4600 3738 4661 ἐξέλιπον.
3768 4604 3834 4655 Ai
3873 4602 3989 4673 ὴμέ-

2475 4701 2565 4753 ραι
2597 4683 2697 4753 τῆς
2726 4685 2869 4752 ζωῆς
2901 4686 3056 4753 ἡμῶν
3100 4686 3392 4756 παρῆλθον.
3430 4688 3508 4760 Τῇ
3539 4689 3758 4761 τελευτῇ
3800 4694 3989 4759 πεπληο

2475 4775 2786 4841 σιὰκαμενι·
2843 4773 2982 4826 οὕτω
3015 4773 3121 4843 γὰρ
3157 4792 3224 4842 με
3261 4775 3433 4827 πείθει
3467 4780 3665 4848 νοετνή
3711 4781 3989 4850 σφοδρότης

2471 4868 2578 4921 τῶν
2607 4869 2917 4938 συμφορῶν,
2957 4870 3114 4931 Ἐθος
3144 4869 3200 4921 δὲ
3237 4870 3329 4922 καὶ
3368 4868 3540 4934 ἄλλως
3564 4874 3674 4936 τοῖς
3704 4875 3761 4927 ἐν
3800 4875 3985 4944 Θλῐψισι

2473 4957 2671 5024 λέγειν,
2694 4960 2770 5011 ὃτι
2797 4960 3152 5028 τεθνήκαμεν,
3198 4961 3586 5027 ἀποπνιγέντες
3624 4966 3745 5027 ταῖς
3776 4966 3987 5033 θλίψεσι,

2474 5048 2567 5100 καὶ
2589 5049 2961 5115 ἀπεγνωκότες
2980 5048 3079 5116 τὴν
3104 5050 3390 5117 σωτηρίαν.
3420 5048 3645 5121 Εἴρηται
3666 5054 3723 5105 ὁὶ
3754 5056 3989 5115 πολλάκις

2475 5138 2601 5205 περὶ
2624 5139 2737 5198 τοῦ,
2776 5140 2921 5199 Ὅτι,
2950 5139 3042 5191 καὶ
3076 5137 3167 5191 νῦν
3206 5138 3263 5190 δὲ
3288 5138 3515 5193 καθόλου
3544 5141 3757 5209 ῥητέον,
3782 5144 3987 5200 arrived

2475 5229 2806 5297 εὑρίσκεται,
2834 5231 2867 5299 ἢ
2900 5230 3235 5297 ἁντιλογικὸν
3258 5234 3478 5298 νοεῖται,
3509 5232 3540 5303 ἢ
3570 5233 3931 5301 βεϐαιωτικὸν.
3960 5234 3985 5299 ἦ

2475 5318 2867 5387 υιηγηματικδν
2902 5322 2993 5371 καὶ
3028 5321 3315 5390 παρέλκον,
3352 5322 3426 5383 ὡς
3457 5323 3550 5375 καὶ
3592 5306 3914 5377 νῦνίΤοῦτο
3939 5324 3984 5374 δὲ

2478 5408 2569 5461 καὶ⁵
2602 5408 2800 5475 μᾶλλον
2832 5408 3113 5471 πλεονάζει
3139 5410 3286 5478 παρὰ
3324 5410 3402 5480 τῷ
3454 5412 3634 5467 Δασιδ.
3669 5413 3779 5465 Καὶ
3824 5412 3984 5464 λοιπὸν

2474 5498 2613 5551 ἔστω
2639 5515 2720 5551 σοι
2747 5498 2924 5563 τοῦτο,
2962 5501 3039 5561 εις
3084 5501 3143 5553 τὸ
3189 5501 3331 5570 ἑξῆς,
3369 5503 3547 5555 κανὼν
3594 5504 3980 5573 ἀκριϐέστατος.

2476 5590 2728 5657 Περιττὸν
2754 5590 2859 5659 γὰρ
2903 5589 3157 5654 πολλάκις
3206 5592 3332 5662 περὶ
3374 5594 3482 5647 τῶν
3509 5594 3684 5649 αὐτῶν
3722 5593 3895 5663 λέγειν
3926 5588 3981 5641 τὰ

2477 5679 2629 5731 αὑτά.
