4112 6322
110 406 210 469 92’)

1233 403 1619 464 COMMENT.
1663 405 1742 464 IN
1786 402 2147 464 PSALMOS.

3177 408 3282 472 930

167 524 263 588 Μὴ
313 523 700 590 ἀποστρέψῃς
753 521 1061 601 ἄνθρωπον
1109 523 1193 586 εις
1249 519 1632 576 ταπείνωσιν.

1810 513 1971 576 Vens.
2007 522 2059 573 ὅ.
2113 519 2193 573 Ne
2240 530 2446 576 avertas
2488 523 2748 578 hominem
2801 527 2852 579 in
2911 526 3280 586 humilitatem.

102 614 338 682 Διάτορα
368 614 483 681 εἴδη
511 612 889 676 ταπεινώσεως
954 613 1104 681 παρὰ
1159 615 1221 682 τῇ
1259 613 1378 683 θείᾳ
1427 614 1636 684 Γραφῇ.

102 703 330 768 Λέγεται
360 704 465 772 γὰρ
487 703 812 763 ταπείνωσις
836 703 869 771 ἡ
902 696 1385 773 μετριοφροσύνηκ
1416 703 1639 757 Μάθετε

100 793 222 860 γὰρ,
266 793 450 860 φησὶν,
479 792 580 844 ἀπ’
607 792 773 860 ἐμοῦ,
801 793 888 845 ὅτι
915 791 1097 860 πρᾶός
1147 794 1260 862 ειμι
1309 794 1402 848 καὶ
1442 809 1640 847 taxat-

101 881 202 946 νὸς
231 879 304 948 τῇ
331 879 540 948 καρδίᾳ
565 899 575 910 ·
618 882 710 934 καὶ
739 883 766 932 ό
786 882 893 934 ἀπὸ
914 882 1211 950 πειρασμοῦ
1241 883 1636 952 σωφρονισμδς,

101 973 168 1032 ὼς
193 972 276 1022 τὸυ
329 971 572 1039 Ἀγαθήν
598 990 717 1040 μοι,
769 973 856 1025 ὅτι
897 973 1298 1039 ἐταπείνωσάς
1317 991 1394 1042 με
1429 991 1442 1004 ·
1481 977 1572 1027 καὶ
1607 976 1640 1045 ἠ

102 1060 439 1130 καθαίρεσις,
475 1061 548 1124 ὼς
578 1062 638 1114 τό
668 1079 682 1095 ο
703 1063 785 1116 Σὺ
823 1063 1242 1128 ἐταπείνωσας,
1274 1065 1352 1129 ὡς
1390 1053 1640 1132 τραυμα·

101 1153 252 1216 τίαν,
284 1153 704 1222 ὑπερήφανον*
737 1157 829 1210 καὶ
857 1157 916 1207 τὸ
959 1156 1290 1224 ὑποταγῆναι
1320 1155 1396 1224 τῷ
1441 1156 1636 1226 ἐχθρῷ,

102 1244 170 1304 ὼς
197 1244 256 1295 τὸ
288 1245 646 1320 προκείμενον
676 1247 836 1316 ῥητόν
856 1263 870 1277 ο
896 1246 983 1315 Μὴ
1013 1248 1433 1316 παραχωρήσῃς,
1454 1242 1666 1315 φησ”ιν,’

101 1335 518 1404 ἀποστραφῆναι
569 1337 648 1400 εἰς
697 1337 890 1390 ταυτὸν
936 1337 1214 1406 ἄνθρωπον
1256 1339 1637 1407 καταφυγόντα

100 1426 174 1487 εἰς
209 1425 291 1478 οἰ.

1742 611 1922 667 Variis
1949 612 2126 666 modis
2149 613 2425 668 humilitas
2453 615 2720 683 accipitur
2748 619 2887 686 apud
2921 620 3278 690 Serlptnram.

1740 704 2046 772 Aliquando
2071 703 2214 756 enim
2247 705 2465 770 ponitur
2490 722 2586 774 pro
2618 707 2903 771 modesria,
2939 711 3088 777 juxta
3109 714 3278 766 illud:

1739 795 1934 849 Discite
1963 812 1994 848 α
2019 811 2099 847 me
2126 835 2140 858 ,
2173 797 2293 864 quia
2332 798 2474 850 mitis
2504 814 2620 851 sunt
2664 809 2715 851 et
2761 801 2977 854 Immitis
3033 805 3186 856 tarde
3211 807 3277 858 ".

1737 882 2040 952 Aliquando
2071 898 2168 952 pro
2200 883 2289 937 illa
2324 887 2701 956 castigatione,
2737 904 2856 958 qua:
2887 891 2952 944 de
2974 893 3286 947 aiﬂietioni-

1739 973 1838 1028 bus
1867 973 2128 1040 provenit,
2161 972 2315 1040 juxta
2351 972 2480 1028 illul
2511 991 2524 1027 :
2557 973 2759 1029 Bonum
2795 978 2943 1044 mihi,
2970 981 3087 1045 quia
3112 985 3283 1035 [mnti-

1739 1063 1882 1138 liasti
1912 1065 2066 1117 me".
2099 1057 2402 1132 Aliquando
2423 1066 2584 1119 etiam
2604 1083 2702 1135 pro
2721 1069 3108 1130 destructione.
3127 1073 3284 1141 juxta

1739 1155 1866 1208 illud
1901 1172 1912 1206 :
1946 1154 2020 1207 Tu
2052 1154 2360 1214 Immiliasti.
2387 1158 2534 1217 quasi
2555 1157 2901 1222 vulneratum,
2927 1145 3277 1230 superbum".

1744 1244 1809 1298 Et
1868 1245 2158 1314 aliquando
2209 1260 2306 1314 pro
2353 1246 2726 1315 subjectione,
2777 1251 2942 1304 veluti
2993 1269 3115 1306 cum
3159 1256 3289 1324 quis

1739 1337 1986 1392 hostibus
2015 1337 2126 1390 suis
2158 1337 2477 1405 subjicitur;
2519 1347 2574 1392 et
2613 1339 2716 1393 hoc
2764 1350 2921 1410 pacto
2964 1345 3184 1411 ponitur
3226 1347 3280 1399 in

1737 1431 1987 1497 presenti
2045 1429 2250 1498 psalmo
2286 1448 2300 1483 :
2331 1428 2407 1486 Ne
2464 1432 2752 1500 permittas
2789 1447 2909 1500 me,
2955 1435 3173 1503 inquit,
3222 1437 3277 1490 in

1740 1519 1879 1572 hanc
1913 1517 2270 1572 humilitatem
2304 1520 2585 1586 converti,
2616 1529 2901 1591 postquam
2934 1524 2998 1578 ad
3052 1533 3103 1579 te
3151 1540 3288 1579 con-

1737 1605 1868 1674 fugi.

1813 1687 1878 1751 Et
1907 1700 2111 1762 dixisti,
2140 1700 2512 1754 Comwtimini
2532 1701 2632 1770 ﬁlii
2653 1703 2936 1758 hominum.
2956 1704 3059 1770 Tu,
3081 1705 3285 1777 inquit,

1737 1788 1941 1854 dixisti,
1968 1790 2113 1844 Oiilii
2145 1791 2449 1855 hominum,
2477 1794 2872 1848 convertimini.
2899 1795 3074 1851 Multis
3099 1806 3278 1852 autem

1739 1882 1792 1934 in
1832 1880 1966 1935 locis
2002 1881 2051 1935 id
2080 1882 2285 1936 dictum
2320 1882 2550 1953 legimus
2577 1882 2746 1938 fuisse
2781 1899 2811 1939 a
2846 1884 2977 1951 Deo,
3010 1873 3288 1956 praecipue-

1735 1971 1872 2041 apud
1900 1971 2132 2042 Moysem
2168 1991 2183 2026 :
2225 1973 2454 2044 Suscipe
2484 1974 2648 2044 igitur
2696 1987 2818 2041 nos,
2859 1978 2950 2048 qui
3004 1982 3276 2036 converti-

1735 2078 1858 2117 mur
1896 2049 2068 2118 adi-te.

1809 2153 1966 2206 Vens.
2007 2153 2060 2207 4.
2095 2149 2354 2221 Quoniam
2379 2155 2522 2210 mille
2548 2157 2675 2209 anni
2710 2157 2765 2210 in
2805 2158 2971 2213 oculis
3003 2162 3108 2216 tuis
3131 2202 3146 2227 ,
3173 2162 3287 2216 Do-

1737 2250 1870 2307 mine
1896 2294 1909 2318 ,
1937 2255 2068 2308 sicut
2089 2257 2200 2308 dies
2233 2256 2473 2310 hesterna
2498 2273 2613 2328 qua:
2643 2254 2904 2325 praeteriit
2925 2293 2940 2318 ο
2971 2266 3018 2309 ετ
3039 2262 3279 2314 custodia

1734 2347 1785 2400 in
1813 2356 1980 2422 nocte.
2017 2345 2132 2400 Hoc
2163 2345 2560 2400 etiain‘dictum
2589 2357 2669 2403 est
2695 2333 2760 2403 ad
2797 2350 3277 2408 demonstrandam

1736 2435 1826 2490 Dei
1853 2439 2227 2492 aeternitatem.
2285 2437 2442 2497 Mille,
2476 2437 2673 2507 inquit.
2711 2441 2835 2494 anni
2861 2456 3041 2496 coram
3077 2453 3127 2499 te
3167 2453 3274 2499 tam

1733 2527 1893 2585 breve
1931 2537 2139 2598 tempus
2165 2536 2524 2596 reputantur,
2584 2545 2746 2598 quam
2797 2532 2942 2598 apud
3001 2549 3102 2588 nos
3159 2534 3277 2590 dies

1734 2635 1840 2674 una
1869 2619 1952 2673 vel
1979 2632 2096 2688 qum.
2122 2617 2233 2686 jam
2264 2619 2428 2670 etiam
2461 2620 2804 2686 praeterierit.
2853 2622 3076 2675 Brevior
3125 2639 3277 2678 nam-

1734 2729 1839 2782 que
1870 2711 2081 2766 videtur
2108 2724 2170 2764 ea
2197 2709 2335 2776 dies,
2368 2725 2488 2778 qum
2518 2713 2794 2778 praeteriit,
2835 2729 2997 2781 quam
3035 2729 3098 2770 ea
3157 2734 3279 2786 qua:

1737 2804 1911 2857 adhuc
1936 2816 2172 2872 prmsens
2201 2810 2284 2856 est
2315 2819 2327 2856 :
2358 2810 2410 2855 et
2447 2816 2636 2863 rursus
2659 2840 2674 2864 ,
2711 2810 2818 2854 tam
2868 2803 3027 2858 breve
3065 2813 3278 2874 tempus

1736 2904 2011 2964 reputatur
2077 2892 2218 2945 mille
2260 2880 2385 2944 anni
2421 2906 2599 2945 coram
2656 2900 2746 2954 te,
2795 2909 2954 2960 quam
3007 2894 3146 2963 apud
3175 2910 3272 2949 nos

106 2982 248 3045 ζεται
278 2984 408 3053 παρ’
437 2984 564 3054 ἡμῖν
586 2984 646 3040 τὸ
658 2985 1084 3055 τεταρτημόριον
1109 2984 1209 3054 τῆς
1231 2989 1418 3052 νυκτός
1441 3006 1455 3020 ·
1483 2991 1636 3044 τοῦτο

1739 2994 2015 3053 reputatur
2065 2990 2253 3055 quarta
2295 2997 2418 3053 pars
2473 2982 2648 3035 noctis
2681 2997 2881 3050 :quam
2917 2994 3119 3052 partem
3179 3001 3276 3042 no-

105 3072 208 3140 γὰρ
255 3074 501 3144 φυλακὴν
543 3077 602 3129 ὲν
646 3074 801 3129 νυκτὶ
844 3076 1062 3129 ἐκάλεσε
1089 3092 1103 3106 ο
1144 3075 1241 3144 τῆς
1287 3077 1397 3147 γὰρ⁴
1446 3080 1636 3143 νυκτὸς

1739 3079 1839 3132 ctis
1870 3077 2168 3130 custodiam
2203 3075 2514 3144 appellavit.
2568 3073 2754 3128 Solent
2791 3075 2935 3129 enim
2991 3078 3024 3128 ii
3078 3078 3169 3148 qui
3221 3080 3274 3135 in

106 3165 181 3224 τις
221 3164 463 3235 τέσσαρα
507 3167 646 3236 μέρη
677 3169 790 3228 τοῖς
815 3167 1102 3235 ἀμοιϐαδὸν
1143 3169 1637 3236 νυκτοφυ>.ακοῦσιν

1739 3168 1978 3221 exercitu
2009 3182 2104 3236 per
2146 3166 2293 3220 vices
2345 3165 2622 3220 custodias
2679 3165 2926 3232 faciunt,
2986 3174 3277 3240 quamlibet

111 3256 166 3307 ἰν
211 3258 590 3327 στρατοπέδοις
639 3258 997 3328 διῃρημένης,
1046 3258 1322 3327 ἐπήγαγεν
1352 3258 1430 3310 ἔτι
1464 3260 1640 3331 πολλῷ

1745 3266 1954 3312 noctem
1995 3257 2048 3310 in
2076 3266 2307 3328 quatuor
2340 3256 2578 3310 dividere
2605 3267 2805 3326 partes,
2836 3268 2887 3313 ct
2928 3276 3282 3331 unamquam-

114 3346 436 3419 βραχύτερον
459 3350 521 3402 τὸ
547 3350 972 3420 τεταρτημόριον
997 3349 1096 3418 τῆς
1133 3351 1321 3413 νυκτός
1344 3368 1358 3382 °
1391 3353 1520 3404 διότι
1544 3354 1637 3406 καὶ

1743 3363 1849 3417 que
1905 3357 2109 3416 partem
2147 3346 2480 3404 custodiam
2537 3349 2807 3415 appellare
2855 3365 2868 3403 :
2916 3351 3067 3404 verbi
3113 3352 3284 3422 gratia

115 3437 144 3503 ή
182 3438 275 3503 νὺξ
302 3439 388 3490 ἀεὶ
431 3440 614 3509 τάχιον
645 3440 900 3509 ὑπορρεῖν
927 3439 1073 3492 δοκεῖ
1101 3441 1250 3508 παρὰ
1289 3441 1384 3509 τὴν
1425 3443 1639 3510 ἡμέραν

1745 3435 1972 3506 primam
2004 3477 2018 3501 ,
2073 3444 2164 3489 aut
2213 3434 2503 3489 secundam
2559 3437 2881 3492 custodiam.
2933 3440 3065 3494 Cum
3116 3443 3282 3512 igitur

115 3527 198 3582 διὰ
231 3528 329 3598 τὴν
367 3530 718 3598 ἀναισθησίαν
741 3530 850 3583 τῶν
886 3529 1268 3594 καθευδόντων,
1318 3531 1408 3583 καὶ
1453 3532 1539 3585 διὰ
1582 3533 1666 3585 ut

1746 3530 1920 3600 primo
1947 3525 2092 3582 mille
2123 3542 2385 3580 annorum
2423 3531 2655 3598 spatium
2713 3531 2937 3598 tempori
2982 3533 3143 3588 unius
3176 3533 3283 3589 diei

117 3618 319 3683 σκότος,
355 3621 448 3673 καὶ
476 3621 677 3690 nam
703 3621 808 3673 ἀπὸ
834 3620 939 3674 τῶν
969 3621 1144 3673 πόνων
1169 3623 1376 3674 ἄνεσιν.
1403 3623 1557 3676 Οὕτω
1585 3626 1641 3678 δὲ

1747 3617 2158 3687 comparaverit,
2183 3625 2345 3684 atque
2378 3618 2496 3684 ejus
2525 3616 2739 3684 quidem
2784 3623 3067 3684 praeterita:
3087 3662 3101 3687 ,
3133 3621 3285 3676 addi-

115 3707 186 3777 τῷ
207 3708 381 3782 Θεῷή
416 3709 838 3781 χιλιονταετηρὶς
870 3709 1158 3780 λογίζεται.
1187 3712 1319 3765 διότι
1362 3711 1500 3779 αὕτη
1545 3715 1643 3782 μὲν

1752 3711 1830 3764 dit
1861 3720 1915 3765 et
1941 3705 2210 3779 quoddam
2251 3715 2460 3776 tempus
2506 3706 2678 3760 multo
2735 3706 2974 3773 brevius,
3036 3721 3285 3779 quartam

118 3803 407 3872 παραρρεῖ,
434 3804 464 3853 ό
496 3801 554 3854 δὲ
586 3801 838 3872 ἀκίνητός
863 3802 978 3854 ἐστι
1002 3801 1093 3854 καὶ
1112 3801 1298 3866 ἀΐδιος.
1326 3803 1398 3858 To
1419 3803 1494 3872 δὲ,
1524 3805 1644 3860 Ὅτι

1751 3799 2158 3862 scilicet/noctis
2184 3809 2410 3868 partem.
2464 3796 2682 3850 Brevior
2733 3798 2896 3852 enim
2925 3800 3134 3856 videtur
3176 3817 3285 3858 nux

120 3888 464 3956 βεϐαιωτικὸν
491 3892 612 3945 ἀντὶ
639 3891 754 3960 τοῦ,
795 3894 1017 3956 Ὄντως.

1746 3891 2056 3967 ιιιιοωίιιίετ
2080 3929 2097 3955 ,
2126 3903 2248 3943 cum
2291 3902 2398 3940 nox
2431 3886 2598 3941 multo
2624 3886 2786 3941 citius
2811 3889 3174 3959 praeterﬂuere
3211 3887 3291 3947 vi-

113 3980 313 4047 deatur,
344 3989 397 4036 et
424 3982 549 4054 quia
583 3984 674 4052 qui
703 3981 976 4038 dormiunt
1003 3987 1257 4056 temporis
1282 3985 1489 4054 lapsum
1515 4001 1626 4044 non
1667 3983 1996 4058 sgnOScunt,
2035 3990 2092 4037 et
2136 3980 2263 4049 quia
2342 3977 2414 4031 oh
2464 3979 2714 4033 tenebras
2757 3980 2809 4034 id
2890 3981 3052 4036 etiam
3105 3986 3288 4042 minus

116 4071 422 4140 percipitur,
453 4083 506 4127 et
533 4076 659 4142 quia
691 4073 1059 4131 laborantibus
1081 4074 1390 4132 hominibus
1422 4078 1632 4146 longius
1670 4094 1792 4133 esse
1816 4071 2028 4129 videtur
2047 4082 2285 4138 tempus,
2352 4086 2510 4139 quam
2566 4071 2904 4128 cessantibus
2955 4074 3024 4128 ab
3104 4091 3287 4145 opere.

119 4158 226 4216 Non
259 4177 416 4219 secus
445 4162 611 4234 igitur
640 4165 780 4234 apud
842 4163 1006 4220 Deum
1072 4167 1213 4222 mille
1285 4181 1549 4222 annorum
1618 4168 1954 4222 intervallum
1986 4172 2268 4232 reputatur
2293 4201 2308 4227 ,
2343 4177 2503 4231 quam
2543 4165 2684 4234 apud
2711 4241 2714 4244 λ
2737 4181 2835 4222 nos
2879 4174 2971 4222 aut
2994 4165 3289 4238 'pmterita

116 4251 145 4304 d
169 4267 246 4317 es,
270 4262 364 4308 aut
395 4263 587 4322 quarta
615 4257 788 4311 noctis
813 4270 958 4326 pars,
987 4270 1109 4310 cum
1131 4255 1258 4310 anni
1290 4257 1392 4323 ipsi
1419 4255 1630 4323 semper
1669 4253 1918 4310 labantur
1947 4264 2001 4308 et
2031 4252 2218 4319 ﬂuant,
2250 4251 2391 4307 Deus
2419 4265 2547 4307 vero
2573 4253 2863 4309 immobilis
2886 4256 2958 4311 sit
3021 4267 3069 4310 et
3132 4265 3292 4312 arter-

117 4362 234 4398 nus.
277 4343 446 4398 Dictio
493 4353 670 4402 autem
696 4385 714 4412 ,
764 4347 1022 4418 Quoniam
1047 4387 1062 4408 ,
1108 4346 1174 4401 ad
1213 4348 1639 4404 conﬁrmandum
1678 4353 1851 4422 posita
1883 4358 1986 4413 est,
2014 4355 2067 4402 et
2101 4347 2239 4400 idem
2275 4346 2543 4416 signiﬁcat
2575 4347 2719 4416 quod
2747 4344 2907 4402 Vere.

188 4439 261 4494 Τὰ
284 4441 728 4510 ἐξουδενώματα
747 4441 943 4498 αὐτῶν
955 4442 1042 4495 ἔτι
1063 4442 1321 4496 ἔσονται.
1358 4442 1648 4509 Eanum;

1823 4436 2160 4508 Contemptus
2201 4454 2378 4492 eorum
2427 4437 2595 4490 adhuc
2643 4447 2816 4523 erunt.
2865 4437 2998 4492 Cum
3047 4439 3293 4494 humanae

117 4534 143 4586 ό
173 4534 323 4600 λόγος
345 4535 412 4588 τὰ
438 4536 495 4586 ιν
527 4536 709 4596 αὐτοῖς
738 4534 880 4603 χίλια
908 4533 1024 4600 ἐτη,
1052 4534 1213 4600 φησὶν
1233 4574 1248 4600 ,
1275 4536 1357 4587 ὅτι
1387 4533 1533 4589 Αὑτά
1569 4537 1648 4588 ἔτι

1755 4534 1874 4585 vitae
1898 4531 2068 4584 annus
2104 4529 2328 4596 exiguos
2357 4543 2478 4581 esse
2507 4527 2766 4595 Propheta
2785 4528 3052 4593 docuerit,
3077 4534 3290 4585 tametsi
3338 4600 3342 4602 Π

119 4619 472 4688 ὲξουδενὼσω,
498 4625 571 4687 ὡς
600 4626 753 4679 οὐδὲν
799 4628 923 4678 ὅντα
964 4625 1097 4697 πρὸς
1123 4627 1222 4697 τὴν
1254 4629 1526 4695 ἀῖδιότητα
1557 4626 1648 4678 τοῦ

1753 4625 1817 4678 ad
1856 4622 1998 4674 mille
2023 4625 2308 4673 annorum
2353 4617 2585 4686 spatium
2647 4624 2846 4687 nostra
2879 4622 3296 4685 protenderetur

124 4716 253 4771 Θεοῦ
281 4735 298 4750 θ
329 4719 396 4772 τὰ
444 4716 857 4790 ὲξουδενώματα
883 4718 1060 4772 αὐτῶν
1086 4718 1286 4788 δηλαδὴ
1330 4717 1437 4768 τῶν
1465 4716 1648 4785 χιλίων

1756 4719 1883 4773 vita,
1921 4714 2099 4762 adhuc
2131 4718 2307 4760 tamen
2341 4706 2630 4776 ampliﬁcat
2658 4707 2920 4775 prolatam
2943 4725 2970 4759 a
2997 4722 3056 4762 se
3074 4717 3294 4763 senten.

124 4807 248 4861 ἐτῶν
291 4811 386 4864 ἐπὶ
439 4813 622 4865 πλεῖον
666 4812 904 4878 ἔσονται,
954 4807 1130 4875 εῐτουν
1171 4807 1486 4875 γενήσονται
1533 4822 1646 4874 μοι.

1755 4804 1906 4857 tiam.
1934 4804 2118 4856 dicens
2157 4815 2214 4853 se
2249 4799 2421 4868 magis
2472 4800 2630 4851 etiam
2673 4813 2734 4850 ac
2783 4798 2951 4864 magis
2987 4799 3291 4866 hujusmodi

123 4895 247 4952 Εἶτα
285 4900 478 4967 ἐπάγει
511 4901 701 4969 ἑτέραν
728 4897 1068 4962 ὲξουδένωσιν
1096 4893 1446 4963 φαυλοτέραν.

1759 4901 2020 4945 annorum
2055 4890 2225 4958 spatia
2258 4887 2407 4939 nihili
2445 4887 2714 4941 facturum
2735 4898 2753 4950 ,'
2783 4887 2908 4954 quin
2941 4886 3049 4938 imo
3098 4895 3149 4940 et
3167 4902 3299 4940 con-

124 4997 440 5059 tempturum
455 5004 576 5044 esse
599 5003 754 5054 ,cum
785 4986 849 5040 ad
878 4985 1110 5040 divinam
1148 4984 1496 5037 aeternitatem
1529 4994 1747 5048 prorsus
1775 4979 1906 5032 nihil
1936 4972 2085 5032 'sint.
2119 4977 2497 5042 Contemptus,
2526 4973 2726 5042 inquit,
2749 4979 2932 5026 eorum
2960 4974 3101 5026 mille
3123 4989 3294 5024 atilltt-

125 5093 238 5132 rum
269 5080 445 5133 adhuc
473 5085 633 5132 erunt
661 5075 798 5148 apud
818 5088 922 5137 me,
941 5075 1040 5127 hoc
1066 5080 1174 5138 est,
1195 5073 1354 5124 etiam
1373 5077 1531 5137 atque
1576 5067 1738 5120 etiam
1763 5072 1791 5117 a
1825 5062 1908 5119 me
1939 5067 2108 5135 magis
2131 5067 2557 5117 contemnentm.
2585 5059 2762 5111 Alium
2777 5059 2972 5157 deinde,
2991 5059 3295 5128 hujusmo‘di
3327 5104 3333 5109 .

167 1703 275 1760 Καὶ
299 1702 489 1773 εἴπας·
536 1707 980 1779 Ἐπιστρέψατε,
1014 1713 1126 1766 υἱοὶ
1150 1711 1272 1767 τῶν
1292 1715 1633 1783 ἀνθρώπων.

104 1797 205 1849 Καὶ
237 1800 346 1870 γὰρ
374 1803 438 1854 σὺ
477 1796 636 1862 εἶπας
658 1818 672 1832 ’
692 1796 762 1854 Ὦ
780 1803 881 1854 υἱοὶ
909 1802 1016 1854 τῶν
1044 1803 1360 1873 ἀνθρώπων,
1379 1808 1634 1880 ἐπιστρέ-

101 1889 256 1954 ψατε.
291 1886 423 1944 Eius
444 1892 504 1946 δὲ
529 1893 686 1946 τοῦτο
715 1896 744 1947 ό
780 1892 910 1956 Θεὸς
936 1895 993 1946 ιν
1017 1894 1292 1968 διαφόροις
1317 1898 1498 1962 τόποις
1539 1902 1636 1969 τῆς

99 1980 394 2052 Μωσαῖκῆς
429 1983 817 2053 Πεντατεύχου.
849 1984 1008 2050 Δέξαι
1042 1984 1134 2040 οὖν
1167 1989 1331 2057 ἡμᾶς,
1380 1989 1630 2060 ἐπιστρέ-

97 2088 314 2143 φοντας.

163 2167 288 2218 Ὀτι
333 2164 498 2235 χίλια
534 2163 636 2230 ἐτη
685 2167 754 2219 ἐν
783 2167 1101 2236 ὀφθαλμοῖς
1147 2186 1284 2236 σου,
1320 2173 1527 2242 Κύριε,
1556 2173 1635 2237 ὡς

98 2253 282 2322 ἡμέρα
323 2258 362 2324 ἠ
411 2257 550 2324 χθές
605 2255 733 2327 ἥτις
808 2255 1036 2324 διῆλθε,
1099 2259 1198 2314 καὶ
1262 2265 1505 2332 φυλακὴ
1565 2265 1636 2320 ἐν

97 2347 292 2399 νυκτί.
323 2349 428 2400 Καὶ
459 2349 617 2401 τοῦτο
649 2349 780 2420 πρὸς
807 2347 1074 2413 ἀπόδειξιν
1092 2349 1190 2417 τῆς
1219 2351 1511 2424 ἁῖδιότητος
1538 2358 1630 2410 τοῦ

97 2443 228 2495 θεοῦ
272 2438 568 2514 παρὲλίϐε,
615 2441 774 2511 Λέγει
803 2438 929 2515 γᾶρἰ
984 2438 1064 2491 ὅτι
1099 2439 1179 2491 Τὰ
1204 2441 1346 2509 χίλια
1385 2444 1477 2514 ἔτη
1506 2446 1634 2500 ἑνώ-

99 2532 214 2585 πιόν
247 2551 338 2586 σου
377 2536 516 2586 οὕτω
561 2534 857 2602 λογίζονται
892 2535 1078 2606 χρόνος
1122 2547 1203 2599 τις
1244 2531 1386 2605 ἄγαν
1427 2533 1630 2612 βραχύ-

99 2637 270 2685 τατος,
300 2622 375 2684 ὡς
419 2625 509 2676 καὶ
550 2625 678 2694 παρ’
707 2624 863 2692 ἡμῶν
909 2625 938 2691 ὴ
987 2624 1084 2690 μία
1120 2625 1323 2695 ἡμέρα.
1361 2629 1451 2679 καὶ
1493 2629 1632 2698 αὕτη

101 2711 437 2780 παρελθοῦσα
465 2729 479 2742 ·
511 2713 664 2765 τοῦτο
693 2713 798 2782 γὰρ
834 2712 981 2780 δηλοί
1001 2713 1061 2765 τὸ
1081 2714 1249 2780 Χθές.
1275 2716 1346 2767 Τδ
1366 2717 1443 2783 δὲ,
1467 2719 1634 2785 Ἤτις

101 2794 303 2861 διῆλθε
340 2801 794 2868 ὲφερμηινευτικὸν
810 2800 901 2852 τοῦ
928 2800 1071 2870 χθές.
1100 2801 1161 2854 Ἦ
1176 2803 1282 2872 γὰρ
1300 2807 1635 2874 παρελθοῦσα

105 2885 410 2960 βραχυτέρα
435 2889 580 2943 δοκεῖ
595 2895 691 2961 τῆς
719 2891 1038 2959 ἐνεστώσης.
1067 2893 1175 2945 Καὶ
1199 2891 1371 2963 αὖθις,
1407 2899 1478 2961 ὡς
1501 2901 1636 2966 λογε-

1669 1856 1709 1910 Β

127 5187 382 5226 annorum
413 5178 774 5238 contemptum
799 5182 862 5221 ac
883 5165 1124 5220 viliorem
1161 5164 1319 5219 an‘ert
1342 5203 1358 5229 ,
1388 5163 1574 5217 dicens
1603 5178 1616 5213 .-

194 5266 262 5318 Τὸ
294 5264 440 5330 πρωῒ
463 5261 542 5326 ὡς
569 5263 727 5328 χλόη·
752 5259 1197 5327 auriﬁce—To
1230 5256 1376 5323 πρωῒ
1393 5253 1505 5319 νῦν,
1533 5253 1647 5306 ἀντὶ

127 5358 364 5427 Ταχέως,
401 5355 475 5417 ὡς
532 5354 628 5406 καὶ
681 5354 740 5403 ὲν
786 5350 966 5411 ἄλλοις
1016 5350 1333 5418 εἰρήκαμεν.
1405 5345 1646 5412 Ταχέως,

127 5451 274 5518 φησι,
332 5445 724 5516 παρελεύσεται
784 5443 852 5496 τὰ
912 5441 1058 5512 χίλια
1103 5441 1200 5508 ἔτη
1270 5437 1421 5506 δίκην
1490 5435 1647 5504 χλόης

126 5539 231 5591 (bitu
240 5540 431 5608 μόρου.

197 5631 262 5685 Τὸ
312 5629 460 5697 πρωῒ
491 5623 767 5693 ἀνθῆσαι,
801 5619 897 5677 καὶ
945 5618 1221 5686 παρέλθοι
1241 5633 1256 5647 ·
1282 5615 1346 5669 τὸ
1394 5613 1647 5682 ἑσπέρας

1826 5247 1989 5302 Vsus.
2047 5247 2099 5301 6.
2149 5245 2303 5298 Mane
2356 5243 2508 5312 qua‘s‘i
2539 5241 2697 5294 herba
2730 5247 3017 5293 transeant.
3058 5269 3122 5282 --
3148 5241 3300 5296 Mane

1758 5341 1859 5393 hoc
1895 5335 2093 5392 inloco
2122 5349 2217 5404 pro
2254 5335 2372 5388 Cito
2404 5332 2559 5394 dixit,
2599 5330 3047 5398 quemadmodum
3093 5337 3146 5383 et
3169 5332 3292 5382 alibi

1754 5425 2011 5484 vidimus.
2047 5425 2165 5481 Cito
2190 5466 2206 5489 ,
2238 5424 2444 5492 inquit,
2490 5418 2896 5492 pertransibunt
2943 5419 3107 5474 mille
3132 5420 3294 5484 anni,

1759 5524 1926 5578 instar
1959 5518 2136 5574 herba:
2165 5517 2416 5584 alicujus,
2447 5527 2566 5583 qua
2598 5512 2706 5564 cito
2728 5515 2894 5580 ‘petit.

1752 5607 1754 5609 ’
1830 5609 1982 5665 Mane
2033 5609 2238 5676 ﬂoreat,
2275 5613 2322 5658 et
2357 5609 2608 5669 transeat,
2650 5610 2850 5669 vespere
2895 5601 3118 5666 decidat,
3147 5599 3298 5653 induo

220 5807 236 5838 ⁸
275 5805 459 5858 Matth.
498 5817 568 5865 ιι,
605 5800 692 5855 29.
768 5800 810 5830 τ’
838 5796 978 5851 l'sal.
1012 5808 1193 5858 cxvtn,
1222 5792 1304 5845 7i.
1369 5790 1413 5820 "
1447 5787 1589 5842 Psal.
1622 5797 1895 5850 Luxvm,
1926 5783 2012 5836 il.
