4112 6322
810 340 911 404 931

1995 340 2375 401 summu
2416 304 2771 401 ZIGABENI
3877 334 3962 399 εει

814 458 913 511 ret,
952 455 1003 502 et
1031 453 1256 501 arescat.
1286 445 1407 501 Haec
1438 447 1616 501 omnia
1655 445 1721 499 ad
1771 444 1998 499 celerem
2050 446 2228 501 herba:
2278 446 2359 499 in-

2460 448 2773 512 ἀποπέσοι,
2802 429 3237 511 σκληρυνθείη,
3282 443 3379 496 καὶ
3424 444 3758 511 (inpurae/11.
3809 445 3964 498 Ταῦτα

817 541 1037 593 teritum
1073 536 1399 604 referuntur,
1422 552 1539 607 qua:
1560 550 1718 591 mane
1746 536 1958 606 quidem
1990 537 2093 591 diei
2118 535 2351 598 ﬂorebit,

815 640 868 684 et
901 630 1244 699 pertransibit
1274 643 1303 682 a
1340 627 1493 695 ﬂore,
1522 637 1575 683 ct
1598 642 1820 696 vespere
1844 627 2050 683 decidet
2077 668 2091 691 ,
2124 630 2226 681 hoc
2251 638 2352 688 est,

818 722 974 774 cadet
1002 720 1054 772 in
1085 728 1279 772 terram
1321 734 1335 770 :
1370 724 1532 786 atque
1561 716 1634 769 ita
1659 725 1981 785 consumpto
2010 731 2076 770 eo
2104 716 2351 779 humore,

815 825 971 878 quem
1002 817 1157 862 antea
1178 808 1425 870 habebat,
1446 806 1940 874 obdurescetatque
1967 804 2349 860 exsiccabitur.

813 898 1002 953 Omnia
1031 898 1173 951 enim
1211 896 1322 948 hac
1352 897 1510 949 verba
1536 896 1657 950 licet
1678 896 1912 963 optantis
1960 894 2175 948 modum
2226 894 2351 947 reti-

814 997 999 1052 neant,
1034 989 1086 1040 in
1118 987 1283 1040 futuri
1320 996 1495 1039 tamen
1547 983 1939 1057 signiﬁcatione
1988 984 2352 1053 accipiuntur.

810 1082 983 1149 Atque
1043 1088 1099 1133 ut
1153 1080 1460 1132 ostenderet
1507 1076 1773 1146 Propheta
1818 1092 1978 1145 quam
2029 1076 2140 1129 cito
2184 1075 2351 1129 herba

813 1178 1014 1239 pereat,
1048 1184 1155 1223 uno
1184 1179 1343 1237 atque
1359 1168 1545 1223 eodem
1576 1168 1664 1220 die
1691 1167 1879 1221 ﬂorere
1904 1181 2019 1221 eam
2040 1163 2351 1232 descripsit,

812 1272 973 1330 atque
997 1275 1261 1315 arescere.
1297 1258 1391 1313 Vel
1427 1258 1563 1312 forte
1586 1258 1703 1311 ideo
1732 1259 1803 1310 ita
1834 1258 1987 1320 dixit,
2006 1254 2133 1325 quia
2157 1254 2352 1323 aliqua:

812 1350 1141 1412 sintlierbae,
1181 1364 1299 1416 qua:
1332 1363 1439 1401 uno
1484 1357 1643 1416 atque
1692 1346 1877 1401 eodem
1930 1346 2019 1398 die
2061 1343 2354 1398 ﬂorescant

810 1449 871 1493 et
904 1446 1142 1505 pereant.
1201 1438 1427 1502 Quidam
1484 1438 1598 1491 haec
1645 1437 1786 1490 dicta
1831 1450 1955 1490 esse
1996 1443 2246 1489 asserunt
2286 1432 2353 1486 de

812 1530 1032 1591 Judaais,
1065 1544 1291 1599 quorum
1344 1526 1653 1595 religionem
1703 1541 1765 1579 ac
1806 1526 2006 1580 cultqu
2068 1526 2122 1577 in
2157 1518 2353 1590 templo

813 1621 956 1673 mille
983 1630 1192 1671 tantum.
1207 1618 1363 1670 annis
1385 1616 1574 1670 dicunt
1593 1628 1988 1683 perseverasse,
2011 1628 2039 1667 a
2067 1612 2354 1669 Salomone

816 1710 1060 1763 videlicet
1100 1722 1270 1776 usque
1301 1707 1365 1762 ad
1410 1706 1611 1761 Christi
1657 1697 1988 1775 passionem,
2040 1704 2115 1757 ita
2147 1710 2204 1755 ut
2231 1718 2355 1757 sen-

2463 536 2597 604 πρὸς
2644 535 2705 587 τὸ
2744 535 2844 605 τῆς
2888 535 3049 603 χλόης
3091 532 3373 599 ὠκύμορον
3420 533 3778 593 ἀποτείνεται,
3822 535 3892 587 ὅτι
3936 536 3964 604 ἡ

2460 624 2588 694 χλόη
2619 627 2679 676 τὸ
2708 625 2807 688 μὲν
2850 624 2991 693 πρωῒ
3025 624 3123 691 τῆς
3174 621 3384 690 ἡμέρας
3412 623 3653 691 ἀνθήσει,
3683 620 3798 675 εἶτα
3823 639 3964 691 παρε-

2460 714 2707 768 λεύσεται
2734 714 2839 767 ἀπὸ
2874 713 2968 767 τοῦ
2992 712 3171 766 ἀνθεῖν
3199 728 3210 741 ·
3248 711 3308 763 τὸ
3340 712 3396 766 δὲ
3433 713 3667 783 ἑσπέρας
3705 714 3963 779 inomni,

2456 806 2635 857 εἷτουν
2663 803 2974 874 κλιθήσεται
3003 805 3084 866 είς
3121 804 3221 871 γῆν
3247 819 3260 832 ο
3298 802 3602 871 περιττεύει
3631 803 3686 855 δὲ
3719 805 3751 873 ἡ
3802 804 3965 875 πρόθε.

2461 912 2541 959 σις
2569 911 2583 925 ⁸
2620 893 2738 949 εἶτα
2763 894 3249 964 σκληρυνθήσεται,
3280 894 3674 960 δαπανωμένης
3698 894 3798 963 τῆς
3820 897 3871 949 εν
3884 897 3967 949 aii-

2460 989 2525 1055 τῇ
2578 986 2823 1054 ἰκμάδος,
2868 987 2963 1039 καὶ
3005 984 3147 1037 οὕτω
3188 984 3605 1054 ξηρανθήσεται.
3635 985 3717 1038 Τὰ
3743 986 3846 1065 γὰρ
3892 990 3968 1040 εὑ-

2460 1078 2621 1129 κτικὰ
2662 1076 2754 1127 νῦν
2790 1077 2911 1130 ἀντὶ
2958 1076 3256 1144 μελλόντων
3308 1074 3690 1143 λαμϐάνονται.
3740 1076 3812 1128 Τὸ
3846 1079 3969 1145 πρωϊ

2457 1167 2515 1219 δὲ
2553 1168 2645 1219 καὶ
2682 1167 2740 1218 τὸ
2787 1166 3043 1233 ἑσπέρας
3098 1166 3218 1219 ἀντὶ
3278 1164 3371 1217 τοῦ
3415 1166 3530 1218 Ἐν-
3551 1167 3769 1236 πρωῒᾳ,
3798 1166 3884 1219 καὶ
3924 1166 3971 1217 εν

2459 1252 2689 1327 ἑσπέρᾳ.
2734 1258 2819 1310 Ἐν
2859 1258 2960 1327 μιᾷ
2981 1256 3038 1310 δὲ
3061 1256 3242 1326 ἡμέρᾳ
3274 1256 3402 1320 πρὶν
3431 1257 3615 1310 εἰκόνα
3646 1258 3741 1326 τῆς
3779 1256 3973 1327 ὠκυμοο

2462 1347 2579 1417 ρίας
2623 1347 2720 1414 τῆς
2764 1346 2924 1418 χλόης
2963 1346 3234 1416 ἱστόρησε,
3289 1345 3551 1399 δεικνύων
3596 1346 3656 1399 τὸ
3701 1348 3859 1416 τάχος
3890 1348 3974 1419 τῆς

2460 1440 2814 1507 παραδρομῆς
2845 1438 3031 1507 αὐτῆς.
3070 1436 3275 1499 ’Δλλως
3302 1454 3357 1488 τε
3387 1437 3444 1489 δὲ
3482 1438 3576 1490 καὶ
3615 1438 3697 1489 ἅτι
3724 1438 3827 1490 εἰσί
3853 1455 3978 1501 τινες

2460 1530 2611 1598 χλόαι
2645 1532 2701 1582 ἐν
2732 1531 2830 1600 μιᾷ
2863 1529 3045 1600 ἡμέρᾳ
3082 1527 3342 1581 ἀνθοῦσαι
3382 1530 3475 1581 καὶ
3506 1528 3861 1593 ἀπανθοῦσαι,
3898 1531 3979 1582 καὶ

2465 1618 2836 1697 ἀπολλύμεναι
2868 1633 2883 1647 ⁸
2915 1617 3087 1669 ταῦτα
3130 1617 3229 1684 μὲν
3253 1614 3446 1679 οὕτως.
3482 1617 3636 1677 Τινὲς
3660 1616 3715 1671 δὲ
3748 1616 3981 1688 περὶτῶν

2470 1705 2738 1758 Ἰουδαίων
2780 1704 3154 1775 προρῤηθῆναι
3192 1703 3365 1756 ταῦτα
3404 1720 3537 1774 φησι
3560 1721 3573 1735 ·
3624 1705 3870 1772 λέγοντες
3902 1708 3981 1759 ἐπὶ

812 1816 908 1856 sus
945 1799 1015 1851 sit
1044 1816 1058 1851 :
1094 1798 1231 1867 quod
1265 1798 1316 1850 lii
1345 1797 1488 1851 mille
1518 1799 1667 1861 anni,
1717 1797 1788 1849 ob
1836 1795 2048 1849 illorum
2108 1795 2311 1848 scelera
2340 1832 2355 1858 ,

2460 1796 2602 1865 χίλια
2629 1794 2719 1865 ἐτη
2749 1795 3029 1861 διαρκέσαι
3061 1796 3160 1864 τὴν
3192 1796 3249 1847 ὲν
3276 1794 3363 1865 τῷ,
3380 1794 3490 1863 ναῷ
3507 1786 3757 1863 λατρείαν
3788 1796 3979 1849 αὐτῶν·

816 1906 923 1943 non
957 1903 1117 1943 secus
1145 1904 1171 1938 a
1204 1887 1309 1939 Deo
1331 1886 1559 1955 reputati
1586 1893 1911 1954 suut,quam
1939 1884 2055 1938 dies
2080 1884 2351 1944 hesterna,

814 1987 976 2046 atque
1010 1976 1129 2030 ideo
1158 1976 1299 2044 quod
1333 1982 1675 2043 contemptus
1701 1985 1888 2027 eorum
1916 1972 2225 2028 Judaaurum
2260 1974 2353 2025 ad-

815 2069 918 2120 huc
944 2074 1123 2126 erunt.
1156 2073 1209 2118 et
1234 2078 1445 2131 semper
1474 2064 1645 2132 magis
1675 2072 1985 2131 augescent.
2018 2064 2083 2117 Et
2112 2062 2357 2116 videmus

814 2172 943 2212 sane
972 2172 1067 2210 eos
1099 2141 1376 2224 nunquam
1406 2168 1657 2209 cessasse
1689 2194 1703 2215 ,
1736 2155 1863 2220 quin
1920 2168 2134 2222 semper
2182 2154 2357 2222 magis

814 2246 1142 2315 contemptui
1187 2244 1296 2298 sint
1333 2253 1389 2298 et
1423 2242 1677 2301 ludibrio.
1709 2243 1772 2296 Et
1815 2244 1917 2298 alia
1960 2244 2120 2297 etiam
2169 2257 2359 2299 conse-

813 2346 1039 2406 quenter
1069 2333 1133 2387 ad
1165 2332 1413 2412 praedicta
1431 2332 1734 2402 intelligunt
1755 2350 1768 2387 :
1790 2332 1946 2402 quod
1970 2335 2176 2389 scilicet
2199 2349 2358 2389 mane

813 2441 1021 2490 eorum,
1054 2426 1156 2479 hoc
1193 2433 1278 2481 est
1319 2423 1547 2478 felicitas
1575 2440 1787 2487 eorum,
1815 2425 2169 2493 pertransibit
2214 2425 2358 2479 velut

816 2517 1000 2571 berba.
1025 2516 1222 2569 Eorum
1260 2522 1435 2567 autem
1464 2513 1694 2568 felicitas
1725 2522 1935 2580 tantum
1972 2513 2187 2568 duravit
2214 2556 2231 2581 ,
2269 2530 2356 2569 re-

816 2611 1014 2672 gnante
1043 2600 1353 2656 Salomone.
1407 2591 1538 2654 Nam
1581 2602 1923 2671 postmodum
1972 2617 2185 2672 semper
2225 2618 2355 2658 con-

820 2694 966 2747 cussi
1007 2699 1160 2759 sunt,
1186 2691 1301 2745 Alia
1330 2700 1509 2744 autem
1556 2705 1675 2759 quae
1714 2701 2016 2761 sequuntur
2055 2692 2236 2758 verba,
2289 2692 2357 2746 ad

817 2784 1036 2838 herbam
1061 2780 1285 2845 referes,
1317 2796 1382 2835 eo
1409 2782 1568 2835 modo
1595 2797 1704 2850 quo
1726 2781 1835 2851 jam
1868 2783 2244 2852 praediximus.

884 3047 1050 3101 Vens.
1088 3045 1143 3099 7.
1183 3042 1319 3108 Quia
1349 3043 1624 3113 deferimus
1650 3044 1711 3098 in‘
1743 3047 1823 3098 ira
1856 3056 1978 3111 tua,
2012 3057 2060 3100 et
2091 3050 2143 3099 in
2174 3048 2353 3117 furore

817 3144 905 3189 tuo
930 3134 1127 3187 turbati
1163 3149 1363 3187 sumu.
1401 3132 1724 3198 Deleeimus,
1787 3134 1889 3187 hoc
1943 3135 2353 3205 est,ldiminuti

818 3240 1007 3295 sumus
1048 3230 1102 3278 et
1132 3222 1450 3293 perivimus,
1487 3221 1615 3276 dum
1651 3232 1705 3278 tu
1740 3224 1982 3292 peccatis
2010 3226 2217 3281 nostris
2249 3228 2358 3281 ira-

821 3325 905 3368 tus
934 3329 1012 3368 es.
1057 3313 1129 3367 De
1164 3312 1241 3366 ira
1273 3320 1452 3367 autem
1502 3322 1556 3366 et
1588 3313 1769 3368 furore
1822 3312 1939 3384 (seu
1971 3317 2174 3384 potius,
2202 3317 2357 3385 juxta

821 3405 1087 3461 veriorem
1135 3401 1335 3458 Graeca:
1379 3403 1631 3459 dictionis
1665 3404 1832 3475 θυμδς
1883 3406 2355 3475 signiﬁcationem,

777 3560 784 3567 ι
819 3497 886 3553 de
918 3497 1404 3566 excandescentia)
1452 3514 1689 3568 persaepe
1723 3500 1847 3553 alibi
1889 3500 2093 3555 dictum
2146 3510 2252 3566 est,
2304 3510 2357 3557 ct

816 3592 1086 3661 praecipue
1116 3590 1171 3643 in
1204 3590 1411 3659 psalmo
1440 3605 1515 3644 vr.

836 3722 841 3727 .
891 3679 1054 3734 Vens.
1090 3680 1144 3735 8.
1184 3678 1411 3733 Posuisti
1444 3679 1743 3747 iniquitates
1769 3688 1973 3734 nostras
2004 3682 2057 3733 in
2085 3692 2356 3751 conspectu

820 3783 931 3825 tuo.
959 3769 1276 3825 Manifestas
1322 3769 1576 3841 nimirum
1626 3784 1688 3821 ac
1718 3770 2041 3837 conspicuas
2070 3786 2251 3825 coram
2282 3782 2353 3827 te.

819 3860 887 3936 Et
912 3876 1033 3914 cum
1064 3859 1230 3913 latere
1250 3875 1358 3913 nun
1390 3860 1638 3928 possint,
1672 3858 1763 3912 sed
1791 3860 1964 3913 oculis
1998 3861 2217 3916 assidue
2250 3864 2356 3917 tuis

798 3940 1061 4018 .pateant,
1107 3958 1161 4003 te
1202 3949 1408 4003 idcirco
1448 3962 1661 4017 semper
1698 3948 1866 4018 magis
1903 3948 2118 4003 irritant
2159 3952 2358 4006 adver-

819 4054 939 4093 sum
970 4054 1089 4099 nos.

893 4130 1155 4184 chulum
1217 4141 1451 4186 nostrum
1499 4135 1553 4188 in
1598 4136 1984 4189 illummattone
2032 4136 2207 4189 vultus
2258 4138 2356 4186 tui.

821 4217 1083 4281 Saculum
1110 4230 1374 4286 nostrum,
1412 4220 1514 4275 hoc
1563 4231 1647 4275 est
1702 4216 1869 4277 'vitam
1902 4231 1957 4276 et
1993 4221 2359 4275 conversatio—

820 4325 942 4364 nem
977 4317 1239 4364 nostram.
1274 4309 1483 4375 Omnis,
1532 4311 1750 4381 inquit,
1785 4312 1891 4366 vita
1936 4320 1988 4366 et
2019 4310 2358 4385 conversatio

2457 1885 2688 1938 τοσαῦτα
2727 1886 2835 1953 γὰρ
2866 1885 2969 1938 ἀπὸ
2995 1884 3331 1957 Σολομῷντος
3354 1884 3482 1953 ἄχρι
3507 1883 3605 1953 τῆς
3638 1885 3731 1938 τοῦ
3761 1885 3983 1954 Χριστοῦ

2454 1974 2816 2043 σταυρώσεως
2872 1975 2964 2043 ἔτη
3009 1974 3421 2043 συναριθμεῖται
3461 1976 3626 2028 Φασὶν
3654 1971 3745 2029 οὖν
3764 1990 3982 2043 προαγο-

2461 2064 2640 2133 ρεύειν
2669 2066 2760 2116 τὸν
2783 2064 2962 2129 λόγον,
2992 2065 3072 2116 ὅτι
3105 2064 3259 2116 ταυτὶ
3286 2064 3352 2115 τὰ
3383 2064 3528 2132 χίλια
3570 2065 3665 2134 ἔτη
3704 2066 3779 2129 ὡς
3813 2067 3845 2134 ἡ
3872 2065 3984 2134 χθὲς

2461 2155 2638 2224 ἡμέρα
2662 2153 3090 2221 συλλελόγισται,
3146 2152 3233 2205 διὰ
3275 2155 3373 2222 τὴν
3407 2158 3751 2224 παρανομίαν
3800 2155 3980 2209 αὐτῶν.

2457 2245 2549 2297 Διὸ
2591 2246 2656 2297 τὰ
2708 2243 3117 2311 εξουδενὼματα
3172 2244 3351 2298 αὐτῶν
3406 2245 3514 2299 τῶν
3583 2245 3855 2299 Ἰουδαίων
3904 2248 3984 2298 επὶ

2460 2333 2642 2384 πλεῖον
2665 2332 2898 2397 ἔσονται,
2917 2334 3003 2384 ἀεὶ
3032 2334 3560 2404 προσεπιγινόμενα’
3590 2335 3685 2388 καὶ
3707 2336 3772 2406 δὴ
3807 2335 3985 2404 βλέπο-

2461 2440 2561 2492 μεν
2612 2422 2808 2484 αὐτοὺς
2860 2422 3111 2474 οὐδέποτε
3177 2424 3393 2478 παῦλαν
3450 2424 3548 2494 τῆς
3601 2425 3987 2491 ἐξουδενὼσεως

2456 2512 2845 2581 λαμϐάνοντας.
2879 2512 2985 2564 Καὶ
3016 2510 3179 2564 τᾶλλα
3232 2511 3287 2564 δὲ
3326 2513 3631 2576 ἀκολούθως
3670 2514 3901 2581 νοοῦσιν,
3917 2518 3987 2568 δτι

2454 2603 2514 2657 τδ
2561 2601 2702 2671 πρωῒ
2739 2603 3187 2672 ἁὺτῶν,ῆγουνή
3224 2602 3494 2673 εὐημερία
3517 2605 3721 2669 αὐτῶν,
3758 2604 3832 2667 ὡς
3867 2606 3985 2674 χλόη

2456 2693 2844 2763 παρελεύσεται
2869 2708 2882 2721 ’
2906 2692 3173 2760 εὑημερία
3194 2691 3250 2744 δὲ
3282 2692 3463 2747 αὐτῶν
3489 2693 3629 2764 ήεπὶ
3657 2693 3988 2762 Σολομῶντος

2457 2786 2616 2854 μόνον
2672 2783 2917 2852 βασιλεία
2946 2799 2960 2812 ·
3006 2787 3065 2836 τὸ
3106 2783 3214 2854 γὰρ
3242 2783 3369 2855 ἑξῆς
3416 2786 3791 2855 ὲκυμαίνοντο.
3838 2785 3917 2838 Τὰ
3940 2785 3990 2840 δι

2455 2874 2651 2944 ἑφεξῆς
2701 2874 2839 2944 ρητά
2882 2872 2955 2937 ὡς
3001 2876 3098 2943 τὴν
3138 2874 3300 2946 χλόην
3341 2874 3661 2942 ἀποδώσεις,
3710 2877 3786 2939 ὡς
3822 2877 3991 2946 προεξ-

2458 2981 2637 3033 ρηται.

2528 3057 2646 3110 Ὅτι
2666 3056 3018 3123 ἐξελίπομεν
3036 3058 3103 3109 ἐν
3122 3056 3195 3125 τῇ
3210 3057 3357 3125 ὀργῇ
3372 3075 3508 3122 σου,
3532 3061 3626 3115 καὶ
3646 3060 3717 3113 ἐν
3738 3056 3819 3123 τῷ
3838 3057 3993 3128 eum?

2458 3162 2573 3202 σου
2614 3147 3038 3216 ἐταράχθημεν.
3069 3175 3136 3189 -
3168 3148 3575 3217 ‘EEeJlrrOpir,
3598 3150 3719 3203 ἀντὶ
3738 3149 3991 3213 coiciat-

2456 3238 2732 3306 γώθημεν,
2790 3238 3138 3307 ἀπωλόμεθα,
3181 3241 3239 3292 ἐν
3280 3238 3357 3309 τῷ
3404 3238 3719 3310 ὀργισθῆναι
3761 3256 3820 3291 σε
3868 3240 3991 3309 ἡμῖν

2460 3327 2848 3397 ἁμαρτάνουσι.
2903 3329 3034 3394 Περὶ
3071 3328 3250 3395 δὲτῆς
3274 3329 3441 3398 ὀργῆς
3468 3347 3559 3383 σου
3588 3330 3795 3385 καὶτοῦ
3826 3330 3987 3399 θυμοῦ

2458 3418 2725 3485 διαφόρως
2751 3416 2963 3488 εἴρηται
2998 3435 3011 3447 ·
3050 3418 3142 3470 καὶ
3184 3418 3381 3486 μᾶλλον
3422 3420 3478 3470 ἐν
3503 3418 3578 3487 τῷ
3608 3424 3660 3482 ς’
3685 3418 3906 3489 ψαλμῷ.

2532 3698 2710 3751 Ἔθου
2750 3697 2853 3763 τὰς
2875 3697 3124 3766 ἀνομίας
3150 3698 3317 3766 ήμῶν
3342 3700 3617 3754 ἐναντίον
3657 3720 3795 3757 σου.
3837 3704 3993 3757 Ἕθου

2460 3788 2627 3851 αὑτὰς
2664 3789 2876 3858 γυμνὰς
2917 3788 3147 3841 ἐνώπιόν
3204 3806 3319 3853 σου,
3350 3790 3443 3843 καὶ
3475 3789 3745 3860 ὁρώμεναι
3786 3793 3851 3846 οὐ
3883 3794 3995 3847 δια-

2457 3878 2830 3943 λανθάνουσιν,
2855 3878 2988 3932 ἁλλὰ
3016 3878 3111 3932 καὶ
3140 3878 3372 3948 μάλιστα
3401 3880 3761 3950 παροξύνουσί
3785 3902 3846 3938 σε
3879 3877 3996 3939 καθ’

2458 3970 2635 4040 ήμῶν.

2542 4148 2607 4201 '0
2652 4148 2797 4203 αἰὼν
2833 4148 2997 4218 ἡμῶν
3031 4153 3117 4215 εις
3172 4150 3479 4219 φωτισμὸν
3527 4152 3630 4206 τοῦ
3680 4155 4001 4221 προσώπου

2457 4251 2596 4291 σου.
2625 4238 2802 4292 Δίῶνα
2828 4240 2920 4292 νῦν
2948 4243 3040 4293 τὸν
3064 4240 3177 4313 βίον
3208 4241 3353 4310 λέγει
3384 4243 3477 4294 καὶ
3496 4243 3596 4311 ’τὴν
3626 4244 3791 4313 ζωήν.
3818 4246 3998 4309 Ὄλο,

2459 4329 2645 4397 φησὶν,
2680 4332 2707 4380 ὁ
2742 4328 2853 4396 βίος
2882 4330 3056 4399 ἡμῶν,
3089 4332 3183 4402 ὅλη
3218 4336 3250 4402 ἡ
3296 4335 3406 4402 ζωὴ
3434 4338 3513 4397 εἰς
3543 4336 3603 4388 τὸ
3630 4337 3875 4405 ἐμφανὲς
3905 4340 3997 4407 τῆς

818 4408 1003 4454 nostra
1050 4397 1336 4452 manifesta
1387 4406 1470 4454 est
1521 4399 1575 4453 in
1606 4409 1901 4471 conspectu
1944 4408 2071 4454 tuo:
2108 4407 2164 4453 et
2216 4398 2355 4453 idem

2463 4420 2558 4488 σῆς
2601 4420 2903 4488 ἐπισκοπῆς
2939 4424 3131 4489 κεῖται,
3193 4426 3435 4477 τουτέστι
3473 4428 3853 4496 πεφανέρωται
3894 4397 3998 4484 σοι.

817 4494 901 4541 est
932 4499 1148 4549 sensus,
1177 4485 1269 4552 qui
1300 4485 1355 4538 in
1385 4486 1707 4553 praecedenti
1733 4488 2023 4543 versiculo.

888 4574 1052 4627 Vens.
1090 4575 1142 4629 9.
1183 4572 1441 4637 Quoniam
1477 4591 1650 4629 omnes
1693 4576 1802 4639 dies
1844 4578 2010 4631 nostri
2041 4576 2353 4647 defecerunt.

819 4661 1019 4716 Omnes
1043 4663 1163 4716 vita:
1191 4671 1385 4716 nostra:
1411 4661 1528 4716 dies
1544 4650 2008 4733 'pertransierunt.
2032 4664 2149 4719 Jam
2186 4675 2356 4719 morte

819 4754 1048 4823 proximi
1080 4768 1304 4818 sumus;
1337 4755 1408 4809 ita
1437 4755 1603 4831 enim,
1639 4758 1834 4827 inquit,
1869 4772 1954 4812 me
1997 4756 2196 4812 sentire
2240 4772 2356 4824 per-

822 4844 1011 4899 suadet
1060 4844 1429 4900 calamitatum
1480 4846 1841 4902 vehementia.
1899 4849 1994 4903 Est
2027 4857 2207 4903 autem
2238 4862 2355 4901 mos

820 4935 890 4990 iis
924 4936 1012 5003 qui
1044 4938 1097 4991 in
1140 4938 1409 5006 angustiis
1451 4948 1594 5005 sunt,
1628 4948 1688 4993 ut
1718 4938 1904 4994 dicant
1936 4955 1993 4993 se
2020 4940 2088 4993 ab
2134 4940 2216 4994 eis
2261 4954 2355 5009 op-

823 5038 1037 5092 pressos
1095 5039 1236 5089 esse,
1296 5040 1359 5081 ac
1392 5014 1503 5093 jam
1564 5026 1809 5094 periisse,
1862 5027 2021 5081 veluti
2077 5028 2354 5097 desperata

822 5128 1045 5183 prorsus
1072 5117 1273 5193 salute.
1304 5116 1515 5170 Dictum
1560 5116 1720 5170 etiam
1753 5125 1837 5171 est
1871 5132 2127 5186 persaepe,
2175 5128 2228 5173 et
2259 5120 2385 5173 dev

819 5220 929 5259 nuo
966 5215 1288 5274 repetemus,
1335 5207 1477 5275 quod
1507 5205 1704 5271 dietio,.
1738 5206 2021 5271 Quoniam,
2068 5224 2163 5263 seu
2198 5208 2353 5273 Quia,

821 5290 1059 5361 alioquin
1095 5296 1310 5362 ponitur
1339 5303 1395 5347 ut
1445 5295 1756 5360 conﬁrmet,
1806 5311 1903 5365 pro
1933 5297 2088 5361 Vere,
2120 5298 2353 5367 alioquin

822 5383 1083 5436 rationem
1140 5383 1332 5450 reddit,
1390 5392 1445 5438 et
1498 5386 1740 5453 alioquin
1800 5394 2007 5439 tantum
2069 5395 2272 5451 narrat,
2302 5395 2394 5441 et—

820 5473 1095 5528 abundare
1124 5474 1516 5543 quodammodo
1543 5476 1775 5539 videtur,
1797 5486 1856 5529 ut
1891 5477 1976 5530 hic
1998 5494 2013 5542 ;
2038 5489 2091 5530 et
2117 5479 2189 5531 ita
2218 5492 2359 5545 sape

826 5565 1057 5631 positam
1089 5580 1207 5619 eam
1244 5566 1555 5621 invenimus
1600 5568 1739 5636 apud
1773 5568 1985 5621 beatum
2038 5568 2221 5621 David.
2277 5568 2358 5621 Sit

825 5649 983 5715 igitur
1031 5648 1145 5704 haec
1178 5650 1273 5704 tibi
1309 5651 1362 5705 in
1394 5651 1631 5707 futurum
1670 5670 1857 5707 norma
1891 5655 2214 5710 certissima.
2256 5656 2357 5711 Su-

834 5737 1091 5809 perﬂuum
1130 5744 1271 5797 enim
1301 5752 1383 5800 est
1416 5744 1600 5799 eadem
1645 5760 1855 5815 semper
1888 5755 2143 5815 repetere.

2470 4509 2528 4562 '0
2558 4510 2615 4563 δὲ
2644 4529 2767 4574 νους
2791 4530 2971 4581 ομοιος
2998 4514 3089 4564 τοῦ
3129 4514 3487 4583 προλαϐόντος
3522 4518 3726 4587 στίχου.
4019 4522 4026 4566 ε

2531 4600 2649 4652 ’Ότι
2676 4600 2862 4656 πᾶσαι
2895 4606 2955 4655 αι
2988 4600 3195 4669 ἡμέραι
3227 4603 3393 4672 ἡμῶν
3418 4605 3719 4666 ἐξέλιπον.
3750 4609 3817 4659 At
3861 4608 4000 4679 ἠμέ-

2458 4706 2549 4758 ραι
2581 4688 2680 4757 τῆς
2709 4690 2853 4757 ζωῆς
2885 4690 3040 4758 ἡμῶν
3084 4692 3375 4761 παρῆλθον.
3413 4692 3491 4765 Τῇ
3522 4694 3739 4766 τελευτῇ
3784 4698 4000 4765 πεπλη-

2459 4780 2770 4846 σιάκαμεννο
2827 4778 2966 4831 οὕτω
2999 4778 3105 4847 γὰρ
3141 4796 3208 4847 με
3245 4779 3415 4832 πείθει
3450 4784 3647 4853 νοετνή
3692 4786 4001 4856 σφοδρότης

2454 4873 2562 4925 τῶν
2590 4874 2901 4943 συμφορῶν.
2941 4874 3098 4936 Ἔθος
3128 4873 3183 4926 δὲ
3220 4875 3312 4927 καὶ
3352 4872 3523 4939 ἄλλως
3546 4879 3656 4940 τοῖς
3686 4880 3742 4931 ἐν
3782 4879 3996 4949 θλίψεσι

2456 4962 2654 5030 λέγειν,
2677 4965 2754 5015 ὃτι
2781 4965 3136 5033 τεθνήκαμεν,
3182 4966 3569 5031 ἀποπνιγέντες
3606 4970 3727 5031 ταῖς
3760 4970 3997 5038 θλίψεσι,

2458 5054 2550 5105 καὶ
2573 5054 2945 5119 ἀπεγνωκότες
2964 5053 3063 5121 τὴν
3088 5054 3373 5121 σωτηρίαν.
3404 5052 3627 5126 Εἴρηται
3648 5058 3705 5110 δὲ
3736 5060 3998 5120 πολλάκις

2458 5143 2584 5211 περὶ
2607 5144 2721 5203 τοῦ,
2760 5144 2905 5204 Ὀτι,
2934 5144 3026 5195 καὶ⁵
3060 5141 3151 5195 νῦν
3190 5143 3247 5195 δὲ
3272 5142 3498 5198 καθόλου
3528 5146 3740 5213 ῥητέον,
3765 5149 3847 5205 ᾶτι
3868 5148 3993 5199 ἔνθα

2458 5234 2790 5303 εὑρίσκεται,
2818 5236 2851 5304 ἧ
2884 5234 3219 5303 ἀντιλογικὸν
3242 5239 3461 5302 νοεῖται,
3491 5237 3523 5307 ἢ
3554 5226 3922 5305 βεϐαιωτικὸν,
3958 5239 3989 5305 ἦ

2458 5324 2852 5393 υιηγηματικδν
2886 5326 2977 5376 καὶ
3012 5325 3299 5395 παρέλκον,
3336 5326 3410 5387 ὡς
3440 5327 3533 5379 καὶ
3574 5310 3902 5381 vim-'1'on
3932 5328 3987 5379 δὲ

2460 5414 2552 5466 καὶ
2586 5414 2784 5480 μᾶλλον
2815 5413 3097 5476 πλεονάζει
3123 5414 3270 5482 παρὰ
3307 5414 3385 5484 τῷ
3437 5416 3617 5471 Δαϐίδ.
3652 5418 3761 5469 Καὶ
3806 5417 3988 5469 λοιπὸν

2458 5503 2596 5556 ἔστω
2622 5520 2703 5557 σοι
2730 5503 2908 5568 τοῦτο,
2945 5506 3024 5566 είς
3068 5506 3127 5557 τὸ
3172 5506 3315 5574 ἑξῆς,
3353 5507 3531 5559 κανὼν
3577 5508 3986 5577 ἀκριϐέστατος.

2459 5596 2712 5663 Περιττὸν
2737 5595 2843 5665 γὰρ
2887 5594 3140 5658 πολλάκις
3190 5597 3316 5667 περὶ
3358 5598 3465 5651 τῶν
3494 5598 3668 5652 αὐτῶν
3706 5597 3882 5667 λέγειν
3920 5593 3989 5646 τὰ

2461 5685 2613 5737 αὐτά.
