4112 6322
146 227 255 341 κιο

1297 274 1681 349 ΟΟΜΜΕΝΤ.
1720 274 1799 332 IN
1842 273 2199 333 PSALMOS.

3200 313 3206 319 -
3241 274 3345 337 934

212 392 331 445 Eni
376 390 447 443 ἐν
490 388 565 456 τῇ
614 368 765 456 ὀργῇ
808 401 925 441 σου
976 386 1350 453 ἐξελίπομεν.
1406 384 1701 453 Τοῦτοκαὶ

1879 383 1945 435 Et
2001 385 2054 435 in
2085 384 2167 435 ira
2201 393 2291 434 tua
2341 382 2647 449 defecimus.
2686 380 2831 437 idem
2888 382 3050 438 etiam
3103 387 3353 454 superius

140 483 406 549 ὶοωτέρω
435 480 646 552 εἴρηκε.
694 480 998 547 Διττολογεί
1045 478 1102 531 δὲ
1158 477 1304 549 νόμῳ
1344 477 1453 531 τῶν
1479 478 1699 530 ἐλεεινοο

136 588 309 638 ιογου
316 578 512 640 μένων.
698 613 703 619 .
1339 622 1343 627 .

211 664 299 716 Τὰ
324 664 427 730 ἐτη
463 661 629 732 ἡμῶν
672 661 813 715 ὡσεὶ
847 660 1077 730 ἀράχνῃ
1116 657 1425 727 ἐμελέτων.
1464 657 1696 726 Ἀράχνη

134 756 238 807 νῦν
278 760 311 810 ὁ
341 759 437 826 τῆς
489 758 733 826 ἀράχνης
758 756 902 816 ἱστός
934 748 973 783 θ’
996 752 1319 823 Ἐμελέτων
1341 752 1416 814 δὲ,
1453 752 1575 804 ἀντὶ
1604 749 1699 803 τοῦ

139 847 533 916 Ἐμελετῶντο
556 884 570 907 ,
623 845 823 909 εῐτουν,
857 841 1160 909 ἐλογίζοντο
1186 856 1199 869 ’
1232 840 1381 905 λέγει
1413 837 1589 892 τοίνυν
1616 837 1700 889 ὅτι

131 938 205 991 τὰ
242 939 343 1008 ἔτη
382 921 538 1007 ἡμῶν
566 936 893 1003 ἐλογίζοντο,
943 932 1189 984 τουτέστι
1215 929 1519 997 λογίζονται
1547 930 1699 998 ἡμῖν,

130 1030 281 1082 ὡσεὶ
319 1031 561 1099 ἀράχνης
598 1028 762 1090 ίστὺς,
793 1023 1061 1093 ἐπίμοχοα
1098 1024 1191 1076 καὶ
1241 1021 1594 1091 ὀλιγοχρόνια.
1642 1018 1700 1073 Ὀ

128 1122 255 1192 γὰρ
289 1120 526 1182 τοιοῦτος
557 1120 700 1181 ἱστὸς
725 1116 905 1185 πολλῷ
934 1115 1030 1186 μὲν
1064 1116 1346 1182 ὑφαίνεται
1391 1111 1573 1198 μόχθῳ
1613 1109 1701 1163 διὰ

127 1216 237 1282 τὴν
265 1214 409 1281 ἄγαν
430 1210 755 1280 λεπτότητα,
805 1207 999 1261 θᾶττον
1058 1204 1115 1256 δὲ
1154 1202 1431 1273 φθείρεται
1480 1200 1567 1253 διὰ
1602 1200 1702 1269 τὴν

128 1301 450 1354 ἀσθένειαν.
1242 1304 1253 1324 ¹

197 1563 278 1614 Ai
302 1559 513 1629 ἡμέραι
531 1557 812 1613 τῶν-ἑτῶν
832 1557 1000 1628 ἡμῶν
1020 1557 1089 1611 ἐν
1120 1555 1321 1622 αὐτοῖς
1345 1555 1704 1626 ἐϐδομήκον-

131 1668 211 1705 τα
232 1652 371 1718 ἐτη·
395 1652 514 1709 ἐὰν,
536 1650 604 1702 δὲ
626 1650 695 1703 ἐν
722 1648 1127 1714 δυναστείαις,
1175 1644 1545 1717 ὀγδοήκοντα
1574 1647 1699 1714 ἔτη.

1797 474 1956 537 dixit,
1985 475 2079 529 sed
2130 489 2434 528 sermonem
2467 478 2678 544 repetit,
2709 489 2898 529 eorum
2933 489 3101 542 more,
3132 478 3222 544 qui
3251 478 3355 530 mi-

1797 563 2151 619 sericordiam
2188 564 2503 633 implorant.
3046 566 3053 573 '

1868 651 2033 708 Vens.
2074 654 2157 709 10.
2194 655 2333 707 Anni
2355 656 2524 710 nostri
2545 656 2693 724 quasi
2717 671 2915 708 aranea
2944 656 3349 714 meditabantur.

1797 739 2065 799 Arane’am
2120 745 2272 812 ponit
2304 760 2403 814 pro
2457 760 2670 800 araneae
2720 747 2852 799 tela.
2889 744 3128 800 Verbum
3173 758 3351 804 autem

1800 835 2201 890 Hcditabantur
2229 837 2283 889 in
2311 837 2524 906 passiva
2556 839 2645 892 hic
2674 838 3068 907 signiﬁcatione
3116 841 3349 907 positum

1798 938 1905 983 est.
1975 943 2074 997 pro
2122 928 2607 991 Existimabantur,
2662 943 2758 983 seu
2804 928 3233 997 Reputabautur.
3289 929 3355 982 Et

1800 1030 1997 1071 sensus
2028 1026 2136 1079 est,
2167 1016 2310 1084 quod
2337 1018 2465 1070 anni
2496 1019 2668 1072 nostri
2711 1033 2740 1070 a
2780 1018 2941 1073 nobis
2968 1020 3356 1089 existimaban-

1800 1113 1911 1169 tur,
1964 1122 2063 1176 pro
2115 1105 2525 1172 Existimantur,
2585 1107 2743 1176 quasi
2795 1120 3005 1161 aranea:
3046 1108 3180 1168 ltela,
3238 1125 3358 1177 qua:

1801 1208 2015 1250 summo
2062 1195 2119 1249 iit
2171 1212 2294 1251 cum
2329 1197 2532 1262 labore,
2564 1204 2619 1250 et
2651 1196 2865 1251 modico
2898 1197 3061 1251 durat
3094 1205 3355 1266 trmpore.

1800 1286 1883 1342 Ob
1931 1287 2226 1340 maximam
2262 1288 2407 1342 enim
2455 1303 2641 1341 earum
2697 1289 3015 1342 tenuitatem
3066 1303 3175 1342 non
3245 1305 3358 1342 Ille-

1802 1377 1979 1431 diocri
2039 1384 2301 1433 texuntur
2330 1392 2455 1433 cum
2508 1377 2716 1441 labore,
2771 1386 2829 1432 et
2881 1378 2952 1432 ob
2987 1378 3353 1433 inﬁrmitatem

1804 1466 2052 1520 celeriter
2077 1475 2326 1536 pereunt.

1870 1554 1999 1609 Dies
2020 1572 2278 1609 annorum
2300 1566 2596 1611 nostrarum
2619 1560 2670 1611 in
2691 1558 2821 1624 ipsis
2841 1560 3166 1628 septuaginta
3187 1561 3315 1613 anui
3337 1575 3358 1613 :

1804 1646 1851 1700 si
1887 1655 2059 1700 autem
2087 1647 2140 1699 in
2165 1648 2541 1713 potentatibus,
2574 1648 2842 1718 octoginta
2874 1651 3020 1702 anni.
3055 1648 3353 1705 Numerum

144 1740 424 1794 Ἐνταῦθα
449 1741 544 1795 τὸν
575 1737 807 1811 ἀριθμὸν
837 1740 1078 1803 ὁρίζεται
1109 1738 1218 1790 τῶν
1244 1736 1402 1799 ἑτῶν,
1429 1737 1567 1789 πόσα
1601 1735 1701 1805 μέν

1804 1750 2076 1791 annorum
2110 1736 2457 1801 determinat,
2488 1746 2620 1806 quot
2661 1739 2773 1793 sint
2800 1737 3055 1792 nimirum
3088 1740 3214 1793 anni
3250 1755 3355 1809 po-

134 1833 253 1884 είσι
281 1831 386 1901 τῆς
412 1830 718 1897 δυνάμεως,
747 1830 886 1883 πόσα
936 1828 993 1881 δὲ
1026 1828 1093 1881 τὰ
1130 1828 1227 1897 τῆς
1256 1826 1397 1897 βίας.
1426 1827 1567 1898 Φησὶ
1592 1827 1699 1896 γὰρ

130 1922 223 1975 ὅτι
254 1923 312 1974 ai
351 1921 555 1992 ἡμέραι
582 1921 691 1973 τῶν
717 1919 855 1973 ὲτῶν
883 1917 1058 1989 ἡμῶν,
1095 1917 1261 1987 ἤγουν
1290 1915 1358 1969 τὰ
1392 1915 1485 1984 ἔτη
1519 1914 1698 1983 ἡμῶν,

134 2014 200 2067 ιν
230 2014 421 2075 αὐτοῖς
456 2013 574 2081 μὶν,
618 2010 783 2081 ἤγουν
812 2012 869 2062 ὲν
908 2010 1142 2071 ἑαυτοῖς,
1176 2006 1546 2077 ἐσδομήκογτα
1604 2004 1699 2075 ἔτη

136 2103 312 2158 εἰσίν.
353 2104 478 2157 Ἐπὶ
514 2101 765 2156 τοσοῦτον
793 2099 901 2171 γὰρ
934 2100 1145 2152 ἑαυτῶν
1184 2100 1372 2167 ἐσμεν,
1400 2099 1699 2164 τουτέστιν,

138 2196 361 2249 ἑαυτῶν
390 2194 730 2265 κυριεύοντες
790 2191 1097 2261 ὲνδυνάμως
1130 2189 1447 2259 κινούμεθα.
1494 2189 1617 2243 Ἐὰν
1644 2189 1702 2242 δὲ

136 2288 203 2341 εν
244 2286 589 2349 δυναστείαις
613 2302 699 2348 τις
720 2285 889 2355 μέλλῃ
923 2286 1044 2356 ζῇν,
1071 2283 1100 2336 ὅ
1124 2283 1270 2361 ἐστιν
1300 2282 1357 2334 ὲν
1380 2280 1491 2352 βίᾳ,
1518 2280 1606 2333 διὰ
1642 2280 1703 2333 τὸ

138 2380 310 2450 μόγις
336 2379 399 2433 τὸ
420 2376 708 2445 δύνασθαι,
735 2375 1065 2446 ὀγδοήκοντα
1094 2372 1189 2445 Ιτη
1223 2371 1342 2425 τότε
1387 2371 1562 2441 ζήσει.

218 2649 299 2704 Td
332 2647 404 2703 δὲ
450 2643 666 2702 πλεῖον
696 2640 898 2700 αὐτῶν
949 2642 1139 2708 κόπος
1166 2638 1265 2694 καὶ
1294 2638 1502 2702 πόνος.
1543 2638 1614 2690 Τὸ
1647 2638 1705 2692 δὲ

143 2741 409 2794 {dictum
448 2738 675 2804 τούτων,
719 2736 843 2790 ὅσον
871 2732 1169 2803 ζήσει-τις,
1204 2728 1371 2792 κόπος
1405 2728 1498 2781 καὶ
1541 2727 1703 2789 πόνος

144 2832 306 2886 ισται
365 2831 456 2885 διὰ
520 2830 620 2902 τὴν
660 2829 811 2898 Δἄγαν
851 2826 1155 2881 ἀσθινειαν.
1186 2821 1370 2883 Κόττος
1404 2821 1503 2890 μὲν
1544 2817 1635 2872 οὖν
1668 2819 1701 2889 ἡ

143 2922 520 2993 ταλαιπωρία,
577 2921 736 2990 πόνος
763 2918 822 2993 δὲ
850 2918 913 2973 τὸ
953 2918 1135 2984 ἄλγος.
1165 2912 1401 2976 Τινὲςδὲ
1433 2912 1493 2965 τὸ
1524 2910 1704 2963 πλεῖον

146 3016 261 3069 τῶν
292 3014 671 3085 ἐϐδομήκοντα
702 3013 739 3084 ἦ
780 3011 1106 3081 ὀγδοήκοντα
1147 3005 1283 3061 ἑτῶν
1334 3004 1654 3075 πνοήκασιν
1682 3013 1701 3032 ⁶

146 3109 231 3163 ὅτι
254 3106 413 3177 όλίγη
432 3106 531 3175 μὲν
551 3106 610 3159 ἑν
624 3104 836 3167 ἑαυτοῖς
856 3102 890 3171 ἡ
922 3099 1135 3171 τέρψις,
1169 3096 1345 3153 πλεῖον
1361 3095 1417 3149 δὲ
1462 3096 1497 3163 ἡ
1526 3092 1703 3164 θλίψις

147 3201 241 3255 διὰ
267 3200 340 3255 τὰ
370 3199 572 3268 συνεχῆ
603 3195 1012 3267 συμπτώματα.

222 3377 352 3433 Ὅτι
370 3373 598 3443 ἀπῆλθε
620 3372 885 3442 πραότης
914 3364 1008 3438 ἐφ’
1035 3364 1212 3435 ἡμᾶς,
1246 3363 1342 3416 καὶ
1388 3359 1706 3427 παιδευθη-

149 3472 403 3540 σόμεθα.
430 3466 719 3537 Πραόττιτα
768 3461 865 3519 νῦν
899 3462 999 3532 τὴν
1044 3456 1272 3531 μετρίαν
1314 3456 1378 3508 ἐκ
1416 3452 1552 3508 Θεοῦ
1588 3469 1707 3504 παι-

150 3563 299 3616 δείαν
336 3560 610 3629 ὠνόμασε.
634 3556 922 3629 Πραότητα
953 3552 1011 3606 δὲ
1035 3551 1206 3621 αὐτὴν
1238 3545 1382 3623 εἷπε,
1408 3545 1544 3616 πρὸς
1570 3545 1704 3613 σύγ-

152 3670 337 3725 κρισιν
388 3645 458 3723 ἧς
510 3651 676 3719 ισμεν
703 3645 843 3713 ἄξιοι
869 3643 1161 3715 τιμωρίας,
1190 3639 1279 3693 διὰ
1305 3638 1403 3699 τὰς
1434 3636 1706 3708 ἁμαρτίας

150 3741 331 3813 ἡμῶν.

225 4027 323 4092 Τίς
341 4021 619 4094 γινώσκει
648 4019 715 4073 τό
735 4017 957 4087 κράτος
994 4013 1105 4083 τῆς
1146 4009 1329 4080 ὀργῆς
1364 4025 1481 4063 σου
1508 4025 1528 4073 ;
1581 4007 1704 4061 Ἐὰν

151 4121 188 4187 ἡ
219 4116 397 4189 μικρά
432 4132 527 4169 σου
574 4110 792 4165 παιδεία
824 4106 1094 4174 τοσαύτην
1118 4106 1251 4175 ἡμῖν
1290 4100 1544 4169 αἴσθησιν
1590 4100 1705 4152 ὲνε-

153 4211 369 4280 ποίησε,
412 4209 494 4269 τίς
532 4204 641 4274 ἆρα
687 4201 945 4270 γινώσκει
974 4198 1137 4264 πόση,
1177 4193 1270 4247 καὶ
1310 4192 1461 4257 ποία,
1496 4191 1589 4245 καὶ
1621 4190 1705 4252 τίς

154 4279 301 4354 ιστιν
328 4298 366 4369 ὴ
398 4296 553 4366 ἰσχὺς
576 4294 683 4363 τῆς
711 4292 879 4363 ὀργῆς
910 4304 1039 4354 σου;
1078 4286 1205 4339 Ἐπὶ
1233 4285 1346 4346 τοῖς
1375 4279 1704 4352 ἀνεπιστρόο

154 4404 269 4458 φως
301 4386 517 4460 ῐχουσιν
550 4382 718 4445 θντως
742 4379 907 4449 πολλή
936 4378 1055 4430 ὲστι
1078 4375 1172 4429 καὶ
1205 4373 1501 4445 ἀφόρητος.

220 4564 331 4620 Καὶ
361 4562 481 4618 ἀπὸ
496 4560 604 4615 τοῦ
633 4560 822 4628 φόϐου
845 4571 963 4610 σου
992 4555 1097 4609 τὸν
1122 4554 1311 4623 θυμόν
1333 4567 1451 4607 σου
1476 4552 1703 4622 ἐξαριθ-

150 4658 462 4728 μήσασθαι
485 4669 505 4718 ;
531 4653 642 4706 Καὶ
674 4651 756 4713 τίς
807 4648 967 4702 πάλιν
999 4646 1253 4715 γινώσκει
1304 4644 1574 4715 μετρῆσαι
1611 4647 1702 4698 τὸν

156 4750 327 4821 θυμόν
362 4763 459 4800 σου
490 4762 512 4811 ;
544 4744 790 4817 τουτέστι
842 4738 1135 4809 διαγνῶναι
1164 4737 1327 4800 πόσος
1364 4739 1530 4791 ἐστιν.
1581 4737 1705 4789 ὐν-

157 4857 260 4902 τως
284 4837 461 4898 οὐδεὶς
486 4832 644 4887 τοῦτο
664 4830 975 4894 δυνήσεται,
1006 4828 1095 4883 διὰ
1132 4828 1191 4881 τὸ
1218 4824 1357 4881 εἷναί
1384 4826 1443 4880 σε
1474 4825 1703 4896 φοϐερὸν

157 4932 315 4998 ἄγαν.

228 5022 349 5086 Τὴν
396 5016 604 5084 δεξιάν
656 5032 773 5071 σου
805 5006 973 5069 οὕτω
1020 5009 1313 5081 τνώρισόν
1347 5027 1469 5080 μοι.
1498 5010 1703 5077 Οὕτως,

157 5117 320 5187 ἤγουν
341 5113 400 5165 ἐν
428 5111 693 5180 πραότητι
724 5108 819 5162 καὶ
848 5106 1045 5177 μετρίᾳ
1070 5104 1284 5176 παιδείᾳ
1310 5102 1586 5175 ῥυθμίζων
1610 5120 1702 5172 με,

158 5203 424 5277 γνώρισόν
449 5216 539 5271 μοι
574 5198 680 5265 τὴν.
714 5197 894 5262 δεξιάν
938 5211 1030 5271 σου
1070 5195 1128 5247 ιν
1163 5197 1229 5265 τῇ
1266 5194 1447 5265 ἡμέρᾳ
1471 5194 1567 5261 τῆς
1589 5192 1705 5262 κρί-

160 5311 317 5358 σεως.
332 5280 625 5365 ῐδνωρίσεις
640 5305 731 5359 μοι
752 5288 811 5342 δὲ
828 5288 1017 5358 αὐτὴν,
1042 5288 1243 5356 στήσας
1272 5288 1329 5338 ὲν
1355 5287 1417 5354 τῇ
1442 5284 1591 5354 δεξιᾷ
1611 5300 1701 5336 σου

164 5381 300 5448 μετὰ
326 5379 435 5433 τῶν
465 5375 776 5450 προὸατων.

229 5550 339 5604 Καὶ
374 5551 520 5615 τοὺς
555 5548 997 5619 πεπεδημένους
1034 5547 1105 5615 τῇ
1153 5548 1361 5615 καρδίᾳ
1394 5547 1460 5599 ἐν
1498 5549 1701 5615 σοφίᾳ.

162 5641 268 5695 Καὶ
294 5642 376 5696 ἔτι
405 5641 670 5711 γνὼρισόν
703 5660 793 5711 μοι
838 5644 956 5697 τότε
984 5641 1109 5704 τοὺς
1143 5636 1404 5714 δικαίους,
1439 5638 1703 5703 συντάξας

1731 3053 1777 3114 C

1804 1827 2001 1891 lentiae,
2045 1827 2147 1879 hoc
2174 1834 2258 1880 est
2286 1826 2520 1890 roboris,
2570 1842 2664 1881 seu
2698 1828 2891 1882 vitium
2925 1844 2941 1883 :
2976 1838 3030 1883 et
3074 1840 3205 1898 quot
3248 1830 3356 1884 sint

1802 1917 1930 1970 anni
1961 1916 2250 1971 violentiae.
2281 1918 2372 1970 Ait
2397 1916 2583 1985 igitur,
2616 1917 2763 1987 quod
2790 1918 2907 1973 dies
2957 1934 3226 1973 annorum
3254 1936 3356 1974 no-

1804 2013 2066 2070 strorum,
2092 2007 2196 2060 hoc
2222 2016 2326 2070 est,
2361 2005 2509 2074 quod
2542 2005 2670 2060 anni
2707 2008 2906 2073 nostri,
2946 2009 2999 2062 in
3046 2009 3198 2076 ipsis,
3232 2024 3352 2078 pro,

1802 2096 1858 2150 in
1892 2130 1895 2135 -
1924 2096 2085 2151 nobis
2141 2094 2297 2163 ipsis,
2356 2103 2484 2150 sunt
2517 2098 2861 2165 septuaginta
2895 2098 3055 2153 anui.»
3100 2098 3355 2169 Eousque

1802 2187 1946 2242 enim
1996 2199 2099 2240 nos
2143 2185 2323 2241 nostri
2359 2199 2573 2251 sumus,
2612 2186 2717 2242 hoc
2747 2195 2856 2251 est,
2888 2188 3065 2242 nostri
3102 2189 3356 2243 domina-

1803 2292 1949 2340 mur,
1982 2277 2284 2346 roboreque
2332 2292 2396 2332 ac
2435 2277 2646 2334 viribus
2682 2280 2891 2333 nostris
2934 2274 3255 2346 movemur;
3306 2283 3383 2347 si,

1806 2376 1988 2422 autem
2022 2369 2077 2422 iu
2113 2369 2483 2439 potentatibus
2511 2369 2638 2438 quis
2668 2370 2918 2426 victurus
2967 2372 3060 2436 sit,
3110 2372 3213 2426 boc
3244 2380 3352 2437 est,

1806 2457 1864 2512 in
1898 2460 2177 2525 violentia,
2205 2475 2272 2514 eo
2299 2463 2444 2530 quod
2490 2469 2623 2515 tunc
2659 2461 2745 2532 vix
2767 2461 2979 2531 “aliquid
3015 2462 3129 2517 ﬁeri
3156 2474 3352 2533 potest,

1803 2551 2081 2619 octoginta
2116 2552 2277 2606 annis
2309 2552 2432 2620 quis
2461 2552 2627 2605 vivet.
3400 2552 3401 2555 “

1876 2638 1946 2693 Et
1975 2640 2113 2709 quod
2174 2641 2400 2710 amplius
2447 2656 2628 2695 eorum
2694 2639 2845 2693 labor
2894 2650 2941 2694 et
2979 2640 3152 2696 dolor.
3200 2640 3354 2697 Ultra

1806 2731 1907 2787 bos
1934 2746 2110 2785 annos
2158 2732 2204 2787 si
2251 2735 2379 2800 quis
2411 2732 2630 2796 vixerit,
2666 2732 2820 2786 labor
2850 2732 2901 2788 ei
2935 2733 3040 2788 erit
3084 2742 3139 2789 et
3176 2734 3353 2803 dolor,

1804 2821 1874 2877 ob
1903 2836 2174 2877 summam
2227 2822 2483 2876 nimirum
2516 2821 2696 2876 atatis
2733 2821 3128 2879 infirmitatem.
3181 2820 3359 2878 Labo-

1804 2924 1918 2965 rem
1947 2919 2126 2965 autem
2156 2910 2243 2965 hic
2274 2911 2465 2981 posuit
2484 2924 2582 2981 pro
2599 2910 3035 2982 miseria.Aliqui
3066 2928 3129 2968 ea
3153 2915 3350 2969 verba:

1806 2999 1880 3053 Et
1908 3000 2046 3073 qugd
2076 3002 2303 3065 amplius
2349 3018 2556 3067 eortina,
2590 3001 2667 3056 ita
2711 3001 3096 3057 intellexerunt
3127 3007 3271 3074 quod
3297 3006 3353 3059 in

1807 3091 1877 3146 iis
1910 3092 2091 3160 annis,
2147 3094 2239 3163 qui
2298 3101 2427 3149 sunt
2475 3095 2617 3157 ultra
2668 3093 2843 3150 dictos
2879 3098 3221 3164 septuaginta
3270 3098 3354 3152 vel

1806 3184 2076 3253 octaginta
2107 3199 2304 3251 annos,
2342 3184 2556 3239 modica
2585 3193 2670 3240 est
2713 3185 2767 3238 in
2800 3186 2881 3241 eis
2909 3186 3221 3253 delectatio,
3256 3189 3353 3245 sed

1808 3273 1981 3343 major
2007 3284 2091 3329 est
2114 3274 2359 3339 aﬂlictio,
2394 3285 2614 3346 propter
2646 3274 2965 3347 frequentes
2994 3292 3183 3335 casus.

1875 3364 2132 3431 Quoniam
2162 3370 2455 3436 supervenit
2477 3370 2818 3423 mansuetudo
2846 3373 2900 3425 in
2926 3386 3042 3435 nos,
3072 3381 3121 3425 et
3147 3371 3357 3427 erudie-

1806 3473 1944 3512 mur.
1977 3456 2083 3513 Per
2121 3460 2604 3514 mansuetudinem
2656 3462 2924 3516 modicam
2967 3462 3067 3518 Dei
3112 3466 3354 3533 castiga-

1808 3549 2010 3600 tionem
2056 3547 2339 3618 iutelligit.
2403 3551 2480 3602 Ita
2532 3550 2674 3604 euim
2731 3552 2935 3607 mitiori
2967 3552 3185 3608 nomine
3234 3569 3354 3609 eam

1806 3639 2134 3709 appellavit:
2163 3643 2288 3710 quia
2332 3641 2377 3695 si
2427 3642 2768 3713 castigationi
2819 3651 2872 3696 et
2900 3646 3225 3699 correctioni
3278 3644 3355 3705 illi

1805 3744 2168 3803 comparetur,
2198 3751 2310 3804 qua
2363 3738 2431 3790 ob
2463 3751 2675 3793 summa
2721 3738 2917 3793 delicta
2966 3749 3153 3794 nostra
3206 3740 3389 3811 digni‘

1806 3841 2082 3889 essemus.
2133 3841 2237 3880 non
2271 3828 2576 3895 castigatio,
2624 3830 2719 3884 sed
2772 3831 3132 3887 mansuetudo
3171 3832 3355 3901 potius

1805 3915 1974 3969 videri
2007 3917 2222 3985 poterit.

1873 4006 2036 4061 Vsus.
2079 4008 2168 4063 11.
2210 4007 2339 4073 Quis
2372 4012 2512 4089 nouit
2553 4010 2712 4065 robur
2740 4010 2836 4066 ira
2866 4019 2969 4067 tua
2994 4013 3021 4065 Ρ
3056 4012 3113 4067 Si
3144 4013 3352 4069 modica

1805 4100 2091 4169 castigatio
2146 4108 2357 4154 tantum
2418 4102 2574 4157 nobis
2629 4118 2851 4158 sensum
2907 4105 3181 4173 praestitit,
3228 4106 3352 4175 quis

1806 4206 1971 4247 nosse
2019 4194 2217 4261 poterit
2262 4201 2478 4262 quanta:
2519 4203 2575 4247 et
2628 4193 2820 4262 quales
2854 4194 2965 4249 sint
3014 4196 3107 4250 ira:
3136 4205 3242 4251 tua:
3271 4197 3352 4251 vi-

1807 4297 1916 4348 res,
1943 4277 2143 4352 quibus
2169 4284 2339 4340 uteris
2360 4284 2623 4339 adversus
2646 4298 2761 4349 eos,
2786 4286 2876 4354 qui
2903 4300 3026 4340 cum
3058 4288 3222 4342 multa
3236 4303 3351 4354 per-

1728 4378 1781 4437 D
1810 4390 1960 4430 verse
1990 4384 2243 4445 egerunt,
2270 4375 2514 4429 converti
2542 4374 2775 4429 nolunt?
2806 4376 3010 4449 Magna:
3038 4381 3356 4438 sane'vires

1808 4465 1914 4520 illa:
1948 4480 2069 4520 esse
2102 4464 2321 4528 debent,
2356 4478 2516 4534 atque
2548 4468 2940 4524 intolerabiles.

1838 4556 1943 4635 .Et
1981 4574 2090 4627 pm
2137 4560 2325 4612 timore
2351 4571 2439 4611 tuo
2480 4560 2887 4628 indignationem
2931 4572 3073 4619 tuam
3104 4564 3356 4621 dinume-

1806 4650 1970 4702 rare?
2009 4647 2074 4701 Et
2104 4650 2229 4718 quis
2251 4665 2444 4703 rursus
2476 4650 2612 4704 iram
2646 4661 2793 4704 tuam
2828 4653 2992 4707 novit.
3013 4655 3229 4710 metiri?
3255 4659 3356 4714 hoc

1805 4750 1906 4800 est.
1939 4753 2293 4809 cognoscere,
2344 4751 2546 4809 quanta
2586 4741 2673 4794 sit.
2723 4740 2859 4796 Vere
2890 4743 3075 4797 nullus
3106 4747 3306 4813 poterit
3335 4765 3350 4815 ;

1807 4830 2065 4900 quoniam
2098 4838 2154 4884 tu
2185 4830 2337 4885 valde
2365 4832 2622 4888 terribilis
2651 4845 2715 4887 ac
2743 4833 3018 4890 timendus
3045 4851 3127 4892 es.

1876 5006 2039 5062 Vsus.
2080 5006 2167 5060 i2.
2210 5006 2669 5061 Ιὶεπιοταηιριυασι
2710 5009 2787 5062 sic
2839 5016 3018 5063 natam
3062 5009 3148 5078 [ac
3199 5012 3351 5067 nti/ti.

1807 5095 1910 5161 Tu,
1942 5098 2138 5167 inquit,
2172 5099 2252 5154 sic
2282 5098 2524 5169 dirigens
2558 5113 2664 5163 me,
2718 5099 2773 5152 in
2806 5100 3227 5157 mansuetudine
3267 5106 3353 5158 ni-

1808 5190 2003 5242 mirum
2050 5198 2214 5259 atque
2266 5188 2320 5242 in
2369 5189 2583 5243 modica
2628 5191 2991 5255 correctione,
3041 5201 3222 5247 notam
3268 5193 3353 5267 fac

1806 5280 1937 5334 mihi
1986 5279 2259 5336 dexteram
2302 5288 2449 5332 tuam
2503 5279 2557 5333 in
2604 5274 2693 5336 die
2720 5281 2933 5349 iudicii.
2982 5280 3174 5338 Notam
3224 5300 3352 5342 vero

1805 5387 1925 5428 eam
1953 5371 2083 5427 mibi
2115 5372 2302 5435 facies,
2332 5374 2378 5426 si
2409 5374 2464 5427 in
2493 5373 2717 5429 dextera
2740 5373 2924 5428 ovium
2951 5382 3166 5430 tuarum
3198 5385 3349 5446 parte

1806 5479 1891 5517 me
1923 5464 2199 5518 statueris.
2424 5454 2430 5459 ’
2618 5470 2624 5479 ’

1874 5552 1944 5607 Ει
1984 5557 2176 5608 vinctos
2206 5544 2358 5608 Corda
2406 5555 2459 5608 in
2508 5555 2785 5625 sapientia.
2835 5555 2900 5610 Et
2940 5572 3136 5613 rursus
3168 5557 3349 5616 indica

1808 5645 1938 5699 mihi
1966 5646 2145 5715 justos
2174 5646 2442 5715 homines,
2467 5646 2574 5703 illis
2596 5645 2845 5705 videlicet
2872 5663 2957 5706 me
2985 5649 3345 5723 conjungens,
