4150 6326
791 400 892 467 951

1952 402 2326 461 EUTUYMII
2362 402 2716 461 ZlGABENI

3887 404 3988 465 959.

826 518 1080 574 Vnus“.
1101 518 1337 572 Ptantati
1364 519 1416 570 in
1438 517 1592 571 domo
1610 517 1818 571 Domini
1838 519 1891 570 in
1906 517 2043 570 aulis
2060 517 2153 570 Dei
2169 518 2336 569 nostri
2365 521 2411 576 Α

2365 521 2411 576 Α
2506 502 2940 584 Πεςρυτευμένοι
2969 516 3038 568 ἐν
3064 516 3143 580 τῷ
3171 517 3313 593 οειφ
3342 518 3581 584 Κυρίου,
3624 518 3695 569 ἐν
3734 518 3861 583 ταῖς
3881 523 3988 572 αὑ-

784 608 1101 679 eﬁiorebunt.
1151 608 1380 661 Plantati
1440 608 1493 661 in
1538 607 1780 661 inferiori
1826 607 2085 668 Ecclesia,
2119 609 2172 658 in
2221 621 2326 675 qua

785 700 989 752 habitat
1019 698 1192 767 gratia
1230 698 1461 763 Domini,
1492 705 1544 750 et
1563 697 1870 752 radicati‘in
1902 698 2025 759 ﬁde,
2056 697 2330 752 ﬂorebunt

785 790 835 840 in
863 788 1110 854 supernis
1132 788 1274 841 aulis
1305 786 1639 851 cmlestibus,
1685 787 1786 840 hoc
1819 796 1921 849 est,
1958 786 2066 841 illic
2096 801 2326 855 appare-

783 879 915 930 hunt
964 878 1225 931 virtutum
1263 876 1486 930 ﬂoribus
1513 877 1708 930 ornati.
1750 876 1841 930 Vel
1882 876 2039 931 aliter
2072 892 2087 928 :
2127 877 2327 931 Domus

781 967 990 1025 Domini
1026 969 1254 1022 scientia
1295 974 1376 1021 est
1423 967 1733 1020 divinarum
1785 967 2214 1034 Scripturarum,
2271 971 2323 1020 iu

776 1074 882 1127 qua
935 1059 1159 1113 scientia
1196 1058 1476 1112 Dominum
1509 1058 1855 1124 invenimus;
1884 1057 2020 1111 aula:
2048 1072 2177 1112 vero
2199 1067 2328 1115 sunt

779 1146 921 1202 illius
949 1148 1220 1203 mandata.

849 1324 1007 1379 Vsus.
1064 1327 1150 1390 15,
1180 1327 1267 1381 16.
1302 1325 1483 1380 Adhuc
1515 1326 2003 1394 multiplicabuntur
2031 1327 2085 1379 in
2118 1336 2324 1379 senecta

771 1417 973 1483 pingui.
1028 1415 1127 1469 Per
1156 1424 1412 1485 pinguem
1456 1428 1754 1480 senectam,
1804 1417 2017 1484 plenam
2068 1417 2322 1483 intelligit

774 1497 1123 1559 senectutem.
1174 1507 1432 1571 Tametsi,
1487 1506 1681 1574 inquit,
1730 1507 1861 1576 justi
1929 1507 2179 1561 homines
2227 1521 2317 1561 se-

777 1596 1011 1659 nuerint,
1038 1608 1148 1649 non
1168 1595 1419 1650 deﬁcient
1451 1604 1631 1649 tamen
1663 1598 1716 1650 in
1756 1598 2001 1664 profectu
2032 1597 2318 1659 virtutum,

773 1685 1015 1752 quinimo
1073 1685 1242 1754 magis
1298 1699 1360 1737 ac
1399 1686 1568 1754 magis
1615 1700 1827 1753 semper
1856 1685 2149 1741 virtutibus
2179 1688 2320 1739 mul-

773 1775 807 1825 ti
814 1774 1172 1842 plicabuntur.
1589 1774 1595 1781 ’

2437 606 2573 671 .107;-
2604 607 2710 660 τοῦ
2740 605 2887 659 Θεοῦ
2919 605 3085 674 ἡμῶν
3123 607 3550 671 ἐξανθήσουσι.
3596 609 3989 678 Πεφυτευμένοι

2436 695 2486 746 οἱ
2514 694 2711 746 δίκαιοι
2746 696 2802 745 ὲν
2822 696 2887 764 τῇ
2923 694 3071 747 κάτω
3106 694 3420 764 Ἐκκλησίᾳ,
3470 696 3532 748 ιν
3564 688 3597 768 ᾖ
3642 698 3782 749 οἰκεῖ
3826 699 3859 767 ἠ
3894 698 3987 751 τοῦ

2438 785 2685 854 Χριστοῦ
2709 786 2885 856 χάρις,
2908 785 3000 837 καὶ
3030 785 3383 855 ἐρριζωμένοι
3403 786 3463 838 ἐν
3494 789 3561 855 τῇ
3592 787 3793 851 πίστει,
3841 788 3989 854 ἐξαν-

2436 876 2688 944 Θήσουσιν
2725 878 2781 928 ὲν
2821 879 2941 939 ταῖς
2964 874 3239 945 οὐρανίαις
3265 875 3456 936 αὐλαῖς
3489 892 3504 909 ο
3573 878 3751 929 εττουν
3810 880 3987 945 φανή-

2435 983 2616 1019 σονται
2688 967 3088 1035 κεκοσμημένοι
3147 969 3259 1028 τοῖς
3331 967 3515 1021 ἄνθεσι
3577 967 3686 1019 τῶν
3752 968 3981 1033 ἀρετῶν.

2433 1058 2661 1110 Nostras.
2692 1057 2748 1109 δὲ
2788 1057 2884 1108 καὶ
2926 1057 3121 1120 ἄλλως,
3150 1052 3299 1120 οἶκος
3332 1059 3429 1127 μὲν
3466 1057 3671 1127 Κυρίου
3716 1059 3751 1127 ἠ
3789 1058 3986 1123 γνῶσις

2432 1149 2539 1199 τῶν
2571 1148 2732 1200 θείων
2788 1146 3041 1215 Γραφῶν,
3079 1148 3136 1199 ὲν
3252 1148 3575 1217 εὑρίσκομεν
3621 1146 3712 1199 τὸν
3759 1148 3982 1218 Κύριον,

2430 1238 2589 1291 αὐλαὶ
2625 1238 2679 1289 δὲ
2711 1239 2765 1289 αἱ
2792 1236 3003 1289 ἐντολαὶ
3025 1236 3211 1291 αὐτοῦ.

2504 1332 2629 1397 Ἕζι
2659 1327 3186 1395 πληθυνθήσονται
3217 1327 3467 1395 ἐν,γήρᾳ
3491 1327 3670 1379 πίονι.
3703 1326 3852 1380 Πῒον
3874 1324 3980 1395 τῆο

2421 1436 2535 1488 ρας
2608 1420 2666 1471 τὸ
2722 1418 3039 1487 βαθύτατον.
3090 1419 3153 1471 Οἱ
3203 1418 3453 1481 τοιοῦτοι,
3500 1418 3658 1485 φησὶ,
3713 1417 3807 1469 καὶ
3838 1418 3982 1481 ἄγαν

2429 1511 2787 1578 γηράσαντες,
2828 1510 2928 1560 οὐκ
2954 1508 3303 1577 ἀτονήσουσιν
3336 1511 3417 1571 εἰς
3443 1507 3723 1577 προκοπὴν
3754 1507 3977 1577 ἀρετῆς,

2429 1599 2544 1653 ἀλλ’
2571 1600 2649 1652 ἔτι
2682 1600 2882 1669 μᾶλλον
2920 1598 3385 1668 πληθυνθήσονται
3411 1601 3530 1661 ταῖς
3554 1600 3797 1667 ἀρεταῖς.

842 1861 910 1915 Et
950 1865 1071 1916 bene
1097 1865 1169 1918 eis
1205 1865 1419 1917 accidet.
1456 1864 1597 1919 Bene
1635 1866 1738 1920 illis
1768 1866 1999 1926 eveniet,
2028 1865 2222 1934 inquit,
2262 1867 2315 1920 in
2353 1844 2392 1898 Β

2353 1844 2392 1898 Β
2486 1865 2591 1919 Kal
2616 1862 3014 1926 εὐπαθοῦντες
3039 1864 3296 1916 ἔσονται.
3328 1860 3437 1914 Καὶ
3457 1859 3641 1911 λοιπὸν
3680 1857 3978 1911 εὐπαθοῦν-

773 1949 953 2003 fultiro
980 1951 1177 2003 saeculo
1213 1968 1226 2001 :
1264 1952 1386 2018 quia
1425 1951 1631 2005 scilicet
1682 1946 2100 2006 delectabuntur
2154 1960 2317 2020 atque

773 2040 1141 2094 cxsultabunt.

845 2129 912 2183 Ut
951 2132 1261 2186 annuntient
1290 2133 1426 2202 quod
1457 2141 1626 2186 rectus
1656 2132 1909 2186 Dominus
1949 2134 2087 2187 Deus
2114 2141 2311 2199 noster,

772 2231 818 2274 et
845 2229 944 2274 non
973 2230 1046 2275 est
1075 2221 1332 2288 injustitia
1362 2225 1415 2276 in
1443 2239 1520 2277 eo.
1548 2223 1624 2276 Ita
1658 2231 1717 2277 ut
1747 2224 1850 2277 laeti
1883 2232 2070 2278 mutuo
2102 2239 2315 2278 annun-

774 2312 925 2368 tient,
958 2310 1101 2378 quod
1154 2310 1413 2366 Dominus
1452 2312 1632 2379 justus
1688 2321 1790 2373 est,
1843 2312 1934 2381 qui
1984 2314 2157 2367 servis
2201 2313 2314 2369 suis

775 2401 1014 2467 requiem
1042 2408 1278 2468 prestat,
1323 2415 1421 2469 pro
1461 2402 1527 2455 iis
1582 2401 1880 2466 laboribus,
1925 2418 2063 2471 quos
2098 2404 2151 2457 in
2206 2403 2312 2457 vita

772 2491 1164 2545 sustinuerunt.
1197 2490 1351 2555 Quod
1385 2506 1513 2545 vero
1535 2493 1611 2545 ait
1645 2512 1657 2546 :
1697 2492 1766 2545 Et
1800 2509 1901 2547 non
1927 2503 2004 2547 est
2047 2495 2313 2563 injustitia

771 2581 822 2632 in
853 2595 933 2641 eo,
964 2581 1216 2647 repetitio
1260 2588 1345 2635 cst
1394 2580 1695 2643 sententiae,
1731 2588 1783 2635 et
1826 2580 1967 2636 idem
2020 2581 2122 2637 sibi
2175 2582 2309 2650 vult,

770 2684 832 2722 ac
866 2669 909 2725 si
940 2670 1144 2739 justum
1172 2685 1291 2726 eum
1329 2670 1650 2739 appellaret.

807 2759 875 2813 In
908 2760 1045 2815 diem
1077 2769 1196 2815 ante
1229 2760 1540 2824 Sabbatum,
1573 2762 1781 2831 quando
1811 2763 2059 2817 habitata
2102 2765 2273 2832 fuerat

1456 2859 1616 2904 ιεννα.

1268 2939 1586 2995 PSALMUS
1622 2940 1782 2996 XCII.

840 3030 938 3084 llic
974 3032 1211 3099 psalmus
1239 3032 1381 3101 apud
1423 3032 1679 3086 Hebraeos
1718 3034 1865 3087 omni
1902 3048 2127 3102 prorsus
2157 3042 2306 3089 caret

2414 1972 2506 2017 τες
2533 1956 2742 2008 ἔσονται
2773 1956 2830 2007 ὲν
2873 1953 2950 2022 τῷ
2981 1953 3224 2018 μέλλοντι
3266 1950 3459 2015 αἰῶνι,
3525 1951 3791 2010 τουτέστι,
3836 1963 3974 2015 τρυ-

2417 2050 2622 2119 φῶντες
2666 2045 2762 2098 καὶ
2782 2043 3204 2112 ἀγαλλιώμενοι.
3918 2088 3925 2094 ,

2488 2138 2597 2192 Τοῦ
2621 2134 2986 2203 ἀναγγεῖλαι,
3014 2134 3101 2185 ὅτι
3119 2133 3297 2197 εὐθὺς
3320 2133 3531 2198 Κύριος
3552 2133 3586 2184 ὁ
3608 2130 3750 2194 Θεὸς
3776 2125 3971 2197 ἡμῶν,

2413 2228 2509 2282 καὶ
2545 2229 2655 2281 οὐκ
2677 2227 2847 2280 ἐστιν
2883 2222 3085 2287 ἀδικία
3134 2223 3203 2274 ἐν
3244 2220 3421 2285 αὐτῷ.
3463 2221 3626 2272 Ὥστε
3681 2219 3975 2287 χαίροντας

2413 2315 2729 2383 ἀναγγεῖλαι
2767 2312 3040 2381 ἀλλήλοις,
3085 2310 3168 2362 ὅτι
3200 2309 3403 2370 δίκαιος
3451 2309 3479 2359 ὁ
3541 2306 3741 2374 Κύριος
3768 2345 3785 2370 ,
3848 2305 3976 2357 ἀντὶ

2411 2406 2521 2458 τῶν
2557 2406 2616 2455 ὲν
2651 2402 2752 2472 βίῳ
2784 2402 3046 2469 καμάτων
3079 2396 3386 2453 ἀνάπαυσιν
3406 2399 3516 2459 τοῖς
3545 2395 3753 2456 δούλοις
3799 2393 3972 2446 αὐτοῦ

2412 2494 2684 2562 παρέχων.
2741 2489 2814 2542 Τὸ
2869 2488 2962 2553 δὲ,
3014 2490 3135 2540 Οὐκ
3193 2488 3364 2540 ἐστιν
3420 2485 3622 2539 ἀδικία
3666 2484 3736 2535 ἐν
3780 2478 3970 2546 αὐτῷ,

2410 2581 2705 2647 ἀνάπτυξις
2741 2579 2837 2632 καὶ
2859 2576 3256 2646 διπλασιασμός
3282 2578 3397 2628 ἔστι
3421 2574 3516 2626 τοῦ
3556 2571 3789 2625 δικαίου.

2409 2763 2513 2824 Εἷς
2550 2758 2664 2826 τὴν
2704 2754 2931 2825 ἡμέραν
2970 2753 3077 2807 τοῦ
3134 2751 3570 2821 προσασόάτου,
3628 2748 3726 2801 ὅτε
3776 2743 3970 2811 nardi-

2979 2858 3149 2898 κιστο
3195 2844 3235 2910 ἡ
3288 2841 3386 2910 γῆ.

2952 2930 3245 2987 ΨΑΛΜΟΣ
3308 2929 3419 2994 Βιί.

2490 3032 2887 3097 ’Δνεπίγραφος
2957 3023 3089 3091 παρ’
3124 3021 3391 3092 Ἑϐραίοις
3453 3021 3480 3071 ὁ
3526 3016 3736 3086 ψαλμδς
3778 3009 3962 3079 οὗτος.

765 3118 1139 3187 inscriptione.
1190 3120 1441 3186 Quaedam
1494 3121 1821 3187 exemplaria
1874 3123 2124 3180 editionis
2166 3123 2304 3178 LXX
2334 3148 2378 3206 ο

2334 3148 2378 3206 c
2410 3124 2556 3193 Πλήν
2582 3136 2700 3174 τινα
2723 3118 2831 3171 τῶν
2866 3112 3501 3206 ἀντιγράφωνᾳφίρουσιν
3523 3106 3829 3206 ὲπιγραφὴν
3884 3106 3967 3169 ὡς

766 3210 1140 3275 interpretum,
1198 3212 1606 3278 inscriptionem
1662 3210 1806 3264 illam
1861 3213 2081 3280 habent,
2141 3231 2302 3284 quam

766 3300 1014 3367 superius
1071 3300 1377 3363 retulimus,
1436 3312 1489 3355 et
1518 3302 1734 3369 quidam
1792 3312 2101 3370 exponunt,
2160 3306 2305 3374 quod

764 3388 879 3442 dies
909 3389 1125 3443 Sahbati
1154 3392 1440 3458 accipitur,
1471 3405 1569 3456 pro
1593 3392 1681 3445 die
1740 3392 2064 3448 universalis
2092 3393 2303 3461 judicii,

765 3488 821 3531 ut
872 3479 926 3532 in
985 3480 1303 3547 przecedenti
1380 3481 1590 3549 psalmo
1661 3482 1945 3537 diximus:
1992 3483 2109 3537 dies
2172 3498 2305 3537 vero

764 3577 891 3623 ante
934 3569 1250 3633 Sahbatum,
1330 3569 1447 3623 dies
1486 3572 1557 3623 sit
1603 3572 2024 3625 resurrectionis
2068 3572 2301 3628 Domini.

761 3659 888 3714 Fuit
937 3661 1081 3714 enim
1129 3662 1215 3714 illa
1260 3661 1395 3723 dies,
1430 3660 1594 3715 veluti
1650 3655 1972 3729 préludium
2030 3663 2303 3731 quoddam

760 3750 1078 3804 universalis
1105 3751 1537 3805 resurrectionis.
1571 3749 1626 3803 In
1654 3752 1743 3803 illa
1799 3757 1978 3804 autem
2007 3750 2095 3805 die
2152 3750 2305 3805 habi-

764 3848 877 3893 tata
916 3852 999 3895 est
1033 3850 1194 3904 terra,
1224 3840 1290 3893 ab
1318 3840 1385 3895 iis
1426 3840 1682 3893 nimirum
1732 3838 2044 3894 hominibus
2087 3842 2179 3909 qui
2208 3856 2305 3909 per

764 3930 1103 3998 Evangelium
1128 3939 1181 3984 et
1205 3930 1530 3997 baptismum
1566 3930 1896 3998 regenerati,
1951 3938 2006 3985 et
2037 3930 2304 3998 quodam-

763 4020 920 4074 modo
956 4020 1268 4088 replasmati
1303 4028 1448 4073 sunt.
1482 4018 1683 4073 Verum
1727 4021 2077 4088 castigatiora
2112 4035 2303 4074 exem-

764 4110 928 4174 plaria
957 4110 1138 4177 (etiam
1167 4110 1319 4177 juxta
1360 4110 1651 4163 editionem
1674 4106 1853 4178 LXX)
1887 4117 2079 4164 carent
2108 4110 2304 4179 hujus-

764 4199 905 4252 modi
933 4199 1303 4265 inscriptione.

832 4287 996 4341 Vsus.
1041 4288 1090 4341 1.
1122 4287 1371 4339 Dominus
1405 4288 1660 4356 regnauit.
1707 4287 1798 4341 Dei
1837 4288 2053 4356 quidem
2112 4287 2302 4351 Filius,

764 4377 833 4430 ab
857 4384 1056 4429 acterno
1100 4390 1311 4443 semper
1362 4389 1455 4427 rex
1507 4375 1625 4439 fuit,
1657 4377 1709 4429 id
1748 4386 1925 4431 tamen
1958 4394 2065 4431 non
2094 4393 2306 4445 semper

2407 3214 2512 3266 ἀπὸ
2530 3214 2629 3279 τῆς
2664 3208 2971 3277 ἐξηγήσεως
2989 3202 3095 3256 τῶν
3133 3200 3548 3269 Ἑϐδομήκοντα,
3582 3194 3754 3257 οὕτως
3799 3194 3966 3263 ἔχου-

2408 3319 2506 3355 σαν
2540 3314 2557 3332 ⁶
2606 3302 2709 3363 εἰς
2757 3297 2871 3363 τὴν
2914 3292 3138 3362 ἡμέραν
3185 3289 3292 3343 τοῦ
3355 3284 3797 3354 προσαϐὂάτου,
3863 3286 3969 3337 ὅτε

2406 3389 2735 3454 κατῴκιστο
2758 3386 2795 3451 ἡ
2820 3383 2915 3453 γῆ.
2949 3381 3059 3435 Καὶ
3095 3377 3427 3448 ἐξηγήσαντό
3470 3391 3646 3436 τινες⁸
3689 3375 3770 3426 ὅτι
3818 3375 3967 3442 ﬂut-

2411 3496 2507 3551 ραν
2542 3479 2640 3549 μὲν
2670 3476 2946 3530 Σαδδάτου
2970 3475 3027 3527 ὲν
3056 3470 3135 3541 τῷ
3171 3468 3493 3539 προλαωντι
3539 3464 3739 3535 ψαλμῷ
3768 3465 3969 3551 νενοήῗ

2407 3548 2582 3639 καμεν
2620 3567 2720 3636 τὴν
2752 3565 2853 3633 τῆς
2875 3560 3217 3630 παγκοσμίου
3252 3556 3628 3617 ἀναστάσεως,
3650 3552 3866 3623 ἡμέραν
3907 3548 3969 3603 δι

2407 3642 2785 3731 σιροσαϐϐάτου
2810 3658 2869 3706 ὲν
2911 3653 2987 3722 τῷ
3020 3654 3267 3719 παρόντι,
3302 3647 3399 3716 τὴν
3430 3646 3528 3712 τῆς
3567 3642 3798 3713 Χριστοῦ
3826 3643 3967 3731 ἁνα-

2411 3729 2669 3810 στάσεως,
2704 3747 2825 3815 ἥτις
2873 3741 3156 3811 προοίμιον
3199 3732 3266 3806 ἦν
3306 3736 3404 3800 τῆς
3435 3731 3805 3799 παγκοσμίουο
3867 3729 3965 3782 ὅτε

2407 3836 2719 3909 κατῳκίσθη
2779 3836 2812 3902 ἡ
2866 3831 2938 3899 γῆ
3005 3825 3107 3882 ὕπὸ
3161 3826 3269 3877 τῶν
3331 3820 3809 3892 μεταπλασθέντων
3863 3817 3965 3871 καὶ

2409 3925 2876 3995 ἀναγεννηθέντων
2898 3920 2985 3971 διὰ
3022 3918 3121 3970 τοῦ
3165 3915 3492 3981 Εὐαγγελίου
3513 3911 3607 3964 καὶ
3636 3909 3727 3963 τοῦ
3758 3909 3967 3979 βαπτί-

2409 4033 2631 4086 σματος.
2661 4014 2849 4080 Ὅμως
2886 4010 2986 4061 οὐκ
3039 4007 3215 4078 ἔχουσι
3243 4004 3339 4075 τὴν
3369 4001 3674 4072 ἐπιγραφὴν
3727 4000 3965 4069 ταύτην,

2406 4107 2475 4159 τὰ
2498 4103 2862 4173 ἀκριϐέστερα
2887 4096 3213 4165 ἀντίγραφα.

2486 4307 2560 4359 ’0.
2603 4306 2812 4372 Κύριος
2831 4300 3244 4353 ἐϐασίλευσεν.
3288 4297 3347 4348 '0
3378 4294 3501 4356 Υἱὸς
3528 4293 3627 4363 μέν
3673 4294 3787 4344 ἐστι
3852 4292 3962 4358 βα-

2411 4397 2589 4455 σιλεὺς
2626 4396 2700 4457 ὠς
2743 4392 2875 4455 Θεός
2900 4408 2918 4425 ο
2960 4390 3060 4443 οὐκ
3103 4388 3189 4441 ἀεὶ
3214 4387 3271 4439 δὲ
3317 4389 3426 4449 τοῖς
3453 4384 3759 4453 ἀνθρώποις
3794 4381 3963 4435 τοῦτο

764 4458 863 4518 iuit
894 4465 962 4518 ab
1000 4464 1306 4543 hominibus
1351 4464 1648 4533 cognitum,
1701 4467 1943 4533 quinimo
2008 4469 2302 4522 eumolim
2337 4461 2379 4514 D

2337 4461 2379 4514 θ
2407 4486 2759 4557 ἐγνωρίζετο’
2792 4484 3052 4552 πρότερον
3077 4480 3189 4548 γὰρ
3220 4478 3535 4547 ἀγνοοῦντες
3566 4477 3747 4541 αὐτὸν,
3796 4475 3963 4529 ὔστε-

767 4554 1084 4622 ignorabant
1122 4554 1369 4607 homines
1404 4570 1420 4612 ;
1460 4569 1646 4607 verum
1682 4556 1773 4608 ubi
1805 4549 2058 4610 Christus
2091 4571 2120 4609 a
2156 4572 2306 4611 mor-

767 4644 874 4697 tuis
902 4642 1215 4703 resurrexit,
1255 4641 1437 4695 ﬁdeles
1461 4656 1672 4707 omnes,
1708 4652 1762 4695 et
1787 4645 1877 4711 qui
1929 4645 1983 4697 in
2016 4661 2138 4698 eum
2186 4660 2305 4700 cre-

2408 4595 2498 4647 ρον
2528 4577 2665 4647 μετὰ
2704 4575 2802 4645 τὴν
2823 4578 2886 4626 ὲκ
2910 4572 3120 4642 νεκρῶν
3164 4566 3967 4639 ἀνάστασινιὲπληροφορήθη-

2406 4684 2504 4719 σαν
2531 4669 2578 4718 ol
2609 4665 3014 4725 πιστεύσαντες,
3037 4664 3117 4714 ὅτι
3158 4661 3407 4729 βασιλεύς
3460 4662 3631 4721 ἔστιν,
3672 4658 3746 4719 ὠς
3796 4657 3962 4719 Θεός.

728 4743 731 4745 ‘
763 4732 965 4795 didere,
990 4732 1248 4785 certiores
1265 4730 1454 4809 .elIecti
1513 4741 1661 4796 sunt,
1692 4730 1785 4786 Dei
1819 4734 2014 4787 Filium
2040 4743 2096 4793 et
2127 4750 2303 4805 regem

2403 4757 2570 4807 Τοῦτο
2610 4755 2790 4806 τοίνυν
2844 4750 3249 4820 προαναφωνᾶη
3299 4752 3328 4800 ὁ
3385 4748 3567 4811 Δαὸὶδ,
3628 4747 3815 4816 φησίν⁶
3862 4746 3964 4799 ὅτι

765 4834 886 4872 csse
917 4826 970 4871 et
1002 4818 1190 4872 Deum.
1244 4818 1357 4895 lloc
1404 4828 1485 4872 est
1528 4820 1712 4887 igitur,
1762 4822 1902 4889 quod
1946 4838 2092 4876 nunc
2144 4825 2304 4877 nobis

769 4908 1008 4973 praedicit
1054 4909 1245 4962 beatus
1281 4908 1470 4970 David,
1505 4908 1728 4963 dicens:
1759 4910 2011 4965 Dominus
2050 4916 2305 4983 regnavit,

769 5001 870 5052 hoc
900 5008 1003 5060 est.
1054 5000 1310 5069 Cognitus
1358 5010 1440 5055 est
1499 5010 1559 5055 ut
1620 5018 1734 5055 rex.
1784 5001 1882 5056 Vel
1938 5005 2091 5057 aliter
2132 5022 2146 5057 :
2192 5005 2302 5057 Rex

768 5091 981 5157 quidem
1015 5090 1147 5143 olim
1176 5100 1289 5143 erat
1314 5091 1566 5146 Christus
1594 5100 1654 5144 ut
1698 5092 1859 5156 Deus,
1910 5094 2008 5149 sed
2063 5106 2186 5162 post
2216 5110 2303 5149 re-

770 5180 1159 5234 surrectionem
1190 5190 1396 5249 regnat,
1442 5193 1500 5233 ut
1545 5166 1750 5235 homo:
1797 5181 1934 5235 Data
1972 5201 2068 5245 cu,
2105 5186 2298 5254 inquit,

769 5269 894 5320 mihi
926 5270 1089 5321 omnis
1113 5279 1338 5336 potestas
1386 5272 1440 5322 in
1466 5272 1611 5335 caelo,
1646 5280 1693 5323 et
1734 5272 1787 5323 in
1816 5280 1959 5324 terra
1981 5272 2045 5325 ³¹.
2084 5272 2149 5326 Ει
2180 5290 2303 5327 rur-

769 5371 864 5412 sus
900 5376 913 5410 :
957 5356 1062 5426 Ego
1088 5370 1260 5412 autem
1289 5363 1598 5414 constitutus
1635 5377 1747 5413 sunt
1770 5378 1863 5414 rea:
1900 5363 1962 5414 ab
1994 5380 2053 5417 eo
2076 5366 2143 5418 ⁸².

839 5445 1084 5500 Decorem
1128 5450 1357 5525 indutu
1405 5460 1501 5503 est.
1535 5450 1646 5504 Iloc
1687 5460 1793 5514 est,
1841 5452 2064 5519 gloriam
2119 5464 2172 5507 et
2202 5471 2302 5524 po-

774 5544 1017 5591 testatem
1042 5539 1306 5607 ejusmodi
1334 5540 1745 5605 demonstravit,
1777 5558 1897 5609 quae
1928 5542 2305 5602 decentissima

857 5714 896 5745 ⁸¹
922 5716 1107 5773 Matth.
1147 5731 1330 5780 ιιι-ιιι,
1366 5718 1448 5770 18.
1500 5721 1567 5751 λ⁶²
1600 5718 1742 5773 Psal.
1779 5736 1837 5785 ll,
1862 5720 1911 5772 6.

2416 4845 2829 4905 Ἐϐασίλευσεν,
2880 4842 3125 4893 τουτέστι
3178 4838 3437 4900 Βασιλεὺς
3498 4837 3819 4905 ἐγνωρίσθη.
3876 4837 3967 4888 Ἠ

2408 4936 2499 4988 καὶ
2538 4934 2711 4994 ἄλλως
2741 4949 2757 4967 ο
2790 4930 3051 4991 Βασιλεὺς
3087 4930 3182 4998 μὲν
3211 4928 3284 4981 ὢν
3326 4913 3399 4989 εἰς
3429 4927 3578 5007 Θεὸς,
3636 4924 3969 4978 assensus:

2410 5026 2501 5077 καὶ
2536 5026 2611 5086 ὡς
2633 5023 2937 5093 ἄνθρωπος’
2990 5020 3200 5085 Ἐδόθη
3233 5034 3328 5084 μοι
3376 5017 3502 5087 γὰρ,
3549 5017 3732 5085 φησὶν,
3774 5012 3967 5074 ἐξου-

2406 5117 2511 5169 σία
2536 5118 2603 5167 ἐν
2631 5111 2861 5180 οὐρανῶ
2920 5110 3016 5164 καί
3067 5111 3163 5162 ἐπὶ
3188 5108 3299 5177 γῆς
3325 5121 3340 5137 ⁸
3376 5108 3470 5159 καὶ
3498 5106 3680 5173 “paler
3722 5103 3851 5173 Ἐγὼ
3881 5100 3969 5157 δὲ

2407 5204 2779 5270 κατεστάθην
2794 5200 3093 5266 βασιλεὺς
3115 5199 3207 5253 ἐπ’
3240 5198 3449 5269 αὐτοῦ.

2479 5460 2850 5527 Εἰνπρέπειαν
2874 5460 3217 5513 ἐνεδύσατο.
3262 5460 3373 5527 Th»
3416 5457 3727 5527 πρέπουσαν
3774 5456 3969 5529 αὐτῷ,

2413 5551 2484 5614 ὡς
2512 5550 2655 5619 Θεῷ,
2678 5550 2831 5616 δόξαν
2858 5550 2950 5604 καὶ
2985 5550 3228 5631 ἐξουσία-ι
3259 5549 3567 5619 ὲφανέρῳσε
3602 5566 3614 5581 ·
3650 5546 3797 5601 τοῦτο
3828 5547 3991 5619 γὰρ-
