4150 6326
297 348 409 410 953

1432 358 1813 435 (ΣΟΜΜΕΝΤ.
1848 361 1929 419 IN
1970 360 2324 421 PSALMOS.

3378 356 3484 421 954

296 459 578 529 σημαῑνει,
642 453 819 527 οἶμαι,
888 458 948 510 τὸ
1006 459 1373 521 ἐνεδύσατο·
1425 464 1457 533 ἦ
1512 468 1604 519 καὶ
1648 466 1840 527 ἄλλως·

1946 471 2017 523 illi
2050 479 2186 534 erat,
2217 470 2379 524 etiam
2413 475 2470 520 ut
2500 465 2627 521 Deo.
2657 464 2754 520 Vel
2793 465 2949 520 aliter
2980 482 2995 518 :
3034 464 3292 521 Dominus
3321 481 3486 521 carne

291 549 609 617 Νεκρωθεὶς
638 549 733 633 μὲν
759 550 823 617 τῇ
846 552 1031 618 σαρκὶ,
1068 552 1166 603 οὐκ
1192 549 1336 622 εἶχεν
1364 549 1524 617 εἶδος,
1550 557 1671 608 οὐδὲ
1710 555 1842 607 κάλ-

294 639 390 700 λος
420 638 556 689 κατὰ
593 638 682 691 τὸν
730 640 1014 709 προφήτην
1041 656 1054 669 ’
1112 643 1349 706 ἀναστὰς
1387 643 1462 706 δὲ,
1514 645 1844 714 εὐπρέπειαν

293 727 599 781 ἐνεδύσατο.

377 902 732 956 Ἐνεὸὐσατο
752 906 962 971 Κύριος
991 907 1266 975 δύναμιν,
1291 910 1390 961 καὶ
1434 896 1837 975 περιεζώσατο.

302 989 536 1059 Ὁμοίως
580 993 854 1045 κάνταῦθα
908 996 1123 1061 νοητὲον
1180 996 1275 1058 τὸ,
1319 996 1662 1049 ἐνεδύσατο.
1716 992 1840 1064 Εἶχε

296 1079 399 1145 μὲν
436 1080 544 1147 γὰρ
575 1080 648 1139 ὡς
677 1080 806 1141 Θεὸς
852 1081 953 1149 τὴν
982 1081 1150 1134 ⁴θείαν
1198 1084 1529 1154 εὐπρέπειαν
1578 1085 1687 1146 ἀεὶ,
1747 1085 1841 1135 καὶ

289 1168 391 1234 τὴν
431 1168 579 1219 Θείαν
617 1168 841 1238 δύναμιν
892 1171 1267 1237 κρυπτομένας
1296 1188 1338 1249 ο,
1373 1172 1593 1242 ὕστερον
1625 1173 1681 1224 δὲ
1712 1174 1867 1240 ἔφα-ν

289 1259 493 1325 νέρωσε
522 1258 738 1321 ταύτας,
779 1261 1158 1323 ἀποκαταστὰς
1190 1263 1269 1326 εἰς
1299 1263 1557 1331 οὐρανούς
1593 1276 1608 1289 ⁸
1642 1265 1700 1314 οὐ
1732 1262 1836 1330 μὴν

288 1344 493 1407 ἔξωθεν
544 1348 713 1408 αὐτάς
766 1350 1112 1419 περιεϐάλετο
1143 1366 1156 1379 ⁸
1210 1352 1303 1402 καὶ
1348 1352 1407 1402 τὸ
1435 1345 1839 1418 ’περιεζώσατο

285 1438 343 1488 δὲ
385 1437 617 1500 εὐσεϐῶς
644 1440 879 1506 νοητέον,
914 1440 1035 1493 ἀντὶ
1070 1441 1183 1503 τοῦ,
1211 1442 1546 1511 ηὐτρεπίσθη
1567 1458 1583 1473 ο
1638 1441 1838 1511 σύμϐο-

240 1570 258 1578 -
285 1527 377 1579 λον
408 1529 513 1597 γὰρ
540 1529 904 1597 εὐτρεπισμοῦ
936 1532 1052 1583 ἐστι
1073 1532 1132 1582 τὸ
1158 1531 1509 1606 ζωννύξσθαι.

1944 560 2158 628 quidem
2192 566 2460 620 mortuus,
2495 557 2744 610 decorem
2797 570 2903 608 non
2944 555 3179 609 habebat
3217 570 3315 610 nec
3361 570 3484 625 spe-

1944 651 2100 711 ciem,
2143 650 2297 716 juxta
2349 647 2624 715 propheta:
2670 646 3035 700 testimonium
3056 645 3348 709 “,‘verum
3400 661 3485 699 re-

1942 753 2167 806 surgens
2197 736 2471 800 decorem,
2522 751 2681 805 quem
2731 744 2891 795 antea
2943 749 3048 788 non
3097 734 3350 799 habebat,
3402 735 3483 788 in-

1941 828 2104 882 dutus
2134 836 2238 883 est.

2014 917 2237 973 Indutus
2295 924 2373 970 est
2417 915 2723 983 potentiam,
2768 923 2817 967 et
2867 916 3093 967 accinxit
3143 930 3216 968 te.
3276 913 3479 967 Eodem

1941 1010 2105 1063 modo
2136 1007 2400 1075 intelliges
2423 1007 2568 1059 hunc
2596 1004 2943 1059 versiculum.
2976 1004 3175 1057 Habuit
3222 1012 3479 1071 prmterea

1940 1099 2193 1152 Christus
2224 1110 2436 1163 semper
2458 1103 2511 1148 et
2539 1094 2812 1155 decorem,
2856 1102 2911 1145 et
2948 1095 3267 1160 potentiam,
3294 1106 3478 1146 verum

1940 1189 2067 1239 olim
2103 1170 2431 1239 id'bomines
2460 1184 2697 1246 latebat;
2734 1182 3081 1235 manifestum
3139 1191 3317 1236 autem
3363 1181 3477 1234 ﬁeri

1940 1280 2104 1344 coepit
2147 1286 2431 1344 postquam
2474 1275 2525 1327 in
2567 1273 2765 1327 coelum
2809 1272 3074 1333 ascendit,
3118 1272 3327 1326 tametsi
3373 1270 3478 1322 ltu-

1934 1369 2239 1437 juscemodi
2272 1367 2648 1419 indumentum
2697 1363 2937 1416 exterius
2972 1363 3179 1415 nullum
3219 1360 3475 1414 induerit.

1936 1458 2031 1511 Pie
2084 1456 2283 1509 etenim
2335 1456 2436 1507 hoc
2490 1452 2898 1523 intelligendum
2944 1461 3046 1515 est,
3105 1462 3162 1504 ut
3222 1451 3477 1515 diximus,

1936 1542 2384 1612 quemadmodum
2426 1548 2479 1593 et
2543 1541 2787 1603 verbum,
2832 1541 3105 1603 accinxit;
3144 1541 3284 1593 idem
3335 1541 3478 1593 enim

1938 1635 2226 1703 signiﬁcat,
2272 1629 2419 1699 quod
2474 1630 2695 1695 aptavit,
2745 1622 2840 1683 seu
2918 1632 3157 1693 Ornavit,
3204 1630 3478 1698 cingulum

1936 1726 2152 1792 quippe,
2184 1721 2488 1775 ornamenti
2528 1719 2807 1788 cujusdam
2837 1723 3053 1787 signum
3097 1728 3197 1772 est.

356 1809 463 1863 Kal
508 1809 616 1875 τὰρ
637 1808 963 1877 ἐστερέωσεν
1008 1810 1119 1875 τὴν
1156 1810 1538 1876 οἰκουμένην,
1575 1810 1707 1877 ἣτις
1761 1813 1833 1877 οὺ

1955 1779 1968 1792 ⁸
2009 1810 2216 1862 Etenim
2253 1807 2507 1860 stabilivit
2551 1808 2723 1859 orbem
2773 1816 2947 1865 term.
2979 1808 3069 1874 qui
3109 1823 3209 1858 non
3250 1822 3480 1859 commo-

284 1898 748 1964 σαλευθήσεται.
782 1900 1151 1968 Σαλευομένην
1172 1902 1237 1970 τῇ
1275 1901 1454 1968 ἀπάτῃ
1506 1900 1833 1968 ἐστερέωσεν

284 1988 453 2057 αὐτὴν
488 1990 583 2058 ήδη
625 1991 689 2056 τῇ
723 1989 966 2058 ἀληθείᾳ,
1002 1989 1139 2041 ὥστε
1175 1991 1248 2057 μὴ
1278 1988 1597 2058 σαλευθῆναι
1653 1989 1833 2041 λοιπὸν

286 2077 393 2128 ὑπὸ
420 2077 519 2144 τῆς
550 2076 777 2145 πλάνης,
819 2078 912 2128 ἐπὶ
938 2078 1143 2144 πέτραν
1163 2078 1260 2145 τῆς
1315 2079 1547 2139 πεστεως
1596 2093 1831 2142 στερεω-

284 2166 487 2216 Θείσαν.
509 2164 727 2218 Νοείται
757 2167 813 2219 δὲ
842 2168 934 2219 καὶ
985 2169 1163 2239 [ﬁttith)»;
1197 2168 1482 2235 οἰκουμένη
1532 2168 1564 2237 ἠ
1603 2166 1829 2233 Ἐκκλη-

286 2259 394 2318 σία,
431 2256 497 2326 ἢν
532 2257 766 2310 οἰκοῦσιν
817 2260 864 2311 oi
902 2255 1271 2330 πιστοὶ,ἦς.οὐ
1308 2258 1689 2329 κατισχύσουσι
1732 2256 1832 2309 πύ-

283 2347 373 2400 λαι
404 2347 553 2418 ᾅδου,
574 2350 713 2402 κατὰ
736 2350 830 2419 τὴν
861 2352 1193 2419 Δεσποτικὴν
1227 2351 1517 2416 ἀπόφασιν.
1684 2348 1688 2353 ’

286 2439 658 2504 appellaverit)
718 2439 1010 2493 Ecclesiam
1075 2439 1296 2505 intelligi
1354 2438 1563 2500 dicunt,
1618 2437 1673 2491 in
1723 2453 1829 2507 qua

282 2530 606 2582 sententiam
624 2530 692 2593 “,
719 2530 915 2583 inferni
950 2539 1113 2595 porta:
1143 2544 1247 2582 non
1286 2531 1670 2598 prmvaiebunt.

360 2618 626 2691 'Eroqtoc
655 2619 691 2670 ὁ
717 2620 927 2682 θρόνος
948 2630 1063 2671 σου
1090 2619 1204 2671 ἀπὸ
1234 2620 1380 2673 τότε.
1439 2647 1509 2656 -
1560 2617 1832 2687 Ἔτοιμος

282 2706 404 2759 ἀντὶ
433 2704 549 2771 τοῦ,
583 2707 815 2774 ἑδραῖος,
876 2706 951 2769 ὼς
992 2710 1048 2759 ὲν
1064 2709 1141 2778 τῷ
1175 2708 1256 2761 πε¹
1299 2709 1498 2777 ψαλμῷ
1521 2726 1835 2777 παρασεση-

284 2794 540 2863 μείωται·
568 2798 683 2850 ἀπὸ
714 2799 844 2850 τότε
878 2799 953 2862 δὲ,
988 2800 1107 2852 ἀντὶ
1139 2798 1254 2858 τοῦ,
1283 2800 1383 2852 ἀπ’
1420 2799 1610 2866 ἀρχῆς
1634 2816 1649 2832 ο
1687 2799 1746 2850 τδ
1776 2801 1833 2852 δὲ

282 2887 383 2939 ἀπ’
404 2884 595 2955 ἀρχῆς
616 2890 705 2941 ἐπὶ
729 2890 827 2956 τῆς
846 2889 994 2950 Θείας
1022 2889 1232 2958 φύσεως
1269 2890 1366 2942 οὐκ
1396 2890 1474 2951 εἰς
1500 2890 1675 2959 ἀρχὴν
1708 2889 1831 2941 ἀνά-

282 2989 442 3043 γεται
470 2979 885 3047 χρονικὴν,ἀλλὰ
932 2980 1031 3046 τῆς
1061 2981 1275 3032 αἰωνίου
1308 2982 1454 3033 ἐστὶν
1508 2980 1834 3048 ἐμφαντικὸν

1930 1900 2149 1953 vehitur.
2174 1897 2394 1959 Orbem,
2420 1896 2726 1948 daemonum
2763 1894 2950 1947 fraude
2990 1894 3361 1959 ﬂuctuantem,
3414 1911 3477 1949 ac

1931 2006 2065 2057 pene
2096 2002 2447 2049 concussum,
2487 1988 2718 2039 veritate
2758 1999 2854 2038 sua
2901 1985 3149 2038 Christus
3202 1987 3272 2038 ita
3308 1985 3480 2039 stabi-

1926 2080 2064 2141 livit,
2097 2086 2156 2130 ut
2182 2078 2463 2130 erroribus
2494 2078 2688 2143 amodo
2738 2078 2845 2130 huc
2876 2086 3038 2145 atque
3080 2077 3205 2131 illuc
3248 2093 3354 2130 non
3387 2077 3481 2131 ab-

1929 2168 2162 2221 ducatur
2190 2184 2203 2219 :
2237 2167 2360 2234 quia
2396 2167 2447 2217 in
2482 2166 2602 2218 ﬁdei
2636 2174 2785 2232 petra
2818 2165 3074 2220 fundatus
3107 2182 3169 2221 ac
3204 2167 3481 2221 stabilitas

1937 2268 2040 2312 est.
2067 2256 2167 2310 Per
2196 2257 2379 2309 orbem
2409 2266 2588 2308 autem
2622 2264 2779 2308 terra:
2814 2256 2994 2323 (quem
3035 2256 3189 2321 juxta
3215 2257 3476 2309 veriorem

1938 2348 2136 2402 Graeca
2167 2347 2422 2400 dictionis
2487 2346 2953 2413 signiﬁcationem,
2996 2347 3326 2400 habitabilem
3357 2346 3479 2414 quis

1904 2437 2088 2492 ﬁdeles
2140 2437 2403 2500 babitant,
2466 2438 2728 2492 adversus
2803 2452 2984 2507 quam,
3051 2437 3196 2491 iuxta
3264 2437 3473 2495 Domini

1940 2681 1953 2693 ο
1996 2614 2160 2668 Vens.
2182 2614 2237 2666 2.
2278 2613 2507 2666 Paratus
2539 2614 2753 2665 thronus
2788 2622 2905 2665 tuus
2935 2628 2999 2665 ea:
3020 2624 3160 2665 tunc.
3194 2644 3262 2653 —
3302 2612 3479 2667 Para-

1934 2720 2047 2771 ιιιε,
2086 2707 2186 2760 hoc
2220 2714 2323 2770 cst,
2367 2705 2554 2759 ﬁrmus
2612 2714 2665 2759 et
2730 2706 2961 2763 stabilis.
3021 2712 3078 2756 ut
3127 2704 3368 2758 diximus
3421 2706 3474 2757 in

1930 2797 2139 2867 psalmo
2188 2811 2386 2849 Lxxxv.
2428 2793 2494 2848 Et
2534 2796 2675 2863 quod
2699 2796 2812 2847 ait:
2854 2811 2919 2847 ea:
2949 2804 3090 2857 tunc,
3122 2808 3349 2861 expone,
3380 2808 3477 2862 pro

1927 2903 1958 2940 a
1991 2887 2274 2955 principio.
2299 2885 2433 2938 Illud
2460 2893 2636 2939 tamen
2687 2900 2899 2953 semper
2923 2884 3473 2947 animadvertendum,

1931 2954 2072 3043 quod
2111 2954 2414 3042 ltujusmodi
2457 2987 2670 3027 sermo:
2717 2974 2783 3026 ab
2830 2973 2984 3025 initio
3016 2975 3266 3026 nimirum
3300 2988 3416 3036 seu,
3445 2989 3475 3026 a

284 3063 661 3151 παλαιότητος.
682 3065 932 3118 Τοιοῦτον
954 3067 1010 3120 δέ
1031 3069 1177 3120 ἐστιν
1204 3070 1296 3123 επὶ
1314 3068 1449 3121 Θεοῦ
1476 3070 1568 3121 καὶ
1612 3069 1691 3131 τὸ,
1734 3068 1834 3122 ἀπ’

1938 3064 2229 3135 principio,
2262 3063 2469 3117 nullum
2497 3070 2708 3130 tempus
2732 3063 3018 3146 inducit\in
3050 3064 3229 3117 divina
3264 3078 3473 3128 natura,

283 3148 516 3215 αἰῶνος.
540 3152 703 3218 Λέγει
719 3153 775 3204 δὲ
794 3153 885 3205 νῦν
910 3156 937 3207 ὁ
958 3152 1121 3206 Δασὶὸ
1138 3157 1219 3208 ὅτι
1237 3157 1295 3208 ΕΞ
1312 3158 1404 3209 καὶ
1419 3156 1603 3209 δούλου
1623 3158 1833 3227 μορφὴν

1938 3159 2028 3213 sed
2063 3169 2318 3215 mternam
2350 3158 2638 3226 quamdam
2666 3158 3037 3225 antiquitatem
3065 3164 3272 3209 tantum
3306 3156 3476 3224 signi-

283 3239 611 3300 ὲνδύει,ἀ).λ’
635 3243 728 3296 οὖν
755 3244 943 3312 ὲδραία
974 3262 1055 3298 σοι
1086 3248 1119 3314 ὴ
1140 3246 1384 3315 βασιλεία
1402 3264 1497 3300 σου
1514 3249 1608 3300 ἀπ’
1634 3249 1825 3318 ἀρχῆς.

282 3331 377 3384 καὶ
406 3333 655 3385 οὐδέποτε
677 3335 879 3403 ταύτης
896 3336 1176 3399 ἑξέπεσας.

1922 3252 2078 3337 χΙῑειιι.
2126 3250 2258 3305 Tale
2303 3250 2560 3319 quiddam
2596 3260 2701 3313 εει,
2752 3249 2893 3317 quod
2922 3250 3082 3318 paulo
3114 3258 3233 3318 post
3268 3249 3469 3309 subdit,

1931 3335 2159 3395 dicens:
2200 3340 2241 3392 Α
2265 3338 2456 3392 saeculo
2488 3348 2540 3389 tu
2570 3354 2644 3390 es.
2689 3335 2946 3401 Tametsi,
2988 3339 3185 3407 inquit,
3225 3348 3283 3392 tu
3335 3339 3473 3392 servi

282 3440 573 3492 personam
602 3427 865 3486 indueris.
925 3429 1119 3482 stabile
1154 3420 1334 3484 tamen
1366 3446 1429 3484 ac
1470 3431 1685 3486 ﬁrmum
1732 3433 1831 3488 tibi
1870 3442 1954 3488 est
1978 3434 2045 3487 ab
2072 3434 2225 3485 initio
2252 3445 2474 3493 regnum
2499 3439 2670 3484 tuum.
2698 3429 2880 3499 Neque
2906 3430 3050 3484 enim
3112 3444 3352 3497 unquam
3408 3428 3477 3481 ab

280 3530 348 3568 eo
374 3515 642 3579 decidisti,
673 3528 760 3571 aut
794 3519 939 3573 illinc
967 3521 1153 3586 pulsus
1179 3536 1260 3576 es.

264 3626 271 3633 ·
362 3604 495 3657 Ἀπὸ
517 3605 618 3657 τοῦ
637 3606 849 3671 αἰῶνος
872 3609 954 3661 σὺ
982 3606 1055 3665 εἶ.
1087 3611 1305 3681 Ἐδρσῐα
1330 3614 1386 3666 δέ
1418 3631 1501 3667 σοι
1528 3615 1622 3667 ἀπ’
1657 3616 1834 3685 ἀρχῆς

203 3725 212 3733 ς
279 3695 313 3761 ἡ
353 3693 612 3761 βασιλεία,
653 3696 786 3748 διότι
824 3698 916 3749 καὶ
948 3700 1010 3752 σὺ
1046 3702 1139 3752 ἀπ’
1179 3702 1373 3767 αἰῶνος
1418 3701 1489 3769 εἴ,
1558 3706 1835 3759 τουτέστιν

278 3783 481 3847 ὁμοίως
512 3785 606 3834 ἀπ’
629 3785 823 3852 ἀρχῆς,
854 3785 931 3849 ὡς
963 3787 1204 3857 εἴρηται.
1726 3799 1728 3801 ’

365 3870 623 3937 Ἐπῆραν
645 3877 697 3926 οι
720 3877 989 3944 ποταμοὶ,
1012 3880 1207 3945 Κύριε,
1241 3881 1474 3949 ἐπῆραν
1500 3888 1555 3938 οἱ
1585 3888 1831 3955 ποταμοὶ

280 3961 483 4028 φωνὰς
513 3962 724 4018 αὐτῶν.
776 3967 1057 4033 Ποταμοὺς
1112 3970 1267 4021 καλεί
1312 3974 1439 4034 τοὺς
1482 3976 1830 4041 ἀποστόλους,

280 4050 358 4113 ὡς
392 4050 712 4125 ἀρδεύοντας
738 4056 837 4117 τὰς
866 4056 1042 4124 ψυχὰς
1069 4059 1177 4111 τῶν
1211 4060 1511 4130 ἀνθρώπων
1530 4065 1642 4125 τοῖς
1672 4081 1833 4117 πνευ-

286 4145 536 4209 ματικοῖς
604 4144 804 4213 νάμασι
874 4147 967 4198 τοῦ
1015 4149 1388 4217 Εὐαγγελίουο
1440 4152 1584 4219 λέγει
1634 4155 1710 4216 δὲ,
1753 4156 1833 4207 ὅτι

283 4230 504 4301 ὕψωσαν
547 4233 642 4295 τὰς
713 4235 892 4301 φωνάς
948 4238 1144 4300 αὐτῶν,
1204 4242 1483 4307 τουτέστι,
1543 4243 1834 4314 διαρῤήδην

284 4322 383 4373 καὶ
413 4324 665 4392 φανερῶς
702 4326 797 4375 καὶ
841 4327 1279 4396 ὰνεπαισχύντως
1322 4332 1617 4400 ἐκήρυξαν.
1668 4335 1832 4401 Εἴρη-

282 4428 370 4464 ται
398 4412 453 4463 δὲ
473 4414 603 4481 ἡμῖν
628 4413 904 4478 πολλάκις,
947 4418 1027 4469 ὅτι
1048 4416 1120 4477 ὼς
1154 4417 1252 4485 ήδη
1305 4421 1643 4490 γεγενημένα
1702 4439 1831 4492 προ-

1861 4461 1907 4517 D

2008 3612 2050 3665 Α
2076 3609 2267 3665 ιωειιιο
2312 3618 2366 3662 ιιι
2392 3624 2467 3662 es.
2498 3607 2725 3669 Stabile,
2756 3605 2951 3675 inquit,
2983 3606 3078 3659 tibi
3118 3606 3241 3660 ideo
3278 3613 3361 3659 est
3388 3619 3476 3660 re-

1934 3718 2098 3772 gnmn
2124 3709 2274 3753 tuum
2308 3699 2373 3751 ab
2401 3699 2576 3759 initio,
2610 3699 2734 3765 quia
2763 3704 2814 3749 tu
2840 3711 2899 3750 es
2920 3710 2950 3748 a
2985 3696 3203 3759 saeculo,
3237 3694 3339 3749 hoc
3367 3702 3474 3758 εει,
3506 3754 3511 3759 _
3559 3718 3569 3723 ί

1935 3807 1963 3845 a
2004 3792 2288 3859 principio,
2316 3799 2375 3842 ut
2407 3789 2665 3842 diximus.
2816 3816 2824 3824 ο
3419 3787 3432 3806 ‘

2001 3880 2164 3934 Vens.
2198 3879 2251 3934 5.
2298 3874 2635 3930 Eleraverunt
2674 3878 2913 3943 ﬂumina,
2964 3860 3204 3935 Domine,
3244 3870 3473 3939 eleraoe-

1934 3979 2055 4023 runt
2104 3968 2325 4037 ﬂumina
2374 3983 2516 4019 voces
2562 3982 2710 4019 suae.
2739 3966 2840 4020 Per
2896 3964 3138 4031 ﬁumina,
3198 3964 3471 4033 apostolos

1930 4060 2203 4129 intelligit,
2228 4058 2393 4111 veluti
2419 4058 2510 4123 qui
2538 4056 2909 4125 spiritualibus
2930 4055 3213 4123 Evangelii
3258 4054 3474 4108 ﬂuentis

1930 4151 2198 4204 humanas
2228 4149 2455 4217 irrigant
2488 4150 2735 4209 animas;
2772 4154 2826 4200 et
2854 4145 2985 4199 dicit
3022 4145 3167 4214 quod
3198 4145 3444 4200 exaltave

1929 4245 2057 4293 runt
2092 4251 2253 4290 voces
2300 4251 2445 4296 suas,
2491 4235 2593 4288 boc
2619 4242 2726 4297 est,
2755 4236 2902 4287 clare
2940 4244 2994 4287 et
3036 4242 3236 4301 aperte,
3266 4236 3466 4302 palam-

1928 4340 2054 4396 que,
2084 4340 2148 4379 ac
2179 4326 2299 4380 sine
2338 4326 2446 4377 ulla
2483 4324 2829 4385 verecundia,
2866 4323 3227 4393 evangelicam
3274 4321 3459 4374 doctri

1934 4432 2054 4471 nam
2076 4416 2521 4486 praedicaverunt.
2548 4418 2680 4471 Illud
2709 4425 2888 4483 tamen
2917 4417 3301 4478 animadverte,
3329 4415 3471 4482 quod

283 4502 535 4571 αγορεύει
582 4503 649 4555 τὰ
701 4505 979 4573 μέλλοντα.
1048 4504 1107 4557 'U
1166 4508 1561 4579 διπλασιασμὸς
1616 4512 1673 4564 δὲ
1737 4511 1829 4565 τοῦ

1931 4509 2055 4562 alibi
2101 4523 2340 4579 persaepe
2370 4501 2629 4575 diximus,
2682 4507 3007 4573 Prophetam
3040 4506 3471 4575 frequentissime

281 4588 511 4677 ἐπῆραν
539 4592 586 4642 οἱ
618 4594 843 4662 ποταμοὶ
870 4595 1194 4662 ὲμφαντικός
1224 4597 1334 4648 ἐστι
1364 4600 1553 4667 χαρᾶς.

352 4850 633 4919 Ἀροῦσιν
666 4859 721 4908 οι
749 4857 996 4925 ποταμοὶ
1021 4857 1348 4926 ἐπιτρίψειε·
1376 4860 1589 4914 αὐτῶν.
1618 4862 1679 4912 ΟΞ
1712 4862 1827 4929 μετ’

280 4943 476 5004 αὐτοὺς
539 4944 771 5011 ποταμοὶ
833 4944 1089 5013 λήψονται
1165 4948 1264 5009 τὰς
1330 4950 1688 5020 χαραχθείσας
1735 4953 1829 5003 καὶ

279 5032 575 5101 τμηθείσας
619 5036 708 5087 ὑπ’
740 5037 916 5089 αὐτῶν
942 5036 1091 5098 ὁδούς
1112 5053 1127 5068 ο
1188 5039 1490 5108 ἑπιτρίψεις
1550 5043 1656 5111 γάρ
1690 5045 1825 5097 εἰσιν

281 5122 336 5172 αἱ
361 5123 543 5188 τομαὶ,
570 5122 635 5183 ἃς
664 5126 1021 5192 χαράττουσιν
1064 5128 1112 5177 οι
1168 5132 1401 5197 ποταμοὶ
1458 5132 1824 5201 δπιτρίϐοντες

280 5210 375 5275 τὴν
399 5211 501 5277 γῆν
538 5211 595 5261 ἐν
631 5210 706 5279 τῷ
737 5214 1019 5280 φέρεσθαι.
1068 5216 1205 5281 Φησὶ
1232 5216 1287 5267 δὲ
1308 5219 1467 5289 ὃτι-οι
1487 5218 1602 5285 μετ’
1626 5220 1820 5284 αὐτοὺς

281 5298 586 5354 διδάσκαλοι
631 5304 749 5364 ταῖς
787 5302 921 5365 ὁδοῖς
952 5305 1047 5374 τῆς
1079 5305 1420 5371 διδασκαλίας
1460 5309 1636 5363 αὐτῶν
1682 5313 1811 5365 ἀκο-

280 5384 478 5450 λούθως
505 5391 812 5457 χρήσονται.

1926 4600 2199 4667 prmterilo
2273 4582 2525 4665 tempore
2566 4598 2642 4650 uti
2716 4613 2810 4666 pro
2865 4598 3078 4662 futuro,
3132 4598 3214 4672 γει
3294 4594 3470 4647 futura

1926 4701 2169 4747 narrare.
2205 4687 2361 4753 quasi
2408 4688 2517 4755 jam
2552 4689 2852 4756 pmterita.
2888 4686 2979 4738 Illa
3024 4676 3185 4739 etiam
3226 4681 3470 4752 repetitio

1926 4776 2098 4838 verbi,
2140 4774 2483 4838 elevaverunt,
2533 4777 2714 4845 gaudii
2770 4777 3128 4829 inlensioncm
3182 4776 3469 4845 signiﬁcat.

1997 4861 2160 4917 Vsus.
2194 4865 2248 4918 4.
2290 4864 2490 4917 Totlent
2538 4865 2766 4931 ﬂumina
2809 4866 3105 4919 attritione:
3143 4870 3342 4917 eorum.
3375 4863 3471 4917 Illa

1926 4954 2169 5018 ﬁumina,
2203 4972 2321 5025 quae
2371 4966 2489 5025 post
2545 4956 2763 5009 ﬁmnina
2792 4955 2953 5025 paulo
3006 4966 3128 5009 ante
3171 4955 3337 5020 dicta,
3368 4955 3472 5006 hoe

1925 5055 2026 5107 est,
2059 5055 2181 5114 post
2231 5046 2505 5113 apostolos
2543 5058 2763 5100 ventura
2798 5054 2945 5111 sunt,
2990 5047 3196 5107 tollent,
3230 5045 3329 5097 hoc
3363 5051 3469 5107 est,

1923 5137 2161 5204 capient,
2204 5151 2297 5191 seu
2330 5144 2626 5205 sequentur
2651 5152 2743 5189 eas
2776 5138 2909 5199 vias,
2949 5150 3069 5203 quae
3094 5138 3160 5186 ab
3196 5135 3301 5187 illis
3328 5135 3467 5186 trita:

1922 5224 2121 5279 fuerint
2149 5236 2202 5279 et
2227 5226 2488 5279 formatae.
2534 5224 2632 5279 Per
2659 5226 2968 5279 attritiones
2995 5224 3215 5283 ctenim,
3239 5222 3469 5277 semitas

1919 5318 2045 5389 illas
2083 5332 2145 5369 ac
2177 5316 2465 5380 sectioncs,
2498 5316 2633 5369 alvei
2661 5317 2942 5383 cujusdam
2978 5316 3149 5368 instar
3181 5315 3459 5375 formatas,

1919 5390 2359 5476 intelligit,'quas
2384 5408 2631 5471 ﬁumina,
2664 5422 2785 5461 cum
2819 5420 2915 5474 per
2951 5414 3152 5458 terram
3189 5404 3462 5463 feruntur,

282 5482 569 5537 lambendo
607 5499 672 5539 ac
710 5487 934 5541 terendo
962 5488 1195 5545 incidere
1221 5492 1415 5557 solent,
1462 5496 1821 5552 acJormare.
1864 5499 1925 5553 Et
1960 5516 2156 5556 sensus
2190 5502 2293 5567 est,
2339 5502 2481 5571 quod
2549 5501 2817 5561 ductores,
2861 5498 2952 5565 qui
3029 5507 3148 5564 post
3190 5496 3464 5559 apostolus

284 5576 489 5629 venturi
542 5585 687 5639 sunt,
740 5593 833 5633 eas
880 5580 993 5631 vias
1038 5589 1197 5651 atque
1256 5586 1469 5637 easdem
1523 5598 1815 5657 sequentur
1852 5592 2189 5660 disciplinas,
2226 5594 2421 5662 quibus
2458 5591 2557 5659 ipsi
2591 5590 2747 5647 etiam
2789 5587 3017 5657 apostoii
3052 5586 3131 5640 usi
3165 5586 3381 5638 fuerint.

346 5687 517 5743 "Isa.
549 5693 728 5750 “11.2.
840 5696 883 5726 ⁸⁵
914 5692 1105 5747 Matth.
1144 5710 1248 5750 ενι.
1296 5697 1375 5749 l8.
