  <div class='ocr_page' id='page_1' title='image "/cluster/home/n/w/nwhite01/storage/ocr_20150623/128/pst.000005714438/586.png"; bbox 0 0 4150 6326; ppageno 0'>
   <div class='ocr_carea' id='block_1_1' title="bbox 213 332 382 399">
    <p class='ocr_par' dir='ltr' id='par_1_1' title="bbox 213 332 382 399">
     <span class='ocr_line' id='line_1_1' title="bbox 213 332 382 399; baseline 0.006 -1"><span class='ocrx_word' id='word_1_1' title='bbox 213 332 382 399; x_wconf 67' lang='grc' dir='ltr'><strong>10ῗό</strong></span> 
     </span>
    </p>
   </div>
   <div class='ocr_carea' id='block_1_2' title="bbox 1349 327 2254 391">
    <p class='ocr_par' dir='ltr' id='par_1_2' title="bbox 1349 327 2254 391">
     <span class='ocr_line' id='line_1_2' title="bbox 1349 327 2254 391; baseline -0.004 1"><span class='ocrx_word' id='word_1_2' title='bbox 1349 327 1734 391; x_wconf 77' lang='lat' dir='ltr'><strong>COMMENT.</strong></span> <span class='ocrx_word' id='word_1_3' title='bbox 1776 329 1854 386; x_wconf 81' lang='lat' dir='ltr'><strong>IN</strong></span> <span class='ocrx_word' id='word_1_4' title='bbox 1906 327 2254 388; x_wconf 71' lang='lat' dir='ltr'><strong>I‘SALMOS.</strong></span> 
     </span>
    </p>
   </div>
   <div class='ocr_carea' id='block_1_3' title="bbox 3289 320 3427 390">
    <p class='ocr_par' dir='ltr' id='par_1_3' title="bbox 3289 320 3427 390">
     <span class='ocr_line' id='line_1_3' title="bbox 3289 320 3427 390; baseline -0.043 0"><span class='ocrx_word' id='word_1_5' title='bbox 3289 320 3388 390; x_wconf 75' lang='lat'><strong>107</strong></span> <span class='ocrx_word' id='word_1_6' title='bbox 3396 323 3427 384; x_wconf 12' lang='lat' dir='ltr'><strong>ei</strong></span> 
     </span>
    </p>
   </div>
   <div class='ocr_carea' id='block_1_4' title="bbox 301 411 1797 524">
    <p class='ocr_par' dir='ltr' id='par_1_4' title="bbox 301 411 1789 524">
     <span class='ocr_line' id='line_1_4' title="bbox 301 411 1789 524; baseline -0.009 -24"><span class='ocrx_word' id='word_1_7' title='bbox 301 411 495 500; x_wconf 13' lang='grc' dir='ltr'>Ἀντί,</span> <span class='ocrx_word' id='word_1_8' title='bbox 525 443 629 497; x_wconf 88' lang='grc' dir='ltr'><strong>τοῦ</strong></span> <span class='ocrx_word' id='word_1_9' title='bbox 681 443 920 511; x_wconf 74' lang='grc' dir='ltr'>ἀγαπᾷν</span> <span class='ocrx_word' id='word_1_10' title='bbox 967 459 1060 512; x_wconf 81' lang='grc' dir='ltr'><strong>με,</strong></span> <span class='ocrx_word' id='word_1_11' title='bbox 1115 439 1502 524; x_wconf 56' lang='grc' dir='ltr'>ἐνδιέϐαᾼλόν</span> <span class='ocrx_word' id='word_1_12' title='bbox 1539 454 1628 506; x_wconf 87' lang='grc' dir='ltr'><strong>με.</strong></span> <span class='ocrx_word' id='word_1_13' title='bbox 1665 437 1789 489; x_wconf 76' lang='grc' dir='ltr'>Δέον</span> 
     </span>
    </p>
   </div>
   <div class='ocr_carea' id='block_1_5' title="bbox 1897 411 3427 524">
    <p class='ocr_par' dir='ltr' id='par_1_5' title="bbox 1963 433 3427 518">
     <span class='ocr_line' id='line_1_5' title="bbox 1963 433 3427 518; baseline -0.003 -31"><span class='ocrx_word' id='word_1_14' title='bbox 1963 435 2124 490; x_wconf 80' lang='lat' dir='ltr'><strong>Vens.</strong></span> <span class='ocrx_word' id='word_1_15' title='bbox 2162 438 2213 490; x_wconf 70' lang='grc'>4.</span> <span class='ocrx_word' id='word_1_16' title='bbox 2251 436 2351 490; x_wconf 86' lang='lat' dir='ltr'><strong>Pro</strong></span> <span class='ocrx_word' id='word_1_17' title='bbox 2391 444 2562 518; x_wconf 71' lang='lat' dir='ltr'><strong>eo,_ut</strong></span> <span class='ocrx_word' id='word_1_18' title='bbox 2617 451 2696 488; x_wconf 86' lang='lat' dir='ltr'><strong>nte</strong></span> <span class='ocrx_word' id='word_1_19' title='bbox 2749 434 3037 504; x_wconf 86' lang='lat' dir='ltr'><strong>diligerent,</strong></span> <span class='ocrx_word' id='word_1_20' title='bbox 3089 433 3427 500; x_wconf 81' lang='lat' dir='ltr'><strong>detrahebant</strong></span> 
     </span>
    </p>
   </div>
   <div class='ocr_carea' id='block_1_6' title="bbox 213 527 1789 606">
    <p class='ocr_par' dir='ltr' id='par_1_6' title="bbox 213 527 1789 606">
     <span class='ocr_line' id='line_1_6' title="bbox 213 527 1789 606; baseline -0.008 -17"><span class='ocrx_word' id='word_1_21' title='bbox 213 537 461 606; x_wconf 79' lang='grc' dir='ltr'>ἀγαπᾷν</span> <span class='ocrx_word' id='word_1_22' title='bbox 511 552 599 604; x_wconf 84' lang='grc' dir='ltr'><strong>με,</strong></span> <span class='ocrx_word' id='word_1_23' title='bbox 655 533 997 600; x_wconf 75' lang='grc' dir='ltr'>καθεκάστην</span> <span class='ocrx_word' id='word_1_24' title='bbox 1040 531 1235 594; x_wconf 74' lang='grc' dir='ltr'>αὐτοὺς</span> <span class='ocrx_word' id='word_1_25' title='bbox 1259 527 1647 599; x_wconf 76' lang='grc' dir='ltr'><strong>εὐεργετοῦντα</strong></span> <span class='ocrx_word' id='word_1_26' title='bbox 1695 528 1789 579; x_wconf 75' lang='grc' dir='ltr'><strong>καὶ</strong></span> 
     </span>
    </p>
   </div>
   <div class='ocr_carea' id='block_1_7' title="bbox 213 616 1788 697">
    <p class='ocr_par' dir='ltr' id='par_1_7' title="bbox 213 616 1788 697">
     <span class='ocr_line' id='line_1_7' title="bbox 213 616 1788 697; baseline -0.006 -20"><span class='ocrx_word' id='word_1_27' title='bbox 213 627 385 697; x_wconf 82' lang='grc' dir='ltr'>λόγῳ</span> <span class='ocrx_word' id='word_1_28' title='bbox 417 626 510 679; x_wconf 73' lang='grc' dir='ltr'>καὶ</span> <span class='ocrx_word' id='word_1_29' title='bbox 547 624 694 695; x_wconf 77' lang='grc' dir='ltr'>ἔργῳ</span> <span class='ocrx_word' id='word_1_30' title='bbox 719 642 733 656; x_wconf 90' lang='grc'><strong>·</strong></span> <span class='ocrx_word' id='word_1_31' title='bbox 771 624 821 676; x_wconf 77' lang='lat' dir='ltr'><strong>oi</strong></span> <span class='ocrx_word' id='word_1_32' title='bbox 852 624 908 675; x_wconf 88' lang='grc' dir='ltr'><strong>δέ</strong></span> <span class='ocrx_word' id='word_1_33' title='bbox 933 620 1240 675; x_wconf 82' lang='grc' dir='ltr'>τούναντίον</span> <span class='ocrx_word' id='word_1_34' title='bbox 1270 616 1650 687; x_wconf 82' lang='grc' dir='ltr'>διεκωμῴδούν</span> <span class='ocrx_word' id='word_1_35' title='bbox 1697 629 1788 684; x_wconf 81' lang='grc' dir='ltr'><strong>με,</strong></span> 
     </span>
    </p>
   </div>
   <div class='ocr_carea' id='block_1_8' title="bbox 217 705 1789 785">
    <p class='ocr_par' dir='ltr' id='par_1_8' title="bbox 217 705 1789 785">
     <span class='ocr_line' id='line_1_8' title="bbox 217 705 1789 785; baseline -0.008 -16"><span class='ocrx_word' id='word_1_36' title='bbox 217 719 466 782; x_wconf 70' lang='grc' dir='ltr'>πλάνον,</span> <span class='ocrx_word' id='word_1_37' title='bbox 517 716 612 770; x_wconf 80' lang='grc' dir='ltr'><strong>καὶ</strong></span> <span class='ocrx_word' id='word_1_38' title='bbox 659 713 992 785; x_wconf 73' lang='grc' dir='ltr'>παράνομον,</span> <span class='ocrx_word' id='word_1_39' title='bbox 1040 711 1134 764; x_wconf 65' lang='grc' dir='ltr'>καὶ</span> <span class='ocrx_word' id='word_1_40' title='bbox 1172 709 1416 764; x_wconf 81' lang='grc' dir='ltr'>ἀντίθεον</span> <span class='ocrx_word' id='word_1_41' title='bbox 1450 705 1789 760; x_wconf 68' lang='grc' dir='ltr'>άποκαλοῦνυ</span> 
     </span>
    </p>
   </div>
   <div class='ocr_carea' id='block_1_9' title="bbox 225 807 467 874">
    <p class='ocr_par' dir='ltr' id='par_1_9' title="bbox 225 807 467 874">
     <span class='ocr_line' id='line_1_9' title="bbox 225 807 467 874; baseline 0 -16"><span class='ocrx_word' id='word_1_42' title='bbox 225 807 337 868; x_wconf 83' lang='grc' dir='ltr'><strong>τές</strong></span> <span class='ocrx_word' id='word_1_43' title='bbox 379 822 467 874; x_wconf 82' lang='grc' dir='ltr'><strong>με.</strong></span> 
     </span>
    </p>
   </div>
   <div class='ocr_carea' id='block_1_10' title="bbox 321 886 1790 965">
    <p class='ocr_par' dir='ltr' id='par_1_10' title="bbox 321 886 1790 965">
     <span class='ocr_line' id='line_1_10' title="bbox 321 886 1790 965; baseline -0.008 -15"><span class='ocrx_word' id='word_1_44' title='bbox 321 896 472 964; x_wconf 75' lang='grc' dir='ltr'><strong>Ἐγὼ</strong></span> <span class='ocrx_word' id='word_1_45' title='bbox 513 894 581 948; x_wconf 78' lang='grc' dir='ltr'>δὲ</span> <span class='ocrx_word' id='word_1_46' title='bbox 609 895 1072 965; x_wconf 69' lang='grc' dir='ltr'>προσηυχόμην.</span> <span class='ocrx_word' id='word_1_47' title='bbox 1104 888 1497 961; x_wconf 82' lang='grc' dir='ltr'>Προσηυχόμην</span> <span class='ocrx_word' id='word_1_48' title='bbox 1529 887 1668 957; x_wconf 77' lang='grc' dir='ltr'>ὑπὲρ</span> <span class='ocrx_word' id='word_1_49' title='bbox 1693 886 1790 940; x_wconf 80' lang='grc' dir='ltr'><strong>αὖ-</strong></span> 
     </span>
    </p>
   </div>
   <div class='ocr_carea' id='block_1_11' title="bbox 137 979 1791 1059">
    <p class='ocr_par' dir='ltr' id='par_1_11' title="bbox 137 979 1791 1059">
     <span class='ocr_line' id='line_1_11' title="bbox 137 979 1791 1059; baseline -0.008 -15"><span class='ocrx_word' id='word_1_50' title='bbox 137 1038 146 1044; x_wconf 86' lang='grc'><em>,</em></span> <span class='ocrx_word' id='word_1_51' title='bbox 219 989 372 1040; x_wconf 75' lang='grc' dir='ltr'>τῶν·</span> <span class='ocrx_word' id='word_1_52' title='bbox 403 988 495 1040; x_wconf 68' lang='grc' dir='ltr'><strong>καὶ</strong></span> <span class='ocrx_word' id='word_1_53' title='bbox 545 987 652 1058; x_wconf 77' lang='grc' dir='ltr'><strong>γὰρ</strong></span> <span class='ocrx_word' id='word_1_54' title='bbox 712 988 771 1039; x_wconf 88' lang='grc' dir='ltr'><strong>ἐν</strong></span> <span class='ocrx_word' id='word_1_55' title='bbox 827 989 938 1059; x_wconf 63' lang='grc' dir='ltr'>τοῖς</span> <span class='ocrx_word' id='word_1_56' title='bbox 996 981 1345 1051; x_wconf 84' lang='grc' dir='ltr'>Εὑαγγελίοις</span> <span class='ocrx_word' id='word_1_57' title='bbox 1400 979 1791 1051; x_wconf 82' lang='grc' dir='ltr'><strong>προσεύχεσθαι</strong></span> 
     </span>
    </p>
   </div>
   <div class='ocr_carea' id='block_1_12' title="bbox 221 1066 1790 1144">
    <p class='ocr_par' dir='ltr' id='par_1_12' title="bbox 221 1066 1790 1144">
     <span class='ocr_line' id='line_1_12' title="bbox 221 1066 1790 1144; baseline -0.005 -18"><span class='ocrx_word' id='word_1_58' title='bbox 221 1077 263 1126; x_wconf 74' lang='grc' dir='ltr'><strong>ὖ</strong></span> <span class='ocrx_word' id='word_1_59' title='bbox 277 1077 386 1144; x_wconf 77' lang='grc' dir='ltr'>πὲρ</span> <span class='ocrx_word' id='word_1_60' title='bbox 411 1066 514 1128; x_wconf 81' lang='grc' dir='ltr'><strong>τῶν</strong></span> <span class='ocrx_word' id='word_1_61' title='bbox 533 1073 944 1143; x_wconf 75' lang='grc' dir='ltr'><strong>ἐπηρεαζόντων</strong></span> <span class='ocrx_word' id='word_1_62' title='bbox 961 1071 1364 1140; x_wconf 79' lang='grc' dir='ltr'><strong>ἐνομοθέτησεν.</strong></span> <span class='ocrx_word' id='word_1_63' title='bbox 1398 1069 1469 1123; x_wconf 85' lang='grc' dir='ltr'>Ἣ</span> <span class='ocrx_word' id='word_1_64' title='bbox 1487 1068 1790 1137; x_wconf 84' lang='grc' dir='ltr'>προσηυχό-</span> 
     </span>
    </p>
   </div>
   <div class='ocr_carea' id='block_1_13' title="bbox 234 1157 1792 1237">
    <p class='ocr_par' dir='ltr' id='par_1_13' title="bbox 234 1157 1792 1237">
     <span class='ocr_line' id='line_1_13' title="bbox 234 1157 1792 1237; baseline -0.008 -15"><span class='ocrx_word' id='word_1_65' title='bbox 234 1183 357 1237; x_wconf 81' lang='grc' dir='ltr'><strong>μην</strong></span> <span class='ocrx_word' id='word_1_66' title='bbox 410 1165 837 1234; x_wconf 72' lang='grc' dir='ltr'><strong>ἐπικαλούμενος</strong></span> <span class='ocrx_word' id='word_1_67' title='bbox 868 1163 964 1232; x_wconf 78' lang='grc' dir='ltr'>τὴν</span> <span class='ocrx_word' id='word_1_68' title='bbox 993 1163 1143 1234; x_wconf 82' lang='grc' dir='ltr'>παρὰ</span> <span class='ocrx_word' id='word_1_69' title='bbox 1177 1160 1270 1215; x_wconf 90' lang='grc' dir='ltr'><strong>σοῦ</strong></span> <span class='ocrx_word' id='word_1_70' title='bbox 1305 1158 1575 1231; x_wconf 82' lang='grc' dir='ltr'>βοήθειαν·</span> <span class='ocrx_word' id='word_1_71' title='bbox 1607 1157 1792 1227; x_wconf 71' lang='grc' dir='ltr'>διαφό-</span> 
     </span>
    </p>
   </div>
   <div class='ocr_carea' id='block_1_14' title="bbox 243 1251 1791 1330">
    <p class='ocr_par' dir='ltr' id='par_1_14' title="bbox 243 1251 1791 1330">
     <span class='ocr_line' id='line_1_14' title="bbox 243 1251 1791 1330; baseline -0.005 -20"><span class='ocrx_word' id='word_1_72' title='bbox 243 1277 363 1326; x_wconf 80' lang='grc' dir='ltr'><strong>ρως</strong></span> <span class='ocrx_word' id='word_1_73' title='bbox 409 1259 518 1328; x_wconf 83' lang='grc' dir='ltr'><strong>γάρ</strong></span> <span class='ocrx_word' id='word_1_74' title='bbox 571 1261 709 1328; x_wconf 71' lang='grc' dir='ltr'>πρὸς</span> <span class='ocrx_word' id='word_1_75' title='bbox 761 1257 852 1310; x_wconf 75' lang='grc' dir='ltr'>τὸν</span> <span class='ocrx_word' id='word_1_76' title='bbox 899 1256 1119 1330; x_wconf 85' lang='grc' dir='ltr'>Πατέρα</span> <span class='ocrx_word' id='word_1_77' title='bbox 1167 1252 1603 1325; x_wconf 75' lang='grc' dir='ltr'>προσευχόμενον</span> <span class='ocrx_word' id='word_1_78' title='bbox 1632 1251 1791 1304; x_wconf 71' lang='grc' dir='ltr'>αὑτὸν</span> 
     </span>
    </p>
   </div>
   <div class='ocr_carea' id='block_1_15' title="bbox 230 1346 1017 1416">
    <p class='ocr_par' dir='ltr' id='par_1_15' title="bbox 230 1346 1017 1416">
     <span class='ocr_line' id='line_1_15' title="bbox 230 1346 1017 1416; baseline 0 -16"><span class='ocrx_word' id='word_1_79' title='bbox 230 1347 500 1416; x_wconf 80' lang='grc' dir='ltr'>δηλοῦσιν</span> <span class='ocrx_word' id='word_1_80' title='bbox 531 1349 581 1400; x_wconf 77' lang='grc' dir='ltr'>οἱ</span> <span class='ocrx_word' id='word_1_81' title='bbox 615 1346 1017 1415; x_wconf 80' lang='grc' dir='ltr'>εὐαγγελισταί.</span> 
     </span>
    </p>
   </div>
   <div class='ocr_carea' id='block_1_16' title="bbox 311 1400 1852 1507">
    <p class='ocr_par' dir='ltr' id='par_1_16' title="bbox 311 1400 1852 1507">
     <span class='ocr_line' id='line_1_16' title="bbox 311 1400 1852 1507; baseline -0.007 -13"><span class='ocrx_word' id='word_1_82' title='bbox 311 1400 420 1494; x_wconf 72' lang='lat' dir='ltr'><strong>Kal</strong></span> <span class='ocrx_word' id='word_1_83' title='bbox 443 1400 646 1494; x_wconf 73' lang='grc' dir='ltr'>ἔθεντο</span> <span class='ocrx_word' id='word_1_84' title='bbox 662 1400 789 1493; x_wconf 51' lang='grc' dir='ltr'>κατ’</span> <span class='ocrx_word' id='word_1_85' title='bbox 816 1437 962 1507; x_wconf 78' lang='grc' dir='ltr'>ἐμοῦ</span> <span class='ocrx_word' id='word_1_86' title='bbox 983 1435 1134 1490; x_wconf 79' lang='grc' dir='ltr'><strong>κακὰ</strong></span> <span class='ocrx_word' id='word_1_87' title='bbox 1155 1436 1284 1490; x_wconf 72' lang='grc' dir='ltr'>ἀντὶ</span> <span class='ocrx_word' id='word_1_88' title='bbox 1317 1434 1570 1504; x_wconf 69' lang='grc' dir='ltr'>ἀγαθῶν.</span> <span class='ocrx_word' id='word_1_89' title='bbox 1590 1433 1790 1502; x_wconf 58' lang='lat' dir='ltr'><strong>eam.</strong></span> <span class='ocrx_word' id='word_1_90' title='bbox 1849 1400 1852 1404; x_wconf 19' lang='grc' dir='ltr'>ι</span> 
     </span>
    </p>
   </div>
   <div class='ocr_carea' id='block_1_17' title="bbox 231 1521 1651 1598">
    <p class='ocr_par' dir='ltr' id='par_1_17' title="bbox 231 1521 1651 1598">
     <span class='ocr_line' id='line_1_17' title="bbox 231 1521 1651 1598; baseline -0.001 -19"><span class='ocrx_word' id='word_1_91' title='bbox 231 1545 407 1582; x_wconf 74' lang='grc' dir='ltr'>σαντο</span> <span class='ocrx_word' id='word_1_92' title='bbox 434 1528 554 1582; x_wconf 83' lang='grc' dir='ltr'>κατ’</span> <span class='ocrx_word' id='word_1_93' title='bbox 581 1529 715 1598; x_wconf 79' lang='grc' dir='ltr'>ἐμοῦ</span> <span class='ocrx_word' id='word_1_94' title='bbox 741 1527 908 1593; x_wconf 76' lang='grc' dir='ltr'>κακὰ,</span> <span class='ocrx_word' id='word_1_95' title='bbox 948 1527 1065 1581; x_wconf 80' lang='grc' dir='ltr'>ἀνθ’</span> <span class='ocrx_word' id='word_1_96' title='bbox 1085 1521 1159 1580; x_wconf 79' lang='grc' dir='ltr'>ὧν</span> <span class='ocrx_word' id='word_1_97' title='bbox 1181 1525 1651 1596; x_wconf 78' lang='grc' dir='ltr'>εὐηργετήθησαν.</span> 
     </span>
    </p>
   </div>
   <div class='ocr_carea' id='block_1_18' title="bbox 315 1702 1792 1774">
    <p class='ocr_par' dir='ltr' id='par_1_18' title="bbox 315 1702 1792 1774">
     <span class='ocr_line' id='line_1_18' title="bbox 315 1702 1792 1774; baseline -0.004 -16"><span class='ocrx_word' id='word_1_98' title='bbox 315 1704 420 1758; x_wconf 76' lang='grc' dir='ltr'><strong>Καὶ</strong></span> <span class='ocrx_word' id='word_1_99' title='bbox 455 1703 634 1772; x_wconf 84' lang='grc' dir='ltr'>μῖσος</span> <span class='ocrx_word' id='word_1_100' title='bbox 652 1704 786 1759; x_wconf 72' lang='grc' dir='ltr'>ἀντὶ</span> <span class='ocrx_word' id='word_1_101' title='bbox 816 1704 925 1773; x_wconf 84' lang='grc' dir='ltr'>τῆς</span> <span class='ocrx_word' id='word_1_102' title='bbox 953 1703 1310 1774; x_wconf 77' lang='grc' dir='ltr'>ἁγαπήσεώς</span> <span class='ocrx_word' id='word_1_103' title='bbox 1331 1721 1469 1772; x_wconf 88' lang='grc' dir='ltr'>μου.</span> <span class='ocrx_word' id='word_1_104' title='bbox 1511 1704 1653 1755; x_wconf 76' lang='grc' dir='ltr'>Ἀντὶ</span> <span class='ocrx_word' id='word_1_105' title='bbox 1698 1702 1792 1769; x_wconf 68' lang='grc' dir='ltr'>τῆς</span> 
     </span>
    </p>
   </div>
   <div class='ocr_carea' id='block_1_19' title="bbox 235 1783 1748 1866">
    <p class='ocr_par' dir='ltr' id='par_1_19' title="bbox 235 1783 1748 1866">
     <span class='ocr_line' id='line_1_19' title="bbox 235 1783 1748 1866; baseline -0.001 -18"><span class='ocrx_word' id='word_1_106' title='bbox 235 1798 491 1866; x_wconf 80' lang='grc' dir='ltr'>ἀγάπης,</span> <span class='ocrx_word' id='word_1_107' title='bbox 520 1796 588 1866; x_wconf 80' lang='grc' dir='ltr'>ἢν</span> <span class='ocrx_word' id='word_1_108' title='bbox 616 1795 846 1866; x_wconf 72' lang='grc' dir='ltr'>ἠγάπων</span> <span class='ocrx_word' id='word_1_109' title='bbox 871 1792 1088 1859; x_wconf 83' lang='grc' dir='ltr'>αὐτοῦς.</span> <span class='ocrx_word' id='word_1_110' title='bbox 1739 1783 1748 1796; x_wconf 64' lang='grc'><em>’</em></span> 
     </span>
    </p>
   </div>
   <div class='ocr_carea' id='block_1_20' title="bbox 310 1882 1794 1952">
    <p class='ocr_par' dir='ltr' id='par_1_20' title="bbox 310 1882 1794 1952">
     <span class='ocr_line' id='line_1_20' title="bbox 310 1882 1794 1952; baseline -0.003 -13"><span class='ocrx_word' id='word_1_111' title='bbox 310 1885 704 1952; x_wconf 79' lang='grc' dir='ltr'>Κατάστησον</span> <span class='ocrx_word' id='word_1_112' title='bbox 716 1885 807 1938; x_wconf 73' lang='grc' dir='ltr'><strong>ἐπ’</strong></span> <span class='ocrx_word' id='word_1_113' title='bbox 821 1884 1010 1937; x_wconf 80' lang='grc' dir='ltr'>αὐτὸν</span> <span class='ocrx_word' id='word_1_114' title='bbox 1034 1885 1400 1952; x_wconf 72' lang='grc' dir='ltr'>ἀμαρτωλόν.</span> <span class='ocrx_word' id='word_1_115' title='bbox 1414 1883 1486 1936; x_wconf 81' lang='grc' dir='ltr'><strong>Τὸ</strong></span> <span class='ocrx_word' id='word_1_116' title='bbox 1507 1882 1794 1948; x_wconf 79' lang='grc' dir='ltr'>κατάστη-</span> 
     </span>
    </p>
   </div>
   <div class='ocr_carea' id='block_1_21' title="bbox 233 1976 1794 2047">
    <p class='ocr_par' dir='ltr' id='par_1_21' title="bbox 233 1976 1794 2047">
     <span class='ocr_line' id='line_1_21' title="bbox 233 1976 1794 2047; baseline -0.001 -17"><span class='ocrx_word' id='word_1_117' title='bbox 233 1991 365 2030; x_wconf 72' lang='grc' dir='ltr'>σον</span> <span class='ocrx_word' id='word_1_118' title='bbox 417 1977 510 2029; x_wconf 84' lang='grc' dir='ltr'><strong>καὶ</strong></span> <span class='ocrx_word' id='word_1_119' title='bbox 559 1977 626 2046; x_wconf 78' lang='grc' dir='ltr'><strong>τά</strong></span> <span class='ocrx_word' id='word_1_120' title='bbox 667 1977 816 2046; x_wconf 79' lang='grc' dir='ltr'>ἑξῆς,</span> <span class='ocrx_word' id='word_1_121' title='bbox 865 1977 1239 2047; x_wconf 84' lang='grc' dir='ltr'>προστακτικά</span> <span class='ocrx_word' id='word_1_122' title='bbox 1287 1993 1347 2028; x_wconf 88' lang='grc' dir='ltr'><strong>τε</strong></span> <span class='ocrx_word' id='word_1_123' title='bbox 1395 1977 1488 2029; x_wconf 78' lang='grc' dir='ltr'><strong>καὶ</strong></span> <span class='ocrx_word' id='word_1_124' title='bbox 1550 1976 1794 2035; x_wconf 77' lang='grc' dir='ltr'>εὐκτικὰ.</span> 
     </span>
    </p>
   </div>
   <div class='ocr_carea' id='block_1_22' title="bbox 234 2060 1827 2138">
    <p class='ocr_par' dir='ltr' id='par_1_22' title="bbox 234 2060 1827 2138">
     <span class='ocr_line' id='line_1_22' title="bbox 234 2060 1827 2138; baseline -0.001 -18"><span class='ocrx_word' id='word_1_125' title='bbox 234 2069 430 2137; x_wconf 70' lang='grc' dir='ltr'>έχουσι</span> <span class='ocrx_word' id='word_1_126' title='bbox 462 2067 560 2137; x_wconf 80' lang='grc' dir='ltr'>μὲν</span> <span class='ocrx_word' id='word_1_127' title='bbox 593 2067 777 2138; x_wconf 82' lang='grc' dir='ltr'>σχῆμα</span> <span class='ocrx_word' id='word_1_128' title='bbox 802 2067 1063 2130; x_wconf 87' lang='grc' dir='ltr'>τοιοῦτον,</span> <span class='ocrx_word' id='word_1_129' title='bbox 1101 2065 1374 2136; x_wconf 83' lang='grc' dir='ltr'>σημασίαν</span> <span class='ocrx_word' id='word_1_130' title='bbox 1401 2066 1456 2120; x_wconf 80' lang='grc' dir='ltr'><strong>δέ</strong></span> <span class='ocrx_word' id='word_1_131' title='bbox 1488 2065 1791 2134; x_wconf 77' lang='grc' dir='ltr'>μέλλοντος,</span> <span class='ocrx_word' id='word_1_132' title='bbox 1821 2060 1827 2070; x_wconf 71' lang='grc'><em>’</em></span> 
     </span>
    </p>
   </div>
   <div class='ocr_carea' id='block_1_23' title="bbox 235 2156 1795 2224">
    <p class='ocr_par' dir='ltr' id='par_1_23' title="bbox 235 2156 1795 2224">
     <span class='ocr_line' id='line_1_23' title="bbox 235 2156 1795 2224; baseline -0.001 -13"><span class='ocrx_word' id='word_1_133' title='bbox 235 2159 367 2211; x_wconf 79' lang='grc' dir='ltr'>ἀντὶ</span> <span class='ocrx_word' id='word_1_134' title='bbox 392 2157 482 2211; x_wconf 79' lang='grc' dir='ltr'><strong>τοῦ</strong></span> <span class='ocrx_word' id='word_1_135' title='bbox 500 2159 966 2224; x_wconf 78' lang='grc' dir='ltr'>Καταστήσεται,</span> <span class='ocrx_word' id='word_1_136' title='bbox 995 2160 1087 2211; x_wconf 77' lang='grc' dir='ltr'><strong>καὶ</strong></span> <span class='ocrx_word' id='word_1_137' title='bbox 1115 2157 1426 2223; x_wconf 82' lang='grc' dir='ltr'>στήσεται,</span> <span class='ocrx_word' id='word_1_138' title='bbox 1445 2156 1540 2210; x_wconf 75' lang='grc' dir='ltr'><strong>καὶ</strong></span> <span class='ocrx_word' id='word_1_139' title='bbox 1559 2156 1795 2221; x_wconf 72' lang='grc' dir='ltr'>ἐξελεύ-</span> 
     </span>
    </p>
   </div>
   <div class='ocr_carea' id='block_1_24' title="bbox 235 2247 1795 2319">
    <p class='ocr_par' dir='ltr' id='par_1_24' title="bbox 235 2247 1795 2319">
     <span class='ocr_line' id='line_1_24' title="bbox 235 2247 1795 2319; baseline -0.003 -15"><span class='ocrx_word' id='word_1_140' title='bbox 235 2267 436 2313; x_wconf 79' lang='grc' dir='ltr'>σεται,</span> <span class='ocrx_word' id='word_1_141' title='bbox 471 2251 564 2302; x_wconf 74' lang='grc' dir='ltr'><strong>καὶ</strong></span> <span class='ocrx_word' id='word_1_142' title='bbox 591 2250 658 2302; x_wconf 75' lang='grc' dir='ltr'><strong>τά</strong></span> <span class='ocrx_word' id='word_1_143' title='bbox 706 2249 951 2303; x_wconf 86' lang='grc' dir='ltr'>τοιαῦτα.</span> <span class='ocrx_word' id='word_1_144' title='bbox 985 2249 1175 2313; x_wconf 77' lang='grc' dir='ltr'>Τάξον,</span> <span class='ocrx_word' id='word_1_145' title='bbox 1203 2249 1368 2319; x_wconf 83' lang='grc' dir='ltr'>φησὶν</span> <span class='ocrx_word' id='word_1_146' title='bbox 1409 2251 1500 2302; x_wconf 78' lang='grc' dir='ltr'>ἐπὶ</span> <span class='ocrx_word' id='word_1_147' title='bbox 1525 2247 1624 2318; x_wconf 81' lang='grc' dir='ltr'>τὴν</span> <span class='ocrx_word' id='word_1_148' title='bbox 1667 2250 1795 2301; x_wconf 84' lang='grc' dir='ltr'>Ὶου-</span> 
     </span>
    </p>
   </div>
   <div class='ocr_carea' id='block_1_25' title="bbox 234 2337 1796 2410">
    <p class='ocr_par' dir='ltr' id='par_1_25' title="bbox 234 2337 1796 2410">
     <span class='ocr_line' id='line_1_25' title="bbox 234 2337 1796 2410; baseline -0.001 -17"><span class='ocrx_word' id='word_1_149' title='bbox 234 2341 400 2393; x_wconf 72' lang='grc' dir='ltr'>δαὶαν</span> <span class='ocrx_word' id='word_1_150' title='bbox 418 2339 506 2392; x_wconf 80' lang='grc' dir='ltr'>τὸν</span> <span class='ocrx_word' id='word_1_151' title='bbox 527 2339 792 2393; x_wconf 78' lang='grc' dir='ltr'>διάϐολον.</span> <span class='ocrx_word' id='word_1_152' title='bbox 811 2337 1215 2410; x_wconf 60' lang='grc' dir='ltr'>Είσῆλθεγὰρ,</span> <span class='ocrx_word' id='word_1_153' title='bbox 1244 2341 1426 2409; x_wconf 71' lang='grc' dir='ltr'>φησὶν,</span> <span class='ocrx_word' id='word_1_154' title='bbox 1451 2341 1538 2403; x_wconf 80' lang='grc' dir='ltr'>εἰς</span> <span class='ocrx_word' id='word_1_155' title='bbox 1556 2338 1740 2393; x_wconf 79' lang='grc' dir='ltr'>αὐτὸν·</span> <span class='ocrx_word' id='word_1_156' title='bbox 1763 2341 1796 2391; x_wconf 81' lang='grc' dir='ltr'><em>ὁ</em></span> 
     </span>
    </p>
   </div>
   <div class='ocr_carea' id='block_1_26' title="bbox 238 2423 1794 2495">
    <p class='ocr_par' dir='ltr' id='par_1_26' title="bbox 238 2423 1794 2495">
     <span class='ocr_line' id='line_1_26' title="bbox 238 2423 1794 2495; baseline -0.003 -13"><span class='ocrx_word' id='word_1_157' title='bbox 238 2426 535 2494; x_wconf 81' lang='grc' dir='ltr'><strong>Σατανᾶς.</strong></span> <span class='ocrx_word' id='word_1_158' title='bbox 582 2429 656 2480; x_wconf 78' lang='grc' dir='ltr'><strong>Τὸ</strong></span> <span class='ocrx_word' id='word_1_159' title='bbox 694 2428 749 2480; x_wconf 73' lang='grc' dir='ltr'>δὲ</span> <span class='ocrx_word' id='word_1_160' title='bbox 780 2431 1190 2493; x_wconf 76' lang='grc' dir='ltr'>Κατάστησον,</span> <span class='ocrx_word' id='word_1_161' title='bbox 1227 2429 1347 2481; x_wconf 78' lang='grc' dir='ltr'>ἀντὶ</span> <span class='ocrx_word' id='word_1_162' title='bbox 1373 2426 1468 2480; x_wconf 90' lang='grc' dir='ltr'><strong>τοῦ</strong></span> <span class='ocrx_word' id='word_1_163' title='bbox 1518 2423 1794 2495; x_wconf 77' lang='grc' dir='ltr'>Παραχώ-</span> 
     </span>
    </p>
   </div>
   <div class='ocr_carea' id='block_1_27' title="bbox 231 2517 1817 2590">
    <p class='ocr_par' dir='ltr' id='par_1_27' title="bbox 231 2517 1817 2590">
     <span class='ocr_line' id='line_1_27' title="bbox 231 2517 1817 2590; baseline -0.001 -16"><span class='ocrx_word' id='word_1_164' title='bbox 231 2539 436 2588; x_wconf 85' lang='grc' dir='ltr'>ρησον</span> <span class='ocrx_word' id='word_1_165' title='bbox 487 2519 870 2590; x_wconf 81' lang='grc' dir='ltr'>καταστῆναι,</span> <span class='ocrx_word' id='word_1_166' title='bbox 919 2519 1140 2574; x_wconf 72' lang='grc' dir='ltr'>κατὰτὸ</span> <span class='ocrx_word' id='word_1_167' title='bbox 1184 2519 1280 2588; x_wconf 81' lang='grc' dir='ltr'>τῆς</span> <span class='ocrx_word' id='word_1_168' title='bbox 1318 2519 1538 2588; x_wconf 80' lang='grc' dir='ltr'>Γραφῆς</span> <span class='ocrx_word' id='word_1_169' title='bbox 1577 2517 1817 2587; x_wconf 79' lang='grc' dir='ltr'>ίδίωμα.’</span> 
     </span>
    </p>
   </div>
   <div class='ocr_carea' id='block_1_28' title="bbox 243 2606 1117 2683">
    <p class='ocr_par' dir='ltr' id='par_1_28' title="bbox 243 2606 1117 2683">
     <span class='ocr_line' id='line_1_28' title="bbox 243 2606 1117 2683; baseline 0.001 -19"><span class='ocrx_word' id='word_1_170' title='bbox 243 2613 380 2683; x_wconf 83' lang='grc' dir='ltr'>περὶ</span> <span class='ocrx_word' id='word_1_171' title='bbox 405 2606 463 2666; x_wconf 78' lang='grc' dir='ltr'><strong>οὗ</strong></span> <span class='ocrx_word' id='word_1_172' title='bbox 497 2611 758 2674; x_wconf 81' lang='grc' dir='ltr'>πολλάκις</span> <span class='ocrx_word' id='word_1_173' title='bbox 795 2610 1117 2680; x_wconf 69' lang='grc' dir='ltr'>εἰρήκαμεν.</span> 
     </span>
    </p>
   </div>
   <div class='ocr_carea' id='block_1_29' title="bbox 320 2781 1796 2853">
    <p class='ocr_par' dir='ltr' id='par_1_29' title="bbox 320 2781 1796 2853">
     <span class='ocr_line' id='line_1_29' title="bbox 320 2781 1796 2853; baseline -0.003 -13"><span class='ocrx_word' id='word_1_174' title='bbox 320 2784 429 2840; x_wconf 82' lang='lat' dir='ltr'><strong>Kal</strong></span> <span class='ocrx_word' id='word_1_175' title='bbox 458 2785 737 2851; x_wconf 73' lang='grc' dir='ltr'>διάϐολος</span> <span class='ocrx_word' id='word_1_176' title='bbox 768 2783 966 2853; x_wconf 81' lang='grc' dir='ltr'><strong>στήτω</strong></span> <span class='ocrx_word' id='word_1_177' title='bbox 1001 2785 1070 2837; x_wconf 78' lang='grc' dir='ltr'><strong>ἐκ</strong></span> <span class='ocrx_word' id='word_1_178' title='bbox 1105 2782 1321 2847; x_wconf 62' lang='grc' dir='ltr'>δεξιῶν</span> <span class='ocrx_word' id='word_1_179' title='bbox 1349 2781 1556 2837; x_wconf 84' lang='grc' dir='ltr'>αὐτοῦ.</span> <span class='ocrx_word' id='word_1_180' title='bbox 1598 2783 1796 2851; x_wconf 78' lang='grc' dir='ltr'>Στήσε-</span> 
     </span>
    </p>
   </div>
   <div class='ocr_carea' id='block_1_30' title="bbox 239 2873 1794 2942">
    <p class='ocr_par' dir='ltr' id='par_1_30' title="bbox 239 2873 1794 2942">
     <span class='ocr_line' id='line_1_30' title="bbox 239 2873 1794 2942; baseline -0.003 -11"><span class='ocrx_word' id='word_1_181' title='bbox 239 2895 339 2931; x_wconf 88' lang='grc' dir='ltr'><strong>ται</strong></span> <span class='ocrx_word' id='word_1_182' title='bbox 362 2880 425 2930; x_wconf 78' lang='grc' dir='ltr'>ἐκ</span> <span class='ocrx_word' id='word_1_183' title='bbox 451 2877 640 2941; x_wconf 79' lang='grc' dir='ltr'>δεξιῶν</span> <span class='ocrx_word' id='word_1_184' title='bbox 665 2877 850 2939; x_wconf 83' lang='grc' dir='ltr'>αὐτοῦ,</span> <span class='ocrx_word' id='word_1_185' title='bbox 880 2874 1175 2939; x_wconf 75' lang='grc' dir='ltr'>τουτέστιν,</span> <span class='ocrx_word' id='word_1_186' title='bbox 1206 2873 1615 2942; x_wconf 77' lang='grc' dir='ltr'>οἰκειωθήσεται</span> <span class='ocrx_word' id='word_1_187' title='bbox 1641 2875 1670 2928; x_wconf 85' lang='grc' dir='ltr'><strong>ό</strong></span> <span class='ocrx_word' id='word_1_188' title='bbox 1693 2875 1794 2926; x_wconf 84' lang='grc' dir='ltr'><strong>Σα-</strong></span> 
     </span>
    </p>
   </div>
   <div class='ocr_carea' id='block_1_31' title="bbox 239 2963 1795 3040">
    <p class='ocr_par' dir='ltr' id='par_1_31' title="bbox 239 2963 1795 3040">
     <span class='ocr_line' id='line_1_31' title="bbox 239 2963 1795 3040; baseline -0.002 -20"><span class='ocrx_word' id='word_1_189' title='bbox 239 2969 420 3040; x_wconf 69' lang='grc' dir='ltr'>τανᾶς</span> <span class='ocrx_word' id='word_1_190' title='bbox 447 2967 614 3036; x_wconf 83' lang='grc' dir='ltr'>αὐτῷ.</span> <span class='ocrx_word' id='word_1_191' title='bbox 651 2966 772 3020; x_wconf 80' lang='grc' dir='ltr'>Τῶν</span> <span class='ocrx_word' id='word_1_192' title='bbox 821 2967 1036 3019; x_wconf 79' lang='grc' dir='ltr'>οίκείων</span> <span class='ocrx_word' id='word_1_193' title='bbox 1067 2965 1177 3034; x_wconf 76' lang='grc' dir='ltr'>γὰρ</span> <span class='ocrx_word' id='word_1_194' title='bbox 1207 2966 1240 3035; x_wconf 79' lang='grc' dir='ltr'><strong>ἡ</strong></span> <span class='ocrx_word' id='word_1_195' title='bbox 1274 2963 1426 3028; x_wconf 79' lang='grc' dir='ltr'>δεξιὰ</span> <span class='ocrx_word' id='word_1_196' title='bbox 1469 2964 1677 3026; x_wconf 78' lang='grc' dir='ltr'>στάσις.</span> <span class='ocrx_word' id='word_1_197' title='bbox 1705 2964 1795 3017; x_wconf 82' lang='grc' dir='ltr'><strong>Διὸ</strong></span> 
     </span>
    </p>
   </div>
   <div class='ocr_carea' id='block_1_32' title="bbox 1890 509 3430 596">
    <p class='ocr_par' dir='ltr' id='par_1_32' title="bbox 1890 509 3430 596">
     <span class='ocr_line' id='line_1_32' title="bbox 1890 509 3430 596; baseline 0.001 -18"><span class='ocrx_word' id='word_1_198' title='bbox 1890 525 2034 580; x_wconf 86' lang='lat' dir='ltr'><strong>mihi.</strong></span> <span class='ocrx_word' id='word_1_199' title='bbox 2092 526 2223 580; x_wconf 85' lang='lat' dir='ltr'><strong>Cum</strong></span> <span class='ocrx_word' id='word_1_200' title='bbox 2280 509 2517 596; x_wconf 41' lang='lat' dir='ltr'><strong>diligere.</strong></span> <span class='ocrx_word' id='word_1_201' title='bbox 2553 541 2638 581; x_wconf 86' lang='lat' dir='ltr'><strong>me</strong></span> <span class='ocrx_word' id='word_1_202' title='bbox 2686 527 3018 589; x_wconf 70' lang='lat' dir='ltr'><strong>debuissent,</strong></span> <span class='ocrx_word' id='word_1_203' title='bbox 3068 526 3159 594; x_wconf 87' lang='lat' dir='ltr'><strong>qui</strong></span> <span class='ocrx_word' id='word_1_204' title='bbox 3212 525 3430 580; x_wconf 75' lang='lat' dir='ltr'><strong>assidue</strong></span> 
     </span>
    </p>
   </div>
   <div class='ocr_carea' id='block_1_33' title="bbox 1889 617 3430 686">
    <p class='ocr_par' dir='ltr' id='par_1_33' title="bbox 1889 617 3430 686">
     <span class='ocr_line' id='line_1_33' title="bbox 1889 617 3430 686; baseline 0.001 -18"><span class='ocrx_word' id='word_1_205' title='bbox 1889 618 2053 671; x_wconf 78' lang='lat' dir='ltr'><strong>verbo</strong></span> <span class='ocrx_word' id='word_1_206' title='bbox 2081 626 2134 672; x_wconf 89' lang='lat' dir='ltr'><strong>et</strong></span> <span class='ocrx_word' id='word_1_207' title='bbox 2169 633 2328 686; x_wconf 89' lang='lat' dir='ltr'><strong>opere</strong></span> <span class='ocrx_word' id='word_1_208' title='bbox 2361 618 2619 673; x_wconf 83' lang='lat' dir='ltr'><strong>bcnelicia</strong></span> <span class='ocrx_word' id='word_1_209' title='bbox 2642 618 2694 672; x_wconf 91' lang='lat' dir='ltr'><strong>in</strong></span> <span class='ocrx_word' id='word_1_210' title='bbox 2718 634 2812 674; x_wconf 91' lang='lat' dir='ltr'><strong>eos</strong></span> <span class='ocrx_word' id='word_1_211' title='bbox 2844 619 3194 681; x_wconf 83' lang='lat' dir='ltr'><strong>contuleram,</strong></span> <span class='ocrx_word' id='word_1_212' title='bbox 3222 617 3277 670; x_wconf 97' lang='lat' dir='ltr'><strong>hi</strong></span> <span class='ocrx_word' id='word_1_213' title='bbox 3305 631 3430 670; x_wconf 86' lang='lat' dir='ltr'><strong>cou-</strong></span> 
     </span>
    </p>
   </div>
   <div class='ocr_carea' id='block_1_34' title="bbox 1890 707 3430 778">
    <p class='ocr_par' dir='ltr' id='par_1_34' title="bbox 1890 707 3430 778">
     <span class='ocr_line' id='line_1_34' title="bbox 1890 707 3430 778; baseline -0.003 -17"><span class='ocrx_word' id='word_1_214' title='bbox 1890 716 1971 761; x_wconf 89' lang='lat' dir='ltr'><strong>tra</strong></span> <span class='ocrx_word' id='word_1_215' title='bbox 2000 707 2314 762; x_wconf 88' lang='lat' dir='ltr'><strong>deridebant</strong></span> <span class='ocrx_word' id='word_1_216' title='bbox 2347 724 2452 771; x_wconf 88' lang='lat' dir='ltr'><strong>me,</strong></span> <span class='ocrx_word' id='word_1_217' title='bbox 2487 708 2850 773; x_wconf 71' lang='lat' dir='ltr'><strong>seductorem,</strong></span> <span class='ocrx_word' id='word_1_218' title='bbox 2901 709 3167 778; x_wconf 89' lang='lat' dir='ltr'><strong>iniquum,</strong></span> <span class='ocrx_word' id='word_1_219' title='bbox 3216 715 3270 762; x_wconf 87' lang='lat' dir='ltr'><strong>et</strong></span> <span class='ocrx_word' id='word_1_220' title='bbox 3323 707 3430 760; x_wconf 81' lang='lat' dir='ltr'><strong>Deo</strong></span> 
     </span>
    </p>
   </div>
   <div class='ocr_carea' id='block_1_35' title="bbox 1890 799 2712 869">
    <p class='ocr_par' dir='ltr' id='par_1_35' title="bbox 1890 799 2712 869">
     <span class='ocr_line' id='line_1_35' title="bbox 1890 799 2712 869; baseline 0.001 -18"><span class='ocrx_word' id='word_1_221' title='bbox 1890 799 2257 854; x_wconf 85' lang='lat' dir='ltr'><strong>adversarium</strong></span> <span class='ocrx_word' id='word_1_222' title='bbox 2293 801 2624 869; x_wconf 87' lang='lat' dir='ltr'><strong>appellantes</strong></span> <span class='ocrx_word' id='word_1_223' title='bbox 2645 799 2712 852; x_wconf 81' lang='lat'><strong>&quot;.</strong></span> 
     </span>
    </p>
   </div>
   <div class='ocr_carea' id='block_1_36' title="bbox 1955 889 3431 960">
    <p class='ocr_par' dir='ltr' id='par_1_36' title="bbox 1955 889 3431 960">
     <span class='ocr_line' id='line_1_36' title="bbox 1955 889 3431 960; baseline 0.001 -18"><span class='ocrx_word' id='word_1_224' title='bbox 1955 893 2062 959; x_wconf 83' lang='lat' dir='ltr'><strong>Ego</strong></span> <span class='ocrx_word' id='word_1_225' title='bbox 2091 901 2264 944; x_wconf 87' lang='lat' dir='ltr'><strong>autem</strong></span> <span class='ocrx_word' id='word_1_226' title='bbox 2287 892 2522 944; x_wconf 86' lang='lat' dir='ltr'><strong>orabam.</strong></span> <span class='ocrx_word' id='word_1_227' title='bbox 2552 891 2782 944; x_wconf 84' lang='lat' dir='ltr'><strong>Orabam</strong></span> <span class='ocrx_word' id='word_1_228' title='bbox 2808 906 2902 960; x_wconf 89' lang='lat' dir='ltr'><strong>pro</strong></span> <span class='ocrx_word' id='word_1_229' title='bbox 2923 891 3023 946; x_wconf 87' lang='lat' dir='ltr'><strong>eis.</strong></span> <span class='ocrx_word' id='word_1_230' title='bbox 3049 889 3105 945; x_wconf 91' lang='lat' dir='ltr'><strong>ln</strong></span> <span class='ocrx_word' id='word_1_231' title='bbox 3135 889 3431 958; x_wconf 83' lang='lat' dir='ltr'><strong>Evangeliis</strong></span> 
     </span>
    </p>
   </div>
   <div class='ocr_carea' id='block_1_37' title="bbox 1891 982 3430 1053">
    <p class='ocr_par' dir='ltr' id='par_1_37' title="bbox 1891 982 3430 1053">
     <span class='ocr_line' id='line_1_37' title="bbox 1891 982 3430 1053; baseline -0.001 -17"><span class='ocrx_word' id='word_1_232' title='bbox 1891 984 2086 1053; x_wconf 86' lang='lat' dir='ltr'><strong>quippe</strong></span> <span class='ocrx_word' id='word_1_233' title='bbox 2126 983 2269 1037; x_wconf 88' lang='lat' dir='ltr'><strong>orari</strong></span> <span class='ocrx_word' id='word_1_234' title='bbox 2323 983 2487 1052; x_wconf 83' lang='lat' dir='ltr'><strong>jussit</strong></span> <span class='ocrx_word' id='word_1_235' title='bbox 2537 983 2782 1038; x_wconf 84' lang='lat' dir='ltr'><strong>Christus</strong></span> <span class='ocrx_word' id='word_1_236' title='bbox 2813 999 2908 1052; x_wconf 88' lang='lat' dir='ltr'><strong>pro</strong></span> <span class='ocrx_word' id='word_1_237' title='bbox 2955 982 3430 1036; x_wconf 81' lang='lat' dir='ltr'><strong>calumniantibus.</strong></span> 
     </span>
    </p>
   </div>
   <div class='ocr_carea' id='block_1_38' title="bbox 1897 1073 3430 1142">
    <p class='ocr_par' dir='ltr' id='par_1_38' title="bbox 1897 1073 3430 1142">
     <span class='ocr_line' id='line_1_38' title="bbox 1897 1073 3430 1142; baseline -0.001 -15"><span class='ocrx_word' id='word_1_238' title='bbox 1897 1073 1987 1128; x_wconf 87' lang='lat' dir='ltr'><strong>Vel</strong></span> <span class='ocrx_word' id='word_1_239' title='bbox 2015 1091 2026 1126; x_wconf 94' lang='lat'><strong>:</strong></span> <span class='ocrx_word' id='word_1_240' title='bbox 2048 1073 2277 1128; x_wconf 87' lang='lat' dir='ltr'><strong>Orabam</strong></span> <span class='ocrx_word' id='word_1_241' title='bbox 2299 1074 2556 1128; x_wconf 82' lang='lat' dir='ltr'><strong>invocans</strong></span> <span class='ocrx_word' id='word_1_242' title='bbox 2579 1075 2836 1126; x_wconf 75' lang='lat' dir='ltr'><strong>auxilium</strong></span> <span class='ocrx_word' id='word_1_243' title='bbox 2856 1083 3030 1128; x_wconf 89' lang='lat' dir='ltr'><strong>tuum.</strong></span> <span class='ocrx_word' id='word_1_244' title='bbox 3051 1073 3430 1142; x_wconf 62' lang='lat' dir='ltr'><strong>Saepenumero</strong></span> 
     </span>
    </p>
   </div>
   <div class='ocr_carea' id='block_1_39' title="bbox 1891 1163 3258 1236">
    <p class='ocr_par' dir='ltr' id='par_1_39' title="bbox 1891 1163 3258 1236">
     <span class='ocr_line' id='line_1_39' title="bbox 1891 1163 3258 1236; baseline -0.001 -18"><span class='ocrx_word' id='word_1_245' title='bbox 1891 1166 2032 1218; x_wconf 79' lang='lat' dir='ltr'><strong>enim</strong></span> <span class='ocrx_word' id='word_1_246' title='bbox 2064 1179 2248 1220; x_wconf 84' lang='lat' dir='ltr'><strong>orasse</strong></span> <span class='ocrx_word' id='word_1_247' title='bbox 2275 1177 2398 1218; x_wconf 89' lang='lat' dir='ltr'><strong>eum</strong></span> <span class='ocrx_word' id='word_1_248' title='bbox 2424 1164 2486 1218; x_wconf 88' lang='lat' dir='ltr'><strong>ad</strong></span> <span class='ocrx_word' id='word_1_249' title='bbox 2517 1164 2750 1228; x_wconf 84' lang='lat' dir='ltr'><strong>Patrem,</strong></span> <span class='ocrx_word' id='word_1_250' title='bbox 2785 1163 2981 1220; x_wconf 85' lang='lat' dir='ltr'><strong>ibidem</strong></span> <span class='ocrx_word' id='word_1_251' title='bbox 3013 1164 3258 1236; x_wconf 77' lang='lat' dir='ltr'><strong>legimus.</strong></span> 
     </span>
    </p>
   </div>
   <div class='ocr_carea' id='block_1_40' title="bbox 1964 1431 3436 1506">
    <p class='ocr_par' dir='ltr' id='par_1_40' title="bbox 1964 1431 3436 1506">
     <span class='ocr_line' id='line_1_40' title="bbox 1964 1431 3436 1506; baseline 0.004 -22"><span class='ocrx_word' id='word_1_252' title='bbox 1964 1432 2125 1486; x_wconf 81' lang='lat' dir='ltr'><strong>Vens.</strong></span> <span class='ocrx_word' id='word_1_253' title='bbox 2155 1432 2206 1487; x_wconf 82' lang='lat'><strong>5.</strong></span> <span class='ocrx_word' id='word_1_254' title='bbox 2246 1431 2314 1486; x_wconf 84' lang='lat' dir='ltr'><strong>Et</strong></span> <span class='ocrx_word' id='word_1_255' title='bbox 2341 1443 2622 1502; x_wconf 82' lang='lat' dir='ltr'><strong>posuerunt</strong></span> <span class='ocrx_word' id='word_1_256' title='bbox 2651 1433 2922 1488; x_wconf 80' lang='lat' dir='ltr'><strong>adversum</strong></span> <span class='ocrx_word' id='word_1_257' title='bbox 2952 1451 3028 1490; x_wconf 88' lang='lat' dir='ltr'><strong>me</strong></span> <span class='ocrx_word' id='word_1_258' title='bbox 3056 1435 3196 1489; x_wconf 84' lang='lat' dir='ltr'><strong>mala</strong></span> <span class='ocrx_word' id='word_1_259' title='bbox 3225 1453 3318 1506; x_wconf 85' lang='lat' dir='ltr'><strong>pro</strong></span> <span class='ocrx_word' id='word_1_260' title='bbox 3346 1436 3436 1490; x_wconf 83' lang='lat' dir='ltr'><strong>bo-</strong></span> 
     </span>
    </p>
   </div>
   <div class='ocr_carea' id='block_1_41' title="bbox 1894 1522 3435 1596">
    <p class='ocr_par' dir='ltr' id='par_1_41' title="bbox 1894 1522 3435 1596">
     <span class='ocr_line' id='line_1_41' title="bbox 1894 1522 3435 1596; baseline 0 -21"><span class='ocrx_word' id='word_1_261' title='bbox 1894 1525 1994 1577; x_wconf 87' lang='lat' dir='ltr'><strong>nis.</strong></span> <span class='ocrx_word' id='word_1_262' title='bbox 2027 1522 2151 1590; x_wconf 91' lang='lat' dir='ltr'><strong>lpsi,</strong></span> <span class='ocrx_word' id='word_1_263' title='bbox 2191 1525 2387 1594; x_wconf 83' lang='lat' dir='ltr'><strong>inquit,</strong></span> <span class='ocrx_word' id='word_1_264' title='bbox 2417 1534 2610 1580; x_wconf 88' lang='lat' dir='ltr'><strong>contra</strong></span> <span class='ocrx_word' id='word_1_265' title='bbox 2670 1528 2874 1596; x_wconf 86' lang='lat' dir='ltr'><strong>operati</strong></span> <span class='ocrx_word' id='word_1_266' title='bbox 2905 1537 3031 1582; x_wconf 90' lang='lat' dir='ltr'><strong>sunt</strong></span> <span class='ocrx_word' id='word_1_267' title='bbox 3060 1528 3112 1580; x_wconf 85' lang='lat' dir='ltr'><strong>in</strong></span> <span class='ocrx_word' id='word_1_268' title='bbox 3144 1542 3225 1580; x_wconf 88' lang='lat' dir='ltr'><strong>me</strong></span> <span class='ocrx_word' id='word_1_269' title='bbox 3275 1526 3435 1586; x_wconf 73' lang='lat' dir='ltr'><strong>mala,</strong></span> 
     </span>
    </p>
   </div>
   <div class='ocr_carea' id='block_1_42' title="bbox 1895 1615 2939 1682">
    <p class='ocr_par' dir='ltr' id='par_1_42' title="bbox 1895 1615 2939 1682">
     <span class='ocr_line' id='line_1_42' title="bbox 1895 1615 2939 1682; baseline 0.006 -14"><span class='ocrx_word' id='word_1_270' title='bbox 1895 1630 1990 1682; x_wconf 90' lang='lat' dir='ltr'><strong>pro</strong></span> <span class='ocrx_word' id='word_1_271' title='bbox 2027 1615 2292 1670; x_wconf 83' lang='lat' dir='ltr'><strong>benticiiis</strong></span> <span class='ocrx_word' id='word_1_272' title='bbox 2317 1631 2344 1669; x_wconf 93' lang='lat' dir='ltr'><strong>a</strong></span> <span class='ocrx_word' id='word_1_273' title='bbox 2377 1625 2466 1670; x_wconf 82' lang='lat' dir='ltr'><strong>me’</strong></span> <span class='ocrx_word' id='word_1_274' title='bbox 2501 1617 2551 1670; x_wconf 91' lang='lat' dir='ltr'><strong>in</strong></span> <span class='ocrx_word' id='word_1_275' title='bbox 2581 1632 2674 1672; x_wconf 89' lang='lat' dir='ltr'><strong>eos</strong></span> <span class='ocrx_word' id='word_1_276' title='bbox 2706 1618 2939 1674; x_wconf 79' lang='lat' dir='ltr'><strong>collatis.</strong></span> 
     </span>
    </p>
   </div>
   <div class='ocr_carea' id='block_1_43' title="bbox 1967 1703 3438 1776">
    <p class='ocr_par' dir='ltr' id='par_1_43' title="bbox 1967 1703 3438 1776">
     <span class='ocr_line' id='line_1_43' title="bbox 1967 1703 3438 1776; baseline 0.003 -20"><span class='ocrx_word' id='word_1_277' title='bbox 1967 1703 2032 1756; x_wconf 84' lang='lat' dir='ltr'><strong>Et</strong></span> <span class='ocrx_word' id='word_1_278' title='bbox 2069 1706 2242 1759; x_wconf 87' lang='lat' dir='ltr'><strong>odium</strong></span> <span class='ocrx_word' id='word_1_279' title='bbox 2263 1722 2358 1774; x_wconf 85' lang='lat' dir='ltr'><strong>pro</strong></span> <span class='ocrx_word' id='word_1_280' title='bbox 2386 1707 2660 1761; x_wconf 76' lang='lat' dir='ltr'><strong>dilectione</strong></span> <span class='ocrx_word' id='word_1_281' title='bbox 2690 1725 2824 1762; x_wconf 87' lang='lat' dir='ltr'><strong>mea.</strong></span> <span class='ocrx_word' id='word_1_282' title='bbox 2858 1709 2958 1763; x_wconf 84' lang='lat' dir='ltr'><strong>Pro</strong></span> <span class='ocrx_word' id='word_1_283' title='bbox 2995 1709 3302 1772; x_wconf 78' lang='lat' dir='ltr'><strong>dilectione,</strong></span> <span class='ocrx_word' id='word_1_284' title='bbox 3336 1726 3438 1776; x_wconf 78' lang='lat' dir='ltr'><strong>qua</strong></span> 
     </span>
    </p>
   </div>
   <div class='ocr_carea' id='block_1_44' title="bbox 1828 1775 2408 1867">
    <p class='ocr_par' dir='ltr' id='par_1_44' title="bbox 1828 1775 2408 1867">
     <span class='ocr_line' id='line_1_44' title="bbox 1828 1775 2408 1867; baseline 0.003 -15"><span class='ocrx_word' id='word_1_285' title='bbox 1828 1775 1865 1828; x_wconf 64' lang='grc' dir='ltr'><strong>Β</strong></span> <span class='ocrx_word' id='word_1_286' title='bbox 1897 1812 1990 1852; x_wconf 88' lang='lat' dir='ltr'><strong>eos</strong></span> <span class='ocrx_word' id='word_1_287' title='bbox 2019 1800 2408 1867; x_wconf 82' lang='lat' dir='ltr'><strong>prosequebar.</strong></span> 
     </span>
    </p>
   </div>
   <div class='ocr_carea' id='block_1_45' title="bbox 1967 1886 3434 1958">
    <p class='ocr_par' dir='ltr' id='par_1_45' title="bbox 1967 1886 3434 1958">
     <span class='ocr_line' id='line_1_45' title="bbox 1967 1886 3434 1958; baseline 0.002 -21"><span class='ocrx_word' id='word_1_288' title='bbox 1967 1886 2132 1942; x_wconf 82' lang='lat' dir='ltr'><strong>Vens.</strong></span> <span class='ocrx_word' id='word_1_289' title='bbox 2164 1889 2216 1942; x_wconf 82' lang='lat'><strong>6.</strong></span> <span class='ocrx_word' id='word_1_290' title='bbox 2236 1887 2504 1943; x_wconf 77' lang='lat' dir='ltr'><strong>Constitue</strong></span> <span class='ocrx_word' id='word_1_291' title='bbox 2523 1905 2677 1958; x_wconf 79' lang='lat' dir='ltr'><strong>super</strong></span> <span class='ocrx_word' id='word_1_292' title='bbox 2700 1906 2812 1945; x_wconf 84' lang='lat' dir='ltr'><strong>eum</strong></span> <span class='ocrx_word' id='word_1_293' title='bbox 2835 1900 3175 1958; x_wconf 83' lang='lat' dir='ltr'><strong>peccatorem.</strong></span> <span class='ocrx_word' id='word_1_294' title='bbox 3204 1890 3434 1944; x_wconf 67' lang='lat' dir='ltr'><strong>Verbum</strong></span> 
     </span>
    </p>
   </div>
   <div class='ocr_carea' id='block_1_46' title="bbox 1895 1977 3438 2048">
    <p class='ocr_par' dir='ltr' id='par_1_46' title="bbox 1895 1977 3438 2048">
     <span class='ocr_line' id='line_1_46' title="bbox 1895 1977 3438 2048; baseline -0.001 -18"><span class='ocrx_word' id='word_1_295' title='bbox 1895 1977 2186 2041; x_wconf 85' lang='lat' dir='ltr'><strong>Con&#39;stitue,</strong></span> <span class='ocrx_word' id='word_1_296' title='bbox 2203 1986 2253 2032; x_wconf 89' lang='lat' dir='ltr'><strong>et</strong></span> <span class='ocrx_word' id='word_1_297' title='bbox 2274 1978 2376 2031; x_wconf 89' lang='lat' dir='ltr'><strong>alia</strong></span> <span class='ocrx_word' id='word_1_298' title='bbox 2403 1979 2564 2033; x_wconf 87' lang='lat' dir='ltr'><strong>verba</strong></span> <span class='ocrx_word' id='word_1_299' title='bbox 2595 1979 2922 2048; x_wconf 85' lang='lat' dir='ltr'><strong>impetrativi</strong></span> <span class='ocrx_word' id='word_1_300' title='bbox 2953 1988 3004 2032; x_wconf 88' lang='lat' dir='ltr'><strong>et</strong></span> <span class='ocrx_word' id='word_1_301' title='bbox 3029 1977 3249 2047; x_wconf 74' lang='lat' dir='ltr'><strong>optativi</strong></span> <span class='ocrx_word' id='word_1_302' title='bbox 3271 1979 3438 2040; x_wconf 70' lang='lat' dir='ltr'><strong>modi,</strong></span> 
     </span>
    </p>
   </div>
   <div class='ocr_carea' id='block_1_47' title="bbox 1895 2067 3436 2146">
    <p class='ocr_par' dir='ltr' id='par_1_47' title="bbox 1895 2067 3436 2146">
     <span class='ocr_line' id='line_1_47' title="bbox 1895 2067 3436 2146; baseline -0.003 -25"><span class='ocrx_word' id='word_1_303' title='bbox 1895 2083 2014 2135; x_wconf 69' lang='lat' dir='ltr'><strong>quae</strong></span> <span class='ocrx_word' id='word_1_304' title='bbox 2038 2078 2356 2137; x_wconf 89' lang='lat' dir='ltr'><strong>sequuntur,</strong></span> <span class='ocrx_word' id='word_1_305' title='bbox 2389 2083 2698 2146; x_wconf 79' lang='lat' dir='ltr'><strong>quanquam</strong></span> <span class='ocrx_word' id='word_1_306' title='bbox 2723 2068 2824 2122; x_wconf 86' lang='lat' dir='ltr'><strong>sub</strong></span> <span class='ocrx_word' id='word_1_307' title='bbox 2855 2067 3122 2138; x_wconf 86' lang='lat' dir='ltr'><strong>ejusmodi</strong></span> <span class='ocrx_word' id='word_1_308' title='bbox 3162 2067 3324 2136; x_wconf 82' lang='lat' dir='ltr'><strong>ﬁgura</strong></span> <span class='ocrx_word' id='word_1_309' title='bbox 3359 2074 3436 2118; x_wconf 83' lang='lat' dir='ltr'><strong>Io-</strong></span> 
     </span>
    </p>
   </div>
   <div class='ocr_carea' id='block_1_48' title="bbox 1896 2159 3440 2228">
    <p class='ocr_par' dir='ltr' id='par_1_48' title="bbox 1896 2159 3440 2228">
     <span class='ocr_line' id='line_1_48' title="bbox 1896 2159 3440 2228; baseline -0.002 -17"><span class='ocrx_word' id='word_1_310' title='bbox 1896 2159 2092 2226; x_wconf 89' lang='lat' dir='ltr'><strong>qucndi</strong></span> <span class='ocrx_word' id='word_1_311' title='bbox 2142 2160 2250 2213; x_wconf 89' lang='lat' dir='ltr'><strong>sint</strong></span> <span class='ocrx_word' id='word_1_312' title='bbox 2299 2160 2491 2228; x_wconf 91' lang='lat' dir='ltr'><strong>posita,</strong></span> <span class='ocrx_word' id='word_1_313' title='bbox 2543 2159 2740 2213; x_wconf 84' lang='lat' dir='ltr'><strong>habent</strong></span> <span class='ocrx_word' id='word_1_314' title='bbox 2780 2166 2959 2212; x_wconf 83' lang='lat' dir='ltr'><strong>tamen</strong></span> <span class='ocrx_word' id='word_1_315' title='bbox 2996 2159 3440 2228; x_wconf 76' lang='lat' dir='ltr'><strong>signiﬁcationem</strong></span> 
     </span>
    </p>
   </div>
   <div class='ocr_carea' id='block_1_49' title="bbox 1899 2247 3438 2319">
    <p class='ocr_par' dir='ltr' id='par_1_49' title="bbox 1899 2247 3438 2319">
     <span class='ocr_line' id='line_1_49' title="bbox 1899 2247 3438 2319; baseline -0.001 -18"><span class='ocrx_word' id='word_1_316' title='bbox 1899 2247 2070 2302; x_wconf 78' lang='lat' dir='ltr'><strong>futuri</strong></span> <span class='ocrx_word' id='word_1_317' title='bbox 2105 2249 2387 2319; x_wconf 83' lang='lat' dir='ltr'><strong>temporis,</strong></span> <span class='ocrx_word' id='word_1_318' title='bbox 2425 2263 2488 2302; x_wconf 89' lang='lat' dir='ltr'><strong>ac</strong></span> <span class='ocrx_word' id='word_1_319' title='bbox 2528 2249 2573 2304; x_wconf 94' lang='lat' dir='ltr'><strong>si</strong></span> <span class='ocrx_word' id='word_1_320' title='bbox 2611 2248 2838 2304; x_wconf 80' lang='lat' dir='ltr'><strong>dixisset</strong></span> <span class='ocrx_word' id='word_1_321' title='bbox 2871 2267 2882 2302; x_wconf 93' lang='lat'><strong>:</strong></span> <span class='ocrx_word' id='word_1_322' title='bbox 2915 2248 3228 2310; x_wconf 81' lang='lat' dir='ltr'><strong>Constituet,</strong></span> <span class='ocrx_word' id='word_1_323' title='bbox 3261 2250 3438 2311; x_wconf 84' lang='lat' dir='ltr'><strong>stabit,</strong></span> 
     </span>
    </p>
   </div>
   <div class='ocr_carea' id='block_1_50' title="bbox 1895 2331 3444 2409">
    <p class='ocr_par' dir='ltr' id='par_1_50' title="bbox 1895 2331 3444 2409">
     <span class='ocr_line' id='line_1_50' title="bbox 1895 2331 3444 2409; baseline -0.001 -16"><span class='ocrx_word' id='word_1_324' title='bbox 1895 2340 2079 2402; x_wconf 75' lang='lat' dir='ltr'><strong>exibit,</strong></span> <span class='ocrx_word' id='word_1_325' title='bbox 2126 2346 2180 2392; x_wconf 88' lang='lat' dir='ltr'><strong>et</strong></span> <span class='ocrx_word' id='word_1_326' title='bbox 2217 2345 2298 2394; x_wconf 88' lang='lat' dir='ltr'><strong>sic</strong></span> <span class='ocrx_word' id='word_1_327' title='bbox 2356 2340 2420 2393; x_wconf 90' lang='lat' dir='ltr'><strong>dc</strong></span> <span class='ocrx_word' id='word_1_328' title='bbox 2452 2338 2681 2406; x_wconf 79' lang='lat' dir='ltr'><strong>singulis</strong></span> <span class='ocrx_word' id='word_1_329' title='bbox 2717 2357 2738 2399; x_wconf 49' lang='grc' dir='ltr'>,ε</span> <span class='ocrx_word' id='word_1_330' title='bbox 2774 2331 3074 2405; x_wconf 87' lang='lat' dir='ltr'><strong>Constituc,</strong></span> <span class='ocrx_word' id='word_1_331' title='bbox 3108 2339 3300 2409; x_wconf 91' lang='lat' dir='ltr'><strong>inquit,</strong></span> <span class='ocrx_word' id='word_1_332' title='bbox 3333 2340 3444 2392; x_wconf 87' lang='lat' dir='ltr'><strong>dia-</strong></span> 
     </span>
    </p>
   </div>
   <div class='ocr_carea' id='block_1_51' title="bbox 1896 2426 3440 2499">
    <p class='ocr_par' dir='ltr' id='par_1_51' title="bbox 1896 2426 3440 2499">
     <span class='ocr_line' id='line_1_51' title="bbox 1896 2426 3440 2499; baseline -0.001 -15"><span class='ocrx_word' id='word_1_333' title='bbox 1896 2429 2074 2484; x_wconf 88' lang='lat' dir='ltr'><strong>bolum</strong></span> <span class='ocrx_word' id='word_1_334' title='bbox 2110 2443 2274 2496; x_wconf 81' lang='lat' dir='ltr'><strong>super</strong></span> <span class='ocrx_word' id='word_1_335' title='bbox 2313 2426 2504 2480; x_wconf 83' lang='lat' dir='ltr'><strong>Judam</strong></span> <span class='ocrx_word' id='word_1_336' title='bbox 2539 2447 2552 2480; x_wconf 88' lang='lat'><strong>:</strong></span> <span class='ocrx_word' id='word_1_337' title='bbox 2580 2429 2796 2480; x_wconf 80' lang='lat' dir='ltr'><strong>intravit</strong></span> <span class='ocrx_word' id='word_1_338' title='bbox 2824 2428 2988 2494; x_wconf 88' lang='lat' dir='ltr'><strong>enim,</strong></span> <span class='ocrx_word' id='word_1_339' title='bbox 3019 2436 3077 2482; x_wconf 94' lang='lat' dir='ltr'><strong>ut</strong></span> <span class='ocrx_word' id='word_1_340' title='bbox 3107 2429 3332 2499; x_wconf 76' lang='lat' dir='ltr'><strong>legimus</strong></span> <span class='ocrx_word' id='word_1_341' title='bbox 3390 2432 3440 2482; x_wconf 93' lang='lat' dir='ltr'><strong>iu</strong></span> 
     </span>
    </p>
   </div>
   <div class='ocr_carea' id='block_1_52' title="bbox 1897 2516 3440 2588">
    <p class='ocr_par' dir='ltr' id='par_1_52' title="bbox 1897 2516 3440 2588">
     <span class='ocr_line' id='line_1_52' title="bbox 1897 2516 3440 2588; baseline -0.002 -15"><span class='ocrx_word' id='word_1_342' title='bbox 1897 2519 2207 2588; x_wconf 75' lang='lat' dir='ltr'><strong>Evangelio,</strong></span> <span class='ocrx_word' id='word_1_343' title='bbox 2227 2520 2281 2571; x_wconf 81' lang='lat' dir='ltr'><strong>in</strong></span> <span class='ocrx_word' id='word_1_344' title='bbox 2303 2534 2419 2571; x_wconf 83' lang='lat' dir='ltr'><strong>eum</strong></span> <span class='ocrx_word' id='word_1_345' title='bbox 2437 2516 2666 2572; x_wconf 79' lang='lat' dir='ltr'><strong>Satanas</strong></span> <span class='ocrx_word' id='word_1_346' title='bbox 2696 2519 2759 2572; x_wconf 79' lang='lat'><strong>&quot;&#39;.</strong></span> <span class='ocrx_word' id='word_1_347' title='bbox 2791 2516 3058 2573; x_wconf 86' lang='lat' dir='ltr'><strong>Constitue</strong></span> <span class='ocrx_word' id='word_1_348' title='bbox 3087 2533 3216 2572; x_wconf 79' lang='lat' dir='ltr'><strong>vero</strong></span> <span class='ocrx_word' id='word_1_349' title='bbox 3243 2519 3440 2587; x_wconf 81' lang='lat' dir='ltr'><strong>posuit,</strong></span> 
     </span>
    </p>
   </div>
   <div class='ocr_carea' id='block_1_53' title="bbox 1898 2608 3442 2680">
    <p class='ocr_par' dir='ltr' id='par_1_53' title="bbox 1898 2608 3442 2680">
     <span class='ocr_line' id='line_1_53' title="bbox 1898 2608 3442 2680; baseline -0.001 -18"><span class='ocrx_word' id='word_1_350' title='bbox 1898 2627 1994 2680; x_wconf 87' lang='lat' dir='ltr'><strong>pro</strong></span> <span class='ocrx_word' id='word_1_351' title='bbox 2015 2609 2267 2664; x_wconf 84' lang='lat' dir='ltr'><strong>Permitte</strong></span> <span class='ocrx_word' id='word_1_352' title='bbox 2299 2609 2575 2672; x_wconf 82' lang='lat' dir='ltr'><strong>constitui,</strong></span> <span class='ocrx_word' id='word_1_353' title='bbox 2614 2609 2767 2676; x_wconf 81' lang='lat' dir='ltr'><strong>juxta</strong></span> <span class='ocrx_word' id='word_1_354' title='bbox 2819 2610 3092 2680; x_wconf 86' lang='lat' dir='ltr'><strong>peculiare</strong></span> <span class='ocrx_word' id='word_1_355' title='bbox 3129 2609 3260 2663; x_wconf 88' lang='lat' dir='ltr'><strong>illud</strong></span> <span class='ocrx_word' id='word_1_356' title='bbox 3294 2608 3442 2663; x_wconf 87' lang='lat' dir='ltr'><strong>Scri-</strong></span> 
     </span>
    </p>
   </div>
   <div class='ocr_carea' id='block_1_54' title="bbox 1899 2699 3005 2772">
    <p class='ocr_par' dir='ltr' id='par_1_54' title="bbox 1899 2699 3005 2772">
     <span class='ocr_line' id='line_1_54' title="bbox 1899 2699 3005 2772; baseline -0.002 -18"><span class='ocrx_word' id='word_1_357' title='bbox 1899 2715 2065 2772; x_wconf 65' lang='lat' dir='ltr'><strong>ptura:</strong></span> <span class='ocrx_word' id='word_1_358' title='bbox 2097 2702 2318 2767; x_wconf 81' lang='lat' dir='ltr'><strong>idioma,</strong></span> <span class='ocrx_word' id='word_1_359' title='bbox 2349 2701 2414 2754; x_wconf 91' lang='lat' dir='ltr'><strong>de</strong></span> <span class='ocrx_word' id='word_1_360' title='bbox 2445 2714 2553 2768; x_wconf 91' lang='lat' dir='ltr'><strong>quo</strong></span> <span class='ocrx_word' id='word_1_361' title='bbox 2581 2715 2720 2768; x_wconf 68' lang='lat' dir='ltr'><strong>saepe</strong></span> <span class='ocrx_word' id='word_1_362' title='bbox 2750 2699 3005 2758; x_wconf 78' lang='lat' dir='ltr'><strong>diximus.</strong></span> 
     </span>
    </p>
   </div>
   <div class='ocr_carea' id='block_1_55' title="bbox 1970 2790 3441 2860">
    <p class='ocr_par' dir='ltr' id='par_1_55' title="bbox 1970 2790 3441 2860">
     <span class='ocr_line' id='line_1_55' title="bbox 1970 2790 3441 2860; baseline -0.001 -15"><span class='ocrx_word' id='word_1_363' title='bbox 1970 2795 2035 2846; x_wconf 78' lang='lat' dir='ltr'><strong>Et</strong></span> <span class='ocrx_word' id='word_1_364' title='bbox 2071 2793 2310 2847; x_wconf 73' lang='lat' dir='ltr'><strong>diabolus</strong></span> <span class='ocrx_word' id='word_1_365' title='bbox 2343 2803 2442 2846; x_wconf 89' lang='lat' dir='ltr'><strong>stet</strong></span> <span class='ocrx_word' id='word_1_366' title='bbox 2494 2808 2525 2845; x_wconf 93' lang='lat' dir='ltr'><strong>a</strong></span> <span class='ocrx_word' id='word_1_367' title='bbox 2564 2792 2792 2845; x_wconf 79' lang='lat' dir='ltr'><strong>dexteris</strong></span> <span class='ocrx_word' id='word_1_368' title='bbox 2820 2791 2952 2860; x_wconf 83' lang='lat' dir='ltr'><strong>ejus.</strong></span> <span class='ocrx_word' id='word_1_369' title='bbox 2991 2790 3100 2844; x_wconf 90' lang='lat' dir='ltr'><strong>lloc</strong></span> <span class='ocrx_word' id='word_1_370' title='bbox 3139 2799 3245 2856; x_wconf 89' lang='lat' dir='ltr'><strong>est,</strong></span> <span class='ocrx_word' id='word_1_371' title='bbox 3276 2791 3365 2844; x_wconf 80' lang='lat' dir='ltr'><strong>ilct</strong></span> <span class='ocrx_word' id='word_1_372' title='bbox 3393 2790 3441 2844; x_wconf 86' lang='lat' dir='ltr'><strong>ci</strong></span> 
     </span>
    </p>
   </div>
   <div class='ocr_carea' id='block_1_56' title="bbox 1898 2873 3526 2940">
    <p class='ocr_par' dir='ltr' id='par_1_56' title="bbox 1898 2873 3526 2940">
     <span class='ocr_line' id='line_1_56' title="bbox 1898 2873 3526 2940; baseline -0.005 0"><span class='ocrx_word' id='word_1_373' title='bbox 1898 2886 2128 2940; x_wconf 82' lang='lat' dir='ltr'><strong>Satanas</strong></span> <span class='ocrx_word' id='word_1_374' title='bbox 2164 2884 2483 2939; x_wconf 79' lang='lat' dir='ltr'><strong>familiaris:</strong></span> <span class='ocrx_word' id='word_1_375' title='bbox 2515 2883 2690 2938; x_wconf 82' lang='lat' dir='ltr'><strong>solent</strong></span> <span class='ocrx_word' id='word_1_376' title='bbox 2714 2884 2858 2938; x_wconf 86' lang='lat' dir='ltr'><strong>enim</strong></span> <span class='ocrx_word' id='word_1_377' title='bbox 2893 2881 3191 2937; x_wconf 80' lang='lat' dir='ltr'><strong>familiares</strong></span> <span class='ocrx_word' id='word_1_378' title='bbox 3229 2893 3293 2935; x_wconf 88' lang='lat' dir='ltr'><strong>ac</strong></span> <span class='ocrx_word' id='word_1_379' title='bbox 3342 2883 3440 2934; x_wconf 88' lang='lat' dir='ltr'><strong>do-</strong></span> <span class='ocrx_word' id='word_1_380' title='bbox 3519 2873 3526 2884; x_wconf 86' lang='grc'><em>’</em></span> 
     </span>
    </p>
   </div>
   <div class='ocr_carea' id='block_1_57' title="bbox 1896 2972 3444 3045">
    <p class='ocr_par' dir='ltr' id='par_1_57' title="bbox 1896 2972 3444 3045">
     <span class='ocr_line' id='line_1_57' title="bbox 1896 2972 3444 3045; baseline -0.003 -15"><span class='ocrx_word' id='word_1_381' title='bbox 1896 2977 2104 3032; x_wconf 81' lang='lat' dir='ltr'><strong>mestici</strong></span> <span class='ocrx_word' id='word_1_382' title='bbox 2138 2975 2366 3045; x_wconf 82' lang='lat' dir='ltr'><strong>alicujus</strong></span> <span class='ocrx_word' id='word_1_383' title='bbox 2397 2984 2544 3030; x_wconf 85' lang='lat' dir='ltr'><strong>stare</strong></span> <span class='ocrx_word' id='word_1_384' title='bbox 2568 2975 2616 3028; x_wconf 81' lang='lat' dir='ltr'><strong>ei</strong></span> <span class='ocrx_word' id='word_1_385' title='bbox 2638 2987 2667 3028; x_wconf 75' lang='grc' dir='ltr'><strong>ε</strong></span> <span class='ocrx_word' id='word_1_386' title='bbox 2691 2974 2914 3028; x_wconf 84' lang='lat' dir='ltr'><strong>dextris.</strong></span> <span class='ocrx_word' id='word_1_387' title='bbox 2943 2975 3114 3042; x_wconf 83' lang='lat' dir='ltr'><strong>Atque</strong></span> <span class='ocrx_word' id='word_1_388' title='bbox 3146 2972 3444 3041; x_wconf 83' lang='lat' dir='ltr'><strong>idcojustis</strong></span> 
     </span>
    </p>
   </div>
   <div class='ocr_carea' id='block_1_58' title="bbox 242 3056 1797 3156">
    <p class='ocr_par' dir='ltr' id='par_1_58' title="bbox 242 3056 1793 3140">
     <span class='ocr_line' id='line_1_58' title="bbox 242 3056 1793 3140; baseline -0.003 -29"><span class='ocrx_word' id='word_1_389' title='bbox 242 3060 347 3111; x_wconf 79' lang='grc' dir='ltr'><strong>καὶ</strong></span> <span class='ocrx_word' id='word_1_390' title='bbox 407 3059 460 3138; x_wconf 11' lang='grc' dir='ltr'><strong>οἶν</strong></span> <span class='ocrx_word' id='word_1_391' title='bbox 510 3059 709 3140; x_wconf 76' lang='grc' dir='ltr'>δίκαιοι</span> <span class='ocrx_word' id='word_1_392' title='bbox 758 3057 908 3127; x_wconf 79' lang='grc' dir='ltr'>παρὰ</span> <span class='ocrx_word' id='word_1_393' title='bbox 934 3057 1010 3126; x_wconf 85' lang='grc' dir='ltr'><strong>τῷ</strong></span> <span class='ocrx_word' id='word_1_394' title='bbox 1042 3056 1159 3126; x_wconf 86' lang='grc' dir='ltr'><strong>Θεῷ</strong></span> <span class='ocrx_word' id='word_1_395' title='bbox 1187 3056 1288 3125; x_wconf 86' lang='grc' dir='ltr'>τῆς</span> <span class='ocrx_word' id='word_1_396' title='bbox 1315 3056 1493 3122; x_wconf 78' lang='grc' dir='ltr'>δεξιᾶς</span> <span class='ocrx_word' id='word_1_397' title='bbox 1519 3056 1793 3120; x_wconf 78' lang='grc' dir='ltr'>ἀξιοῦνται</span> 
     </span>
    </p>
   </div>
   <div class='ocr_carea' id='block_1_59' title="bbox 1897 3056 3444 3156">
    <p class='ocr_par' dir='ltr' id='par_1_59' title="bbox 1907 3063 3444 3137">
     <span class='ocr_line' id='line_1_59' title="bbox 1907 3063 3444 3137; baseline -0.003 -16"><span class='ocrx_word' id='word_1_398' title='bbox 1907 3069 2044 3123; x_wconf 87' lang='lat' dir='ltr'><strong>Deus</strong></span> <span class='ocrx_word' id='word_1_399' title='bbox 2083 3069 2326 3122; x_wconf 77' lang='lat' dir='ltr'><strong>dextram</strong></span> <span class='ocrx_word' id='word_1_400' title='bbox 2354 3068 2628 3137; x_wconf 77' lang='lat' dir='ltr'><strong>regionem</strong></span> <span class='ocrx_word' id='word_1_401' title='bbox 2663 3067 2718 3120; x_wconf 92' lang='lat' dir='ltr'><strong>in</strong></span> <span class='ocrx_word' id='word_1_402' title='bbox 2755 3063 2934 3119; x_wconf 80' lang='lat' dir='ltr'><strong>futuro</strong></span> <span class='ocrx_word' id='word_1_403' title='bbox 2962 3064 3170 3132; x_wconf 85' lang='lat' dir='ltr'><strong>judicio</strong></span> <span class='ocrx_word' id='word_1_404' title='bbox 3199 3065 3444 3134; x_wconf 79' lang='lat' dir='ltr'><strong>assigna-</strong></span> 
     </span>
    </p>
   </div>
   <div class='ocr_carea' id='block_1_60' title="bbox 242 3138 1797 3218">
    <p class='ocr_par' dir='ltr' id='par_1_60' title="bbox 242 3138 1797 3218">
     <span class='ocr_line' id='line_1_60' title="bbox 242 3138 1797 3218; baseline -0.005 -15"><span class='ocrx_word' id='word_1_405' title='bbox 242 3151 492 3212; x_wconf 85' lang='grc' dir='ltr'>στάσεως</span> <span class='ocrx_word' id='word_1_406' title='bbox 512 3167 525 3181; x_wconf 79' lang='grc' dir='ltr'><strong>ο</strong></span> <span class='ocrx_word' id='word_1_407' title='bbox 557 3138 649 3202; x_wconf 62' lang='grc' dir='ltr'>παὶ</span> <span class='ocrx_word' id='word_1_408' title='bbox 681 3150 884 3218; x_wconf 82' lang='grc' dir='ltr'>ἑτέρως</span> <span class='ocrx_word' id='word_1_409' title='bbox 915 3149 988 3210; x_wconf 83' lang='grc' dir='ltr'><strong>δέ,</strong></span> <span class='ocrx_word' id='word_1_410' title='bbox 1023 3147 1287 3216; x_wconf 70' lang='grc' dir='ltr'>Σηήσεται</span> <span class='ocrx_word' id='word_1_411' title='bbox 1318 3147 1381 3199; x_wconf 74' lang='grc' dir='ltr'>ἐκ</span> <span class='ocrx_word' id='word_1_412' title='bbox 1403 3145 1591 3209; x_wconf 74' lang='grc' dir='ltr'>δεξιῶν</span> <span class='ocrx_word' id='word_1_413' title='bbox 1611 3145 1797 3206; x_wconf 81' lang='grc' dir='ltr'>αὑτοῦ,</span> 
     </span>
    </p>
   </div>
   <div class='ocr_carea' id='block_1_61' title="bbox 243 3235 1800 3306">
    <p class='ocr_par' dir='ltr' id='par_1_61' title="bbox 243 3235 1800 3306">
     <span class='ocr_line' id='line_1_61' title="bbox 243 3235 1800 3306; baseline -0.004 -16"><span class='ocrx_word' id='word_1_414' title='bbox 243 3239 502 3291; x_wconf 80' lang='grc' dir='ltr'>τουτέστι</span> <span class='ocrx_word' id='word_1_415' title='bbox 537 3237 724 3303; x_wconf 77' lang='grc' dir='ltr'>δεξιὰς</span> <span class='ocrx_word' id='word_1_416' title='bbox 753 3237 978 3306; x_wconf 74' lang='grc' dir='ltr'>πράξεις</span> <span class='ocrx_word' id='word_1_417' title='bbox 1027 3235 1322 3289; x_wconf 70' lang='grc' dir='ltr'>ἀποτελῶν.</span> <span class='ocrx_word' id='word_1_418' title='bbox 1351 3235 1414 3288; x_wconf 86' lang='lat' dir='ltr'><strong>El</strong></span> <span class='ocrx_word' id='word_1_419' title='bbox 1453 3235 1509 3289; x_wconf 81' lang='grc' dir='ltr'><strong>δέ</strong></span> <span class='ocrx_word' id='word_1_420' title='bbox 1540 3236 1632 3288; x_wconf 76' lang='grc' dir='ltr'><strong>καὶ</strong></span> <span class='ocrx_word' id='word_1_421' title='bbox 1674 3235 1800 3303; x_wconf 77' lang='grc' dir='ltr'>περὶ</span> 
     </span>
    </p>
   </div>
   <div class='ocr_carea' id='block_1_62' title="bbox 257 3325 1802 3397">
    <p class='ocr_par' dir='ltr' id='par_1_62' title="bbox 257 3325 1802 3397">
     <span class='ocr_line' id='line_1_62' title="bbox 257 3325 1802 3397; baseline -0.001 -17"><span class='ocrx_word' id='word_1_422' title='bbox 257 3327 440 3394; x_wconf 88' lang='grc' dir='ltr'>Ἰησοῦ</span> <span class='ocrx_word' id='word_1_423' title='bbox 462 3327 555 3380; x_wconf 89' lang='grc' dir='ltr'><strong>τοῦ</strong></span> <span class='ocrx_word' id='word_1_424' title='bbox 587 3327 828 3397; x_wconf 80' lang='grc' dir='ltr'>μεγάλου</span> <span class='ocrx_word' id='word_1_425' title='bbox 861 3325 1162 3396; x_wconf 67' lang='grc' dir='ltr'>ἀρχιερέως</span> <span class='ocrx_word' id='word_1_426' title='bbox 1209 3326 1542 3396; x_wconf 83' lang='grc' dir='ltr'>γέγραπται,</span> <span class='ocrx_word' id='word_1_427' title='bbox 1591 3326 1670 3379; x_wconf 84' lang='grc' dir='ltr'><strong>δτι</strong></span> <span class='ocrx_word' id='word_1_428' title='bbox 1711 3329 1802 3379; x_wconf 72' lang='grc' dir='ltr'><strong>καὶ</strong></span> 
     </span>
    </p>
   </div>
   <div class='ocr_carea' id='block_1_63' title="bbox 241 3417 1804 3487">
    <p class='ocr_par' dir='ltr' id='par_1_63' title="bbox 241 3417 1804 3487">
     <span class='ocr_line' id='line_1_63' title="bbox 241 3417 1804 3487; baseline -0.005 -11"><span class='ocrx_word' id='word_1_429' title='bbox 241 3422 283 3476; x_wconf 82' lang='grc' dir='ltr'><strong>δ</strong></span> <span class='ocrx_word' id='word_1_430' title='bbox 312 3417 584 3487; x_wconf 73' lang='grc' dir='ltr'>διάϐολος</span> <span class='ocrx_word' id='word_1_431' title='bbox 630 3418 892 3487; x_wconf 65' lang='grc' dir='ltr'>εἱστήκει</span> <span class='ocrx_word' id='word_1_432' title='bbox 941 3419 1010 3474; x_wconf 78' lang='grc' dir='ltr'><strong>ἐκ</strong></span> <span class='ocrx_word' id='word_1_433' title='bbox 1040 3417 1253 3481; x_wconf 70' lang='grc' dir='ltr'>δεξιῶν</span> <span class='ocrx_word' id='word_1_434' title='bbox 1275 3417 1462 3472; x_wconf 83' lang='grc' dir='ltr'>αὐτοῦ</span> <span class='ocrx_word' id='word_1_435' title='bbox 1481 3431 1493 3444; x_wconf 86' lang='grc'><strong>·</strong></span> <span class='ocrx_word' id='word_1_436' title='bbox 1525 3418 1637 3471; x_wconf 80' lang='grc' dir='ltr'>ἀλλ’</span> <span class='ocrx_word' id='word_1_437' title='bbox 1687 3419 1804 3472; x_wconf 76' lang='grc' dir='ltr'>ἐκεῖ</span> 
     </span>
    </p>
   </div>
   <div class='ocr_carea' id='block_1_64' title="bbox 231 3509 1800 3583">
    <p class='ocr_par' dir='ltr' id='par_1_64' title="bbox 231 3509 1800 3583">
     <span class='ocr_line' id='line_1_64' title="bbox 231 3509 1800 3583; baseline 0 -19"><span class='ocrx_word' id='word_1_438' title='bbox 231 3511 543 3579; x_wconf 83' lang='grc' dir='ltr'>’πρόκειται</span> <span class='ocrx_word' id='word_1_439' title='bbox 594 3513 674 3566; x_wconf 85' lang='grc' dir='ltr'><strong>δτι</strong></span> <span class='ocrx_word' id='word_1_440' title='bbox 724 3513 816 3564; x_wconf 85' lang='grc' dir='ltr'><strong>τοῦ</strong></span> <span class='ocrx_word' id='word_1_441' title='bbox 850 3511 1167 3582; x_wconf 78' lang='grc' dir='ltr'>ἀντιστῆναι</span> <span class='ocrx_word' id='word_1_442' title='bbox 1213 3511 1358 3581; x_wconf 80' lang='grc' dir='ltr'><strong>αὑτῷ</strong></span> <span class='ocrx_word' id='word_1_443' title='bbox 1391 3529 1406 3543; x_wconf 75' lang='grc' dir='ltr'><strong>ο</strong></span> <span class='ocrx_word' id='word_1_444' title='bbox 1433 3510 1560 3583; x_wconf 78' lang='grc' dir='ltr'>ἔστη</span> <span class='ocrx_word' id='word_1_445' title='bbox 1606 3509 1713 3582; x_wconf 83' lang='grc' dir='ltr'>γὰρ</span> <span class='ocrx_word' id='word_1_446' title='bbox 1736 3511 1800 3564; x_wconf 81' lang='grc' dir='ltr'>ἐκ</span> 
     </span>
    </p>
   </div>
   <div class='ocr_carea' id='block_1_65' title="bbox 245 3599 1798 3673">
    <p class='ocr_par' dir='ltr' id='par_1_65' title="bbox 245 3599 1798 3673">
     <span class='ocr_line' id='line_1_65' title="bbox 245 3599 1798 3673; baseline 0.001 -20"><span class='ocrx_word' id='word_1_447' title='bbox 245 3600 367 3653; x_wconf 85' lang='grc' dir='ltr'><strong>τῶν</strong></span> <span class='ocrx_word' id='word_1_448' title='bbox 413 3599 604 3664; x_wconf 79' lang='grc' dir='ltr'>δεξιῶν</span> <span class='ocrx_word' id='word_1_449' title='bbox 670 3599 834 3654; x_wconf 79' lang='grc' dir='ltr'>αὐτοῦ</span> <span class='ocrx_word' id='word_1_450' title='bbox 895 3604 1203 3673; x_wconf 78' lang='grc' dir='ltr'>μαχόμενος</span> <span class='ocrx_word' id='word_1_451' title='bbox 1250 3601 1369 3664; x_wconf 73' lang='grc' dir='ltr'>ταῖς</span> <span class='ocrx_word' id='word_1_452' title='bbox 1407 3601 1605 3667; x_wconf 76' lang='grc' dir='ltr'>δεξιαῖς</span> <span class='ocrx_word' id='word_1_453' title='bbox 1636 3600 1798 3654; x_wconf 83' lang='grc' dir='ltr'>αὐτοῦ</span> 
     </span>
    </p>
   </div>
   <div class='ocr_carea' id='block_1_66' title="bbox 249 3690 538 3760">
    <p class='ocr_par' dir='ltr' id='par_1_66' title="bbox 249 3690 538 3760">
     <span class='ocr_line' id='line_1_66' title="bbox 249 3690 538 3760; baseline 0.01 -18"><span class='ocrx_word' id='word_1_454' title='bbox 249 3690 538 3760; x_wconf 79' lang='grc' dir='ltr'>πράξεσιν.</span> 
     </span>
    </p>
   </div>
   <div class='ocr_carea' id='block_1_67' title="bbox 329 3871 1799 3941">
    <p class='ocr_par' dir='ltr' id='par_1_67' title="bbox 329 3871 1799 3941">
     <span class='ocr_line' id='line_1_67' title="bbox 329 3871 1799 3941; baseline 0.003 -14"><span class='ocrx_word' id='word_1_455' title='bbox 329 3873 432 3927; x_wconf 84' lang='grc' dir='ltr'>Ἐν</span> <span class='ocrx_word' id='word_1_456' title='bbox 458 3871 536 3939; x_wconf 82' lang='grc' dir='ltr'>τῷ</span> <span class='ocrx_word' id='word_1_457' title='bbox 571 3873 876 3941; x_wconf 74' lang='grc' dir='ltr'>κρίνεσθαι</span> <span class='ocrx_word' id='word_1_458' title='bbox 927 3873 1131 3941; x_wconf 79' lang='grc' dir='ltr'>αὐτὸν,</span> <span class='ocrx_word' id='word_1_459' title='bbox 1159 3875 1392 3939; x_wconf 74' lang='grc' dir='ltr'><strong>ἐξέλθοι</strong></span> <span class='ocrx_word' id='word_1_460' title='bbox 1416 3875 1799 3931; x_wconf 80' lang='grc' dir='ltr'>καταδεδικα-</span> 
     </span>
    </p>
   </div>
   <div class='ocr_carea' id='block_1_68' title="bbox 245 3966 1798 4042">
    <p class='ocr_par' dir='ltr' id='par_1_68' title="bbox 245 3966 1798 4042">
     <span class='ocr_line' id='line_1_68' title="bbox 245 3966 1798 4042; baseline 0.001 -22"><span class='ocrx_word' id='word_1_461' title='bbox 245 3966 494 4032; x_wconf 79' lang='grc' dir='ltr'>σμένος.</span> <span class='ocrx_word' id='word_1_462' title='bbox 533 3967 663 4042; x_wconf 58' lang='grc' dir='ltr'><strong>χἸζν</strong></span> <span class='ocrx_word' id='word_1_463' title='bbox 709 3966 787 4036; x_wconf 81' lang='grc' dir='ltr'><strong>τῷ</strong></span> <span class='ocrx_word' id='word_1_464' title='bbox 837 3967 1119 4036; x_wconf 82' lang='grc' dir='ltr'>κρίνεσθαι</span> <span class='ocrx_word' id='word_1_465' title='bbox 1171 3967 1333 4020; x_wconf 81' lang='grc' dir='ltr'>αὐτὸν</span> <span class='ocrx_word' id='word_1_466' title='bbox 1388 3966 1493 4020; x_wconf 70' lang='grc' dir='ltr'>ὑπὸ</span> <span class='ocrx_word' id='word_1_467' title='bbox 1521 3967 1616 4020; x_wconf 89' lang='grc' dir='ltr'><strong>τοῦ</strong></span> <span class='ocrx_word' id='word_1_468' title='bbox 1670 3967 1798 4022; x_wconf 88' lang='grc' dir='ltr'>ίδίου</span> 
     </span>
    </p>
   </div>
   <div class='ocr_carea' id='block_1_69' title="bbox 252 4057 1799 4130">
    <p class='ocr_par' dir='ltr' id='par_1_69' title="bbox 252 4057 1799 4130">
     <span class='ocr_line' id='line_1_69' title="bbox 252 4057 1799 4130; baseline 0.004 -22"><span class='ocrx_word' id='word_1_469' title='bbox 252 4057 576 4122; x_wconf 73' lang='grc' dir='ltr'>συνειδότος,</span> <span class='ocrx_word' id='word_1_470' title='bbox 615 4057 962 4121; x_wconf 69' lang='grc' dir='ltr'>ἐξελεύσεται</span> <span class='ocrx_word' id='word_1_471' title='bbox 1013 4059 1119 4113; x_wconf 78' lang='grc' dir='ltr'><strong>άπὸ</strong></span> <span class='ocrx_word' id='word_1_472' title='bbox 1174 4059 1265 4114; x_wconf 88' lang='grc' dir='ltr'><strong>τοῦ</strong></span> <span class='ocrx_word' id='word_1_473' title='bbox 1322 4059 1594 4130; x_wconf 74' lang='grc' dir='ltr'>συνεδρίου</span> <span class='ocrx_word' id='word_1_474' title='bbox 1633 4077 1799 4114; x_wconf 81' lang='grc' dir='ltr'>κατα-</span> 
     </span>
    </p>
   </div>
   <div class='ocr_carea' id='block_1_70' title="bbox 249 4149 1800 4224">
    <p class='ocr_par' dir='ltr' id='par_1_70' title="bbox 249 4149 1800 4224">
     <span class='ocr_line' id='line_1_70' title="bbox 249 4149 1800 4224; baseline 0.006 -25"><span class='ocrx_word' id='word_1_475' title='bbox 249 4149 579 4217; x_wconf 80' lang='grc' dir='ltr'>κεκριμένος</span> <span class='ocrx_word' id='word_1_476' title='bbox 602 4165 618 4182; x_wconf 72' lang='grc' dir='ltr'><strong>ο</strong></span> <span class='ocrx_word' id='word_1_477' title='bbox 659 4151 752 4204; x_wconf 80' lang='grc' dir='ltr'><strong>καὶ</strong></span> <span class='ocrx_word' id='word_1_478' title='bbox 786 4155 1223 4222; x_wconf 73' lang='grc' dir='ltr'>Μεταμεληθείς</span> <span class='ocrx_word' id='word_1_479' title='bbox 1261 4153 1389 4224; x_wconf 74' lang='grc' dir='ltr'>γάρ,</span> <span class='ocrx_word' id='word_1_480' title='bbox 1425 4155 1607 4222; x_wconf 80' lang='grc' dir='ltr'>φησὶν,</span> <span class='ocrx_word' id='word_1_481' title='bbox 1657 4155 1800 4210; x_wconf 74' lang='grc' dir='ltr'><strong>ἀπέ-</strong></span> 
     </span>
    </p>
   </div>
   <div class='ocr_carea' id='block_1_71' title="bbox 249 4236 1799 4314">
    <p class='ocr_par' dir='ltr' id='par_1_71' title="bbox 249 4236 1799 4314">
     <span class='ocr_line' id='line_1_71' title="bbox 249 4236 1799 4314; baseline 0.006 -23"><span class='ocrx_word' id='word_1_482' title='bbox 249 4243 479 4308; x_wconf 69' lang='grc' dir='ltr'>στρεψε</span> <span class='ocrx_word' id='word_1_483' title='bbox 526 4241 597 4296; x_wconf 79' lang='grc' dir='ltr'>τὰ</span> <span class='ocrx_word' id='word_1_484' title='bbox 653 4243 964 4310; x_wconf 69' lang='grc' dir='ltr'>τριάκοντα</span> <span class='ocrx_word' id='word_1_485' title='bbox 1025 4245 1272 4312; x_wconf 72' lang='grc' dir='ltr'>ἀργύρια</span> <span class='ocrx_word' id='word_1_486' title='bbox 1308 4244 1432 4308; x_wconf 80' lang='grc' dir='ltr'>τοῖς</span> <span class='ocrx_word' id='word_1_487' title='bbox 1462 4236 1799 4314; x_wconf 58' lang='grc' dir='ltr'>ἀρχιερεῦσι</span> 
     </span>
    </p>
   </div>
   <div class='ocr_carea' id='block_1_72' title="bbox 249 4329 1798 4403">
    <p class='ocr_par' dir='ltr' id='par_1_72' title="bbox 249 4329 1798 4403">
     <span class='ocr_line' id='line_1_72' title="bbox 249 4329 1798 4403; baseline 0.005 -20"><span class='ocrx_word' id='word_1_488' title='bbox 249 4329 482 4392; x_wconf 72' lang='grc' dir='ltr'>καὶτοῖς</span> <span class='ocrx_word' id='word_1_489' title='bbox 513 4332 922 4402; x_wconf 65' lang='grc' dir='ltr'>πρεσϐυτέροις,</span> <span class='ocrx_word' id='word_1_490' title='bbox 955 4333 1152 4400; x_wconf 71' lang='grc' dir='ltr'>λέγων*</span> <span class='ocrx_word' id='word_1_491' title='bbox 1185 4334 1477 4403; x_wconf 72' lang='grc' dir='ltr'>Ἥμαρτον</span> <span class='ocrx_word' id='word_1_492' title='bbox 1495 4336 1798 4403; x_wconf 71' lang='grc' dir='ltr'>παραδοὺς</span> 
     </span>
    </p>
   </div>
   <div class='ocr_carea' id='block_1_73' title="bbox 1907 3154 3556 3224">
    <p class='ocr_par' dir='ltr' id='par_1_73' title="bbox 1907 3154 3556 3224">
     <span class='ocr_line' id='line_1_73' title="bbox 1907 3154 3556 3224; baseline -0.005 -10"><span class='ocrx_word' id='word_1_493' title='bbox 1907 3161 1996 3214; x_wconf 75' lang='lat' dir='ltr'><strong>vit.</strong></span> <span class='ocrx_word' id='word_1_494' title='bbox 2028 3160 2091 3212; x_wconf 79' lang='lat' dir='ltr'><strong>Et</strong></span> <span class='ocrx_word' id='word_1_495' title='bbox 2117 3158 2313 3213; x_wconf 81' lang='lat' dir='ltr'><strong>aliter:</strong></span> <span class='ocrx_word' id='word_1_496' title='bbox 2348 3157 2604 3212; x_wconf 89' lang='lat' dir='ltr'><strong>Diabolus</strong></span> <span class='ocrx_word' id='word_1_497' title='bbox 2660 3156 2825 3210; x_wconf 85' lang='lat' dir='ltr'><strong>stabit</strong></span> <span class='ocrx_word' id='word_1_498' title='bbox 2850 3170 2877 3209; x_wconf 87' lang='lat' dir='ltr'><strong>a</strong></span> <span class='ocrx_word' id='word_1_499' title='bbox 2908 3155 3114 3210; x_wconf 80' lang='lat' dir='ltr'><strong>dextris</strong></span> <span class='ocrx_word' id='word_1_500' title='bbox 3144 3154 3279 3220; x_wconf 85' lang='lat' dir='ltr'><strong>ejus,</strong></span> <span class='ocrx_word' id='word_1_501' title='bbox 3315 3154 3446 3206; x_wconf 83' lang='lat' dir='ltr'><strong>dex-</strong></span> <span class='ocrx_word' id='word_1_502' title='bbox 3533 3197 3556 3224; x_wconf 68' lang='grc'><strong>,</strong></span> 
     </span>
    </p>
   </div>
   <div class='ocr_carea' id='block_1_74' title="bbox 1905 3231 3448 3320">
    <p class='ocr_par' dir='ltr' id='par_1_74' title="bbox 1905 3231 3448 3320">
     <span class='ocr_line' id='line_1_74' title="bbox 1905 3231 3448 3320; baseline -0.004 -17"><span class='ocrx_word' id='word_1_503' title='bbox 1905 3264 2014 3306; x_wconf 86' lang='lat' dir='ltr'><strong>tras</strong></span> <span class='ocrx_word' id='word_1_504' title='bbox 2045 3252 2188 3305; x_wconf 89' lang='lat' dir='ltr'><strong>illius</strong></span> <span class='ocrx_word' id='word_1_505' title='bbox 2217 3250 2562 3320; x_wconf 90' lang='lat' dir='ltr'><strong>operationes</strong></span> <span class='ocrx_word' id='word_1_506' title='bbox 2611 3249 2851 3318; x_wconf 79' lang='lat' dir='ltr'><strong>rapiens.</strong></span> <span class='ocrx_word' id='word_1_507' title='bbox 2904 3247 3057 3313; x_wconf 86' lang='lat' dir='ltr'><strong>Quod</strong></span> <span class='ocrx_word' id='word_1_508' title='bbox 3091 3246 3136 3301; x_wconf 89' lang='lat' dir='ltr'><strong>si</strong></span> <span class='ocrx_word' id='word_1_509' title='bbox 3184 3245 3322 3315; x_wconf 86' lang='lat' dir='ltr'><strong>apud</strong></span> <span class='ocrx_word' id='word_1_510' title='bbox 3348 3231 3448 3298; x_wconf 56' lang='lat' dir='ltr'><strong>zs.</strong></span> 
     </span>
    </p>
   </div>
   <div class='ocr_carea' id='block_1_75' title="bbox 1903 3336 3445 3412">
    <p class='ocr_par' dir='ltr' id='par_1_75' title="bbox 1903 3336 3445 3412">
     <span class='ocr_line' id='line_1_75' title="bbox 1903 3336 3445 3412; baseline -0.004 -16"><span class='ocrx_word' id='word_1_511' title='bbox 1903 3343 2141 3397; x_wconf 37' lang='lat' dir='ltr'><strong>chari‘am</strong></span> <span class='ocrx_word' id='word_1_512' title='bbox 2223 3342 2540 3412; x_wconf 83' lang='lat' dir='ltr'><strong>prOphetam</strong></span> <span class='ocrx_word' id='word_1_513' title='bbox 2586 3341 2846 3410; x_wconf 91' lang='lat' dir='ltr'><strong>scriptum</strong></span> <span class='ocrx_word' id='word_1_514' title='bbox 2913 3340 3142 3409; x_wconf 80' lang='lat' dir='ltr'><strong>legimus</strong></span> <span class='ocrx_word' id='word_1_515' title='bbox 3195 3337 3262 3392; x_wconf 87' lang='lat' dir='ltr'><strong>de</strong></span> <span class='ocrx_word' id='word_1_516' title='bbox 3320 3336 3445 3392; x_wconf 81' lang='lat' dir='ltr'><strong>Jesu</strong></span> 
     </span>
    </p>
   </div>
   <div class='ocr_carea' id='block_1_76' title="bbox 1901 3425 3446 3503">
    <p class='ocr_par' dir='ltr' id='par_1_76' title="bbox 1901 3425 3446 3503">
     <span class='ocr_line' id='line_1_76' title="bbox 1901 3425 3446 3503; baseline -0.006 -16"><span class='ocrx_word' id='word_1_517' title='bbox 1901 3433 2093 3503; x_wconf 78' lang='lat' dir='ltr'><strong>Magno</strong></span> <span class='ocrx_word' id='word_1_518' title='bbox 2154 3431 2430 3501; x_wconf 74' lang='lat' dir='ltr'><strong>pontiﬁce,</strong></span> <span class='ocrx_word' id='word_1_519' title='bbox 2485 3431 2629 3499; x_wconf 86' lang='lat' dir='ltr'><strong>quod</strong></span> <span class='ocrx_word' id='word_1_520' title='bbox 2691 3429 2929 3483; x_wconf 82' lang='lat' dir='ltr'><strong>diabolus</strong></span> <span class='ocrx_word' id='word_1_521' title='bbox 2982 3430 3184 3482; x_wconf 80' lang='lat' dir='ltr'><strong>steterit</strong></span> <span class='ocrx_word' id='word_1_522' title='bbox 3236 3445 3267 3480; x_wconf 89' lang='lat' dir='ltr'><strong>a</strong></span> <span class='ocrx_word' id='word_1_523' title='bbox 3315 3425 3446 3479; x_wconf 76' lang='lat' dir='ltr'><strong>des:-</strong></span> 
     </span>
    </p>
   </div>
   <div class='ocr_carea' id='block_1_77' title="bbox 1870 3513 3447 3589">
    <p class='ocr_par' dir='ltr' id='par_1_77' title="bbox 1870 3513 3447 3589">
     <span class='ocr_line' id='line_1_77' title="bbox 1870 3513 3447 3589; baseline -0.007 -13"><span class='ocrx_word' id='word_1_524' title='bbox 1870 3521 1998 3576; x_wconf 59' lang='lat' dir='ltr'><strong>‘tris</strong></span> <span class='ocrx_word' id='word_1_525' title='bbox 2028 3519 2138 3589; x_wconf 85' lang='lat' dir='ltr'><strong>ejus</strong></span> <span class='ocrx_word' id='word_1_526' title='bbox 2171 3519 2238 3587; x_wconf 82' lang='grc'><strong>’³,</strong></span> <span class='ocrx_word' id='word_1_527' title='bbox 2269 3516 2812 3574; x_wconf 78' lang='lat' dir='ltr'><strong>animadvertendum</strong></span> <span class='ocrx_word' id='word_1_528' title='bbox 2857 3525 2961 3579; x_wconf 85' lang='lat' dir='ltr'><strong>est,</strong></span> <span class='ocrx_word' id='word_1_529' title='bbox 2996 3515 3107 3572; x_wconf 90' lang='lat' dir='ltr'><strong>illic</strong></span> <span class='ocrx_word' id='word_1_530' title='bbox 3155 3513 3276 3570; x_wconf 90' lang='lat' dir='ltr'><strong>addi</strong></span> <span class='ocrx_word' id='word_1_531' title='bbox 3314 3529 3447 3567; x_wconf 84' lang='lat' dir='ltr'><strong>cau-</strong></span> 
     </span>
    </p>
   </div>
   <div class='ocr_carea' id='block_1_78' title="bbox 1898 3608 3458 3676">
    <p class='ocr_par' dir='ltr' id='par_1_78' title="bbox 1898 3608 3458 3676">
     <span class='ocr_line' id='line_1_78' title="bbox 1898 3608 3458 3676; baseline -0.006 -8"><span class='ocrx_word' id='word_1_532' title='bbox 1898 3628 2036 3676; x_wconf 86' lang='lat' dir='ltr'><strong>sam,</strong></span> <span class='ocrx_word' id='word_1_533' title='bbox 2087 3620 2146 3667; x_wconf 89' lang='lat' dir='ltr'><strong>ut</strong></span> <span class='ocrx_word' id='word_1_534' title='bbox 2199 3613 2579 3668; x_wconf 80' lang='lat' dir='ltr'><strong>adversaretur</strong></span> <span class='ocrx_word' id='word_1_535' title='bbox 2633 3611 2711 3666; x_wconf 90' lang='lat' dir='ltr'><strong>ei.</strong></span> <span class='ocrx_word' id='word_1_536' title='bbox 2768 3610 2926 3664; x_wconf 86' lang='lat' dir='ltr'><strong>Stetit</strong></span> <span class='ocrx_word' id='word_1_537' title='bbox 2984 3611 3124 3663; x_wconf 90' lang='lat' dir='ltr'><strong>enim</strong></span> <span class='ocrx_word' id='word_1_538' title='bbox 3171 3625 3200 3662; x_wconf 92' lang='lat' dir='ltr'><strong>a</strong></span> <span class='ocrx_word' id='word_1_539' title='bbox 3245 3608 3458 3662; x_wconf 53' lang='lat' dir='ltr'><strong>dextris</strong></span> 
     </span>
    </p>
   </div>
   <div class='ocr_carea' id='block_1_79' title="bbox 1899 3697 3447 3772">
    <p class='ocr_par' dir='ltr' id='par_1_79' title="bbox 1899 3697 3447 3772">
     <span class='ocr_line' id='line_1_79' title="bbox 1899 3697 3447 3772; baseline -0.005 -14"><span class='ocrx_word' id='word_1_540' title='bbox 1899 3701 2021 3772; x_wconf 84' lang='lat' dir='ltr'><strong>ejus</strong></span> <span class='ocrx_word' id='word_1_541' title='bbox 2045 3741 2061 3765; x_wconf 86' lang='lat'><strong>.</strong></span> <span class='ocrx_word' id='word_1_542' title='bbox 2105 3711 2164 3757; x_wconf 88' lang='lat' dir='ltr'><strong>ut</strong></span> <span class='ocrx_word' id='word_1_543' title='bbox 2200 3702 2363 3767; x_wconf 89' lang='lat' dir='ltr'><strong>bona,</strong></span> <span class='ocrx_word' id='word_1_544' title='bbox 2396 3716 2459 3758; x_wconf 85' lang='lat' dir='ltr'><strong>ac</strong></span> <span class='ocrx_word' id='word_1_545' title='bbox 2505 3701 2724 3756; x_wconf 82' lang='lat' dir='ltr'><strong>dextera</strong></span> <span class='ocrx_word' id='word_1_546' title='bbox 2777 3699 2922 3754; x_wconf 87' lang='lat' dir='ltr'><strong>illius</strong></span> <span class='ocrx_word' id='word_1_547' title='bbox 2969 3714 3130 3769; x_wconf 83' lang='lat' dir='ltr'><strong>Opera</strong></span> <span class='ocrx_word' id='word_1_548' title='bbox 3166 3697 3447 3768; x_wconf 78' lang='lat' dir='ltr'><strong>impugna-</strong></span> 
     </span>
    </p>
   </div>
   <div class='ocr_carea' id='block_1_80' title="bbox 1901 3804 2005 3849">
    <p class='ocr_par' dir='ltr' id='par_1_80' title="bbox 1901 3804 2005 3849">
     <span class='ocr_line' id='line_1_80' title="bbox 1901 3804 2005 3849; baseline 0.029 -3"><span class='ocrx_word' id='word_1_549' title='bbox 1901 3804 2005 3849; x_wconf 85' lang='lat' dir='ltr'><strong>ret.</strong></span> 
     </span>
    </p>
   </div>
   <div class='ocr_carea' id='block_1_81' title="bbox 1969 3879 3444 3952">
    <p class='ocr_par' dir='ltr' id='par_1_81' title="bbox 1969 3879 3444 3952">
     <span class='ocr_line' id='line_1_81' title="bbox 1969 3879 3444 3952; baseline -0.007 -14"><span class='ocrx_word' id='word_1_550' title='bbox 1969 3884 2134 3940; x_wconf 81' lang='lat' dir='ltr'><strong>Vens.</strong></span> <span class='ocrx_word' id='word_1_551' title='bbox 2165 3884 2216 3938; x_wconf 90' lang='lat' dir='ltr'><strong>&#39;l.</strong></span> <span class='ocrx_word' id='word_1_552' title='bbox 2253 3885 2382 3938; x_wconf 84' lang='lat' dir='ltr'><strong>Cum</strong></span> <span class='ocrx_word' id='word_1_553' title='bbox 2399 3882 2688 3952; x_wconf 87' lang='lat' dir='ltr'><strong>judicetur,</strong></span> <span class='ocrx_word' id='word_1_554' title='bbox 2715 3889 2866 3936; x_wconf 67' lang='lat' dir='ltr'><strong>exeat</strong></span> <span class='ocrx_word' id='word_1_555' title='bbox 2891 3879 3280 3935; x_wconf 79' lang='lat' dir='ltr'><strong>condemnatus.</strong></span> <span class='ocrx_word' id='word_1_556' title='bbox 3309 3879 3444 3933; x_wconf 83' lang='lat' dir='ltr'><strong>Cum</strong></span> 
     </span>
    </p>
   </div>
   <div class='ocr_carea' id='block_1_82' title="bbox 1905 3968 3448 4046">
    <p class='ocr_par' dir='ltr' id='par_1_82' title="bbox 1905 3968 3448 4046">
     <span class='ocr_line' id='line_1_82' title="bbox 1905 3968 3448 4046; baseline -0.007 -14"><span class='ocrx_word' id='word_1_557' title='bbox 1905 3992 1935 4032; x_wconf 89' lang='lat' dir='ltr'><strong>a</strong></span> <span class='ocrx_word' id='word_1_558' title='bbox 1961 3993 2144 4034; x_wconf 88' lang='lat' dir='ltr'><strong>morsu</strong></span> <span class='ocrx_word' id='word_1_559' title='bbox 2197 3975 2429 4046; x_wconf 61' lang='lat' dir='ltr'><strong>proprias</strong></span> <span class='ocrx_word' id='word_1_560' title='bbox 2463 3973 2810 4030; x_wconf 70' lang='lat' dir='ltr'><strong>conscientia:</strong></span> <span class='ocrx_word' id='word_1_561' title='bbox 2841 3970 3234 4026; x_wconf 85' lang='lat' dir='ltr'><strong>condemnatus</strong></span> <span class='ocrx_word' id='word_1_562' title='bbox 3266 3968 3448 4029; x_wconf 81' lang='lat' dir='ltr'><strong>fuerit.</strong></span> 
     </span>
    </p>
   </div>
   <div class='ocr_carea' id='block_1_83' title="bbox 1897 4058 3450 4126">
    <p class='ocr_par' dir='ltr' id='par_1_83' title="bbox 1897 4058 3450 4126">
     <span class='ocr_line' id='line_1_83' title="bbox 1897 4058 3450 4126; baseline -0.01 0"><span class='ocrx_word' id='word_1_563' title='bbox 1897 4072 2069 4126; x_wconf 88' lang='lat' dir='ltr'><strong>exibit</strong></span> <span class='ocrx_word' id='word_1_564' title='bbox 2103 4069 2168 4126; x_wconf 85' lang='lat' dir='ltr'><strong>do</strong></span> <span class='ocrx_word' id='word_1_565' title='bbox 2196 4066 2500 4121; x_wconf 73' lang='lat' dir='ltr'><strong>Iudaeorum</strong></span> <span class='ocrx_word' id='word_1_566' title='bbox 2533 4063 2768 4119; x_wconf 88' lang='lat' dir='ltr'><strong>concilio</strong></span> <span class='ocrx_word' id='word_1_567' title='bbox 2793 4063 3176 4118; x_wconf 85' lang='lat' dir='ltr'><strong>condemnatus</strong></span> <span class='ocrx_word' id='word_1_568' title='bbox 3218 4078 3232 4114; x_wconf 90' lang='lat'><strong>:</strong></span> <span class='ocrx_word' id='word_1_569' title='bbox 3276 4058 3450 4113; x_wconf 71' lang='lat' dir='ltr'><strong>Pani-</strong></span> 
     </span>
    </p>
   </div>
   <div class='ocr_carea' id='block_1_84' title="bbox 1903 4142 3450 4224">
    <p class='ocr_par' dir='ltr' id='par_1_84' title="bbox 1903 4142 3450 4224">
     <span class='ocr_line' id='line_1_84' title="bbox 1903 4142 3450 4224; baseline -0.007 -8"><span class='ocrx_word' id='word_1_570' title='bbox 1903 4163 2064 4217; x_wconf 87' lang='lat' dir='ltr'><strong>tentia</strong></span> <span class='ocrx_word' id='word_1_571' title='bbox 2094 4162 2236 4217; x_wconf 87' lang='lat' dir='ltr'><strong>enim</strong></span> <span class='ocrx_word' id='word_1_572' title='bbox 2261 4142 2444 4213; x_wconf 83' lang='lat' dir='ltr'><strong>ductus</strong></span> <span class='ocrx_word' id='word_1_573' title='bbox 2508 4156 2686 4211; x_wconf 83' lang='lat' dir='ltr'><strong>retulit</strong></span> <span class='ocrx_word' id='word_1_574' title='bbox 2737 4155 2950 4224; x_wconf 82' lang='lat' dir='ltr'><strong>triginta</strong></span> <span class='ocrx_word' id='word_1_575' title='bbox 2991 4163 3259 4223; x_wconf 81' lang='lat' dir='ltr'><strong>argenteos</strong></span> <span class='ocrx_word' id='word_1_576' title='bbox 3306 4151 3450 4222; x_wconf 72' lang='lat' dir='ltr'><strong>prin-</strong></span> 
     </span>
    </p>
   </div>
   <div class='ocr_carea' id='block_1_85' title="bbox 1899 4245 3449 4322">
    <p class='ocr_par' dir='ltr' id='par_1_85' title="bbox 1899 4245 3449 4322">
     <span class='ocr_line' id='line_1_85' title="bbox 1899 4245 3449 4322; baseline -0.007 -14"><span class='ocrx_word' id='word_1_577' title='bbox 1899 4255 2094 4322; x_wconf 83' lang='lat' dir='ltr'><strong>cipibus</strong></span> <span class='ocrx_word' id='word_1_578' title='bbox 2113 4254 2462 4314; x_wconf 78' lang='lat' dir='ltr'><strong>sacerdotum,</strong></span> <span class='ocrx_word' id='word_1_579' title='bbox 2501 4257 2554 4304; x_wconf 85' lang='lat' dir='ltr'><strong>et</strong></span> <span class='ocrx_word' id='word_1_580' title='bbox 2581 4247 2910 4309; x_wconf 82' lang='lat' dir='ltr'><strong>senioribus,</strong></span> <span class='ocrx_word' id='word_1_581' title='bbox 2947 4245 3134 4301; x_wconf 87' lang='lat' dir='ltr'><strong>dicens</strong></span> <span class='ocrx_word' id='word_1_582' title='bbox 3176 4263 3191 4299; x_wconf 89' lang='lat'><strong>:</strong></span> <span class='ocrx_word' id='word_1_583' title='bbox 3232 4245 3449 4302; x_wconf 70' lang='lat' dir='ltr'><strong>Peccavi</strong></span> 
     </span>
    </p>
   </div>
   <div class='ocr_carea' id='block_1_86' title="bbox 1901 4330 3448 4411">
    <p class='ocr_par' dir='ltr' id='par_1_86' title="bbox 1901 4330 3448 4411">
     <span class='ocr_line' id='line_1_86' title="bbox 1901 4330 3448 4411; baseline -0.008 -12"><span class='ocrx_word' id='word_1_584' title='bbox 1901 4344 2110 4398; x_wconf 86' lang='lat' dir='ltr'><strong>tradens</strong></span> <span class='ocrx_word' id='word_1_585' title='bbox 2143 4343 2448 4411; x_wconf 85' lang='lat' dir='ltr'><strong>sanguinem</strong></span> <span class='ocrx_word' id='word_1_586' title='bbox 2482 4341 2829 4393; x_wconf 84' lang='lat' dir='ltr'><strong>innocentem.</strong></span> <span class='ocrx_word' id='word_1_587' title='bbox 2861 4336 2950 4390; x_wconf 80' lang='grc' dir='ltr'><strong><em>11ιὶ</em></strong></span> <span class='ocrx_word' id='word_1_588' title='bbox 2975 4349 3147 4390; x_wconf 83' lang='lat' dir='ltr'><strong>autent</strong></span> <span class='ocrx_word' id='word_1_589' title='bbox 3179 4330 3448 4399; x_wconf 74' lang='lat' dir='ltr'><strong>dixerunt,</strong></span> 
     </span>
    </p>
   </div>
   <div class='ocr_carea' id='block_1_87' title="bbox 249 4418 1797 4499">
    <p class='ocr_par' dir='ltr' id='par_1_87' title="bbox 249 4418 1797 4496">
     <span class='ocr_line' id='line_1_87' title="bbox 249 4418 1797 4496; baseline 0.007 -24"><span class='ocrx_word' id='word_1_590' title='bbox 249 4418 397 4490; x_wconf 74' lang='grc' dir='ltr'>αἷμα</span> <span class='ocrx_word' id='word_1_591' title='bbox 440 4421 652 4477; x_wconf 78' lang='grc' dir='ltr'>ἀθῶον.</span> <span class='ocrx_word' id='word_1_592' title='bbox 709 4427 773 4478; x_wconf 78' lang='grc' dir='ltr'><strong>Οἱ</strong></span> <span class='ocrx_word' id='word_1_593' title='bbox 818 4423 888 4477; x_wconf 72' lang='grc' dir='ltr'>δὲ</span> <span class='ocrx_word' id='word_1_594' title='bbox 939 4420 1109 4478; x_wconf 71' lang='grc' dir='ltr'>εἶπον</span> <span class='ocrx_word' id='word_1_595' title='bbox 1135 4441 1150 4456; x_wconf 74' lang='grc' dir='ltr'><strong>ο</strong></span> <span class='ocrx_word' id='word_1_596' title='bbox 1185 4426 1245 4478; x_wconf 82' lang='grc' dir='ltr'>Τί</span> <span class='ocrx_word' id='word_1_597' title='bbox 1276 4427 1426 4494; x_wconf 76' lang='grc' dir='ltr'>πρὸς</span> <span class='ocrx_word' id='word_1_598' title='bbox 1472 4424 1670 4496; x_wconf 59' lang='lat' dir='ltr'><strong>mide;</strong></span> <span class='ocrx_word' id='word_1_599' title='bbox 1716 4429 1797 4483; x_wconf 86' lang='grc' dir='ltr'>σὺ</span> 
     </span>
    </p>
   </div>
   <div class='ocr_carea' id='block_1_88' title="bbox 1897 4418 3453 4499">
    <p class='ocr_par' dir='ltr' id='par_1_88' title="bbox 1906 4424 3453 4499">
     <span class='ocr_line' id='line_1_88' title="bbox 1906 4424 3453 4499; baseline -0.005 -13"><span class='ocrx_word' id='word_1_600' title='bbox 1906 4433 2044 4499; x_wconf 81' lang='lat' dir='ltr'><strong>Quid</strong></span> <span class='ocrx_word' id='word_1_601' title='bbox 2064 4431 2131 4485; x_wconf 86' lang='lat' dir='ltr'><strong>ad</strong></span> <span class='ocrx_word' id='word_1_602' title='bbox 2152 4431 2280 4485; x_wconf 86' lang='lat' dir='ltr'><strong>nos?</strong></span> <span class='ocrx_word' id='word_1_603' title='bbox 2314 4439 2367 4482; x_wconf 74' lang='lat' dir='ltr'><strong>tu</strong></span> <span class='ocrx_word' id='word_1_604' title='bbox 2386 4428 2577 4484; x_wconf 83' lang='lat' dir='ltr'><strong>videbis</strong></span> <span class='ocrx_word' id='word_1_605' title='bbox 2596 4427 2663 4482; x_wconf 71' lang='lat'><strong>&quot;.</strong></span> <span class='ocrx_word' id='word_1_606' title='bbox 2692 4428 2735 4481; x_wconf 83' lang='lat' dir='ltr'><strong>A</strong></span> <span class='ocrx_word' id='word_1_607' title='bbox 2762 4427 2943 4494; x_wconf 87' lang='lat' dir='ltr'><strong>seipso</strong></span> <span class='ocrx_word' id='word_1_608' title='bbox 2983 4425 3163 4493; x_wconf 84' lang='lat' dir='ltr'><strong>itaque</strong></span> <span class='ocrx_word' id='word_1_609' title='bbox 3196 4432 3356 4493; x_wconf 88' lang='lat' dir='ltr'><strong>atque</strong></span> <span class='ocrx_word' id='word_1_610' title='bbox 3385 4424 3453 4478; x_wconf 88' lang='lat' dir='ltr'><strong>ab</strong></span> 
     </span>
    </p>
   </div>
   <div class='ocr_carea' id='block_1_89' title="bbox 252 4513 1796 4587">
    <p class='ocr_par' dir='ltr' id='par_1_89' title="bbox 252 4513 1796 4587">
     <span class='ocr_line' id='line_1_89' title="bbox 252 4513 1796 4587; baseline 0.005 -22"><span class='ocrx_word' id='word_1_611' title='bbox 252 4515 392 4582; x_wconf 67' lang='grc' dir='ltr'>ὄψει</span> <span class='ocrx_word' id='word_1_612' title='bbox 415 4530 429 4543; x_wconf 73' lang='grc'><strong><em>⁸</em></strong></span> <span class='ocrx_word' id='word_1_613' title='bbox 452 4513 542 4584; x_wconf 79' lang='grc' dir='ltr'><strong>ὑφ’</strong></span> <span class='ocrx_word' id='word_1_614' title='bbox 569 4513 765 4568; x_wconf 79' lang='grc' dir='ltr'>ἐαυτοῦ</span> <span class='ocrx_word' id='word_1_615' title='bbox 809 4516 920 4586; x_wconf 85' lang='grc' dir='ltr'>γὰρ</span> <span class='ocrx_word' id='word_1_616' title='bbox 951 4515 1269 4587; x_wconf 74' lang='grc' dir='ltr'>κατεκρίθη,</span> <span class='ocrx_word' id='word_1_617' title='bbox 1303 4520 1395 4571; x_wconf 76' lang='grc' dir='ltr'><strong>καὶ</strong></span> <span class='ocrx_word' id='word_1_618' title='bbox 1414 4518 1508 4572; x_wconf 72' lang='grc' dir='ltr'><strong>ὑπ’</strong></span> <span class='ocrx_word' id='word_1_619' title='bbox 1533 4519 1758 4574; x_wconf 79' lang='grc' dir='ltr'>ἐκείνων</span> <span class='ocrx_word' id='word_1_620' title='bbox 1783 4537 1796 4552; x_wconf 92' lang='grc'><strong>·</strong></span> 
     </span>
    </p>
   </div>
   <div class='ocr_carea' id='block_1_90' title="bbox 252 4604 1174 4676">
    <p class='ocr_par' dir='ltr' id='par_1_90' title="bbox 252 4604 1174 4676">
     <span class='ocr_line' id='line_1_90' title="bbox 252 4604 1174 4676; baseline 0.005 -20"><span class='ocrx_word' id='word_1_621' title='bbox 252 4604 646 4673; x_wconf 65' lang='grc' dir='ltr'>καταγνώσεως</span> <span class='ocrx_word' id='word_1_622' title='bbox 665 4605 772 4676; x_wconf 84' lang='grc' dir='ltr'>γὰρ</span> <span class='ocrx_word' id='word_1_623' title='bbox 796 4607 878 4670; x_wconf 84' lang='grc' dir='ltr'>τὸ,</span> <span class='ocrx_word' id='word_1_624' title='bbox 907 4607 990 4660; x_wconf 88' lang='grc' dir='ltr'><strong>Σὺ</strong></span> <span class='ocrx_word' id='word_1_625' title='bbox 1019 4607 1174 4676; x_wconf 63' lang='grc' dir='ltr'>ὄψει.</span> 
     </span>
    </p>
   </div>
   <div class='ocr_carea' id='block_1_91' title="bbox 325 4697 1877 4777">
    <p class='ocr_par' dir='ltr' id='par_1_91' title="bbox 325 4697 1877 4777">
     <span class='ocr_line' id='line_1_91' title="bbox 325 4697 1877 4777; baseline 0.003 -27"><span class='ocrx_word' id='word_1_626' title='bbox 325 4698 432 4750; x_wconf 79' lang='lat' dir='ltr'><strong>Kal</strong></span> <span class='ocrx_word' id='word_1_627' title='bbox 460 4699 498 4766; x_wconf 78' lang='grc' dir='ltr'><strong><em>ἡ</em></strong></span> <span class='ocrx_word' id='word_1_628' title='bbox 520 4697 832 4777; x_wconf 70' lang='grc' dir='ltr'>προσευχὴ</span> <span class='ocrx_word' id='word_1_629' title='bbox 859 4699 1045 4752; x_wconf 84' lang='grc' dir='ltr'>αὐτοῦ</span> <span class='ocrx_word' id='word_1_630' title='bbox 1073 4701 1334 4767; x_wconf 73' lang='grc' dir='ltr'>γενέσθω</span> <span class='ocrx_word' id='word_1_631' title='bbox 1372 4701 1461 4766; x_wconf 80' lang='grc' dir='ltr'><strong>είς</strong></span> <span class='ocrx_word' id='word_1_632' title='bbox 1489 4701 1801 4770; x_wconf 81' lang='grc' dir='ltr'>ἁμαρτίαν.</span> <span class='ocrx_word' id='word_1_633' title='bbox 1875 4769 1877 4772; x_wconf 5' lang='grc' dir='ltr'><strong>ρ</strong></span> 
     </span>
    </p>
   </div>
   <div class='ocr_carea' id='block_1_92' title="bbox 257 4788 1807 4861">
    <p class='ocr_par' dir='ltr' id='par_1_92' title="bbox 257 4788 1807 4861">
     <span class='ocr_line' id='line_1_92' title="bbox 257 4788 1807 4861; baseline 0.001 -19"><span class='ocrx_word' id='word_1_634' title='bbox 257 4788 356 4849; x_wconf 83' lang='grc' dir='ltr'><strong>Είς</strong></span> <span class='ocrx_word' id='word_1_635' title='bbox 367 4789 684 4858; x_wconf 81' lang='grc' dir='ltr'>ἀποτυχίαν.</span> <span class='ocrx_word' id='word_1_636' title='bbox 710 4791 838 4844; x_wconf 87' lang='grc' dir='ltr'>Ὅτε</span> <span class='ocrx_word' id='word_1_637' title='bbox 862 4791 966 4861; x_wconf 84' lang='grc' dir='ltr'>γὰρ</span> <span class='ocrx_word' id='word_1_638' title='bbox 987 4791 1249 4844; x_wconf 78' lang='grc' dir='ltr'>ἀπέκλινε</span> <span class='ocrx_word' id='word_1_639' title='bbox 1278 4791 1410 4861; x_wconf 80' lang='grc' dir='ltr'>πρὸς</span> <span class='ocrx_word' id='word_1_640' title='bbox 1434 4792 1559 4855; x_wconf 81' lang='grc' dir='ltr'>τοὺς</span> <span class='ocrx_word' id='word_1_641' title='bbox 1584 4792 1807 4861; x_wconf 77' lang='grc' dir='ltr'>ἐχθροὺς</span> 
     </span>
    </p>
   </div>
   <div class='ocr_carea' id='block_1_93' title="bbox 1907 4516 3448 4593">
    <p class='ocr_par' dir='ltr' id='par_1_93' title="bbox 1907 4516 3448 4593">
     <span class='ocr_line' id='line_1_93' title="bbox 1907 4516 3448 4593; baseline -0.006 -16"><span class='ocrx_word' id='word_1_642' title='bbox 1907 4524 2014 4578; x_wconf 88' lang='lat' dir='ltr'><strong>illis</strong></span> <span class='ocrx_word' id='word_1_643' title='bbox 2043 4523 2241 4593; x_wconf 87' lang='lat' dir='ltr'><strong>pariter</strong></span> <span class='ocrx_word' id='word_1_644' title='bbox 2261 4521 2650 4576; x_wconf 72' lang='lat' dir='ltr'><strong>condemnatus</strong></span> <span class='ocrx_word' id='word_1_645' title='bbox 2675 4530 2787 4574; x_wconf 88' lang='lat' dir='ltr'><strong>est:</strong></span> <span class='ocrx_word' id='word_1_646' title='bbox 2815 4516 3290 4572; x_wconf 75' lang='lat' dir='ltr'><strong>condemnandum</strong></span> <span class='ocrx_word' id='word_1_647' title='bbox 3307 4517 3448 4570; x_wconf 87' lang='lat' dir='ltr'><strong>enim</strong></span> 
     </span>
    </p>
   </div>
   <div class='ocr_carea' id='block_1_94' title="bbox 1909 4609 2627 4669">
    <p class='ocr_par' dir='ltr' id='par_1_94' title="bbox 1909 4609 2627 4669">
     <span class='ocr_line' id='line_1_94' title="bbox 1909 4609 2627 4669; baseline -0.006 -2"><span class='ocrx_word' id='word_1_648' title='bbox 1909 4616 2067 4669; x_wconf 82' lang='lat' dir='ltr'><strong>verba</strong></span> <span class='ocrx_word' id='word_1_649' title='bbox 2090 4621 2254 4668; x_wconf 89' lang='lat' dir='ltr'><strong>sunt:</strong></span> <span class='ocrx_word' id='word_1_650' title='bbox 2294 4609 2370 4664; x_wconf 83' lang='lat' dir='ltr'><strong>Tu</strong></span> <span class='ocrx_word' id='word_1_651' title='bbox 2410 4610 2627 4665; x_wconf 84' lang='lat' dir='ltr'><strong>videbis.</strong></span> 
     </span>
    </p>
   </div>
   <div class='ocr_carea' id='block_1_95' title="bbox 1980 4698 3449 4770">
    <p class='ocr_par' dir='ltr' id='par_1_95' title="bbox 1980 4698 3449 4770">
     <span class='ocr_line' id='line_1_95' title="bbox 1980 4698 3449 4770; baseline -0.006 -13"><span class='ocrx_word' id='word_1_652' title='bbox 1980 4703 2049 4757; x_wconf 81' lang='lat' dir='ltr'><strong>Et</strong></span> <span class='ocrx_word' id='word_1_653' title='bbox 2079 4703 2250 4757; x_wconf 78' lang='lat' dir='ltr'><strong>oratio</strong></span> <span class='ocrx_word' id='word_1_654' title='bbox 2295 4702 2407 4770; x_wconf 81' lang='lat' dir='ltr'><strong>ejus</strong></span> <span class='ocrx_word' id='word_1_655' title='bbox 2433 4702 2530 4769; x_wconf 74' lang='lat' dir='ltr'><strong>ﬁat</strong></span> <span class='ocrx_word' id='word_1_656' title='bbox 2578 4701 2632 4754; x_wconf 86' lang='lat' dir='ltr'><strong>in</strong></span> <span class='ocrx_word' id='word_1_657' title='bbox 2665 4715 2912 4754; x_wconf 85' lang='lat' dir='ltr'><strong>errorem.</strong></span> <span class='ocrx_word' id='word_1_658' title='bbox 2956 4699 3205 4762; x_wconf 82' lang='lat' dir='ltr'><strong>Aberret,</strong></span> <span class='ocrx_word' id='word_1_659' title='bbox 3255 4698 3449 4768; x_wconf 86' lang='lat' dir='ltr'><strong>inquit,</strong></span> 
     </span>
    </p>
   </div>
   <div class='ocr_carea' id='block_1_96' title="bbox 1912 4789 3448 4867">
    <p class='ocr_par' dir='ltr' id='par_1_96' title="bbox 1912 4789 3448 4867">
     <span class='ocr_line' id='line_1_96' title="bbox 1912 4789 3448 4867; baseline -0.005 -16"><span class='ocrx_word' id='word_1_660' title='bbox 1912 4797 2032 4867; x_wconf 87' lang='lat' dir='ltr'><strong>ejus</strong></span> <span class='ocrx_word' id='word_1_661' title='bbox 2065 4797 2241 4852; x_wconf 83' lang='lat' dir='ltr'><strong>oratio</strong></span> <span class='ocrx_word' id='word_1_662' title='bbox 2299 4804 2353 4851; x_wconf 89' lang='lat' dir='ltr'><strong>et</strong></span> <span class='ocrx_word' id='word_1_663' title='bbox 2408 4811 2515 4850; x_wconf 91' lang='lat' dir='ltr'><strong>non</strong></span> <span class='ocrx_word' id='word_1_664' title='bbox 2581 4802 2964 4864; x_wconf 85' lang='lat' dir='ltr'><strong>consequatur,</strong></span> <span class='ocrx_word' id='word_1_665' title='bbox 3012 4791 3155 4863; x_wconf 84' lang='lat' dir='ltr'><strong>quod</strong></span> <span class='ocrx_word' id='word_1_666' title='bbox 3197 4789 3448 4863; x_wconf 79' lang='lat' dir='ltr'><strong>postulat.</strong></span> 
     </span>
    </p>
   </div>
   <div class='ocr_carea' id='block_1_97' title="bbox 252 4880 1797 4957">
    <p class='ocr_par' dir='ltr' id='par_1_97' title="bbox 252 4880 1797 4953">
     <span class='ocr_line' id='line_1_97' title="bbox 252 4880 1797 4953; baseline 0 -19"><span class='ocrx_word' id='word_1_667' title='bbox 252 4880 352 4934; x_wconf 85' lang='grc' dir='ltr'><strong>τοῦ</strong></span> <span class='ocrx_word' id='word_1_668' title='bbox 381 4881 633 4951; x_wconf 84' lang='grc' dir='ltr'>Χριστοῦ,</span> <span class='ocrx_word' id='word_1_669' title='bbox 663 4883 996 4952; x_wconf 85' lang='grc' dir='ltr'>προσηύχετο</span> <span class='ocrx_word' id='word_1_670' title='bbox 1020 4884 1132 4952; x_wconf 86' lang='grc' dir='ltr'>μετ’</span> <span class='ocrx_word' id='word_1_671' title='bbox 1161 4883 1338 4935; x_wconf 82' lang='grc' dir='ltr'>αὐτῶν</span> <span class='ocrx_word' id='word_1_672' title='bbox 1365 4880 1797 4953; x_wconf 72' lang='grc' dir='ltr'>ἐξολοθρευθῆναι</span> 
     </span>
    </p>
   </div>
   <div class='ocr_carea' id='block_1_98' title="bbox 1897 4880 3452 4957">
    <p class='ocr_par' dir='ltr' id='par_1_98' title="bbox 1913 4883 3452 4957">
     <span class='ocr_line' id='line_1_98' title="bbox 1913 4883 3452 4957; baseline -0.005 -15"><span class='ocrx_word' id='word_1_673' title='bbox 1913 4887 2146 4957; x_wconf 87' lang='lat' dir='ltr'><strong>Optabat</strong></span> <span class='ocrx_word' id='word_1_674' title='bbox 2176 4886 2317 4942; x_wconf 89' lang='lat' dir='ltr'><strong>enim</strong></span> <span class='ocrx_word' id='word_1_675' title='bbox 2344 4883 2535 4950; x_wconf 70' lang='lat' dir='ltr'><strong>Iudas,</strong></span> <span class='ocrx_word' id='word_1_676' title='bbox 2567 4887 2816 4955; x_wconf 83' lang='lat' dir='ltr'><strong>votisque</strong></span> <span class='ocrx_word' id='word_1_677' title='bbox 2850 4899 2913 4940; x_wconf 88' lang='lat' dir='ltr'><strong>ac</strong></span> <span class='ocrx_word' id='word_1_678' title='bbox 2937 4885 3187 4954; x_wconf 86' lang='lat' dir='ltr'><strong>precibus</strong></span> <span class='ocrx_word' id='word_1_679' title='bbox 3219 4884 3334 4953; x_wconf 82' lang='lat' dir='ltr'><strong>ipse</strong></span> <span class='ocrx_word' id='word_1_680' title='bbox 3358 4897 3452 4953; x_wconf 84' lang='lat' dir='ltr'><strong>pa-</strong></span> 
     </span>
    </p>
   </div>
   <div class='ocr_carea' id='block_1_99' title="bbox 256 4972 1808 5046">
    <p class='ocr_par' dir='ltr' id='par_1_99' title="bbox 256 4972 1808 5046">
     <span class='ocr_line' id='line_1_99' title="bbox 256 4972 1808 5046; baseline 0.002 -21"><span class='ocrx_word' id='word_1_681' title='bbox 256 4972 459 5026; x_wconf 75' lang='grc' dir='ltr'>καὶτὸν</span> <span class='ocrx_word' id='word_1_682' title='bbox 477 4973 729 5041; x_wconf 80' lang='grc' dir='ltr'>Χριστὸν,</span> <span class='ocrx_word' id='word_1_683' title='bbox 757 4975 851 5028; x_wconf 80' lang='grc' dir='ltr'><strong>καὶ</strong></span> <span class='ocrx_word' id='word_1_684' title='bbox 875 4975 938 5028; x_wconf 72' lang='grc' dir='ltr'>τὸ</span> <span class='ocrx_word' id='word_1_685' title='bbox 961 4975 1302 5046; x_wconf 88' lang='grc' dir='ltr'>μνημόσυνον</span> <span class='ocrx_word' id='word_1_686' title='bbox 1328 4975 1496 5029; x_wconf 82' lang='grc' dir='ltr'>αὐτοῦ</span> <span class='ocrx_word' id='word_1_687' title='bbox 1521 4993 1534 5007; x_wconf 76' lang='grc'><strong>⁸</strong></span> <span class='ocrx_word' id='word_1_688' title='bbox 1557 4978 1592 5046; x_wconf 80' lang='grc' dir='ltr'><strong>ἢ</strong></span> <span class='ocrx_word' id='word_1_689' title='bbox 1621 4977 1808 5040; x_wconf 84' lang='grc' dir='ltr'>ἁπλῶς</span> 
     </span>
    </p>
   </div>
   <div class='ocr_carea' id='block_1_100' title="bbox 254 5059 1804 5139">
    <p class='ocr_par' dir='ltr' id='par_1_100' title="bbox 254 5059 1804 5139">
     <span class='ocr_line' id='line_1_100' title="bbox 254 5059 1804 5139; baseline 0.002 -22"><span class='ocrx_word' id='word_1_690' title='bbox 254 5066 613 5133; x_wconf 73' lang='grc' dir='ltr'>ἀποτεύξεται</span> <span class='ocrx_word' id='word_1_691' title='bbox 658 5059 743 5119; x_wconf 72' lang='grc' dir='ltr'>ὢν·</span> <span class='ocrx_word' id='word_1_692' title='bbox 770 5066 928 5129; x_wconf 69' lang='lat' dir='ltr'><strong>alt-sl,</strong></span> <span class='ocrx_word' id='word_1_693' title='bbox 957 5067 1046 5120; x_wconf 80' lang='grc' dir='ltr'>διὰ</span> <span class='ocrx_word' id='word_1_694' title='bbox 1088 5069 1187 5137; x_wconf 77' lang='grc' dir='ltr'>τὴν</span> <span class='ocrx_word' id='word_1_695' title='bbox 1223 5068 1552 5139; x_wconf 82' lang='grc' dir='ltr'>δυστροπίαν</span> <span class='ocrx_word' id='word_1_696' title='bbox 1603 5067 1804 5121; x_wconf 77' lang='grc' dir='ltr'>αὐτῶν.</span> 
     </span>
    </p>
   </div>
   <div class='ocr_carea' id='block_1_101' title="bbox 1913 4973 3490 5045">
    <p class='ocr_par' dir='ltr' id='par_1_101' title="bbox 1913 4973 3490 5045">
     <span class='ocr_line' id='line_1_101' title="bbox 1913 4973 3490 5045; baseline -0.006 -12"><span class='ocrx_word' id='word_1_697' title='bbox 1913 4979 2064 5041; x_wconf 84' lang='lat' dir='ltr'><strong>riter,</strong></span> <span class='ocrx_word' id='word_1_698' title='bbox 2095 4992 2159 5032; x_wconf 89' lang='lat' dir='ltr'><strong>ac</strong></span> <span class='ocrx_word' id='word_1_699' title='bbox 2180 4977 2380 5030; x_wconf 82' lang='lat' dir='ltr'><strong>Christi</strong></span> <span class='ocrx_word' id='word_1_700' title='bbox 2417 4975 2647 5042; x_wconf 88' lang='lat' dir='ltr'><strong>inimici,</strong></span> <span class='ocrx_word' id='word_1_701' title='bbox 2675 4975 2875 5045; x_wconf 89' lang='lat' dir='ltr'><strong>quibus</strong></span> <span class='ocrx_word' id='word_1_702' title='bbox 2904 4989 2962 5029; x_wconf 86' lang='lat' dir='ltr'><strong>se</strong></span> <span class='ocrx_word' id='word_1_703' title='bbox 2988 4975 3364 5044; x_wconf 83' lang='lat' dir='ltr'><strong>conjunxerat,</strong></span> <span class='ocrx_word' id='word_1_704' title='bbox 3397 4973 3448 5025; x_wconf 82' lang='lat' dir='ltr'><strong>id</strong></span> <span class='ocrx_word' id='word_1_705' title='bbox 3485 5007 3490 5012; x_wconf 87' lang='grc'><strong><em>-</em></strong></span> 
     </span>
    </p>
   </div>
   <div class='ocr_carea' id='block_1_102' title="bbox 1912 5064 3450 5137">
    <p class='ocr_par' dir='ltr' id='par_1_102' title="bbox 1912 5064 3450 5137">
     <span class='ocr_line' id='line_1_102' title="bbox 1912 5064 3450 5137; baseline -0.005 -15"><span class='ocrx_word' id='word_1_706' title='bbox 1912 5083 2079 5122; x_wconf 83' lang='lat' dir='ltr'><strong>unum</strong></span> <span class='ocrx_word' id='word_1_707' title='bbox 2131 5068 2404 5137; x_wconf 81' lang='lat' dir='ltr'><strong>petebant,</strong></span> <span class='ocrx_word' id='word_1_708' title='bbox 2466 5077 2526 5120; x_wconf 86' lang='lat' dir='ltr'><strong>ut</strong></span> <span class='ocrx_word' id='word_1_709' title='bbox 2579 5065 3032 5120; x_wconf 81' lang='lat' dir='ltr'><strong>exterminaretur</strong></span> <span class='ocrx_word' id='word_1_710' title='bbox 3092 5064 3362 5126; x_wconf 86' lang='lat' dir='ltr'><strong>Christus.</strong></span> <span class='ocrx_word' id='word_1_711' title='bbox 3397 5071 3450 5117; x_wconf 79' lang='lat' dir='ltr'><strong>et</strong></span> 
     </span>
    </p>
   </div>
   <div class='ocr_carea' id='block_1_103' title="bbox 251 5159 3453 5237">
    <p class='ocr_par' dir='ltr' id='par_1_103' title="bbox 251 5159 3453 5237">
     <span class='ocr_line' id='line_1_103' title="bbox 251 5159 3453 5237; baseline -0.001 -21"><span class='ocrx_word' id='word_1_712' title='bbox 251 5163 376 5234; x_wconf 80' lang='lat' dir='ltr'><strong>ejus</strong></span> <span class='ocrx_word' id='word_1_713' title='bbox 392 5165 653 5220; x_wconf 75' lang='lat' dir='ltr'><strong>memoria</strong></span> <span class='ocrx_word' id='word_1_714' title='bbox 667 5163 961 5221; x_wconf 80' lang='lat' dir='ltr'><strong>deleretur.</strong></span> <span class='ocrx_word' id='word_1_715' title='bbox 979 5164 1158 5222; x_wconf 83' lang='lat' dir='ltr'><strong>luanis</strong></span> <span class='ocrx_word' id='word_1_716' title='bbox 1180 5168 1344 5237; x_wconf 69' lang='lat' dir='ltr'><strong>igitur</strong></span> <span class='ocrx_word' id='word_1_717' title='bbox 1374 5166 1473 5221; x_wconf 76' lang='lat' dir='ltr'><strong>fuit</strong></span> <span class='ocrx_word' id='word_1_718' title='bbox 1493 5165 1801 5234; x_wconf 75' lang='lat' dir='ltr'><strong>huiusmodi</strong></span> <span class='ocrx_word' id='word_1_719' title='bbox 1839 5183 2025 5223; x_wconf 85' lang='lat' dir='ltr'><strong>corum</strong></span> <span class='ocrx_word' id='word_1_720' title='bbox 2057 5170 2253 5231; x_wconf 84' lang='lat' dir='ltr'><strong>oratio,</strong></span> <span class='ocrx_word' id='word_1_721' title='bbox 2285 5174 2341 5225; x_wconf 86' lang='lat' dir='ltr'><strong>et</strong></span> <span class='ocrx_word' id='word_1_722' title='bbox 2381 5176 2581 5222; x_wconf 78' lang='lat' dir='ltr'><strong>votum.</strong></span> <span class='ocrx_word' id='word_1_723' title='bbox 2613 5161 2728 5225; x_wconf 88' lang='lat' dir='ltr'><strong>Vel,</strong></span> <span class='ocrx_word' id='word_1_724' title='bbox 2758 5160 3082 5231; x_wconf 78' lang='lat' dir='ltr'><strong>generaliter</strong></span> <span class='ocrx_word' id='word_1_725' title='bbox 3142 5161 3307 5214; x_wconf 83' lang='lat' dir='ltr'><strong>etiam</strong></span> <span class='ocrx_word' id='word_1_726' title='bbox 3367 5159 3453 5213; x_wconf 87' lang='lat' dir='ltr'><strong>di-</strong></span> 
     </span>
    </p>
   </div>
   <div class='ocr_carea' id='block_1_104' title="bbox 255 5249 3454 5338">
    <p class='ocr_par' dir='ltr' id='par_1_104' title="bbox 255 5249 3454 5338">
     <span class='ocr_line' id='line_1_104' title="bbox 255 5249 3454 5338; baseline -0.003 -24"><span class='ocrx_word' id='word_1_727' title='bbox 255 5260 356 5322; x_wconf 85' lang='lat' dir='ltr'><strong>cit,</strong></span> <span class='ocrx_word' id='word_1_728' title='bbox 388 5259 532 5329; x_wconf 83' lang='lat' dir='ltr'><strong>quod</strong></span> <span class='ocrx_word' id='word_1_729' title='bbox 571 5260 749 5314; x_wconf 81' lang='lat' dir='ltr'><strong>omnis</strong></span> <span class='ocrx_word' id='word_1_730' title='bbox 774 5259 894 5329; x_wconf 86' lang='lat' dir='ltr'><strong>ejus</strong></span> <span class='ocrx_word' id='word_1_731' title='bbox 926 5258 1100 5313; x_wconf 84' lang='lat' dir='ltr'><strong>oratio</strong></span> <span class='ocrx_word' id='word_1_732' title='bbox 1152 5259 1444 5323; x_wconf 84' lang='lat' dir='ltr'><strong>aberrahit,</strong></span> <span class='ocrx_word' id='word_1_733' title='bbox 1477 5257 1621 5328; x_wconf 89' lang='lat' dir='ltr'><strong>quod</strong></span> <span class='ocrx_word' id='word_1_734' title='bbox 1673 5274 1780 5313; x_wconf 90' lang='lat' dir='ltr'><strong>non</strong></span> <span class='ocrx_word' id='word_1_735' title='bbox 1816 5259 2026 5315; x_wconf 83' lang='lat' dir='ltr'><strong>fruetur</strong></span> <span class='ocrx_word' id='word_1_736' title='bbox 2065 5262 2264 5332; x_wconf 85' lang='lat' dir='ltr'><strong>optatis</strong></span> <span class='ocrx_word' id='word_1_737' title='bbox 2289 5261 2474 5324; x_wconf 86' lang='lat' dir='ltr'><strong>rebus,</strong></span> <span class='ocrx_word' id='word_1_738' title='bbox 2507 5257 2596 5338; x_wconf 87' lang='lat' dir='ltr'><strong>ob</strong></span> <span class='ocrx_word' id='word_1_739' title='bbox 2620 5266 2814 5325; x_wconf 83' lang='lat' dir='ltr'><strong>pravos</strong></span> <span class='ocrx_word' id='word_1_740' title='bbox 2864 5265 2926 5306; x_wconf 83' lang='lat' dir='ltr'><strong>ac</strong></span> <span class='ocrx_word' id='word_1_741' title='bbox 2991 5265 3276 5322; x_wconf 77' lang='lat' dir='ltr'><strong>perversos</strong></span> <span class='ocrx_word' id='word_1_742' title='bbox 3347 5249 3454 5306; x_wconf 88' lang='lat' dir='ltr'><strong>sci-</strong></span> 
     </span>
    </p>
   </div>
   <div class='ocr_carea' id='block_1_105' title="bbox 258 5353 767 5422">
    <p class='ocr_par' dir='ltr' id='par_1_105' title="bbox 258 5353 767 5422">
     <span class='ocr_line' id='line_1_105' title="bbox 258 5353 767 5422; baseline -0.004 -14"><span class='ocrx_word' id='word_1_743' title='bbox 258 5353 386 5408; x_wconf 86' lang='lat' dir='ltr'><strong>licet</strong></span> <span class='ocrx_word' id='word_1_744' title='bbox 417 5355 533 5422; x_wconf 84' lang='lat' dir='ltr'><strong>ejus</strong></span> <span class='ocrx_word' id='word_1_745' title='bbox 570 5367 767 5408; x_wconf 83' lang='lat' dir='ltr'><strong>mores.</strong></span> 
     </span>
    </p>
   </div>
   <div class='ocr_carea' id='block_1_106' title="bbox 330 5447 1801 5520">
    <p class='ocr_par' dir='ltr' id='par_1_106' title="bbox 330 5447 1801 5520">
     <span class='ocr_line' id='line_1_106' title="bbox 330 5447 1801 5520; baseline -0.001 -16"><span class='ocrx_word' id='word_1_746' title='bbox 330 5447 837 5514; x_wconf 76' lang='grc' dir='ltr'>Γενηθήτωσαναί</span> <span class='ocrx_word' id='word_1_747' title='bbox 862 5447 1062 5518; x_wconf 76' lang='grc' dir='ltr'>ἡμέραι</span> <span class='ocrx_word' id='word_1_748' title='bbox 1086 5451 1269 5502; x_wconf 82' lang='grc' dir='ltr'>αὑτοῦ</span> <span class='ocrx_word' id='word_1_749' title='bbox 1292 5449 1505 5516; x_wconf 67' lang='grc' dir='ltr'>ὀλίγαι.</span> <span class='ocrx_word' id='word_1_750' title='bbox 1537 5450 1801 5520; x_wconf 75' lang='grc' dir='ltr'>Τελευτή-</span> 
     </span>
    </p>
   </div>
   <div class='ocr_carea' id='block_1_107' title="bbox 261 5538 1799 5610">
    <p class='ocr_par' dir='ltr' id='par_1_107' title="bbox 261 5538 1799 5610">
     <span class='ocr_line' id='line_1_107' title="bbox 261 5538 1799 5610; baseline -0.003 -14"><span class='ocrx_word' id='word_1_751' title='bbox 261 5560 342 5596; x_wconf 86' lang='grc' dir='ltr'><strong>σει</strong></span> <span class='ocrx_word' id='word_1_752' title='bbox 369 5538 595 5608; x_wconf 80' lang='grc' dir='ltr'>ταχέως.</span> <span class='ocrx_word' id='word_1_753' title='bbox 619 5540 768 5591; x_wconf 74' lang='grc' dir='ltr'>Μετὰ</span> <span class='ocrx_word' id='word_1_754' title='bbox 795 5541 899 5610; x_wconf 76' lang='grc' dir='ltr'>γὰρ</span> <span class='ocrx_word' id='word_1_755' title='bbox 920 5541 1015 5610; x_wconf 83' lang='grc' dir='ltr'>τὴν</span> <span class='ocrx_word' id='word_1_756' title='bbox 1043 5539 1329 5608; x_wconf 77' lang='grc' dir='ltr'>προδοσίαν</span> <span class='ocrx_word' id='word_1_757' title='bbox 1344 5540 1522 5607; x_wconf 82' lang='grc' dir='ltr'>ὀλίγον</span> <span class='ocrx_word' id='word_1_758' title='bbox 1544 5540 1799 5608; x_wconf 79' lang='grc' dir='ltr'>ἐπέζησε,</span> 
     </span>
    </p>
   </div>
   <div class='ocr_carea' id='block_1_108' title="bbox 259 5633 878 5704">
    <p class='ocr_par' dir='ltr' id='par_1_108' title="bbox 259 5633 878 5704">
     <span class='ocr_line' id='line_1_108' title="bbox 259 5633 878 5704; baseline -0.011 -10"><span class='ocrx_word' id='word_1_759' title='bbox 259 5639 357 5694; x_wconf 73' lang='grc' dir='ltr'><strong>καὶ</strong></span> <span class='ocrx_word' id='word_1_760' title='bbox 389 5635 548 5697; x_wconf 80' lang='grc' dir='ltr'>εὐθὺς</span> <span class='ocrx_word' id='word_1_761' title='bbox 578 5633 878 5704; x_wconf 81' lang='grc' dir='ltr'>ἀπήγξατο.</span> 
     </span>
    </p>
   </div>
   <div class='ocr_carea' id='block_1_109' title="bbox 1979 5432 3451 5508">
    <p class='ocr_par' dir='ltr' id='par_1_109' title="bbox 1979 5432 3451 5508">
     <span class='ocr_line' id='line_1_109' title="bbox 1979 5432 3451 5508; baseline -0.008 -9"><span class='ocrx_word' id='word_1_762' title='bbox 1979 5447 2142 5501; x_wconf 78' lang='lat' dir='ltr'><strong>Vens.</strong></span> <span class='ocrx_word' id='word_1_763' title='bbox 2176 5446 2227 5501; x_wconf 87' lang='lat'><strong>8.</strong></span> <span class='ocrx_word' id='word_1_764' title='bbox 2259 5445 2303 5498; x_wconf 86' lang='lat' dir='ltr'><em>F</em></span> <span class='ocrx_word' id='word_1_765' title='bbox 2308 5446 2418 5498; x_wconf 88' lang='lat' dir='ltr'><strong>iant</strong></span> <span class='ocrx_word' id='word_1_766' title='bbox 2441 5443 2552 5495; x_wconf 89' lang='lat' dir='ltr'><strong>dies</strong></span> <span class='ocrx_word' id='word_1_767' title='bbox 2576 5440 2689 5508; x_wconf 80' lang='lat' dir='ltr'><strong>ejus</strong></span> <span class='ocrx_word' id='word_1_768' title='bbox 2711 5440 2884 5508; x_wconf 82' lang='lat' dir='ltr'><strong>pauci.</strong></span> <span class='ocrx_word' id='word_1_769' title='bbox 2917 5436 3033 5491; x_wconf 74' lang='lat' dir='ltr'><strong>Cito</strong></span> <span class='ocrx_word' id='word_1_770' title='bbox 3050 5443 3170 5506; x_wconf 89' lang='lat' dir='ltr'><strong>post</strong></span> <span class='ocrx_word' id='word_1_771' title='bbox 3190 5432 3451 5503; x_wconf 48' lang='lat' dir='ltr'><strong>proditio.</strong></span> 
     </span>
    </p>
   </div>
   <div class='ocr_carea' id='block_1_110' title="bbox 1911 5523 3442 5596">
    <p class='ocr_par' dir='ltr' id='par_1_110' title="bbox 1911 5523 3442 5596">
     <span class='ocr_line' id='line_1_110' title="bbox 1911 5523 3442 5596; baseline -0.009 -4"><span class='ocrx_word' id='word_1_772' title='bbox 1911 5555 2033 5593; x_wconf 89' lang='lat' dir='ltr'><strong>nem</strong></span> <span class='ocrx_word' id='word_1_773' title='bbox 2070 5538 2351 5591; x_wconf 86' lang='lat' dir='ltr'><strong>morietur.</strong></span> <span class='ocrx_word' id='word_1_774' title='bbox 2390 5533 2600 5588; x_wconf 73' lang='lat' dir='ltr'><strong>Modico</strong></span> <span class='ocrx_word' id='word_1_775' title='bbox 2627 5533 2772 5586; x_wconf 87' lang='lat' dir='ltr'><strong>enim</strong></span> <span class='ocrx_word' id='word_1_776' title='bbox 2825 5523 3442 5596; x_wconf 74' lang='lat' dir='ltr'><strong>tempore-supervixit.</strong></span> 
     </span>
    </p>
   </div>
   <div class='ocr_carea' id='block_1_111' title="bbox 1911 5620 3336 5698">
    <p class='ocr_par' dir='ltr' id='par_1_111' title="bbox 1911 5620 3336 5698">
     <span class='ocr_line' id='line_1_111' title="bbox 1911 5620 3336 5698; baseline -0.009 -16"><span class='ocrx_word' id='word_1_777' title='bbox 1911 5644 2033 5682; x_wconf 88' lang='lat' dir='ltr'><strong>cum</strong></span> <span class='ocrx_word' id='word_1_778' title='bbox 2070 5628 2227 5698; x_wconf 88' lang='lat' dir='ltr'><strong>paulo</strong></span> <span class='ocrx_word' id='word_1_779' title='bbox 2254 5634 2373 5695; x_wconf 85' lang='lat' dir='ltr'><strong>post</strong></span> <span class='ocrx_word' id='word_1_780' title='bbox 2410 5623 2706 5680; x_wconf 75' lang='lat' dir='ltr'><strong>suffocatus</strong></span> <span class='ocrx_word' id='word_1_781' title='bbox 2729 5620 2816 5676; x_wconf 85' lang='lat' dir='ltr'><strong>sit.</strong></span> <span class='ocrx_word' id='word_1_782' title='bbox 3331 5623 3336 5632; x_wconf 94' lang='lat'>&#39;</span> 
     </span>
    </p>
   </div>
   <div class='ocr_carea' id='block_1_112' title="bbox 338 5736 2815 5815">
    <p class='ocr_par' dir='ltr' id='par_1_112' title="bbox 338 5736 2815 5815">
     <span class='ocr_line' id='line_1_112' title="bbox 338 5736 2815 5815; baseline -0.006 -13"><span class='ocrx_word' id='word_1_783' title='bbox 338 5752 378 5782; x_wconf 87' lang='grc'><strong>⁷¹</strong></span> <span class='ocrx_word' id='word_1_784' title='bbox 430 5747 616 5802; x_wconf 79' lang='lat' dir='ltr'><strong>Matth.</strong></span> <span class='ocrx_word' id='word_1_785' title='bbox 653 5765 701 5815; x_wconf 74' lang='grc' dir='ltr'>ι’,</span> <span class='ocrx_word' id='word_1_786' title='bbox 735 5749 823 5802; x_wconf 70' lang='grc' dir='ltr'>Μ.</span> <span class='ocrx_word' id='word_1_787' title='bbox 899 5747 944 5778; x_wconf 75' lang='grc'><strong>⁷³</strong></span> <span class='ocrx_word' id='word_1_788' title='bbox 996 5744 1152 5802; x_wconf 78' lang='lat' dir='ltr'><strong>Joan.</strong></span> <span class='ocrx_word' id='word_1_789' title='bbox 1204 5763 1317 5802; x_wconf 86' lang='lat' dir='ltr'><strong>xm.</strong></span> <span class='ocrx_word' id='word_1_790' title='bbox 1374 5747 1461 5802; x_wconf 76' lang='lat'><strong>9.7.</strong></span> <span class='ocrx_word' id='word_1_791' title='bbox 1539 5745 1581 5777; x_wconf 82' lang='lat'><strong>&quot;</strong></span> <span class='ocrx_word' id='word_1_792' title='bbox 1621 5743 1850 5798; x_wconf 86' lang='lat' dir='ltr'><strong>Zachar.</strong></span> <span class='ocrx_word' id='word_1_793' title='bbox 1913 5758 1990 5807; x_wconf 85' lang='grc' dir='ltr'>ιιι,</span> <span class='ocrx_word' id='word_1_794' title='bbox 2033 5744 2080 5794; x_wconf 84' lang='lat' dir='ltr'><strong>l.</strong></span> <span class='ocrx_word' id='word_1_795' title='bbox 2157 5743 2200 5773; x_wconf 82' lang='lat'><strong>&quot;&quot;</strong></span> <span class='ocrx_word' id='word_1_796' title='bbox 2223 5741 2411 5794; x_wconf 78' lang='lat' dir='ltr'><strong>Matth.</strong></span> <span class='ocrx_word' id='word_1_797' title='bbox 2468 5753 2632 5801; x_wconf 82' lang='lat' dir='ltr'><strong>xxvn,</strong></span> <span class='ocrx_word' id='word_1_798' title='bbox 2675 5736 2726 5800; x_wconf 79' lang='lat'><strong>5,</strong></span> <span class='ocrx_word' id='word_1_799' title='bbox 2767 5736 2815 5788; x_wconf 69' lang='lat'><strong>5.</strong></span> 
     </span>
    </p>
   </div>
  </div>
