4150 6326
647 400 711 462 13
724 397 788 460 8⁸7
1893 396 2234 457 EUTHYMI

2331 395 2670 456 ZIGABENI
3727 398 3873 466 1083

644 527 804 577 usque
845 507 914 562 ad
942 506 1190 561 sa’cnlum
1245 515 1300 561 tu
1325 523 1378 561 es
1408 507 1476 573 “,
1538 504 1752 560 tametsi
1788 519 1888 560 nec
1919 520 1946 557 a
2003 506 2201 559 sacculo
2231 557 2234 564 ,

2334 506 2592 575 γέννησεν
2625 503 2972 576 ἡιῖαρθένος,
2999 507 3213 578 εὐδοκιᾳ
3243 508 3477 579 Πατρδς,
3537 511 3631 564 καὶ
3663 527 3863 581 συνερ-

645 611 878 663 tantum,
907 601 999 655 sed
1030 609 1084 654 et
1114 609 1239 654 ante
1266 599 1517 653 saeculum
1551 614 1566 653 :
1608 612 1788 667 neque
1815 612 1988 666 usque
2019 597 2074 650 in
2105 611 2208 651 sa:-

2331 597 2434 666 reiqt
2464 597 2778 666 Πνεῦματος
2804 597 2978 666 ἁγίου,
3007 600 3193 664 κακῶς
3223 601 3330 671 ἄρα
3351 602 3576 655 νοοῦσιν·
3612 603 3719 658 ἔδει
3747 608 3864 672 γὰρ

645 696 828 749 culum
859 701 1092 754 tantum,
1124 691 1218 744 sed
1269 690 1432 743 etiam
1467 689 1582 743 sine
1630 689 1734 741 (ine
1784 701 1906 741 eum
1942 702 2087 750 esse,
2124 685 2210 740 di-

2331 688 2581 758 ip’r'prOat,
2627 689 2745 757 Πρὸ
2769 690 3084 744 ἀνατολῶν
3117 692 3464 762 ἑωσφόρον.
3506 695 3601 748 καὶ
3633 695 3709 765 μὴ
3750 697 3875 762 Πρὸ

647 786 772 837 vina
823 781 1045 835 tradant
1104 779 1350 848 Eloquia.
1407 777 1633 848 Oportet
1670 780 1836 846 igitur
1893 779 2058 833 verba
2099 779 2210 832 haec

2331 780 2616 846 τωσςςόρου
2659 783 2850 850 μόνον
2879 798 2894 812 ·
2945 782 3030 834 ἀεὶ
3053 783 3161 854 γὰρ
3199 784 3259 836 τὸ
3291 785 3403 854 Πρὸ
3449 784 3621 856 ἡλίου,
3654 786 3873 850 ἁπλῶς.

643 878 807 944 digne
837 872 948 925 Deo
974 871 1298 938 intelligere,
1329 879 1492 939 atque
1523 870 1655 923 illud
1679 869 2029 934 concludere,
2063 868 2208 938 quod

2331 871 2371 922 ςδ
2406 871 2510 940 πρὸ
2551 872 2648 942 τῆς
2710 873 2993 942 ὑπάρξεως
3055 875 3220 927 αὑτοῦ
3279 875 3528 944 βούλεται
3551 877 3865 945 σημαίνειν,

645 979 775 1022 ante
815 965 1020 1025 omnia,
1056 962 1217 1016 etiam
1258 971 1384 1016 ante
1419 962 1534 1030 ipsa
1567 961 1786 1026 saecula,
1810 977 2022 1033 semper
2048 960 2212 1013 fuerit

2331 961 2490 1030 δσπερ
2523 964 2615 1015 καὶ
2647 965 2726 1025 τὸ,
2756 965 2870 1034 Πρὸ
2891 964 3149 1034 ἀνατολῆς
3179 966 3364 1030 αὐτοῦ,
3388 966 3478 1021 τὸν
3515 967 3708 1038 ὄρθρον
3733 966 3875 1036 (26).

648 1061 762 1113 haec
815 1060 995 1114 divina
1028 1056 1425 1140 generatio.
1477 1057 1660 1124 itaque
1712 1051 1806 1121 qui
1846 1051 2010 1104 verba
2069 1050 2204 1103 illa:
2245 1051 2378 1103 Ante
2405 1052 2706 1122 luciferum,
2770 1056 3015 1110 referunt
3065 1057 3130 1110 ad
3166 1067 3379 1112 noctem
3431 1075 3538 1131 qua
3618 1059 3880 1113 Christus

645 1152 949 1219 secundum
1010 1166 1232 1206 carnem
1287 1158 1454 1202 natus
1515 1155 1619 1211 est,
1681 1143 1859 1197 Patris
1888 1141 2140 1195 nimirum
2170 1145 2529 1209 heneplaeito,
2567 1155 2622 1199 et
2657 1149 3042 1216 cooperatione
3072 1151 3247 1203 sancti
3279 1152 3542 1222 Spiritus,
3575 1167 3685 1206 non
3722 1159 3881 1206 recte

646 1244 926 1312 PrOpheta:
964 1257 1270 1297 sermonem
1307 1239 1636 1308 intelligunt.
1691 1234 2039 1304 Oportuisset
2075 1235 2218 1288 enim
2254 1236 2435 1290 dicere
2478 1255 2506 1290 :-
2540 1240 2680 1294 Ante
2710 1249 2889 1313 ortum
2925 1242 3179 1307 luciferi,
3229 1252 3284 1298 et
3316 1258 3423 1297 non
3484 1243 3619 1298 Ante
3683 1244 3881 1313 lucife-

647 1307 788 1391 ηιηὶ.
823 1334 952 1388 Nam
1005 1335 1147 1406 quod
1206 1335 1527 1403 simpliciter
1573 1333 1806 1394 dicitur,
1839 1331 1980 1384 Ante
2015 1330 2205 1394 solem,
2247 1338 2463 1398 tempus
2501 1307 2798 1400 signiﬁcali,
2835 1335 2980 1403 quod
3023 1335 3124 1389 fuit
3162 1347 3291 1392 ante
3337 1339 3511 1407 ipsius
3577 1337 3712 1393 solis
3779 1307 3885 1390 na-

652 1442 852 1493 turam,
885 1427 1341 1498 quemadmodum
1375 1433 1586 1490 contra,
1617 1425 1686 1490 si,
1721 1425 1861 1479 Ante
1892 1424 2024 1480 solis
2051 1435 2256 1488 ortum,
2281 1423 2506 1490 dixeris,
2541 1433 2755 1494 tempus
2787 1425 3014 1483 diluculi
3047 1429 3402 1499 signiﬁcabis.
3447 1429 3693 1500 (Magnus
3772 1430 3885 1484 Ba-

649 1521 807 1576 silius
839 1522 894 1573 iu
935 1516 1187 1574 sermone
1234 1519 1297 1573 de
1320 1517 1526 1586 Spiritu
1557 1523 1765 1582 sancto,
1801 1515 1899 1581 ait,
1927 1513 2096 1584 quod.
2133 1512 2335 1566 dicitur
2361 1512 2490 1582 qui‘d
2526 1528 2592 1568 ex
2646 1515 2833 1584 aliquo
2879 1532 3022 1580 esse,
3090 1517 3177 1572 vel
3257 1519 3472 1572 ratione
3550 1517 3881 1580 creationis,

650 1615 804 1681 juxta
840 1614 969 1668 illud
1003 1632 1018 1668 :
1057 1612 1200 1667 Unus
1232 1599 1307 1668 est
1342 1613 1480 1668 Deus
1518 1611 1681 1666 Pater
1730 1627 1794 1664 ea:
1823 1627 1922 1679 quo
1956 1610 2130 1664 omnia
2152 1611 2195 1643 ⁹¹
2225 1627 2240 1675 ;
2279 1611 2364 1665 vel
2421 1610 2632 1664 ratione
2663 1622 2890 1677 natura},
2956 1613 3111 1680 juxta
3148 1615 3156 1625 '
3187 1613 3318 1668 illud
3349 1633 3363 1667 :
3399 1613 3647 1682 Operatio
3701 1622 3893 1669 nostra

654 1725 721 1766 aa:
758 1708 908 1764 nobis
956 1717 1056 1772 est,
1091 1718 1147 1763 et
1182 1706 1650 1778 quemadmodum»
1727 1700 1980 1774 splendor
2025 1703 2160 1756 solis
2221 1716 2288 1756 ex
2327 1703 2472 1766 sole;
2517 1701 2596 1754 vel
2651 1701 2862 1758 ratione
2913 1704 3305 1773 generationis,
3346 1701 3514 1772 'juxta
3547 1705 3677 1761 illud
3713 1724 3728 1760 :
3762 1703 3881 1775 Ego

644 1803 785 1854 exivi
812 1816 876 1855 ea:
912 1799 1070 1856 Patre
1094 1803 1164 1857 θ’.
1192 1801 1322 1855 Item
1356 1800 1501 1868 quod
1536 1799 1626 1854 hic
1652 1798 1884 1868 legimus
1911 1813 1922 1848 :
1956 1795 2038 1849 Ea:
2068 1804 2214 1849 utero
2252 1804 2373 1849 ante
2405 1795 2679 1866 luciferum
2701 1799 2856 1867 genui
2886 1807 2955 1862 te,
2981 1813 3086 1852 non
3116 1800 3262 1868 quod
3296 1798 3441 1854 Deus
3505 1808 3716 1855 uterum
3785 1802 3892 1855 ba-

652 1899 800 1962 beat,
837 1897 932 1955 sed
957 1899 1083 1968 quia
1117 1899 1231 1954 veri
1264 1908 1429 1967 atque
1482 1897 1704 1964 ingenui
1768 1893 1951 1955 liberi,
2020 1892 2086 1948 ei
2135 1902 2294 1947 utero
2327 1902 2609 1961 parentum
2649 1896 2802 1949 nasci
2854 1897 3052 1949 solent.
3086 1895 3198 1950 llac
3231 1895 3396 1966 igitur
3425 1895 3655 1959 ratione,
3695 1895 3798 1950 hoc
3829 1897 3893 1950 in

653 1991 774 2043 loco
805 1991 950 2045 Deus
981 1999 1224 2045 ventrem
1265 1991 1410 2044 sein
1464 1990 1817 2059 generatione
1848 1987 1972 2040 Filii
2007 1987 2210 2041 habere
2250 1985 2410 2051 dixit,
2463 1986 2528 2039 ad
2603 1987 2980 2043 confusionem
3057 1989 3345 2057 impiorum
3390 2005 3404 2041 :
3456 1998 3514 2040 ut
3562 1988 3616 2041 in
3667 1987 3875 2056 seipsis

655 2086 931 2157 propriam
966 2085 1042 2140 illi
1095 2086 1510 2140 considerantes
1568 2093 1839 2150 naturam,
1893 2084 2108 2139 discant
2141 2080 2359 2148 Filium,
2388 2098 2574 2138 verum
2624 2082 2864 2138 fructum
2896 2097 3016 2138 esse
3049 2099 3117 2136 ex
3172 2084 3353 2146 Patre,
3412 2081 3582 2136 veluti
3655 2081 3746 2151 qui
3810 2096 3886 2136 ex

655 2178 799 2233 illius
830 2184 1021 2232 ventre
1050 2175 1254 2229 dicitur
1289 2189 1410 2231 esse
1447 2173 1779 2243 generatus.)
2521 2221 2523 2223 .

725 2273 889 2328 VB".
921 2271 975 2324 4.
1002 2266 1213 2323 Iuravit
1261 2269 1537 2325 Dominus.
1581 2268 1651 2324 Ut
1689 2268 1992 2339 indignatio
2024 2267 2076 2321 in
2111 2265 2221 2341 Duo

2399 2263 2620 2328 Ὠμοσε
2648 2261 2884 2328 Κύριος.
2917 2259 3126 2335 ’Ὠσπερ
3147 2259 3176 2311 ὀ
3199 2258 3367 2328 θυμὸς
3392 2259 3487 2312 ἐπὶ
3540 2257 3674 2311 Θεοῦ
3732 2257 3895 2325 λεγό⁶

657 2361 1124 2432 perturbationem
1162 2377 1268 2414 non
1297 2359 1591 2427 signiﬁcat,
1643 2359 1736 2414 sed
1771 2367 1978 2413 motum
2028 2359 2228 2424 divinm

2333 2370 2514 2422 μενος,
2546 2353 2606 2404 οὐ
2635 2350 2889 2420 σημαίνει
2958 2349 3149 2414 πάθος,
3199 2349 3338 2404 ἀλλὰ
3385 2349 3484 2420 τὴν
3551 2351 3767 2420 κίνησιν
3789 2352 3900 2414 τῆς

655 2455 943 2521 potestatis
988 2453 1056 2506 ad
1091 2453 1408 2516 vindictam,
1445 2451 1518 2505 ita
1563 2453 1932 2519 juramentum
1982 2451 2075 2504 Dei
2118 2464 2226 2502 non

661 2543 929 2597 humanos
954 2541 1172 2609 iurandi
1234 2542 1389 2605 ritus,
1432 2539 1529 2594 sed
1576 2539 2040 2594 conﬁrmationem
2072 2549 2230 2610 atque

659 2632 1113 2687 asseverationem
1143 2632 1414 2698 signiﬁcat
1445 2630 1646 2685 divina:
1677 2631 1981 2684 sententiae.

734 2720 800 2773 Et
829 2737 933 2774 non
959 2721 1227 2788 paenitebit
1257 2736 1394 2772 eum.
1444 2717 1556 2772 Hoc
1589 2727 1694 2780 est.
1732 2733 1839 2773 non
1872 2721 2105 2775 mutabit
2135 2722 2230 2775 de-

661 2815 896 2874 cretum,
953 2804 1410 2877 quemadmodum
1475 2820 1849 2874 saepenumero
1900 2805 2042 2860 Deus
2100 2820 2232 2865 con-

664 2899 814 2954 sulto
844 2896 1115 2956 multis,in
1155 2897 1318 2952 rebus
1353 2896 1501 2951 facit.
1539 2896 1680 2963 Quid
1735 2906 1912 2952 autem
1940 2897 2227 2966 iuraverit.

666 2990 769 3043 hoc
791 2998 896 3050 est,
922 2987 1053 3057 quid
1081 2997 1461 3043 asseveranter
1486 2988 1815 3052 decreverit,
1855 2989 1978 3042 audi
2004 3004 2020 3042 :

737 3079 817 3134 Tu
866 3097 919 3134 es
975 3080 1224 3134 sacerdos
1261 3080 1313 3132 in
1343 3087 1615 3141 internum,
1675 3063 1958 3133 secundum
1996 3079 2231 3134 ordinem
2265 3109 2267 3112 ·

667 3167 1377 3226 ΜειεΙιὶςεάεοΙι.”5ιιερτὰοε
1416 3170 1634 3239 quidem
1687 3169 1856 3224 veluti
1907 3169 1996 3239 qui
2043 3173 2234 3242 mystia

667 3279 792 3334 cum
829 3278 1018 3330 panem
1066 3268 1122 3315 et
1158 3262 1344 3314 vinum
1378 3260 1433 3313 in
1466 3255 1646 3314 Coena
1669 3261 1935 3328 apostolis
1982 3258 2230 3323 tradidit‘,
2273 3263 2277 3296 '-

667 3339 1118 3420 qiieritadtnOtlum
1181 3350 1580 3406 Melchisedech
1651 3349 1882 3405 Abraha:
1936 3358 1991 3405 et
2065 3349 2236 3405 sociis

668 3445 818 3499 dedit
849 3445 1200 3500 redeuntibus
1229 3461 1259 3498 e
1292 3445 1451 3500 bello.
1484 3429 1989 3499 IEternum'autem
2022 3452 2104 3498 est
2130 3443 2234 3498 hoc

673 3537 1065 3600 sacerdotium,
1117 3537 1241 3602 quia
1276 3551 1374 3590 nec
1419 3535 1752 3605 principium
1792 3533 2024 3598 dierum,
2058 3550 2234 3603 neque

669 3634 796 3685 vitm
851 3628 1010 3688 linem
1077 3628 1242 3682 habet
1291 3628 1555 3682 :ratione
1618 3625 1869 3680 nimirum
1930 3625 2232 3683 divinitatis

668 3722 898 3788 Christi,
935 3719 1394 3788 quemadmodum
1449 3733 1547 3774 nec
1579 3718 1746 3773 ullum
1782 3717 2036 3772 habuisse
2066 3717 2230 3786 prin-

670 3815 894 3880 cipium,
939 3821 1033 3865 aut
1091 3812 1250 3866 linem
1311 3813 1486 3880 ipsum
1541 3811 1772 3880 legimus
1816 3809 2230 3865 Melchisedech.

671 3904 872 3959 Verum
931 3903 1076 3957 hunc
1116 3903 1508 3956 Melchisedech
1557 3901 2019 3970 principium‘aut
2071 3900 2232 3954 ﬁnem

2330 2444 2705 2514 τιμωρητικῆς
2757 2442 3060 2508 δυνάμεως,
3135 2439 3280 2494 οὕτω
3307 2443 3401 2495 καὶ
3425 2443 3454 2494 ὁ
3488 2441 3651 2512 ὅρκος
3697 2441 3899 2503 αὑτοῦ,

2329 2537 2428 2605 τὴν
2460 2534 2751 2606 βεϐαίωσιν
2773 2534 2941 2603 δηλοῖ,
2967 2536 3061 2586 καὶ
3082 2534 3143 2586 οὐ
3165 2534 3256 2586 τὸν
3291 2536 3422 2605 παρ’
3455 2535 3590 2604 ἡμῖν
3609 2534 3902 2602 γινόμενον

2328 2627 2510 2696 ὅρκον.

2401 2716 2510 2772 Καὶ
2555 2719 2629 2771 οὐ
2687 2717 3262 2787 μεταμεληθήσεται.
3337 2717 3414 2770 Ou
3487 2715 3783 2784 μεταϐαλεῖ
3832 2714 3904 2767 τὸ

2329 2809 2668 2880 δεδογμένον,
2697 2812 2800 2863 οὐκ
2825 2809 3129 2874 ἀλλοιώσει,
3175 2808 3428 2876 καθάπερ
3460 2809 3605 2860 ποιεῖ
3631 2807 3904 2868 πολλάκις

2331 2899 2640 2964 ἔπ’ᾶλλων,
2694 2901 2762 2954 δι’
2790 2900 3122 2970 οἰκονομίας.
3186 2901 3253 2952 Ti
3284 2899 3340 2951 δὲ
3387 2896 3593 2968 ὤμοσε,
3645 2897 3903 2950 τουτέστι

2333 2990 2564 3060 βεϐαίως
2596 2975 2934 3060 (inceptiva-ro,
2972 2992 3228 3046 ᾶκουσον.

2403 3083 2488 3138 ,Σὺ
2513 3078 2572 3136 εἴ
2606 3083 2793 3151 ιερεὺς
2838 3085 2928 3148 εἰς
2985 3083 3093 3137 τὸν
3131 3082 3337 3148 αἰῶνα,
3379 3084 3530 3140 κατὰ
3571 3083 3688 3151 τὴν
3721 3083 3905 3148 τάξιν

2332 3174 2726 3244 Μελχισεδέκ.
2773 3174 2975 3244 Ἰερεὺς
3004 3175 3122 3244 μὲν,
3154 3173 3230 3239 ὡς
3260 3173 3429 3244 ἄρτου
3477 3175 3572 3228 καὶ
3618 3175 3761 3227 οἴνου
3799 3191 3906 3244 με-

2332 3267 2525 3330 ταδοὺς
2569 3269 2682 3330 τοῖς
2725 3268 3067 3332 ἀποστόλοις,
3119 3268 3178 3318 ἐν
3234 3267 3312 3337 τῷ
3367 3267 3616 3336 μυστικῷ
3667 3267 3901 3342 δείπνῳ,

2333 3358 2584 3431 καθάπερ
2615 3361 2643 3412 ὀ
2691 3359 3022 3429 Μελχισεδὲκ
3072 3360 3185 3422 τοῖς
3263 3361 3390 3432 περὶ
3465 3361 3737 3433 Ἀϐραὰμ,
3799 3365 3900 3426 Et:

2305 3449 2682 3520 ,ὑπέστρεψαν
2742 3451 2852 3503 ἀπὸ
2907 3451 3003 3503 τοῦ
3055 3451 3320 3519 πολέμου.
3362 3453 3453 3514 Ei;
3509 3453 3682 3534 aiam
3709 3453 3904 3517 δὶ,ὠ;

2340 3540 2475 3618 μὴεε
2513 3539 2690 3610 ἀρχὴν
2725 3539 2973 3610 ἡμερῶν,
3006 3542 3143 3610 μήτε
3184 3540 3329 3608 ζωῆς
3367 3542 3517 3604 τέλος
3539 3542 3702 3614 ἔχων,
3755 3545 3904 3598 κατὰ

2335 3629 2432 3698 τὴν
2454 3629 2712 3701 θεότητα,
2742 3630 2931 3701 ὥσπερ
2968 3636 2996 3686 ὁ
3026 3633 3386 3702 Μελχισεδὲκ,
3445 3634 3586 3690 κατὰ
3617 3635 3716 3706 τὴν
3756 3637 3904 3689 iaso-

2339 3719 2484 3790 ρίαν.
2523 3721 2681 3776 Ἀλλὰ
2707 3723 3040 3795 Μελχισεδὲκ
3078 3725 3198 3790 μὲν,
3221 3727 3318 3780 οὐκ
3351 3726 3462 3799 ἔχει
3499 3725 3692 3792 ταῦτα,
3721 3726 3808 3780 διὰ
3834 3725 3905 3780 ab

2339 3815 2840 3887 παρασιωπηθῆναι
2892 3822 2958 3888 τῇ
3007 3821 3219 3890 ἱστορίᾳ
3281 3821 3380 3890 τῆς
3430 3820 3694 3892 Γραφῆς·
3747 3823 3777 3872 ὁ
3837 3819 3902 3871 δι

2339 3905 2589 3975 Χριστὸς,
2618 3908 2706 3961 διὰ
2734 3910 2831 3980 τὴν
2860 3911 3137 3981 ἀλήθειαν.

671 4014 779 4052 non
843 3997 1040 4053 habere
1090 3996 1345 4060 dicimus,
1386 3984 1511 4065 quia
1573 3993 1801 4057 historia
1841 3991 1892 4045 id
1932 3992 2122 4046 tacuit.
2198 3994 2269 4049 At
2330 3996 2584 4055 Christus
2650 4000 2953 4056 ditiuitatis
3030 4017 3143 4058 suae
3203 4004 3411 4058 nullum
3467 4019 3594 4059 vere
3653 4019 3901 4076 unquam

673 4089 996 4160 principium
1026 4087 1234 4147 habuit.
1267 4101 1368 4140 nec
1396 4085 1554 4140 finem
1586 4085 1760 4138 ullum
1808 4082 2098 4136 habiturus
2126 4092 2233 4138 est.

741 4185 906 4240 Vens.
944 4184 996 4242 5.
1053 4183 1305 4238 Dominus
1346 4200 1378 4236 a
1419 4180 1792 4238 dextristuis.
1849 4180 2126 4234 Auxilium
2179 4180 2230 4233 ei

2397 4182 2608 4249 Κύριος
2633 4183 2700 4237 ἐκ
2727 4181 2942 4247 δεξιῶν
2958 4200 3092 4239 σου.
3123 4184 3342 4251 Βοηθῶν
3360 4184 3435 4248 ὡς
3463 4184 3753 4258 ἀνθρώπῳ.
3784 4189 3896 4245 Καὶ

582 4298 585 4301 ·
675 4278 840 4332 veluti
894 4276 1100 4330 homini
1154 4276 1384 4330 laturus.
1423 4274 1558 4330 Nam
1595 4280 1650 4329 et
1702 4273 1755 4326 in
1794 4272 2006 4342 psalmo
2049 4287 2116 4325 xv
2166 4288 2229 4326 ex

2331 4275 2390 4327 ὲν
2420 4274 2497 4344 τῷ
2535 4274 2597 4327 ιε’
2623 4275 2820 4344 ψαλμῷ
2843 4275 3151 4345 γέγραπται
3183 4293 3198 4308 ο
3227 4278 3589 4346 Προωρώμην
3627 4281 3734 4333 τὸν
3775 4283 3900 4335 Κύ-

675 4381 908 4440 pcrsona
966 4367 1173 4421 Christi
1232 4367 1494 4434 scriptum
1542 4365 1826 4431 legimus:
1885 4363 2230 4418 Providebam

2331 4380 2460 4431 ριον
2486 4362 2737 4416 ἐνώπιόν
2761 4382 2878 4432 μου
2914 4366 3010 4420 διὰ
3040 4366 3284 4433 παντὸς,
3310 4365 3406 4420 -ὄτι
3446 4367 3515 4422 ἐκ
3545 4367 3760 4433 δεξιῶν
3774 4385 3899 4438 μου

673 4461 957 4515 Dominum
998 4458 1053 4512 in
1078 4467 1354 4534 conspectu
1385 4473 1494 4509 meo
1521 4473 1742 4526 semper,
1771 4457 2018 4531 quoniam
2046 4474 2076 4510 a
2104 4456 2234 4510 dea;-

676 4555 770 4607 tris
801 4561 876 4607 est
905 4552 1056 4618 mihi,
1081 4567 1143 4604 ne
1164 4564 1508 4604 commoveor.

747 4643 1015 4716 Confugit
1048 4643 1102 4696 in
1136 4643 1220 4696 die
1269 4643 1363 4695 ira:
1414 4630 1524 4694 me
1556 4653 1719 4708 reges.
1777 4636 1852 4691 De
1909 4637 1999 4716 die
2047 4639 2236 4707 iudicii

677 4749 860 4788 sermo
896 4743 1002 4797 est,
1049 4733 1269 4803 quando
1313 4733 1509 4803 impios
1567 4747 1720 4803 reges
1771 4739 2019 4786 conteret
2069 4729 2234 4794 Deus,

2335 4455 2524 4520 ἐστὶν,
2557 4457 2655 4512 ινα
2677 4455 2762 4525 μὴ
2792 4457 3085 4514 σαλευθῶ.

2404 4635 2787 4691 Συνέθλασεν
2816 4636 2886 4690 ἐν
2910 4635 3095 4709 ἡμέρᾳ
3118 4633 3298 4703 ὀργῆς
3345 4633 3532 4688 αὑτοῦ
3582 4633 3894 4701 βασιλεῖς.

2338 4727 2474 4798 Περὶ
2503 4729 2601 4796 τῆς
2653 4727 2865 4797 ἡμέρας
2889 4728 2988 4796 τῆς
3018 4725 3248 4796 κρίσεως
3289 4726 3317 4778 ὁ
3354 4726 3534 4794 λόγος,
3563 4726 3650 4779 ὅτι
3674 4727 3896 4797 συντρε-

677 4824 901 4877 statutis
933 4824 1187 4877 nimirum
1224 4827 1292 4879 ab
1316 4839 1383 4878 eo
1418 4824 1614 4892 poenis.
1644 4810 1797 4890 Quod
1828 4823 1873 4879 si
1899 4837 2052 4892 reges
2087 4823 2234 4891 ipsos

2331 4819 2420 4889 ψει
2447 4818 2573 4882 τοὺς
2602 4817 2814 4880 ὰσεδεῐς
2847 4816 3106 4896 βασιλεῖς,
3153 4817 3212 4869 ὲν
3256 4819 3374 4878 ταῖς
3419 4817 3896 4886 ἀποτεταγμέναις

678 4914 1016 4976 contriverit,
1063 4914 1408 4982 perspicuum
1458 4926 1538 4970 est
1588 4915 1729 4982 quod
1787 4916 1961 4991 multo
2011 4913 2232 4967 facilius

2332 4912 2636 4966 κολάσεσιν.
2674 4910 2733 4964 El
2759 4909 2815 4963 δὲ
2843 4909 2968 4974 τοὺς
2993 4908 3250 4979 βασιλεῖς,
3293 4907 3450 4976 δῆλον
3484 4908 3577 4963 καὶ
3615 4909 3744 4972 τοὺς
3791 4908 3895 4962 ἄλ·

678 5020 902 5060 ctetcros
941 5017 1130 5059 omnes
1160 5005 1368 5073 puniet,
1391 5005 1482 5072 qui
1514 5005 1774 5061 adversus
1807 5021 1931 5060 eum
1953 5004 2220 5073 .delique-

2331 5007 2448 5073 λους
2481 5006 2708 5068 πάντας.

649 5113 651 5115 ’
682 5099 812 5152 rint.

753 5331 800 5364 ⁹⁰
832 5324 978 5384 Tsal.
1025 5345 1240 5398 Luxu,
1268 5331 1322 5386 2.
1396 5331 1438 5363 ’ί
1481 5331 1497 5387 I
1529 5330 1653 5388 Cor.
1687 5346 1804 5396 vni,
1835 5329 1886 5385 6.

1963 5331 2006 5364 θ’
2053 5328 2210 5385 Joan.
2264 5323 2492 5392 xvr,’58.

1980 5447 2180 5509 Variae
2209 5442 2534 5506 lectiones.

689 5547 798 5615 γὰρ
840 5547 988 5600 ἔστιν
1016 5548 1042 5599 ὁ
1067 5546 1179 5617 πρὸ
1225 5545 1527 5613 Ἑωσφόρου
1562 5545 1769 5616 καιρός)
1805 5547 1832 5597 ὁ
1874 5543 2244 5617 Χριστὺςηὲτέέ

688 5619 811 5682 γτδη,
847 5618 904 5666 τὸ
953 5616 1090 5668 κατὰ
1147 5618 1358 5668 Λουκᾶν
1403 5615 2021 5682 Εὑαγγὲλιονδείκνύσι.
2101 5615 2239 5681 Φησὶ

692 5686 828 5750 γὰρ,
875 5685 1080 5739 ὅτιτῶν
1101 5686 1370 5755 ποιμένων
1395 5686 1828 5755 ἀγραυὶούντων,
1853 5703 1904 5738 κ.
1935 5703 1982 5740 τ.
2013 5686 2058 5739 λ.
2093 5685 2234 5739 Mu-

690 5769 844 5810 ΪΙᾹΕΙ.

2411 5541 2520 5609 (26)
2553 5539 2730 5596 Locus
2765 5541 2948 5598 Basilii
2981 5541 3156 5612 Magni
3189 5535 3349 5612 quem
3369 5534 3750 5612 _habet_versio
3775 5532 3892 5612 La-

2342 5605 2473 5675 tina,
2502 5605 2655 5665 deest
2706 5613 2870 5666 etiam
2905 5614 2958 5665 in
3007 5605 3144 5664 mEis
3205 5605 3488 5661 codicibus
3546 5605 3887 5675 ﬂosquensi-

2347 5673 2469 5738 hus.
2503 5681 2573 5734 In.
2612 5712 2676 5721 —
2712 5681 2843 5735 Cod.
2870 5677 3208 5751 Nosquensis
3248 5677 3471 5751 {inaddit
3500 5673 3708 5751 {Tot'no
3739 5674 3794 5751 ξε
3819 5673 3887 5751 εδ

2349 5753 2508 5821 ῥητὸν
2533 5753 2832 5822 ἡρμήνευσε
2865 5742 3040 5818 σοφῶς
3063 5748 3167 5816 ἄρα
3193 5747 3281 5800 καὶ
3303 5746 3487 5817 ’σαφῶς
3503 5749 3529 5800 ὁ
3553 5747 3721 5817 μέγας
3742 5742 3890 5794 Παῖ-
