  <div class='ocr_page' id='page_1' title='image "/cluster/home/n/w/nwhite01/storage/ocr_20150623/128/pst.000005714438/595.png"; bbox 0 0 4150 6326; ppageno 0'>
   <div class='ocr_carea' id='block_1_1' title="bbox 692 536 815 603">
    <p class='ocr_par' dir='ltr' id='par_1_1' title="bbox 692 536 815 603">
     <span class='ocr_line' id='line_1_1' title="bbox 692 536 815 603; baseline -0.024 -2"><span class='ocrx_word' id='word_1_1' title='bbox 692 536 815 603; x_wconf 79' lang='grc'><strong>1091</strong></span> 
     </span>
    </p>
   </div>
   <div class='ocr_carea' id='block_1_2' title="bbox 1883 529 2651 610">
    <p class='ocr_par' dir='ltr' id='par_1_2' title="bbox 1883 529 2651 610">
     <span class='ocr_line' id='line_1_2' title="bbox 1883 529 2651 610; baseline -0.003 -21"><span class='ocrx_word' id='word_1_2' title='bbox 1883 531 2263 590; x_wconf 70' lang='lat' dir='ltr'><strong>eorum“</strong></span> <span class='ocrx_word' id='word_1_3' title='bbox 2299 529 2651 610; x_wconf 67' lang='lat' dir='ltr'><strong>ZIGABENI</strong></span> 
     </span>
    </p>
   </div>
   <div class='ocr_carea' id='block_1_3' title="bbox 3747 530 3889 594">
    <p class='ocr_par' dir='ltr' id='par_1_3' title="bbox 3747 530 3889 594">
     <span class='ocr_line' id='line_1_3' title="bbox 3747 530 3889 594; baseline 0.014 -2"><span class='ocrx_word' id='word_1_4' title='bbox 3747 530 3889 594; x_wconf 75' lang='lat'><strong>1092</strong></span> 
     </span>
    </p>
   </div>
   <div class='ocr_carea' id='block_1_4' title="bbox 684 625 2242 722">
    <p class='ocr_par' dir='ltr' id='par_1_4' title="bbox 684 625 2230 722">
     <span class='ocr_line' id='line_1_4' title="bbox 684 625 2230 722; baseline -0.005 -18"><span class='ocrx_word' id='word_1_5' title='bbox 684 666 866 722; x_wconf 80' lang='lat' dir='ltr'><strong>peram</strong></span> <span class='ocrx_word' id='word_1_6' title='bbox 902 625 1121 711; x_wconf 71' lang='lat' dir='ltr'><strong>factum,</strong></span> <span class='ocrx_word' id='word_1_7' title='bbox 1159 646 1289 700; x_wconf 87' lang='lat' dir='ltr'><strong>nihil</strong></span> <span class='ocrx_word' id='word_1_8' title='bbox 1318 645 1492 697; x_wconf 87' lang='lat' dir='ltr'><strong>minus</strong></span> <span class='ocrx_word' id='word_1_9' title='bbox 1523 649 1724 712; x_wconf 80' lang='lat' dir='ltr'><strong>aptum,</strong></span> <span class='ocrx_word' id='word_1_10' title='bbox 1760 653 1851 694; x_wconf 90' lang='lat' dir='ltr'><strong>aut</strong></span> <span class='ocrx_word' id='word_1_11' title='bbox 1899 657 1996 696; x_wconf 80' lang='lat' dir='ltr'><strong>suo</strong></span> <span class='ocrx_word' id='word_1_12' title='bbox 2029 641 2230 710; x_wconf 80' lang='lat' dir='ltr'><strong>Opiﬁcc</strong></span> 
     </span>
    </p>
   </div>
   <div class='ocr_carea' id='block_1_5' title="bbox 2331 625 3886 722">
    <p class='ocr_par' dir='ltr' id='par_1_5' title="bbox 2331 629 3886 717">
     <span class='ocr_line' id='line_1_5' title="bbox 2331 629 3886 717; baseline 0.004 -27"><span class='ocrx_word' id='word_1_13' title='bbox 2331 658 2414 700; x_wconf 82' lang='grc' dir='ltr'><strong>κις</strong></span> <span class='ocrx_word' id='word_1_14' title='bbox 2445 640 2666 692; x_wconf 78' lang='grc' dir='ltr'>τοιαῦτα</span> <span class='ocrx_word' id='word_1_15' title='bbox 2694 641 2856 704; x_wconf 80' lang='grc' dir='ltr'>δοκεῖ,</span> <span class='ocrx_word' id='word_1_16' title='bbox 2893 639 2977 693; x_wconf 75' lang='grc' dir='ltr'><strong>διὰ</strong></span> <span class='ocrx_word' id='word_1_17' title='bbox 3006 642 3075 717; x_wconf 63' lang='grc' dir='ltr'><strong>¹τὸ</strong></span> <span class='ocrx_word' id='word_1_18' title='bbox 3115 643 3487 712; x_wconf 74' lang='grc' dir='ltr'>ἐστραμμένον</span> <span class='ocrx_word' id='word_1_19' title='bbox 3531 645 3632 715; x_wconf 72' lang='grc' dir='ltr'>τῆς</span> <span class='ocrx_word' id='word_1_20' title='bbox 3680 629 3886 717; x_wconf 72' lang='grc' dir='ltr'>φρονή-</span> 
     </span>
    </p>
   </div>
   <div class='ocr_carea' id='block_1_6' title="bbox 685 735 2226 823">
    <p class='ocr_par' dir='ltr' id='par_1_6' title="bbox 685 735 2226 823">
     <span class='ocr_line' id='line_1_6' title="bbox 685 735 2226 823; baseline -0.006 -25"><span class='ocrx_word' id='word_1_21' title='bbox 685 744 961 811; x_wconf 90' lang='lat' dir='ltr'><strong>indignum</strong></span> <span class='ocrx_word' id='word_1_22' title='bbox 994 741 1294 792; x_wconf 87' lang='lat' dir='ltr'><strong>inveniunt.</strong></span> <span class='ocrx_word' id='word_1_23' title='bbox 1342 737 1532 823; x_wconf 69' lang='lat' dir='ltr'><strong>ania</strong></span> <span class='ocrx_word' id='word_1_24' title='bbox 1563 736 1706 790; x_wconf 89' lang='lat' dir='ltr'><strong>enim</strong></span> <span class='ocrx_word' id='word_1_25' title='bbox 1743 735 2067 788; x_wconf 87' lang='lat' dir='ltr'><strong>adamussim</strong></span> <span class='ocrx_word' id='word_1_26' title='bbox 2099 748 2226 800; x_wconf 84' lang='lat' dir='ltr'><strong>pro-</strong></span> 
     </span>
    </p>
   </div>
   <div class='ocr_carea' id='block_1_7' title="bbox 2330 734 2688 794">
    <p class='ocr_par' dir='ltr' id='par_1_7' title="bbox 2330 734 2688 794">
     <span class='ocr_line' id='line_1_7' title="bbox 2330 734 2688 794; baseline 0.011 -10"><span class='ocrx_word' id='word_1_27' title='bbox 2330 749 2463 794; x_wconf 89' lang='grc' dir='ltr'>σεως</span> <span class='ocrx_word' id='word_1_28' title='bbox 2493 734 2688 788; x_wconf 77' lang='grc' dir='ltr'>αὐτῶν.</span> 
     </span>
    </p>
   </div>
   <div class='ocr_carea' id='block_1_8' title="bbox 682 835 3885 915">
    <p class='ocr_par' dir='ltr' id='par_1_8' title="bbox 682 835 3885 915">
     <span class='ocr_line' id='line_1_8' title="bbox 682 835 3885 915; baseline 0.001 -25"><span class='ocrx_word' id='word_1_29' title='bbox 682 852 858 895; x_wconf 76' lang='lat' dir='ltr'><strong>creata</strong></span> <span class='ocrx_word' id='word_1_30' title='bbox 886 850 1029 902; x_wconf 87' lang='lat' dir='ltr'><strong>sunt,</strong></span> <span class='ocrx_word' id='word_1_31' title='bbox 1061 848 1112 892; x_wconf 89' lang='lat' dir='ltr'><strong>ct</strong></span> <span class='ocrx_word' id='word_1_32' title='bbox 1136 853 1230 892; x_wconf 90' lang='lat' dir='ltr'><strong>sua</strong></span> <span class='ocrx_word' id='word_1_33' title='bbox 1285 838 1495 893; x_wconf 84' lang='lat' dir='ltr'><strong>ratione</strong></span> <span class='ocrx_word' id='word_1_34' title='bbox 1546 835 1875 900; x_wconf 89' lang='lat' dir='ltr'><strong>consistunt,</strong></span> <span class='ocrx_word' id='word_1_35' title='bbox 1946 835 2162 889; x_wconf 88' lang='lat' dir='ltr'><strong>tametsi</strong></span> <span class='ocrx_word' id='word_1_36' title='bbox 2229 848 2599 902; x_wconf 62' lang='lat' dir='ltr'><strong>sapenumcro</strong></span> <span class='ocrx_word' id='word_1_37' title='bbox 2647 835 2851 899; x_wconf 88' lang='lat' dir='ltr'><strong>multis,</strong></span> <span class='ocrx_word' id='word_1_38' title='bbox 2903 835 2972 889; x_wconf 93' lang='lat' dir='ltr'><strong>ob</strong></span> <span class='ocrx_word' id='word_1_39' title='bbox 3008 836 3344 904; x_wconf 74' lang='lat' dir='ltr'><strong>‘dt‘pravatas</strong></span> <span class='ocrx_word' id='word_1_40' title='bbox 3392 853 3580 892; x_wconf 85' lang='lat' dir='ltr'><strong>eorum</strong></span> <span class='ocrx_word' id='word_1_41' title='bbox 3648 851 3885 915; x_wconf 69' lang='lat' dir='ltr'><strong>mentes,</strong></span> 
     </span>
    </p>
   </div>
   <div class='ocr_carea' id='block_1_9' title="bbox 681 929 1247 986">
    <p class='ocr_par' dir='ltr' id='par_1_9' title="bbox 681 929 1247 986">
     <span class='ocr_line' id='line_1_9' title="bbox 681 929 1247 986; baseline -0.002 -3"><span class='ocrx_word' id='word_1_42' title='bbox 681 946 840 986; x_wconf 78' lang='lat' dir='ltr'><strong>secus</strong></span> <span class='ocrx_word' id='word_1_43' title='bbox 867 933 1035 986; x_wconf 84' lang='lat' dir='ltr'><strong>visum</strong></span> <span class='ocrx_word' id='word_1_44' title='bbox 1068 929 1247 984; x_wconf 81' lang='lat' dir='ltr'><strong>fuerit.</strong></span> 
     </span>
    </p>
   </div>
   <div class='ocr_carea' id='block_1_10' title="bbox 754 1021 2218 1096">
    <p class='ocr_par' dir='ltr' id='par_1_10' title="bbox 754 1021 2218 1096">
     <span class='ocr_line' id='line_1_10' title="bbox 754 1021 2218 1096; baseline -0.003 -16"><span class='ocrx_word' id='word_1_45' title='bbox 754 1027 1027 1096; x_wconf 71' lang='lat' dir='ltr'><strong>Exquisita</strong></span> <span class='ocrx_word' id='word_1_46' title='bbox 1076 1028 1128 1079; x_wconf 82' lang='lat' dir='ltr'><strong>in</strong></span> <span class='ocrx_word' id='word_1_47' title='bbox 1193 1041 1379 1078; x_wconf 71' lang='lat' dir='ltr'><strong>omnes</strong></span> <span class='ocrx_word' id='word_1_48' title='bbox 1423 1025 1709 1077; x_wconf 82' lang='lat' dir='ltr'><strong>voluntates</strong></span> <span class='ocrx_word' id='word_1_49' title='bbox 1757 1024 1892 1092; x_wconf 86' lang='lat' dir='ltr'><strong>ejus.</strong></span> <span class='ocrx_word' id='word_1_50' title='bbox 1938 1021 2050 1078; x_wconf 83' lang='lat' dir='ltr'><strong>Hoc</strong></span> <span class='ocrx_word' id='word_1_51' title='bbox 2101 1030 2218 1085; x_wconf 84' lang='lat' dir='ltr'><strong>est,</strong></span> 
     </span>
    </p>
   </div>
   <div class='ocr_carea' id='block_1_11' title="bbox 679 1112 2224 1184">
    <p class='ocr_par' dir='ltr' id='par_1_11' title="bbox 679 1112 2224 1184">
     <span class='ocr_line' id='line_1_11' title="bbox 679 1112 2224 1184; baseline -0.003 -13"><span class='ocrx_word' id='word_1_52' title='bbox 679 1127 868 1171; x_wconf 76' lang='lat' dir='ltr'><strong>exacte</strong></span> <span class='ocrx_word' id='word_1_53' title='bbox 894 1133 956 1170; x_wconf 89' lang='lat' dir='ltr'><strong>ac</strong></span> <span class='ocrx_word' id='word_1_54' title='bbox 980 1115 1269 1184; x_wconf 78' lang='lat' dir='ltr'><strong>diligenter</strong></span> <span class='ocrx_word' id='word_1_55' title='bbox 1300 1113 1466 1177; x_wconf 79' lang='lat' dir='ltr'><strong>facta,</strong></span> <span class='ocrx_word' id='word_1_56' title='bbox 1514 1125 1568 1167; x_wconf 87' lang='lat' dir='ltr'><strong>et</strong></span> <span class='ocrx_word' id='word_1_57' title='bbox 1602 1113 2054 1182; x_wconf 68' lang='lat' dir='ltr'><strong>quemadmodum</strong></span> <span class='ocrx_word' id='word_1_58' title='bbox 2085 1112 2224 1166; x_wconf 84' lang='lat' dir='ltr'><strong>alius</strong></span> 
     </span>
    </p>
   </div>
   <div class='ocr_carea' id='block_1_12' title="bbox 2407 1019 3877 1097">
    <p class='ocr_par' dir='ltr' id='par_1_12' title="bbox 2407 1019 3877 1097">
     <span class='ocr_line' id='line_1_12' title="bbox 2407 1019 3877 1097; baseline 0.006 -27"><span class='ocrx_word' id='word_1_59' title='bbox 2407 1019 2824 1097; x_wconf 41' lang='lat' dir='ltr'><strong>’EEeC’n&#39;tn/xfra</strong></span> <span class='ocrx_word' id='word_1_60' title='bbox 2861 1023 2947 1086; x_wconf 82' lang='grc' dir='ltr'><strong>είς</strong></span> <span class='ocrx_word' id='word_1_61' title='bbox 2980 1021 3174 1075; x_wconf 83' lang='grc' dir='ltr'>πάντα</span> <span class='ocrx_word' id='word_1_62' title='bbox 3202 1026 3273 1075; x_wconf 81' lang='grc' dir='ltr'>τὰ</span> <span class='ocrx_word' id='word_1_63' title='bbox 3313 1025 3612 1091; x_wconf 73' lang='grc' dir='ltr'>θελήματα</span> <span class='ocrx_word' id='word_1_64' title='bbox 3667 1024 3877 1079; x_wconf 75' lang='grc' dir='ltr'>αὑτοῦ.</span> 
     </span>
    </p>
   </div>
   <div class='ocr_carea' id='block_1_13' title="bbox 2326 1109 3887 1182">
    <p class='ocr_par' dir='ltr' id='par_1_13' title="bbox 2326 1109 3887 1182">
     <span class='ocr_line' id='line_1_13' title="bbox 2326 1109 3887 1182; baseline 0.001 -20"><span class='ocrx_word' id='word_1_65' title='bbox 2326 1109 2832 1179; x_wconf 80' lang='grc' dir='ltr'>Ἐξηκριϐωμένως.</span> <span class='ocrx_word' id='word_1_66' title='bbox 2850 1110 3027 1173; x_wconf 86' lang='grc' dir='ltr'>καθὼς</span> <span class='ocrx_word' id='word_1_67' title='bbox 3048 1113 3131 1163; x_wconf 82' lang='grc' dir='ltr'>ἒτε</span> <span class='ocrx_word' id='word_1_68' title='bbox 3141 1129 3229 1180; x_wconf 98' lang='grc' dir='ltr'><strong>ρος</strong></span> <span class='ocrx_word' id='word_1_69' title='bbox 3247 1113 3581 1182; x_wconf 73' lang='grc' dir='ltr'>ἑρμηνευτὴξ</span> <span class='ocrx_word' id='word_1_70' title='bbox 3601 1113 3887 1179; x_wconf 79' lang='grc' dir='ltr'>ἐξέδωκεν,</span> 
     </span>
    </p>
   </div>
   <div class='ocr_carea' id='block_1_14' title="bbox 681 1201 2242 1276">
    <p class='ocr_par' dir='ltr' id='par_1_14' title="bbox 681 1203 2226 1276">
     <span class='ocr_line' id='line_1_14' title="bbox 681 1203 2226 1276; baseline -0.002 -17"><span class='ocrx_word' id='word_1_71' title='bbox 681 1209 949 1276; x_wconf 79' lang='lat' dir='ltr'><strong>interpres</strong></span> <span class='ocrx_word' id='word_1_72' title='bbox 989 1205 1390 1274; x_wconf 75' lang='lat' dir='ltr'><strong>signiﬁcantius</strong></span> <span class='ocrx_word' id='word_1_73' title='bbox 1436 1204 1668 1273; x_wconf 85' lang='lat' dir='ltr'><strong>reddidit</strong></span> <span class='ocrx_word' id='word_1_74' title='bbox 1695 1242 1709 1266; x_wconf 88' lang='lat'><strong>,</strong></span> <span class='ocrx_word' id='word_1_75' title='bbox 1750 1203 2006 1272; x_wconf 61' lang='lat' dir='ltr'><strong>praedicta</strong></span> <span class='ocrx_word' id='word_1_76' title='bbox 2060 1218 2226 1271; x_wconf 81' lang='lat' dir='ltr'><strong>opera</strong></span> 
     </span>
    </p>
   </div>
   <div class='ocr_carea' id='block_1_15' title="bbox 2331 1201 3884 1276">
    <p class='ocr_par' dir='ltr' id='par_1_15' title="bbox 2331 1201 3884 1274">
     <span class='ocr_line' id='line_1_15' title="bbox 2331 1201 3884 1274; baseline 0.003 -20"><span class='ocrx_word' id='word_1_77' title='bbox 2331 1202 2703 1271; x_wconf 77' lang='grc' dir='ltr'><strong>ἀπηρτισμένα</strong></span> <span class='ocrx_word' id='word_1_78' title='bbox 2755 1202 2822 1254; x_wconf 77' lang='grc' dir='ltr'><strong>τὰ</strong></span> <span class='ocrx_word' id='word_1_79' title='bbox 2876 1201 3108 1270; x_wconf 81' lang='grc' dir='ltr'>ρηθέντα</span> <span class='ocrx_word' id='word_1_80' title='bbox 3153 1203 3311 1272; x_wconf 82' lang='grc' dir='ltr'>ἔργα,</span> <span class='ocrx_word' id='word_1_81' title='bbox 3370 1206 3648 1256; x_wconf 78' lang='grc' dir='ltr'><strong>τουτέστιν</strong></span> <span class='ocrx_word' id='word_1_82' title='bbox 3687 1209 3884 1274; x_wconf 79' lang='grc' dir='ltr'>ἐπιτή-</span> 
     </span>
    </p>
   </div>
   <div class='ocr_carea' id='block_1_16' title="bbox 682 1293 2231 1367">
    <p class='ocr_par' dir='ltr' id='par_1_16' title="bbox 682 1293 2231 1367">
     <span class='ocr_line' id='line_1_16' title="bbox 682 1293 2231 1367; baseline 0 -19"><span class='ocrx_word' id='word_1_83' title='bbox 682 1297 923 1367; x_wconf 68' lang='grc' dir='ltr'>ρρτίεειο</span> <span class='ocrx_word' id='word_1_84' title='bbox 950 1305 1102 1360; x_wconf 88' lang='lat' dir='ltr'><strong>sunt,</strong></span> <span class='ocrx_word' id='word_1_85' title='bbox 1146 1304 1198 1349; x_wconf 91' lang='lat' dir='ltr'><strong>et</strong></span> <span class='ocrx_word' id='word_1_86' title='bbox 1237 1295 1646 1349; x_wconf 85' lang='lat' dir='ltr'><strong>accommodata</strong></span> <span class='ocrx_word' id='word_1_87' title='bbox 1683 1293 1750 1349; x_wconf 86' lang='lat' dir='ltr'><strong>ad</strong></span> <span class='ocrx_word' id='word_1_88' title='bbox 1780 1310 1970 1349; x_wconf 84' lang='lat' dir='ltr'><strong>omnes</strong></span> <span class='ocrx_word' id='word_1_89' title='bbox 2000 1293 2092 1348; x_wconf 88' lang='lat' dir='ltr'><strong>Dei</strong></span> <span class='ocrx_word' id='word_1_90' title='bbox 2135 1310 2231 1348; x_wconf 81' lang='lat' dir='ltr'><strong>vo-</strong></span> 
     </span>
    </p>
   </div>
   <div class='ocr_carea' id='block_1_17' title="bbox 681 1385 2232 1457">
    <p class='ocr_par' dir='ltr' id='par_1_17' title="bbox 681 1385 2232 1457">
     <span class='ocr_line' id='line_1_17' title="bbox 681 1385 2232 1457; baseline -0.003 -13"><span class='ocrx_word' id='word_1_91' title='bbox 681 1393 934 1444; x_wconf 77' lang='lat' dir='ltr'><strong>luntates.</strong></span> <span class='ocrx_word' id='word_1_92' title='bbox 988 1390 1289 1457; x_wconf 84' lang='lat' dir='ltr'><strong>Disponunt</strong></span> <span class='ocrx_word' id='word_1_93' title='bbox 1344 1389 1542 1441; x_wconf 90' lang='lat' dir='ltr'><strong>etenim</strong></span> <span class='ocrx_word' id='word_1_94' title='bbox 1594 1389 1793 1453; x_wconf 83' lang='lat' dir='ltr'><strong>probos</strong></span> <span class='ocrx_word' id='word_1_95' title='bbox 1848 1401 1912 1440; x_wconf 89' lang='lat' dir='ltr'><strong>ac</strong></span> <span class='ocrx_word' id='word_1_96' title='bbox 1960 1385 2232 1455; x_wconf 81' lang='lat' dir='ltr'><strong>sapientes</strong></span> 
     </span>
    </p>
   </div>
   <div class='ocr_carea' id='block_1_18' title="bbox 685 1469 2234 1547">
    <p class='ocr_par' dir='ltr' id='par_1_18' title="bbox 685 1469 2234 1547">
     <span class='ocr_line' id='line_1_18' title="bbox 685 1469 2234 1547; baseline -0.001 -16"><span class='ocrx_word' id='word_1_97' title='bbox 685 1480 851 1541; x_wconf 88' lang='lat' dir='ltr'><strong>viros,</strong></span> <span class='ocrx_word' id='word_1_98' title='bbox 888 1478 951 1532; x_wconf 86' lang='lat' dir='ltr'><strong>ad</strong></span> <span class='ocrx_word' id='word_1_99' title='bbox 1000 1477 1324 1547; x_wconf 82' lang='lat' dir='ltr'><strong>implendam</strong></span> <span class='ocrx_word' id='word_1_100' title='bbox 1375 1469 1498 1543; x_wconf 62' lang='lat' dir='ltr'><strong>ejus</strong></span> <span class='ocrx_word' id='word_1_101' title='bbox 1530 1475 1887 1529; x_wconf 81' lang='lat' dir='ltr'><strong>voluntatem.</strong></span> <span class='ocrx_word' id='word_1_102' title='bbox 1937 1474 2070 1527; x_wconf 82' lang='lat' dir='ltr'><strong>Nam</strong></span> <span class='ocrx_word' id='word_1_103' title='bbox 2112 1477 2234 1545; x_wconf 84' lang='lat' dir='ltr'><strong>quis</strong></span> 
     </span>
    </p>
   </div>
   <div class='ocr_carea' id='block_1_19' title="bbox 681 1567 2234 1638">
    <p class='ocr_par' dir='ltr' id='par_1_19' title="bbox 681 1567 2234 1638">
     <span class='ocr_line' id='line_1_19' title="bbox 681 1567 2234 1638; baseline -0.001 -15"><span class='ocrx_word' id='word_1_104' title='bbox 681 1580 784 1634; x_wconf 88' lang='lat' dir='ltr'><strong>est,</strong></span> <span class='ocrx_word' id='word_1_105' title='bbox 816 1572 905 1638; x_wconf 86' lang='lat' dir='ltr'><strong>qui</strong></span> <span class='ocrx_word' id='word_1_106' title='bbox 957 1570 1161 1631; x_wconf 85' lang='lat' dir='ltr'><strong>videat,</strong></span> <span class='ocrx_word' id='word_1_107' title='bbox 1217 1575 1310 1623; x_wconf 87' lang='lat' dir='ltr'><strong>aut</strong></span> <span class='ocrx_word' id='word_1_108' title='bbox 1360 1567 1547 1622; x_wconf 77' lang='lat' dir='ltr'><strong>audiat</strong></span> <span class='ocrx_word' id='word_1_109' title='bbox 1602 1567 1913 1638; x_wconf 66' lang='lat' dir='ltr'><strong>huiusmodi</strong></span> <span class='ocrx_word' id='word_1_110' title='bbox 1961 1582 2145 1635; x_wconf 84' lang='lat' dir='ltr'><strong>opera,</strong></span> <span class='ocrx_word' id='word_1_111' title='bbox 2182 1576 2234 1621; x_wconf 85' lang='lat' dir='ltr'><strong>et</strong></span> 
     </span>
    </p>
   </div>
   <div class='ocr_carea' id='block_1_20' title="bbox 681 1658 2235 1727">
    <p class='ocr_par' dir='ltr' id='par_1_20' title="bbox 681 1658 2235 1727">
     <span class='ocr_line' id='line_1_20' title="bbox 681 1658 2235 1727; baseline -0.005 -9"><span class='ocrx_word' id='word_1_112' title='bbox 681 1680 787 1718; x_wconf 91' lang='lat' dir='ltr'><strong>non</strong></span> <span class='ocrx_word' id='word_1_113' title='bbox 817 1664 1084 1716; x_wconf 80' lang='lat' dir='ltr'><strong>excitetur</strong></span> <span class='ocrx_word' id='word_1_114' title='bbox 1119 1661 1184 1714; x_wconf 92' lang='lat' dir='ltr'><strong>ad</strong></span> <span class='ocrx_word' id='word_1_115' title='bbox 1219 1660 1540 1716; x_wconf 81' lang='lat' dir='ltr'><strong>sectandum</strong></span> <span class='ocrx_word' id='word_1_116' title='bbox 1574 1658 1935 1727; x_wconf 87' lang='lat' dir='ltr'><strong>quodcunque</strong></span> <span class='ocrx_word' id='word_1_117' title='bbox 1980 1659 2087 1712; x_wconf 90' lang='lat' dir='ltr'><strong>Deo</strong></span> <span class='ocrx_word' id='word_1_118' title='bbox 2115 1674 2235 1725; x_wconf 78' lang='lat' dir='ltr'><strong>gra-</strong></span> 
     </span>
    </p>
   </div>
   <div class='ocr_carea' id='block_1_21' title="bbox 679 1735 2236 1820">
    <p class='ocr_par' dir='ltr' id='par_1_21' title="bbox 679 1735 2236 1820">
     <span class='ocr_line' id='line_1_21' title="bbox 679 1735 2236 1820; baseline -0.002 -16"><span class='ocrx_word' id='word_1_119' title='bbox 679 1760 793 1805; x_wconf 90' lang='lat' dir='ltr'><strong>tum</strong></span> <span class='ocrx_word' id='word_1_120' title='bbox 826 1735 1320 1820; x_wconf 36' lang='lat' dir='ltr'><strong>esse-judiqaverit,</strong></span> <span class='ocrx_word' id='word_1_121' title='bbox 1374 1749 1677 1816; x_wconf 74' lang='lat' dir='ltr'><strong>intelligens</strong></span> <span class='ocrx_word' id='word_1_122' title='bbox 1706 1761 1769 1800; x_wconf 78' lang='lat' dir='ltr'><strong>ex</strong></span> <span class='ocrx_word' id='word_1_123' title='bbox 1797 1747 1880 1800; x_wconf 79' lang='lat' dir='ltr'><strong>his</strong></span> <span class='ocrx_word' id='word_1_124' title='bbox 1912 1747 2076 1801; x_wconf 88' lang='lat' dir='ltr'><strong>Deum</strong></span> <span class='ocrx_word' id='word_1_125' title='bbox 2113 1763 2236 1801; x_wconf 84' lang='lat' dir='ltr'><strong>vero</strong></span> 
     </span>
    </p>
   </div>
   <div class='ocr_carea' id='block_1_22' title="bbox 677 1837 2232 1907">
    <p class='ocr_par' dir='ltr' id='par_1_22' title="bbox 677 1837 2232 1907">
     <span class='ocr_line' id='line_1_22' title="bbox 677 1837 2232 1907; baseline -0.003 -11"><span class='ocrx_word' id='word_1_126' title='bbox 677 1857 823 1907; x_wconf 87' lang='lat' dir='ltr'><strong>esse,</strong></span> <span class='ocrx_word' id='word_1_127' title='bbox 851 1851 903 1896; x_wconf 89' lang='lat' dir='ltr'><strong>et</strong></span> <span class='ocrx_word' id='word_1_128' title='bbox 933 1857 1056 1896; x_wconf 83' lang='lat' dir='ltr'><strong>vere</strong></span> <span class='ocrx_word' id='word_1_129' title='bbox 1087 1837 1488 1894; x_wconf 81' lang='lat' dir='ltr'><strong>misericordem</strong></span> <span class='ocrx_word' id='word_1_130' title='bbox 1516 1840 1681 1894; x_wconf 85' lang='lat' dir='ltr'><strong>esse?</strong></span> <span class='ocrx_word' id='word_1_131' title='bbox 1708 1837 2025 1894; x_wconf 86' lang='lat' dir='ltr'><strong>Voluntates</strong></span> <span class='ocrx_word' id='word_1_132' title='bbox 2053 1847 2232 1893; x_wconf 88' lang='lat' dir='ltr'><strong>autem</strong></span> 
     </span>
    </p>
   </div>
   <div class='ocr_carea' id='block_1_23' title="bbox 679 1931 1383 2000">
    <p class='ocr_par' dir='ltr' id='par_1_23' title="bbox 679 1931 1383 2000">
     <span class='ocr_line' id='line_1_23' title="bbox 679 1931 1383 2000; baseline -0.003 -15"><span class='ocrx_word' id='word_1_133' title='bbox 679 1932 772 1986; x_wconf 78' lang='lat' dir='ltr'><strong>Dei</strong></span> <span class='ocrx_word' id='word_1_134' title='bbox 802 1942 931 1987; x_wconf 86' lang='lat' dir='ltr'><strong>sunt</strong></span> <span class='ocrx_word' id='word_1_135' title='bbox 955 1932 1073 2000; x_wconf 87' lang='lat' dir='ltr'><strong>ejus</strong></span> <span class='ocrx_word' id='word_1_136' title='bbox 1106 1931 1383 1984; x_wconf 86' lang='lat' dir='ltr'><strong>mandata.</strong></span> 
     </span>
    </p>
   </div>
   <div class='ocr_carea' id='block_1_24' title="bbox 2327 1291 3884 1365">
    <p class='ocr_par' dir='ltr' id='par_1_24' title="bbox 2327 1291 3884 1365">
     <span class='ocr_line' id='line_1_24' title="bbox 2327 1291 3884 1365; baseline 0.003 -21"><span class='ocrx_word' id='word_1_137' title='bbox 2327 1292 2443 1345; x_wconf 88' lang='grc' dir='ltr'>δεια</span> <span class='ocrx_word' id='word_1_138' title='bbox 2465 1293 2543 1353; x_wconf 78' lang='grc' dir='ltr'><strong>είς</strong></span> <span class='ocrx_word' id='word_1_139' title='bbox 2571 1293 2744 1345; x_wconf 75' lang='grc' dir='ltr'>πάντα</span> <span class='ocrx_word' id='word_1_140' title='bbox 2763 1292 2830 1344; x_wconf 70' lang='grc' dir='ltr'><strong>τὰ</strong></span> <span class='ocrx_word' id='word_1_141' title='bbox 2865 1291 3141 1361; x_wconf 83' lang='grc' dir='ltr'>θελήματα</span> <span class='ocrx_word' id='word_1_142' title='bbox 3169 1293 3355 1358; x_wconf 80' lang='grc' dir='ltr'>αὐτοῦ,</span> <span class='ocrx_word' id='word_1_143' title='bbox 3390 1296 3884 1365; x_wconf 72' lang='grc' dir='ltr'><strong>παρασκευάζοντα</strong></span> 
     </span>
    </p>
   </div>
   <div class='ocr_carea' id='block_1_25' title="bbox 2330 1379 3888 1456">
    <p class='ocr_par' dir='ltr' id='par_1_25' title="bbox 2330 1379 3888 1456">
     <span class='ocr_line' id='line_1_25' title="bbox 2330 1379 3888 1456; baseline 0.003 -22"><span class='ocrx_word' id='word_1_144' title='bbox 2330 1379 2454 1446; x_wconf 80' lang='grc' dir='ltr'>τοὺς</span> <span class='ocrx_word' id='word_1_145' title='bbox 2485 1383 2734 1445; x_wconf 82' lang='grc' dir='ltr'>συνετοὺς</span> <span class='ocrx_word' id='word_1_146' title='bbox 2756 1384 2924 1436; x_wconf 80' lang='grc' dir='ltr'><strong>ποιεῖν</strong></span> <span class='ocrx_word' id='word_1_147' title='bbox 2947 1383 3104 1440; x_wconf 78' lang='grc' dir='ltr'>αὑτά.</span> <span class='ocrx_word' id='word_1_148' title='bbox 3138 1383 3233 1447; x_wconf 85' lang='grc' dir='ltr'>Τίς</span> <span class='ocrx_word' id='word_1_149' title='bbox 3258 1386 3362 1456; x_wconf 84' lang='grc' dir='ltr'>γὰρ</span> <span class='ocrx_word' id='word_1_150' title='bbox 3383 1386 3524 1454; x_wconf 78' lang='grc' dir='ltr'>ὁρῶν</span> <span class='ocrx_word' id='word_1_151' title='bbox 3544 1387 3632 1439; x_wconf 73' lang='grc' dir='ltr'>καὶ</span> <span class='ocrx_word' id='word_1_152' title='bbox 3666 1387 3888 1440; x_wconf 82' lang='grc' dir='ltr'>ἁκούων</span> 
     </span>
    </p>
   </div>
   <div class='ocr_carea' id='block_1_26' title="bbox 2330 1471 3890 1547">
    <p class='ocr_par' dir='ltr' id='par_1_26' title="bbox 2330 1471 3890 1547">
     <span class='ocr_line' id='line_1_26' title="bbox 2330 1471 3890 1547; baseline 0.004 -23"><span class='ocrx_word' id='word_1_153' title='bbox 2330 1471 2398 1525; x_wconf 76' lang='grc' dir='ltr'>τὰ</span> <span class='ocrx_word' id='word_1_154' title='bbox 2432 1472 2655 1527; x_wconf 80' lang='grc' dir='ltr'>τοιαῦτα</span> <span class='ocrx_word' id='word_1_155' title='bbox 2696 1473 2855 1543; x_wconf 76' lang='grc' dir='ltr'>ἔργα,</span> <span class='ocrx_word' id='word_1_156' title='bbox 2896 1475 2959 1527; x_wconf 83' lang='grc' dir='ltr'>οὐ</span> <span class='ocrx_word' id='word_1_157' title='bbox 3003 1473 3070 1527; x_wconf 88' lang='grc' dir='ltr'><strong>δι’</strong></span> <span class='ocrx_word' id='word_1_158' title='bbox 3100 1475 3279 1537; x_wconf 83' lang='grc' dir='ltr'>αὐτῶν</span> <span class='ocrx_word' id='word_1_159' title='bbox 3336 1474 3701 1547; x_wconf 74' lang='grc' dir='ltr'><strong>ἀναχθήσεται</strong></span> <span class='ocrx_word' id='word_1_160' title='bbox 3747 1480 3890 1546; x_wconf 70' lang='grc' dir='ltr'>πρὸς</span> 
     </span>
    </p>
   </div>
   <div class='ocr_carea' id='block_1_27' title="bbox 2331 1563 3892 1637">
    <p class='ocr_par' dir='ltr' id='par_1_27' title="bbox 2331 1563 3892 1637">
     <span class='ocr_line' id='line_1_27' title="bbox 2331 1563 3892 1637; baseline 0.004 -22"><span class='ocrx_word' id='word_1_161' title='bbox 2331 1563 2719 1634; x_wconf 81' lang='grc' dir='ltr'><strong>ἀποπλήρωσιν</strong></span> <span class='ocrx_word' id='word_1_162' title='bbox 2753 1565 2859 1617; x_wconf 86' lang='grc' dir='ltr'><strong>τῶν</strong></span> <span class='ocrx_word' id='word_1_163' title='bbox 2889 1565 3012 1635; x_wconf 84' lang='grc' dir='ltr'>θελη</span> <span class='ocrx_word' id='word_1_164' title='bbox 3024 1567 3208 1634; x_wconf 80' lang='grc' dir='ltr'>μάτων</span> <span class='ocrx_word' id='word_1_165' title='bbox 3239 1565 3331 1619; x_wconf 83' lang='grc' dir='ltr'>τοῦ</span> <span class='ocrx_word' id='word_1_166' title='bbox 3364 1568 3728 1637; x_wconf 81' lang='grc' dir='ltr'>ἐργασομένου</span> <span class='ocrx_word' id='word_1_167' title='bbox 3757 1603 3760 1606; x_wconf 87' lang='grc'><strong>-</strong></span> <span class='ocrx_word' id='word_1_168' title='bbox 3786 1570 3892 1621; x_wconf 73' lang='lat' dir='ltr'><strong>a6-</strong></span> 
     </span>
    </p>
   </div>
   <div class='ocr_carea' id='block_1_28' title="bbox 2329 1653 3891 1733">
    <p class='ocr_par' dir='ltr' id='par_1_28' title="bbox 2329 1653 3891 1733">
     <span class='ocr_line' id='line_1_28' title="bbox 2329 1653 3891 1733; baseline 0.004 -27"><span class='ocrx_word' id='word_1_169' title='bbox 2329 1653 2416 1720; x_wconf 86' lang='grc' dir='ltr'><strong>τὰ,</strong></span> <span class='ocrx_word' id='word_1_170' title='bbox 2459 1656 2657 1717; x_wconf 76' lang='grc' dir='ltr'>συνιεὶς</span> <span class='ocrx_word' id='word_1_171' title='bbox 2679 1657 2759 1709; x_wconf 84' lang='grc' dir='ltr'>ὅτι</span> <span class='ocrx_word' id='word_1_172' title='bbox 2795 1656 2925 1720; x_wconf 86' lang='grc' dir='ltr'>Θεός</span> <span class='ocrx_word' id='word_1_173' title='bbox 2953 1658 3097 1710; x_wconf 84' lang='grc' dir='ltr'>ἐστιν</span> <span class='ocrx_word' id='word_1_174' title='bbox 3124 1657 3311 1724; x_wconf 70' lang='grc' dir='ltr'>ὅντως,</span> <span class='ocrx_word' id='word_1_175' title='bbox 3353 1658 3447 1711; x_wconf 67' lang='grc' dir='ltr'>καὶ</span> <span class='ocrx_word' id='word_1_176' title='bbox 3510 1660 3891 1733; x_wconf 76' lang='grc' dir='ltr'>φιλάνθρωπος</span> 
     </span>
    </p>
   </div>
   <div class='ocr_carea' id='block_1_29' title="bbox 2330 1741 3513 1815">
    <p class='ocr_par' dir='ltr' id='par_1_29' title="bbox 2330 1741 3513 1815">
     <span class='ocr_line' id='line_1_29' title="bbox 2330 1741 3513 1815; baseline 0.006 -19"><span class='ocrx_word' id='word_1_177' title='bbox 2330 1741 2528 1813; x_wconf 60' lang='lat' dir='ltr'><strong>ﬁrst-ag;</strong></span> <span class='ocrx_word' id='word_1_178' title='bbox 2560 1745 2849 1815; x_wconf 81' lang='grc' dir='ltr'>Θελήματα</span> <span class='ocrx_word' id='word_1_179' title='bbox 2878 1748 2958 1812; x_wconf 74' lang='grc' dir='ltr'>δὲ,</span> <span class='ocrx_word' id='word_1_180' title='bbox 2994 1749 3050 1801; x_wconf 82' lang='grc' dir='ltr'><strong>αί</strong></span> <span class='ocrx_word' id='word_1_181' title='bbox 3083 1749 3292 1802; x_wconf 74' lang='grc' dir='ltr'>ἐντολαὶ</span> <span class='ocrx_word' id='word_1_182' title='bbox 3325 1750 3513 1803; x_wconf 82' lang='grc' dir='ltr'>αὐτοῦ.</span> 
     </span>
    </p>
   </div>
   <div class='ocr_carea' id='block_1_30' title="bbox 690 2007 2242 2112">
    <p class='ocr_par' dir='ltr' id='par_1_30' title="bbox 690 2041 2233 2112">
     <span class='ocr_line' id='line_1_30' title="bbox 690 2041 2233 2112; baseline -0.002 -13"><span class='ocrx_word' id='word_1_183' title='bbox 690 2107 693 2110; x_wconf 45' lang='grc'><strong>,</strong></span> <span class='ocrx_word' id='word_1_184' title='bbox 745 2044 906 2099; x_wconf 68' lang='lat' dir='ltr'><strong>Vnus.</strong></span> <span class='ocrx_word' id='word_1_185' title='bbox 937 2046 986 2098; x_wconf 78' lang='grc'><strong>5.</strong></span> <span class='ocrx_word' id='word_1_186' title='bbox 1016 2043 1287 2111; x_wconf 76' lang='lat' dir='ltr'><strong>Confessio</strong></span> <span class='ocrx_word' id='word_1_187' title='bbox 1313 2053 1363 2096; x_wconf 85' lang='lat' dir='ltr'><strong>et</strong></span> <span class='ocrx_word' id='word_1_188' title='bbox 1384 2041 1768 2112; x_wconf 79' lang='lat' dir='ltr'><strong>magniﬁcentia</strong></span> <span class='ocrx_word' id='word_1_189' title='bbox 1790 2058 1917 2111; x_wconf 84' lang='lat' dir='ltr'><strong>opus</strong></span> <span class='ocrx_word' id='word_1_190' title='bbox 1934 2043 2070 2110; x_wconf 79' lang='lat' dir='ltr'><strong>ejus.</strong></span> <span class='ocrx_word' id='word_1_191' title='bbox 2096 2042 2233 2096; x_wconf 87' lang='lat' dir='ltr'><strong>Gra-</strong></span> 
     </span>
    </p>
   </div>
   <div class='ocr_carea' id='block_1_31' title="bbox 2331 2007 3898 2112">
    <p class='ocr_par' dir='ltr' id='par_1_31' title="bbox 2405 2035 3898 2110">
     <span class='ocr_line' id='line_1_31' title="bbox 2405 2035 3898 2110; baseline 0.005 -22"><span class='ocrx_word' id='word_1_192' title='bbox 2405 2035 2864 2104; x_wconf 72' lang='grc' dir='ltr'>Ἐξομολόγησις</span> <span class='ocrx_word' id='word_1_193' title='bbox 2886 2038 2980 2090; x_wconf 77' lang='grc' dir='ltr'><strong>καί</strong></span> <span class='ocrx_word' id='word_1_194' title='bbox 2997 2038 3474 2107; x_wconf 67' lang='grc' dir='ltr'><strong>μεγαλοπρέπεια</strong></span> <span class='ocrx_word' id='word_1_195' title='bbox 3503 2040 3570 2093; x_wconf 78' lang='grc' dir='ltr'>τὸ</span> <span class='ocrx_word' id='word_1_196' title='bbox 3584 2041 3757 2110; x_wconf 72' lang='grc' dir='ltr'>ἔργον</span> <span class='ocrx_word' id='word_1_197' title='bbox 3778 2042 3898 2095; x_wconf 79' lang='grc' dir='ltr'>αἰ·-</span> 
     </span>
    </p>
   </div>
   <div class='ocr_carea' id='block_1_32' title="bbox 679 2131 2230 2202">
    <p class='ocr_par' dir='ltr' id='par_1_32' title="bbox 679 2131 2230 2202">
     <span class='ocr_line' id='line_1_32' title="bbox 679 2131 2230 2202; baseline 0 -17"><span class='ocrx_word' id='word_1_198' title='bbox 679 2133 877 2186; x_wconf 83' lang='lat' dir='ltr'><strong>tisrum</strong></span> <span class='ocrx_word' id='word_1_199' title='bbox 907 2134 1068 2195; x_wconf 85' lang='lat' dir='ltr'><strong>actio,</strong></span> <span class='ocrx_word' id='word_1_200' title='bbox 1119 2141 1171 2184; x_wconf 77' lang='lat' dir='ltr'><strong>et</strong></span> <span class='ocrx_word' id='word_1_201' title='bbox 1212 2132 1494 2198; x_wconf 82' lang='lat' dir='ltr'><strong>magniﬁca</strong></span> <span class='ocrx_word' id='word_1_202' title='bbox 1541 2134 1679 2196; x_wconf 83' lang='lat' dir='ltr'><strong>laus,</strong></span> <span class='ocrx_word' id='word_1_203' title='bbox 1717 2143 1841 2186; x_wconf 90' lang='lat' dir='ltr'><strong>sunt</strong></span> <span class='ocrx_word' id='word_1_204' title='bbox 1889 2131 1980 2187; x_wconf 84' lang='lat' dir='ltr'><strong>Dei</strong></span> <span class='ocrx_word' id='word_1_205' title='bbox 2018 2147 2180 2202; x_wconf 85' lang='lat' dir='ltr'><strong>opera</strong></span> <span class='ocrx_word' id='word_1_206' title='bbox 2217 2148 2230 2185; x_wconf 91' lang='lat'><strong>:</strong></span> 
     </span>
    </p>
   </div>
   <div class='ocr_carea' id='block_1_33' title="bbox 676 2223 2232 2292">
    <p class='ocr_par' dir='ltr' id='par_1_33' title="bbox 676 2223 2232 2292">
     <span class='ocr_line' id='line_1_33' title="bbox 676 2223 2232 2292; baseline 0 -16"><span class='ocrx_word' id='word_1_207' title='bbox 676 2238 783 2276; x_wconf 91' lang='lat' dir='ltr'><strong>non</strong></span> <span class='ocrx_word' id='word_1_208' title='bbox 837 2230 1043 2279; x_wconf 87' lang='lat' dir='ltr'><strong>tantum</strong></span> <span class='ocrx_word' id='word_1_209' title='bbox 1080 2225 1201 2285; x_wconf 85' lang='lat' dir='ltr'><strong>hoc,</strong></span> <span class='ocrx_word' id='word_1_210' title='bbox 1236 2225 1481 2292; x_wconf 82' lang='lat' dir='ltr'><strong>inquam,</strong></span> <span class='ocrx_word' id='word_1_211' title='bbox 1523 2233 1617 2277; x_wconf 82' lang='lat' dir='ltr'><strong>aut</strong></span> <span class='ocrx_word' id='word_1_212' title='bbox 1669 2223 1802 2277; x_wconf 90' lang='lat' dir='ltr'><strong>illud</strong></span> <span class='ocrx_word' id='word_1_213' title='bbox 1835 2239 1994 2292; x_wconf 86' lang='lat' dir='ltr'><strong>opus,</strong></span> <span class='ocrx_word' id='word_1_214' title='bbox 2047 2224 2140 2279; x_wconf 85' lang='lat' dir='ltr'><strong>sed</strong></span> <span class='ocrx_word' id='word_1_215' title='bbox 2180 2225 2232 2276; x_wconf 92' lang='lat' dir='ltr'><strong>in</strong></span> 
     </span>
    </p>
   </div>
   <div class='ocr_carea' id='block_1_34' title="bbox 677 2314 2236 2382">
    <p class='ocr_par' dir='ltr' id='par_1_34' title="bbox 677 2314 2236 2382">
     <span class='ocr_line' id='line_1_34' title="bbox 677 2314 2236 2382; baseline -0.001 -15"><span class='ocrx_word' id='word_1_216' title='bbox 677 2314 987 2367; x_wconf 79' lang='lat' dir='ltr'><strong>universum</strong></span> <span class='ocrx_word' id='word_1_217' title='bbox 1032 2314 1213 2366; x_wconf 88' lang='lat' dir='ltr'><strong>omnia</strong></span> <span class='ocrx_word' id='word_1_218' title='bbox 1247 2314 1340 2367; x_wconf 90' lang='lat' dir='ltr'><strong>Dei</strong></span> <span class='ocrx_word' id='word_1_219' title='bbox 1386 2329 1576 2382; x_wconf 84' lang='lat' dir='ltr'><strong>opera,</strong></span> <span class='ocrx_word' id='word_1_220' title='bbox 1618 2322 1672 2366; x_wconf 87' lang='lat' dir='ltr'><strong>et</strong></span> <span class='ocrx_word' id='word_1_221' title='bbox 1706 2314 2042 2382; x_wconf 74' lang='lat' dir='ltr'><strong>coniunctim</strong></span> <span class='ocrx_word' id='word_1_222' title='bbox 2066 2324 2119 2368; x_wconf 82' lang='lat' dir='ltr'><strong>et</strong></span> <span class='ocrx_word' id='word_1_223' title='bbox 2156 2315 2236 2366; x_wconf 90' lang='lat' dir='ltr'><strong>di-</strong></span> 
     </span>
    </p>
   </div>
   <div class='ocr_carea' id='block_1_35' title="bbox 664 2387 2235 2471">
    <p class='ocr_par' dir='ltr' id='par_1_35' title="bbox 664 2387 2235 2471">
     <span class='ocr_line' id='line_1_35' title="bbox 664 2387 2235 2471; baseline 0 -15"><span class='ocrx_word' id='word_1_224' title='bbox 664 2403 832 2469; x_wconf 18' lang='lat' dir='ltr'><strong>,visim</strong></span> <span class='ocrx_word' id='word_1_225' title='bbox 873 2402 1142 2471; x_wconf 81' lang='lat' dir='ltr'><strong>ejusmodi</strong></span> <span class='ocrx_word' id='word_1_226' title='bbox 1181 2412 1327 2466; x_wconf 86' lang='lat' dir='ltr'><strong>sunt,</strong></span> <span class='ocrx_word' id='word_1_227' title='bbox 1361 2387 1419 2456; x_wconf 78' lang='lat' dir='ltr'><strong>ut</strong></span> <span class='ocrx_word' id='word_1_228' title='bbox 1450 2403 1515 2456; x_wconf 86' lang='lat' dir='ltr'><strong>ad</strong></span> <span class='ocrx_word' id='word_1_229' title='bbox 1559 2403 1855 2471; x_wconf 73' lang='lat' dir='ltr'><strong>gratiarum</strong></span> <span class='ocrx_word' id='word_1_230' title='bbox 1885 2403 2150 2465; x_wconf 82' lang='lat' dir='ltr'><strong>actiones.</strong></span> <span class='ocrx_word' id='word_1_231' title='bbox 2181 2412 2235 2456; x_wconf 90' lang='lat' dir='ltr'><strong>et</strong></span> 
     </span>
    </p>
   </div>
   <div class='ocr_carea' id='block_1_36' title="bbox 678 2491 2231 2562">
    <p class='ocr_par' dir='ltr' id='par_1_36' title="bbox 678 2491 2231 2562">
     <span class='ocr_line' id='line_1_36' title="bbox 678 2491 2231 2562; baseline -0.001 -17"><span class='ocrx_word' id='word_1_232' title='bbox 678 2491 746 2546; x_wconf 80' lang='lat' dir='ltr'><strong>ad</strong></span> <span class='ocrx_word' id='word_1_233' title='bbox 787 2491 1102 2562; x_wconf 78' lang='lat' dir='ltr'><strong>magniﬁcas</strong></span> <span class='ocrx_word' id='word_1_234' title='bbox 1135 2491 1228 2546; x_wconf 89' lang='lat' dir='ltr'><strong>Dei</strong></span> <span class='ocrx_word' id='word_1_235' title='bbox 1253 2492 1455 2559; x_wconf 85' lang='lat' dir='ltr'><strong>laudes</strong></span> <span class='ocrx_word' id='word_1_236' title='bbox 1491 2505 1704 2545; x_wconf 84' lang='lat' dir='ltr'><strong>movere</strong></span> <span class='ocrx_word' id='word_1_237' title='bbox 1738 2498 1834 2545; x_wconf 82' lang='lat' dir='ltr'><strong>eos</strong></span> <span class='ocrx_word' id='word_1_238' title='bbox 1863 2493 2091 2560; x_wconf 75' lang='lat' dir='ltr'><strong>possint,</strong></span> <span class='ocrx_word' id='word_1_239' title='bbox 2141 2492 2231 2560; x_wconf 88' lang='lat' dir='ltr'><strong>qui</strong></span> 
     </span>
    </p>
   </div>
   <div class='ocr_carea' id='block_1_37' title="bbox 678 2579 2233 2641">
    <p class='ocr_par' dir='ltr' id='par_1_37' title="bbox 678 2579 2233 2641">
     <span class='ocr_line' id='line_1_37' title="bbox 678 2579 2233 2641; baseline 0 -7"><span class='ocrx_word' id='word_1_240' title='bbox 678 2595 736 2634; x_wconf 73' lang='lat' dir='ltr'><strong>ea</strong></span> <span class='ocrx_word' id='word_1_241' title='bbox 763 2591 856 2635; x_wconf 89' lang='lat' dir='ltr'><strong>aut</strong></span> <span class='ocrx_word' id='word_1_242' title='bbox 881 2581 1136 2641; x_wconf 86' lang='lat' dir='ltr'><strong>viderint,</strong></span> <span class='ocrx_word' id='word_1_243' title='bbox 1175 2589 1271 2633; x_wconf 89' lang='lat' dir='ltr'><strong>aut</strong></span> <span class='ocrx_word' id='word_1_244' title='bbox 1299 2581 1591 2634; x_wconf 81' lang='lat' dir='ltr'><strong>audierint.</strong></span> <span class='ocrx_word' id='word_1_245' title='bbox 1637 2579 1819 2636; x_wconf 79' lang='lat' dir='ltr'><strong>Potest</strong></span> <span class='ocrx_word' id='word_1_246' title='bbox 1855 2582 2017 2635; x_wconf 88' lang='lat' dir='ltr'><strong>etiam</strong></span> <span class='ocrx_word' id='word_1_247' title='bbox 2050 2581 2152 2635; x_wconf 90' lang='lat' dir='ltr'><strong>hoc</strong></span> <span class='ocrx_word' id='word_1_248' title='bbox 2179 2581 2233 2634; x_wconf 90' lang='lat' dir='ltr'><strong>in</strong></span> 
     </span>
    </p>
   </div>
   <div class='ocr_carea' id='block_1_38' title="bbox 678 2669 2234 2741">
    <p class='ocr_par' dir='ltr' id='par_1_38' title="bbox 678 2669 2234 2741">
     <span class='ocr_line' id='line_1_38' title="bbox 678 2669 2234 2741; baseline 0 -17"><span class='ocrx_word' id='word_1_249' title='bbox 678 2671 797 2724; x_wconf 89' lang='lat' dir='ltr'><strong>loco</strong></span> <span class='ocrx_word' id='word_1_250' title='bbox 827 2669 971 2724; x_wconf 82' lang='lat' dir='ltr'><strong>istud</strong></span> <span class='ocrx_word' id='word_1_251' title='bbox 1012 2684 1147 2737; x_wconf 81' lang='lat' dir='ltr'><strong>opus</strong></span> <span class='ocrx_word' id='word_1_252' title='bbox 1173 2670 1574 2740; x_wconf 87' lang='lat' dir='ltr'><strong>particulariter</strong></span> <span class='ocrx_word' id='word_1_253' title='bbox 1605 2671 1800 2741; x_wconf 88' lang='lat' dir='ltr'><strong>accipi,</strong></span> <span class='ocrx_word' id='word_1_254' title='bbox 1834 2686 1931 2741; x_wconf 91' lang='lat' dir='ltr'><strong>pro</strong></span> <span class='ocrx_word' id='word_1_255' title='bbox 1983 2671 2234 2725; x_wconf 86' lang='lat' dir='ltr'><strong>incarna-</strong></span> 
     </span>
    </p>
   </div>
   <div class='ocr_carea' id='block_1_39' title="bbox 679 2758 1078 2820">
    <p class='ocr_par' dir='ltr' id='par_1_39' title="bbox 679 2758 1078 2820">
     <span class='ocr_line' id='line_1_39' title="bbox 679 2758 1078 2820; baseline -0.005 -7"><span class='ocrx_word' id='word_1_256' title='bbox 679 2758 1078 2820; x_wconf 80' lang='lat' dir='ltr'><strong>tioneDomini.</strong></span> 
     </span>
    </p>
   </div>
   <div class='ocr_carea' id='block_1_40' title="bbox 748 2869 2232 2938">
    <p class='ocr_par' dir='ltr' id='par_1_40' title="bbox 748 2869 2232 2938">
     <span class='ocr_line' id='line_1_40' title="bbox 748 2869 2232 2938; baseline 0.002 -16"><span class='ocrx_word' id='word_1_257' title='bbox 748 2869 813 2922; x_wconf 81' lang='lat' dir='ltr'><strong>Et</strong></span> <span class='ocrx_word' id='word_1_258' title='bbox 837 2869 1052 2938; x_wconf 82' lang='lat' dir='ltr'><strong>justitia</strong></span> <span class='ocrx_word' id='word_1_259' title='bbox 1084 2885 1194 2937; x_wconf 68' lang='lat' dir='ltr'><strong>ejus</strong></span> <span class='ocrx_word' id='word_1_260' title='bbox 1218 2878 1388 2922; x_wconf 86' lang='lat' dir='ltr'><strong>manet</strong></span> <span class='ocrx_word' id='word_1_261' title='bbox 1420 2869 1471 2920; x_wconf 80' lang='lat' dir='ltr'><strong>in</strong></span> <span class='ocrx_word' id='word_1_262' title='bbox 1493 2870 1738 2922; x_wconf 70' lang='lat' dir='ltr'><strong>stt-culum</strong></span> <span class='ocrx_word' id='word_1_263' title='bbox 1770 2871 1970 2922; x_wconf 63' lang='lat' dir='ltr'><strong>seaculi.</strong></span> <span class='ocrx_word' id='word_1_264' title='bbox 2021 2870 2132 2925; x_wconf 83' lang='lat' dir='ltr'><strong>Hoc</strong></span> <span class='ocrx_word' id='word_1_265' title='bbox 2166 2870 2232 2925; x_wconf 88' lang='lat' dir='ltr'><strong>ad</strong></span> 
     </span>
    </p>
   </div>
   <div class='ocr_carea' id='block_1_41' title="bbox 681 2960 2229 3030">
    <p class='ocr_par' dir='ltr' id='par_1_41' title="bbox 681 2960 2229 3030">
     <span class='ocr_line' id='line_1_41' title="bbox 681 2960 2229 3030; baseline 0 -14"><span class='ocrx_word' id='word_1_266' title='bbox 681 2961 922 3016; x_wconf 85' lang='lat' dir='ltr'><strong>solamen</strong></span> <span class='ocrx_word' id='word_1_267' title='bbox 953 2975 1135 3015; x_wconf 88' lang='lat' dir='ltr'><strong>eorum</strong></span> <span class='ocrx_word' id='word_1_268' title='bbox 1163 2961 1366 3012; x_wconf 89' lang='lat' dir='ltr'><strong>dictum</strong></span> <span class='ocrx_word' id='word_1_269' title='bbox 1398 2968 1502 3025; x_wconf 88' lang='lat' dir='ltr'><strong>est,</strong></span> <span class='ocrx_word' id='word_1_270' title='bbox 1535 2961 1626 3026; x_wconf 91' lang='lat' dir='ltr'><strong>qui</strong></span> <span class='ocrx_word' id='word_1_271' title='bbox 1661 2960 2229 3030; x_wconf 81' lang='lat' dir='ltr'><strong>alliciunturinjuriis,</strong></span> 
     </span>
    </p>
   </div>
   <div class='ocr_carea' id='block_1_42' title="bbox 678 3046 2235 3122">
    <p class='ocr_par' dir='ltr' id='par_1_42' title="bbox 678 3046 2235 3122">
     <span class='ocr_line' id='line_1_42' title="bbox 678 3046 2235 3122; baseline 0.001 -18"><span class='ocrx_word' id='word_1_272' title='bbox 678 3063 728 3104; x_wconf 88' lang='lat' dir='ltr'><strong>et</strong></span> <span class='ocrx_word' id='word_1_273' title='bbox 764 3051 828 3104; x_wconf 87' lang='lat' dir='ltr'><strong>ad</strong></span> <span class='ocrx_word' id='word_1_274' title='bbox 861 3049 1218 3103; x_wconf 82' lang='lat' dir='ltr'><strong>eruditionem</strong></span> <span class='ocrx_word' id='word_1_275' title='bbox 1253 3050 1415 3104; x_wconf 82' lang='lat' dir='ltr'><strong>etiam</strong></span> <span class='ocrx_word' id='word_1_276' title='bbox 1444 3046 1641 3103; x_wconf 77' lang='lat' dir='ltr'><strong>eorum</strong></span> <span class='ocrx_word' id='word_1_277' title='bbox 1705 3053 1796 3118; x_wconf 90' lang='lat' dir='ltr'><strong>qui</strong></span> <span class='ocrx_word' id='word_1_278' title='bbox 1833 3052 2061 3122; x_wconf 76' lang='lat' dir='ltr'><strong>injurias</strong></span> <span class='ocrx_word' id='word_1_279' title='bbox 2100 3053 2235 3106; x_wconf 80' lang='lat' dir='ltr'><strong>infe—</strong></span> 
     </span>
    </p>
   </div>
   <div class='ocr_carea' id='block_1_43' title="bbox 678 3135 2232 3212">
    <p class='ocr_par' dir='ltr' id='par_1_43' title="bbox 678 3135 2232 3212">
     <span class='ocr_line' id='line_1_43' title="bbox 678 3135 2232 3212; baseline 0.005 -26"><span class='ocrx_word' id='word_1_280' title='bbox 678 3143 824 3212; x_wconf 65' lang='lat' dir='ltr'><strong>runt,</strong></span> <span class='ocrx_word' id='word_1_281' title='bbox 876 3150 998 3188; x_wconf 88' lang='lat' dir='ltr'><strong>cum</strong></span> <span class='ocrx_word' id='word_1_282' title='bbox 1034 3135 1241 3202; x_wconf 89' lang='lat' dir='ltr'><strong>justum</strong></span> <span class='ocrx_word' id='word_1_283' title='bbox 1318 3145 1477 3203; x_wconf 84' lang='lat' dir='ltr'><strong>atque</strong></span> <span class='ocrx_word' id='word_1_284' title='bbox 1521 3147 1778 3190; x_wconf 70' lang='lat' dir='ltr'><strong>aeternum</strong></span> <span class='ocrx_word' id='word_1_285' title='bbox 1828 3147 2088 3206; x_wconf 82' lang='lat' dir='ltr'><strong>utrosque</strong></span> <span class='ocrx_word' id='word_1_286' title='bbox 2141 3139 2232 3193; x_wconf 85' lang='lat' dir='ltr'><strong>Dei</strong></span> 
     </span>
    </p>
   </div>
   <div class='ocr_carea' id='block_1_44' title="bbox 677 3214 2233 3296">
    <p class='ocr_par' dir='ltr' id='par_1_44' title="bbox 677 3214 2233 3296">
     <span class='ocr_line' id='line_1_44' title="bbox 677 3214 2233 3296; baseline 0.003 -18"><span class='ocrx_word' id='word_1_287' title='bbox 677 3214 942 3295; x_wconf 69' lang='lat' dir='ltr'><strong>judicium</strong></span> <span class='ocrx_word' id='word_1_288' title='bbox 983 3236 1218 3289; x_wconf 87' lang='lat' dir='ltr'><strong>maneat,</strong></span> <span class='ocrx_word' id='word_1_289' title='bbox 1261 3240 1367 3293; x_wconf 86' lang='lat' dir='ltr'><strong>quo</strong></span> <span class='ocrx_word' id='word_1_290' title='bbox 1417 3227 1569 3279; x_wconf 81' lang='lat' dir='ltr'><strong>alteri</strong></span> <span class='ocrx_word' id='word_1_291' title='bbox 1602 3229 1864 3296; x_wconf 76' lang='lat' dir='ltr'><strong>requiem.</strong></span> <span class='ocrx_word' id='word_1_292' title='bbox 1907 3231 2056 3284; x_wconf 75' lang='lat' dir='ltr'><strong>alteri</strong></span> <span class='ocrx_word' id='word_1_293' title='bbox 2107 3246 2233 3284; x_wconf 88' lang='lat' dir='ltr'><strong>vero</strong></span> 
     </span>
    </p>
   </div>
   <div class='ocr_carea' id='block_1_45' title="bbox 2333 2125 3895 2204">
    <p class='ocr_par' dir='ltr' id='par_1_45' title="bbox 2333 2125 3895 2204">
     <span class='ocr_line' id='line_1_45' title="bbox 2333 2125 3895 2204; baseline 0.004 -26"><span class='ocrx_word' id='word_1_294' title='bbox 2333 2125 2458 2179; x_wconf 85' lang='grc' dir='ltr'>τοῦ.</span> <span class='ocrx_word' id='word_1_295' title='bbox 2494 2125 2822 2195; x_wconf 82' lang='grc' dir='ltr'>Εὐχαριστία</span> <span class='ocrx_word' id='word_1_296' title='bbox 2843 2129 2935 2180; x_wconf 73' lang='grc' dir='ltr'><strong>καὶ</strong></span> <span class='ocrx_word' id='word_1_297' title='bbox 2964 2127 3382 2200; x_wconf 69' lang='grc' dir='ltr'>μεγαλοπρεπὴς</span> <span class='ocrx_word' id='word_1_298' title='bbox 3411 2132 3613 2194; x_wconf 79' lang='grc' dir='ltr'>αῐνεσις</span> <span class='ocrx_word' id='word_1_299' title='bbox 3655 2132 3724 2204; x_wconf 67' lang='grc' dir='ltr'><strong>τὰ</strong></span> <span class='ocrx_word' id='word_1_300' title='bbox 3746 2133 3895 2204; x_wconf 71' lang='grc' dir='ltr'>ἔργα</span> 
     </span>
    </p>
   </div>
   <div class='ocr_carea' id='block_1_46' title="bbox 2334 2215 3922 2286">
    <p class='ocr_par' dir='ltr' id='par_1_46' title="bbox 2334 2215 3922 2286">
     <span class='ocr_line' id='line_1_46' title="bbox 2334 2215 3922 2286; baseline 0.006 -18"><span class='ocrx_word' id='word_1_301' title='bbox 2334 2215 2497 2269; x_wconf 68' lang='grc' dir='ltr'>αὑτοῦ</span> <span class='ocrx_word' id='word_1_302' title='bbox 2521 2234 2534 2246; x_wconf 92' lang='grc'><strong>·</strong></span> <span class='ocrx_word' id='word_1_303' title='bbox 2562 2218 2680 2284; x_wconf 75' lang='grc' dir='ltr'>οὐχὶ</span> <span class='ocrx_word' id='word_1_304' title='bbox 2710 2217 2825 2269; x_wconf 83' lang='grc' dir='ltr'>τόδε</span> <span class='ocrx_word' id='word_1_305' title='bbox 2850 2216 2881 2286; x_wconf 78' lang='grc' dir='ltr'>ἢ</span> <span class='ocrx_word' id='word_1_306' title='bbox 2913 2218 3056 2282; x_wconf 80' lang='grc' dir='ltr'>τόδε,</span> <span class='ocrx_word' id='word_1_307' title='bbox 3089 2218 3206 2272; x_wconf 79' lang='grc' dir='ltr'>ἀλλ’</span> <span class='ocrx_word' id='word_1_308' title='bbox 3236 2220 3420 2282; x_wconf 74' lang='grc' dir='ltr'>ἁπλῶς</span> <span class='ocrx_word' id='word_1_309' title='bbox 3445 2222 3574 2284; x_wconf 71' lang='grc' dir='ltr'>πᾶν,</span> <span class='ocrx_word' id='word_1_310' title='bbox 3601 2220 3675 2283; x_wconf 81' lang='grc' dir='ltr'>ὼς</span> <span class='ocrx_word' id='word_1_311' title='bbox 3701 2225 3922 2276; x_wconf 78' lang='grc' dir='ltr'>ίκανδν·</span> 
     </span>
    </p>
   </div>
   <div class='ocr_carea' id='block_1_47' title="bbox 2333 2300 3897 2382">
    <p class='ocr_par' dir='ltr' id='par_1_47' title="bbox 2333 2300 3897 2382">
     <span class='ocr_line' id='line_1_47' title="bbox 2333 2300 3897 2382; baseline 0.006 -24"><span class='ocrx_word' id='word_1_312' title='bbox 2333 2309 2502 2358; x_wconf 78' lang='grc' dir='ltr'>κινεῖν</span> <span class='ocrx_word' id='word_1_313' title='bbox 2542 2308 2619 2367; x_wconf 84' lang='grc' dir='ltr'><strong>είς</strong></span> <span class='ocrx_word' id='word_1_314' title='bbox 2669 2300 3052 2378; x_wconf 74' lang='grc' dir='ltr'>μεγαλοπρεπῆ</span> <span class='ocrx_word' id='word_1_315' title='bbox 3117 2308 3340 2375; x_wconf 83' lang='grc' dir='ltr'>αῐνεσιν,</span> <span class='ocrx_word' id='word_1_316' title='bbox 3395 2310 3487 2364; x_wconf 77' lang='grc' dir='ltr'>καὶ</span> <span class='ocrx_word' id='word_1_317' title='bbox 3532 2311 3897 2382; x_wconf 77' lang='grc' dir='ltr'>εὐχαριστίαν</span> 
     </span>
    </p>
   </div>
   <div class='ocr_carea' id='block_1_48' title="bbox 2333 2396 3892 2469">
    <p class='ocr_par' dir='ltr' id='par_1_48' title="bbox 2333 2396 3892 2469">
     <span class='ocr_line' id='line_1_48' title="bbox 2333 2396 3892 2469; baseline 0.004 -21"><span class='ocrx_word' id='word_1_318' title='bbox 2333 2396 2425 2448; x_wconf 85' lang='grc' dir='ltr'>τοῦ</span> <span class='ocrx_word' id='word_1_319' title='bbox 2490 2397 2770 2460; x_wconf 80' lang='grc' dir='ltr'>κτίσαντος</span> <span class='ocrx_word' id='word_1_320' title='bbox 2823 2399 2961 2450; x_wconf 81' lang='grc' dir='ltr'>αὐτὰ</span> <span class='ocrx_word' id='word_1_321' title='bbox 3017 2399 3109 2451; x_wconf 81' lang='grc' dir='ltr'>τὸν</span> <span class='ocrx_word' id='word_1_322' title='bbox 3167 2399 3380 2469; x_wconf 81' lang='grc' dir='ltr'>δρῶντα</span> <span class='ocrx_word' id='word_1_323' title='bbox 3447 2402 3539 2454; x_wconf 81' lang='grc' dir='ltr'>καὶ</span> <span class='ocrx_word' id='word_1_324' title='bbox 3595 2401 3892 2455; x_wconf 82' lang='grc' dir='ltr'>ἀκούοντα.</span> 
     </span>
    </p>
   </div>
   <div class='ocr_carea' id='block_1_49' title="bbox 2332 2487 3892 2563">
    <p class='ocr_par' dir='ltr' id='par_1_49' title="bbox 2332 2487 3892 2563">
     <span class='ocr_line' id='line_1_49' title="bbox 2332 2487 3892 2563; baseline 0.003 -23"><span class='ocrx_word' id='word_1_325' title='bbox 2332 2487 2550 2540; x_wconf 73' lang='lat' dir='ltr'><strong>Neci-tat</strong></span> <span class='ocrx_word' id='word_1_326' title='bbox 2577 2487 2633 2539; x_wconf 76' lang='grc' dir='ltr'>δὲ</span> <span class='ocrx_word' id='word_1_327' title='bbox 2657 2487 2748 2541; x_wconf 55' lang='grc' dir='ltr'><strong>καὶ⁵</strong></span> <span class='ocrx_word' id='word_1_328' title='bbox 2781 2488 2962 2552; x_wconf 82' lang='grc' dir='ltr'>ίδικῶς</span> <span class='ocrx_word' id='word_1_329' title='bbox 2990 2489 3152 2560; x_wconf 71' lang='grc' dir='ltr'>ἔργον</span> <span class='ocrx_word' id='word_1_330' title='bbox 3183 2489 3425 2544; x_wconf 82' lang='grc' dir='ltr'>τοιοῦτον</span> <span class='ocrx_word' id='word_1_331' title='bbox 3469 2493 3502 2561; x_wconf 76' lang='grc' dir='ltr'><strong>ἡ</strong></span> <span class='ocrx_word' id='word_1_332' title='bbox 3533 2492 3892 2563; x_wconf 76' lang='grc' dir='ltr'>ἐνανθρὼπηο</span> 
     </span>
    </p>
   </div>
   <div class='ocr_carea' id='block_1_50' title="bbox 2335 2575 3705 2642">
    <p class='ocr_par' dir='ltr' id='par_1_50' title="bbox 2335 2575 3705 2642">
     <span class='ocr_line' id='line_1_50' title="bbox 2335 2575 3705 2642; baseline 0.004 -12"><span class='ocrx_word' id='word_1_333' title='bbox 2335 2594 2417 2642; x_wconf 89' lang='grc' dir='ltr'><strong>σις</strong></span> <span class='ocrx_word' id='word_1_334' title='bbox 2437 2578 2621 2633; x_wconf 80' lang='grc' dir='ltr'>αὑτοῦ.</span> <span class='ocrx_word' id='word_1_335' title='bbox 3693 2575 3705 2587; x_wconf 73' lang='grc'><em>’</em></span> 
     </span>
    </p>
   </div>
   <div class='ocr_carea' id='block_1_51' title="bbox 2404 2862 3890 2934">
    <p class='ocr_par' dir='ltr' id='par_1_51' title="bbox 2404 2862 3890 2934">
     <span class='ocr_line' id='line_1_51' title="bbox 2404 2862 3890 2934; baseline 0.005 -18"><span class='ocrx_word' id='word_1_336' title='bbox 2404 2862 2512 2916; x_wconf 77' lang='grc' dir='ltr'>Καί</span> <span class='ocrx_word' id='word_1_337' title='bbox 2554 2866 2593 2930; x_wconf 81' lang='grc' dir='ltr'><strong><em>ἠ</em></strong></span> <span class='ocrx_word' id='word_1_338' title='bbox 2647 2863 2994 2929; x_wconf 75' lang='grc' dir='ltr'>δικαιοσύνη</span> <span class='ocrx_word' id='word_1_339' title='bbox 3022 2865 3206 2918; x_wconf 84' lang='grc' dir='ltr'>αὐτοῦ</span> <span class='ocrx_word' id='word_1_340' title='bbox 3257 2867 3424 2934; x_wconf 77' lang='grc' dir='ltr'>μένει</span> <span class='ocrx_word' id='word_1_341' title='bbox 3444 2869 3530 2932; x_wconf 70' lang='grc' dir='ltr'>εἰς</span> <span class='ocrx_word' id='word_1_342' title='bbox 3562 2868 3668 2922; x_wconf 78' lang='grc' dir='ltr'><strong>τὸν</strong></span> <span class='ocrx_word' id='word_1_343' title='bbox 3697 2869 3890 2931; x_wconf 69' lang='grc' dir='ltr'>αἰῶνα</span> 
     </span>
    </p>
   </div>
   <div class='ocr_carea' id='block_1_52' title="bbox 2333 2952 3890 3027">
    <p class='ocr_par' dir='ltr' id='par_1_52' title="bbox 2333 2952 3890 3027">
     <span class='ocr_line' id='line_1_52' title="bbox 2333 2952 3890 3027; baseline 0.006 -22"><span class='ocrx_word' id='word_1_344' title='bbox 2333 2952 2438 3006; x_wconf 76' lang='grc' dir='ltr'>τοῦ</span> <span class='ocrx_word' id='word_1_345' title='bbox 2456 2953 2687 3019; x_wconf 78' lang='grc' dir='ltr'>αίῶνος.</span> <span class='ocrx_word' id='word_1_346' title='bbox 2728 2953 2916 3018; x_wconf 79' lang='grc' dir='ltr'>Τοῦτο,</span> <span class='ocrx_word' id='word_1_347' title='bbox 2956 2956 3090 3026; x_wconf 80' lang='grc' dir='ltr'>πρὸς</span> <span class='ocrx_word' id='word_1_348' title='bbox 3125 2958 3476 3027; x_wconf 71' lang='grc' dir='ltr'>παραμυθίαν</span> <span class='ocrx_word' id='word_1_349' title='bbox 3527 2961 3634 3014; x_wconf 85' lang='grc' dir='ltr'><strong>τῶν</strong></span> <span class='ocrx_word' id='word_1_350' title='bbox 3667 2962 3890 3016; x_wconf 67' lang='grc' dir='ltr'>ἀδικου-</span> 
     </span>
    </p>
   </div>
   <div class='ocr_carea' id='block_1_53' title="bbox 2337 3045 3886 3120">
    <p class='ocr_par' dir='ltr' id='par_1_53' title="bbox 2337 3045 3886 3120">
     <span class='ocr_line' id='line_1_53' title="bbox 2337 3045 3886 3120; baseline 0.006 -25"><span class='ocrx_word' id='word_1_351' title='bbox 2337 3045 2536 3112; x_wconf 81' lang='grc' dir='ltr'>μένων,</span> <span class='ocrx_word' id='word_1_352' title='bbox 2567 3045 2945 3113; x_wconf 82' lang='grc' dir='ltr'>σωφρονισμὸν</span> <span class='ocrx_word' id='word_1_353' title='bbox 2983 3045 3039 3097; x_wconf 85' lang='grc' dir='ltr'><strong>δέ</strong></span> <span class='ocrx_word' id='word_1_354' title='bbox 3063 3045 3170 3098; x_wconf 85' lang='grc' dir='ltr'><strong>τῶν</strong></span> <span class='ocrx_word' id='word_1_355' title='bbox 3199 3045 3528 3100; x_wconf 77' lang='grc' dir='ltr'>ἀδικούντων</span> <span class='ocrx_word' id='word_1_356' title='bbox 3555 3065 3570 3078; x_wconf 89' lang='grc'><strong>·</strong></span> <span class='ocrx_word' id='word_1_357' title='bbox 3614 3049 3694 3101; x_wconf 79' lang='grc' dir='ltr'>ὅτι</span> <span class='ocrx_word' id='word_1_358' title='bbox 3728 3052 3760 3120; x_wconf 74' lang='grc' dir='ltr'><strong>ὴ</strong></span> <span class='ocrx_word' id='word_1_359' title='bbox 3795 3050 3886 3104; x_wconf 82' lang='grc' dir='ltr'>δι·</span> 
     </span>
    </p>
   </div>
   <div class='ocr_carea' id='block_1_54' title="bbox 2332 3134 3886 3205">
    <p class='ocr_par' dir='ltr' id='par_1_54' title="bbox 2332 3134 3886 3205">
     <span class='ocr_line' id='line_1_54' title="bbox 2332 3134 3886 3205; baseline 0.005 -18"><span class='ocrx_word' id='word_1_360' title='bbox 2332 3135 2462 3188; x_wconf 85' lang='grc' dir='ltr'>καία</span> <span class='ocrx_word' id='word_1_361' title='bbox 2490 3135 2661 3201; x_wconf 84' lang='grc' dir='ltr'>κρίσις</span> <span class='ocrx_word' id='word_1_362' title='bbox 2689 3134 2872 3201; x_wconf 82' lang='grc' dir='ltr'>αὑτοῦ,</span> <span class='ocrx_word' id='word_1_363' title='bbox 2907 3137 3054 3203; x_wconf 88' lang='grc' dir='ltr'>μένει</span> <span class='ocrx_word' id='word_1_364' title='bbox 3082 3137 3271 3200; x_wconf 74' lang='grc' dir='ltr'>αὐτοὺς</span> <span class='ocrx_word' id='word_1_365' title='bbox 3298 3177 3313 3201; x_wconf 97' lang='grc'><strong>,</strong></span> <span class='ocrx_word' id='word_1_366' title='bbox 3364 3139 3530 3201; x_wconf 67' lang='grc' dir='ltr'>ἀΐδιος</span> <span class='ocrx_word' id='word_1_367' title='bbox 3577 3139 3728 3205; x_wconf 79' lang='grc' dir='ltr'>οὖσα,</span> <span class='ocrx_word' id='word_1_368' title='bbox 3783 3144 3886 3194; x_wconf 74' lang='grc' dir='ltr'>καὶ</span> 
     </span>
    </p>
   </div>
   <div class='ocr_carea' id='block_1_55' title="bbox 2333 3225 3884 3306">
    <p class='ocr_par' dir='ltr' id='par_1_55' title="bbox 2333 3225 3884 3306">
     <span class='ocr_line' id='line_1_55' title="bbox 2333 3225 3884 3306; baseline 0.005 -29"><span class='ocrx_word' id='word_1_369' title='bbox 2333 3229 2443 3287; x_wconf 81' lang='grc' dir='ltr'>τοῖς</span> <span class='ocrx_word' id='word_1_370' title='bbox 2499 3225 2596 3292; x_wconf 82' lang='grc' dir='ltr'>μὲν</span> <span class='ocrx_word' id='word_1_371' title='bbox 2638 3227 2837 3288; x_wconf 76' lang='grc' dir='ltr'>ἄνεσιν,</span> <span class='ocrx_word' id='word_1_372' title='bbox 2897 3229 3010 3288; x_wconf 80' lang='grc' dir='ltr'>τοῖς</span> <span class='ocrx_word' id='word_1_373' title='bbox 3063 3226 3118 3280; x_wconf 68' lang='grc' dir='ltr'>δὲ</span> <span class='ocrx_word' id='word_1_374' title='bbox 3161 3227 3377 3282; x_wconf 79' lang='grc' dir='ltr'>κόλασιν</span> <span class='ocrx_word' id='word_1_375' title='bbox 3413 3229 3599 3294; x_wconf 76' lang='grc' dir='ltr'>ἐπάξει</span> <span class='ocrx_word' id='word_1_376' title='bbox 3627 3232 3698 3300; x_wconf 75' lang='grc' dir='ltr'><strong>’ἢ</strong></span> <span class='ocrx_word' id='word_1_377' title='bbox 3729 3232 3810 3286; x_wconf 80' lang='grc' dir='ltr'><strong>δτι</strong></span> <span class='ocrx_word' id='word_1_378' title='bbox 3844 3235 3884 3306; x_wconf 69' lang='grc' dir='ltr'>ἡ</span> 
     </span>
    </p>
   </div>
   <div class='ocr_carea' id='block_1_56' title="bbox 642 3315 2242 3394">
    <p class='ocr_par' dir='ltr' id='par_1_56' title="bbox 642 3316 2228 3390">
     <span class='ocr_line' id='line_1_56' title="bbox 642 3316 2228 3390; baseline 0.002 -20"><span class='ocrx_word' id='word_1_379' title='bbox 642 3336 644 3338; x_wconf 49' lang='grc' dir='ltr'><strong>ν</strong></span> <span class='ocrx_word' id='word_1_380' title='bbox 677 3316 939 3384; x_wconf 75' lang='lat' dir='ltr'><strong>supplicia</strong></span> <span class='ocrx_word' id='word_1_381' title='bbox 969 3329 1034 3368; x_wconf 89' lang='lat' dir='ltr'><strong>ac</strong></span> <span class='ocrx_word' id='word_1_382' title='bbox 1086 3330 1274 3382; x_wconf 71' lang='lat' dir='ltr'><strong>poenas</strong></span> <span class='ocrx_word' id='word_1_383' title='bbox 1305 3316 1652 3370; x_wconf 76' lang='lat' dir='ltr'><strong>sustinebunt</strong></span> <span class='ocrx_word' id='word_1_384' title='bbox 1681 3333 1694 3370; x_wconf 92' lang='lat'>:</span> <span class='ocrx_word' id='word_1_385' title='bbox 1739 3320 1819 3371; x_wconf 86' lang='lat' dir='ltr'><strong>vel</strong></span> <span class='ocrx_word' id='word_1_386' title='bbox 1857 3320 1982 3388; x_wconf 88' lang='lat' dir='ltr'><strong>quia</strong></span> <span class='ocrx_word' id='word_1_387' title='bbox 2020 3321 2228 3390; x_wconf 83' lang='lat' dir='ltr'><strong>justitia</strong></span> 
     </span>
    </p>
   </div>
   <div class='ocr_carea' id='block_1_57' title="bbox 2331 3315 3886 3394">
    <p class='ocr_par' dir='ltr' id='par_1_57' title="bbox 2331 3315 3886 3394">
     <span class='ocr_line' id='line_1_57' title="bbox 2331 3315 3886 3394; baseline 0.006 -26"><span class='ocrx_word' id='word_1_388' title='bbox 2331 3317 2642 3384; x_wconf 79' lang='grc' dir='ltr'>δικαιοσύνη</span> <span class='ocrx_word' id='word_1_389' title='bbox 2676 3317 2839 3370; x_wconf 80' lang='grc' dir='ltr'>αὐτοῦ</span> <span class='ocrx_word' id='word_1_390' title='bbox 2873 3315 3123 3387; x_wconf 71' lang='grc' dir='ltr'>διηνεκὴς</span> <span class='ocrx_word' id='word_1_391' title='bbox 3181 3319 3347 3381; x_wconf 80' lang='grc' dir='ltr'>ἐστιν,</span> <span class='ocrx_word' id='word_1_392' title='bbox 3370 3322 3565 3388; x_wconf 81' lang='grc' dir='ltr'>εῐτουν,</span> <span class='ocrx_word' id='word_1_393' title='bbox 3613 3325 3886 3394; x_wconf 79' lang='grc' dir='ltr'>ἀμετακί-</span> 
     </span>
    </p>
   </div>
   <div class='ocr_carea' id='block_1_58' title="bbox 676 3406 1875 3477">
    <p class='ocr_par' dir='ltr' id='par_1_58' title="bbox 676 3406 1875 3477">
     <span class='ocr_line' id='line_1_58' title="bbox 676 3406 1875 3477; baseline 0.001 -16"><span class='ocrx_word' id='word_1_394' title='bbox 676 3409 793 3477; x_wconf 85' lang='lat' dir='ltr'><strong>ejus</strong></span> <span class='ocrx_word' id='word_1_395' title='bbox 823 3415 1077 3477; x_wconf 89' lang='lat' dir='ltr'><strong>perpetua</strong></span> <span class='ocrx_word' id='word_1_396' title='bbox 1112 3413 1216 3467; x_wconf 85' lang='lat' dir='ltr'><strong>est.</strong></span> <span class='ocrx_word' id='word_1_397' title='bbox 1245 3406 1346 3459; x_wconf 89' lang='lat' dir='ltr'><strong>hoc</strong></span> <span class='ocrx_word' id='word_1_398' title='bbox 1379 3417 1482 3469; x_wconf 87' lang='lat' dir='ltr'><strong>est,</strong></span> <span class='ocrx_word' id='word_1_399' title='bbox 1509 3409 1875 3462; x_wconf 88' lang='lat' dir='ltr'><strong>immutabilis.</strong></span> 
     </span>
    </p>
   </div>
   <div class='ocr_carea' id='block_1_59' title="bbox 735 3504 2229 3586">
    <p class='ocr_par' dir='ltr' id='par_1_59' title="bbox 735 3504 2229 3586">
     <span class='ocr_line' id='line_1_59' title="bbox 735 3504 2229 3586; baseline 0.001 -13"><span class='ocrx_word' id='word_1_400' title='bbox 735 3518 899 3574; x_wconf 68' lang='lat' dir='ltr'><strong>Vsus.</strong></span> <span class='ocrx_word' id='word_1_401' title='bbox 933 3519 988 3572; x_wconf 73' lang='grc'><strong>4.</strong></span> <span class='ocrx_word' id='word_1_402' title='bbox 1044 3517 1357 3572; x_wconf 81' lang='lat' dir='ltr'><strong>Memoriam</strong></span> <span class='ocrx_word' id='word_1_403' title='bbox 1438 3504 1562 3586; x_wconf 78' lang='lat' dir='ltr'><strong>fecit</strong></span> <span class='ocrx_word' id='word_1_404' title='bbox 1620 3522 1946 3574; x_wconf 82' lang='lat' dir='ltr'><strong>mirabilium</strong></span> <span class='ocrx_word' id='word_1_405' title='bbox 1997 3539 2229 3576; x_wconf 85' lang='lat' dir='ltr'><strong>suorum.</strong></span> 
     </span>
    </p>
   </div>
   <div class='ocr_carea' id='block_1_60' title="bbox 679 3608 2232 3687">
    <p class='ocr_par' dir='ltr' id='par_1_60' title="bbox 679 3608 2232 3687">
     <span class='ocr_line' id='line_1_60' title="bbox 679 3608 2232 3687; baseline 0 -22"><span class='ocrx_word' id='word_1_406' title='bbox 679 3611 939 3673; x_wconf 80' lang='lat' dir='ltr'><strong>Verbum,</strong></span> <span class='ocrx_word' id='word_1_407' title='bbox 964 3608 1231 3687; x_wconf 60' lang='lat' dir='ltr'><strong>Meminit,</strong></span> <span class='ocrx_word' id='word_1_408' title='bbox 1264 3624 1378 3674; x_wconf 88' lang='lat' dir='ltr'><strong>seu,</strong></span> <span class='ocrx_word' id='word_1_409' title='bbox 1455 3609 1763 3664; x_wconf 76' lang='lat' dir='ltr'><strong>Memoriam</strong></span> <span class='ocrx_word' id='word_1_410' title='bbox 1852 3613 1995 3679; x_wconf 69' lang='lat' dir='ltr'><strong>fecit,</strong></span> <span class='ocrx_word' id='word_1_411' title='bbox 2035 3623 2088 3683; x_wconf 82' lang='lat' dir='ltr'><strong>et</strong></span> <span class='ocrx_word' id='word_1_412' title='bbox 2129 3616 2232 3666; x_wconf 84' lang='lat' dir='ltr'><strong>alia</strong></span> 
     </span>
    </p>
   </div>
   <div class='ocr_carea' id='block_1_61' title="bbox 681 3689 2235 3771">
    <p class='ocr_par' dir='ltr' id='par_1_61' title="bbox 681 3689 2235 3771">
     <span class='ocr_line' id='line_1_61' title="bbox 681 3689 2235 3771; baseline 0.003 -18"><span class='ocrx_word' id='word_1_413' title='bbox 681 3698 1015 3767; x_wconf 74' lang='lat' dir='ltr'><strong>huiusmodi,</strong></span> <span class='ocrx_word' id='word_1_414' title='bbox 1060 3699 1238 3753; x_wconf 78' lang='lat' dir='ltr'><strong>solent</strong></span> <span class='ocrx_word' id='word_1_415' title='bbox 1287 3699 1556 3766; x_wconf 70' lang='lat' dir='ltr'><strong>pr0plteta:</strong></span> <span class='ocrx_word' id='word_1_416' title='bbox 1609 3715 1990 3768; x_wconf 64' lang='lat' dir='ltr'><strong>saepenumero</strong></span> <span class='ocrx_word' id='word_1_417' title='bbox 2037 3689 2235 3771; x_wconf 84' lang='lat' dir='ltr'><strong>ponere</strong></span> 
     </span>
    </p>
   </div>
   <div class='ocr_carea' id='block_1_62' title="bbox 681 3789 2235 3869">
    <p class='ocr_par' dir='ltr' id='par_1_62' title="bbox 681 3789 2235 3869">
     <span class='ocr_line' id='line_1_62' title="bbox 681 3789 2235 3869; baseline 0.002 -26"><span class='ocrx_word' id='word_1_418' title='bbox 681 3805 779 3861; x_wconf 90' lang='lat' dir='ltr'><strong>pro</strong></span> <span class='ocrx_word' id='word_1_419' title='bbox 823 3789 1073 3869; x_wconf 76' lang='lat' dir='ltr'><strong>Operari,</strong></span> <span class='ocrx_word' id='word_1_420' title='bbox 1119 3791 1577 3860; x_wconf 87' lang='lat' dir='ltr'><strong>quemadmodum</strong></span> <span class='ocrx_word' id='word_1_421' title='bbox 1642 3793 1769 3848; x_wconf 77' lang='lat' dir='ltr'><strong>alibi</strong></span> <span class='ocrx_word' id='word_1_422' title='bbox 1818 3793 2079 3869; x_wconf 79' lang='lat' dir='ltr'><strong>diximus.</strong></span> <span class='ocrx_word' id='word_1_423' title='bbox 2145 3797 2235 3848; x_wconf 81' lang='lat' dir='ltr'><strong>Ait</strong></span> 
     </span>
    </p>
   </div>
   <div class='ocr_carea' id='block_1_63' title="bbox 682 3867 2230 3953">
    <p class='ocr_par' dir='ltr' id='par_1_63' title="bbox 682 3867 2230 3953">
     <span class='ocr_line' id='line_1_63' title="bbox 682 3867 2230 3953; baseline 0.003 -18"><span class='ocrx_word' id='word_1_424' title='bbox 682 3883 845 3953; x_wconf 88' lang='lat' dir='ltr'><strong>igitur</strong></span> <span class='ocrx_word' id='word_1_425' title='bbox 901 3867 1196 3949; x_wconf 86' lang='lat' dir='ltr'><strong>Propheta,</strong></span> <span class='ocrx_word' id='word_1_426' title='bbox 1237 3881 1378 3948; x_wconf 91' lang='lat' dir='ltr'><strong>quod</strong></span> <span class='ocrx_word' id='word_1_427' title='bbox 1436 3879 1579 3934; x_wconf 82' lang='lat' dir='ltr'><strong>Deus</strong></span> <span class='ocrx_word' id='word_1_428' title='bbox 1632 3867 1886 3950; x_wconf 74' lang='lat' dir='ltr'><strong>operatur</strong></span> <span class='ocrx_word' id='word_1_429' title='bbox 1941 3885 2230 3949; x_wconf 86' lang='lat' dir='ltr'><strong>mirabilia,</strong></span> 
     </span>
    </p>
   </div>
   <div class='ocr_carea' id='block_1_64' title="bbox 681 3971 2230 4045">
    <p class='ocr_par' dir='ltr' id='par_1_64' title="bbox 681 3971 2230 4045">
     <span class='ocr_line' id='line_1_64' title="bbox 681 3971 2230 4045; baseline 0.003 -20"><span class='ocrx_word' id='word_1_430' title='bbox 681 3986 783 4027; x_wconf 88' lang='lat' dir='ltr'><strong>nec</strong></span> <span class='ocrx_word' id='word_1_431' title='bbox 835 3971 1124 4040; x_wconf 82' lang='lat' dir='ltr'><strong>aliquando</strong></span> <span class='ocrx_word' id='word_1_432' title='bbox 1177 3979 1360 4024; x_wconf 84' lang='lat' dir='ltr'><strong>cessat</strong></span> <span class='ocrx_word' id='word_1_433' title='bbox 1421 3971 1485 4024; x_wconf 87' lang='lat' dir='ltr'><strong>ab</strong></span> <span class='ocrx_word' id='word_1_434' title='bbox 1529 3973 1840 4039; x_wconf 71' lang='lat' dir='ltr'><strong>huiusmodi</strong></span> <span class='ocrx_word' id='word_1_435' title='bbox 1898 3978 2230 4045; x_wconf 82' lang='lat' dir='ltr'><strong>operatione,</strong></span> 
     </span>
    </p>
   </div>
   <div class='ocr_carea' id='block_1_65' title="bbox 683 4063 2237 4135">
    <p class='ocr_par' dir='ltr' id='par_1_65' title="bbox 683 4063 2237 4135">
     <span class='ocr_line' id='line_1_65' title="bbox 683 4063 2237 4135; baseline 0.004 -19"><span class='ocrx_word' id='word_1_436' title='bbox 683 4072 744 4116; x_wconf 89' lang='lat' dir='ltr'><strong>ut</strong></span> <span class='ocrx_word' id='word_1_437' title='bbox 779 4065 890 4131; x_wconf 83' lang='lat' dir='ltr'><strong>pel&quot;</strong></span> <span class='ocrx_word' id='word_1_438' title='bbox 909 4078 972 4115; x_wconf 88' lang='lat' dir='ltr'><strong>ea</strong></span> <span class='ocrx_word' id='word_1_439' title='bbox 1007 4063 1306 4116; x_wconf 83' lang='lat' dir='ltr'><strong>crassiores</strong></span> <span class='ocrx_word' id='word_1_440' title='bbox 1353 4077 1416 4116; x_wconf 91' lang='lat' dir='ltr'><strong>ac</strong></span> <span class='ocrx_word' id='word_1_441' title='bbox 1465 4064 1717 4120; x_wconf 86' lang='lat' dir='ltr'><strong>rudiores</strong></span> <span class='ocrx_word' id='word_1_442' title='bbox 1756 4081 2001 4135; x_wconf 79' lang='lat' dir='ltr'><strong>quosque</strong></span> <span class='ocrx_word' id='word_1_443' title='bbox 2059 4069 2237 4122; x_wconf 76' lang='lat' dir='ltr'><strong>horni-</strong></span> 
     </span>
    </p>
   </div>
   <div class='ocr_carea' id='block_1_66' title="bbox 681 4149 2236 4221">
    <p class='ocr_par' dir='ltr' id='par_1_66' title="bbox 681 4149 2236 4221">
     <span class='ocr_line' id='line_1_66' title="bbox 681 4149 2236 4221; baseline 0.006 -17"><span class='ocrx_word' id='word_1_444' title='bbox 681 4166 782 4206; x_wconf 85' lang='lat' dir='ltr'><strong>nes</strong></span> <span class='ocrx_word' id='word_1_445' title='bbox 817 4153 882 4205; x_wconf 83' lang='lat' dir='ltr'><strong>ad</strong></span> <span class='ocrx_word' id='word_1_446' title='bbox 941 4166 999 4205; x_wconf 86' lang='lat' dir='ltr'><strong>se</strong></span> <span class='ocrx_word' id='word_1_447' title='bbox 1050 4151 1314 4206; x_wconf 81' lang='lat' dir='ltr'><strong>traducat.</strong></span> <span class='ocrx_word' id='word_1_448' title='bbox 1375 4152 1698 4221; x_wconf 76' lang='lat' dir='ltr'><strong>Ilujusmodi</strong></span> <span class='ocrx_word' id='word_1_449' title='bbox 1776 4149 1956 4210; x_wconf 79' lang='lat' dir='ltr'><strong>autem</strong></span> <span class='ocrx_word' id='word_1_450' title='bbox 2014 4158 2236 4212; x_wconf 81' lang='lat' dir='ltr'><strong>fuerunt</strong></span> 
     </span>
    </p>
   </div>
   <div class='ocr_carea' id='block_1_67' title="bbox 680 4241 2234 4315">
    <p class='ocr_par' dir='ltr' id='par_1_67' title="bbox 680 4241 2234 4315">
     <span class='ocr_line' id='line_1_67' title="bbox 680 4241 2234 4315; baseline 0.006 -20"><span class='ocrx_word' id='word_1_451' title='bbox 680 4255 744 4315; x_wconf 87' lang='lat' dir='ltr'><strong>e_a</strong></span> <span class='ocrx_word' id='word_1_452' title='bbox 773 4254 899 4311; x_wconf 70' lang='lat' dir='ltr'><strong>qua!</strong></span> <span class='ocrx_word' id='word_1_453' title='bbox 947 4241 1074 4294; x_wconf 71' lang='lat' dir='ltr'><strong>fecit</strong></span> <span class='ocrx_word' id='word_1_454' title='bbox 1128 4251 1366 4310; x_wconf 87' lang='lat' dir='ltr'><strong>tempore</strong></span> <span class='ocrx_word' id='word_1_455' title='bbox 1395 4243 1605 4305; x_wconf 87' lang='lat' dir='ltr'><strong>diluvii,</strong></span> <span class='ocrx_word' id='word_1_456' title='bbox 1640 4255 1692 4298; x_wconf 92' lang='lat' dir='ltr'><strong>et</strong></span> <span class='ocrx_word' id='word_1_457' title='bbox 1759 4263 1878 4315; x_wconf 68' lang='lat' dir='ltr'><strong>qua:</strong></span> <span class='ocrx_word' id='word_1_458' title='bbox 1937 4249 1996 4301; x_wconf 86' lang='lat' dir='ltr'><strong>in</strong></span> <span class='ocrx_word' id='word_1_459' title='bbox 2043 4249 2234 4303; x_wconf 83' lang='lat' dir='ltr'><strong>confu-</strong></span> 
     </span>
    </p>
   </div>
   <div class='ocr_carea' id='block_1_68' title="bbox 680 4309 2269 4408">
    <p class='ocr_par' dir='ltr' id='par_1_68' title="bbox 680 4309 2269 4408">
     <span class='ocr_line' id='line_1_68' title="bbox 680 4309 2269 4408; baseline 0.003 -20"><span class='ocrx_word' id='word_1_460' title='bbox 680 4309 831 4388; x_wconf 77' lang='lat' dir='ltr'><strong>sione</strong></span> <span class='ocrx_word' id='word_1_461' title='bbox 862 4332 1189 4402; x_wconf 82' lang='lat' dir='ltr'><strong>linguarum,</strong></span> <span class='ocrx_word' id='word_1_462' title='bbox 1229 4342 1321 4386; x_wconf 86' lang='lat' dir='ltr'><strong>aut</strong></span> <span class='ocrx_word' id='word_1_463' title='bbox 1358 4349 1476 4407; x_wconf 71' lang='lat' dir='ltr'><strong>quae</strong></span> <span class='ocrx_word' id='word_1_464' title='bbox 1529 4334 1934 4392; x_wconf 84' lang='lat' dir='ltr'><strong>Sodomitarum</strong></span> <span class='ocrx_word' id='word_1_465' title='bbox 1967 4347 2231 4408; x_wconf 89' lang='lat' dir='ltr'><strong>tempore,</strong></span> <span class='ocrx_word' id='word_1_466' title='bbox 2268 4372 2269 4375; x_wconf 60' lang='grc' dir='ltr'><strong>η</strong></span> 
     </span>
    </p>
   </div>
   <div class='ocr_carea' id='block_1_69' title="bbox 681 4424 2227 4492">
    <p class='ocr_par' dir='ltr' id='par_1_69' title="bbox 681 4424 2227 4492">
     <span class='ocr_line' id='line_1_69' title="bbox 681 4424 2227 4492; baseline 0.006 -15"><span class='ocrx_word' id='word_1_467' title='bbox 681 4424 807 4478; x_wconf 86' lang='lat' dir='ltr'><strong>item</strong></span> <span class='ocrx_word' id='word_1_468' title='bbox 859 4439 978 4492; x_wconf 80' lang='lat' dir='ltr'><strong>qua:</strong></span> <span class='ocrx_word' id='word_1_469' title='bbox 1020 4424 1074 4476; x_wconf 90' lang='lat' dir='ltr'><strong>iu</strong></span> <span class='ocrx_word' id='word_1_470' title='bbox 1127 4431 1368 4492; x_wconf 88' lang='lat' dir='ltr'><strong>tempore</strong></span> <span class='ocrx_word' id='word_1_471' title='bbox 1413 4425 1704 4488; x_wconf 82' lang='lat' dir='ltr'><strong>Abraham,</strong></span> <span class='ocrx_word' id='word_1_472' title='bbox 1738 4427 1886 4482; x_wconf 85' lang='lat' dir='ltr'><strong>Isaac</strong></span> <span class='ocrx_word' id='word_1_473' title='bbox 1954 4437 2008 4482; x_wconf 87' lang='lat' dir='ltr'><strong>et</strong></span> <span class='ocrx_word' id='word_1_474' title='bbox 2035 4427 2227 4486; x_wconf 83' lang='lat' dir='ltr'><strong>Jacob.</strong></span> 
     </span>
    </p>
   </div>
   <div class='ocr_carea' id='block_1_70' title="bbox 2328 3423 2504 3476">
    <p class='ocr_par' dir='ltr' id='par_1_70' title="bbox 2328 3423 2504 3476">
     <span class='ocr_line' id='line_1_70' title="bbox 2328 3423 2504 3476; baseline 0 -18"><span class='ocrx_word' id='word_1_475' title='bbox 2328 3423 2504 3476; x_wconf 88' lang='grc' dir='ltr'>νητος.</span> 
     </span>
    </p>
   </div>
   <div class='ocr_carea' id='block_1_71' title="bbox 2401 3523 3883 3595">
    <p class='ocr_par' dir='ltr' id='par_1_71' title="bbox 2401 3523 3883 3595">
     <span class='ocr_line' id='line_1_71' title="bbox 2401 3523 3883 3595; baseline 0.008 -20"><span class='ocrx_word' id='word_1_476' title='bbox 2401 3525 2628 3576; x_wconf 80' lang='grc' dir='ltr'>Μνείαν</span> <span class='ocrx_word' id='word_1_477' title='bbox 2670 3523 2996 3590; x_wconf 78' lang='grc' dir='ltr'>ἐποιήσατο</span> <span class='ocrx_word' id='word_1_478' title='bbox 3034 3523 3151 3578; x_wconf 78' lang='grc' dir='ltr'>τῶν</span> <span class='ocrx_word' id='word_1_479' title='bbox 3184 3529 3528 3595; x_wconf 78' lang='grc' dir='ltr'>θαυμασίων</span> <span class='ocrx_word' id='word_1_480' title='bbox 3556 3532 3760 3586; x_wconf 81' lang='grc' dir='ltr'>αὐτοῦ.</span> <span class='ocrx_word' id='word_1_481' title='bbox 3803 3533 3883 3587; x_wconf 71' lang='grc' dir='ltr'>Τὸ</span> 
     </span>
    </p>
   </div>
   <div class='ocr_carea' id='block_1_72' title="bbox 2344 3613 3886 3685">
    <p class='ocr_par' dir='ltr' id='par_1_72' title="bbox 2344 3613 3886 3685">
     <span class='ocr_line' id='line_1_72' title="bbox 2344 3613 3886 3685; baseline 0.005 -17"><span class='ocrx_word' id='word_1_482' title='bbox 2344 3613 2672 3682; x_wconf 81' lang='grc' dir='ltr'><strong>Ἐμνήσθη,</strong></span> <span class='ocrx_word' id='word_1_483' title='bbox 2703 3615 2794 3666; x_wconf 78' lang='grc' dir='ltr'>καὶ</span> <span class='ocrx_word' id='word_1_484' title='bbox 2821 3615 2880 3666; x_wconf 79' lang='grc' dir='ltr'>τὸ</span> <span class='ocrx_word' id='word_1_485' title='bbox 2905 3616 3129 3668; x_wconf 79' lang='grc' dir='ltr'>Μνείαν</span> <span class='ocrx_word' id='word_1_486' title='bbox 3161 3617 3506 3685; x_wconf 80' lang='grc' dir='ltr'>ἐποιήσατο,</span> <span class='ocrx_word' id='word_1_487' title='bbox 3543 3621 3634 3672; x_wconf 79' lang='grc' dir='ltr'>καὶ</span> <span class='ocrx_word' id='word_1_488' title='bbox 3665 3623 3727 3674; x_wconf 82' lang='grc' dir='ltr'>τὰ</span> <span class='ocrx_word' id='word_1_489' title='bbox 3766 3640 3886 3676; x_wconf 77' lang='grc' dir='ltr'>τοι-</span> 
     </span>
    </p>
   </div>
   <div class='ocr_carea' id='block_1_73' title="bbox 2335 3701 3882 3780">
    <p class='ocr_par' dir='ltr' id='par_1_73' title="bbox 2335 3701 3882 3780">
     <span class='ocr_line' id='line_1_73' title="bbox 2335 3701 3882 3780; baseline 0.005 -22"><span class='ocrx_word' id='word_1_490' title='bbox 2335 3706 2486 3761; x_wconf 82' lang='grc' dir='ltr'>αῦτα,</span> <span class='ocrx_word' id='word_1_491' title='bbox 2523 3708 2618 3758; x_wconf 70' lang='grc' dir='ltr'>ἐπὶ</span> <span class='ocrx_word' id='word_1_492' title='bbox 2661 3709 2758 3776; x_wconf 81' lang='grc' dir='ltr'>τῆς</span> <span class='ocrx_word' id='word_1_493' title='bbox 2797 3706 3075 3776; x_wconf 75' lang='grc' dir='ltr'>ἐνεργείας</span> <span class='ocrx_word' id='word_1_494' title='bbox 3118 3708 3165 3760; x_wconf 80' lang='grc' dir='ltr'>οι</span> <span class='ocrx_word' id='word_1_495' title='bbox 3216 3701 3491 3778; x_wconf 77' lang='grc' dir='ltr'>προφῆται</span> <span class='ocrx_word' id='word_1_496' title='bbox 3545 3709 3882 3780; x_wconf 78' lang='grc' dir='ltr'>λαμϐάνουσι</span> 
     </span>
    </p>
   </div>
   <div class='ocr_carea' id='block_1_74' title="bbox 2333 3794 3883 3874">
    <p class='ocr_par' dir='ltr' id='par_1_74' title="bbox 2333 3794 3883 3874">
     <span class='ocr_line' id='line_1_74' title="bbox 2333 3794 3883 3874; baseline 0.005 -24"><span class='ocrx_word' id='word_1_497' title='bbox 2333 3794 2612 3860; x_wconf 80' lang='grc' dir='ltr'>πολλάκις,</span> <span class='ocrx_word' id='word_1_498' title='bbox 2645 3799 2721 3860; x_wconf 85' lang='grc' dir='ltr'>ὼς</span> <span class='ocrx_word' id='word_1_499' title='bbox 2747 3799 2844 3851; x_wconf 79' lang='grc' dir='ltr'>καὶ</span> <span class='ocrx_word' id='word_1_500' title='bbox 2880 3799 2938 3851; x_wconf 90' lang='grc' dir='ltr'><strong>ἐν</strong></span> <span class='ocrx_word' id='word_1_501' title='bbox 2975 3799 3152 3863; x_wconf 76' lang='grc' dir='ltr'>ἄλλοις</span> <span class='ocrx_word' id='word_1_502' title='bbox 3180 3801 3502 3872; x_wconf 73' lang='grc' dir='ltr'>εἰρήκαμεν.</span> <span class='ocrx_word' id='word_1_503' title='bbox 3532 3804 3695 3870; x_wconf 78' lang='grc' dir='ltr'>Λέγει</span> <span class='ocrx_word' id='word_1_504' title='bbox 3741 3804 3883 3874; x_wconf 85' lang='grc' dir='ltr'>γοῦν</span> 
     </span>
    </p>
   </div>
   <div class='ocr_carea' id='block_1_75' title="bbox 2332 3890 3878 3961">
    <p class='ocr_par' dir='ltr' id='par_1_75' title="bbox 2332 3890 3878 3961">
     <span class='ocr_line' id='line_1_75' title="bbox 2332 3890 3878 3961; baseline 0.005 -19"><span class='ocrx_word' id='word_1_505' title='bbox 2332 3892 2413 3942; x_wconf 85' lang='grc' dir='ltr'>ὃτι</span> <span class='ocrx_word' id='word_1_506' title='bbox 2467 3892 2679 3959; x_wconf 75' lang='grc' dir='ltr'>ἐνεργεῖ</span> <span class='ocrx_word' id='word_1_507' title='bbox 2724 3890 2794 3942; x_wconf 81' lang='grc' dir='ltr'>τὰ</span> <span class='ocrx_word' id='word_1_508' title='bbox 2848 3890 3122 3961; x_wconf 75' lang='grc' dir='ltr'>θαυμάσια</span> <span class='ocrx_word' id='word_1_509' title='bbox 3184 3892 3371 3960; x_wconf 82' lang='grc' dir='ltr'>αὐτοῦ,</span> <span class='ocrx_word' id='word_1_510' title='bbox 3411 3895 3609 3959; x_wconf 69' lang='grc' dir='ltr'>καὶ,ού</span> <span class='ocrx_word' id='word_1_511' title='bbox 3646 3897 3878 3951; x_wconf 77' lang='grc' dir='ltr'>παύεται</span> 
     </span>
    </p>
   </div>
   <div class='ocr_carea' id='block_1_76' title="bbox 2334 3979 3932 4056">
    <p class='ocr_par' dir='ltr' id='par_1_76' title="bbox 2334 3979 3932 4056">
     <span class='ocr_line' id='line_1_76' title="bbox 2334 3979 3932 4056; baseline 0.004 -24"><span class='ocrx_word' id='word_1_512' title='bbox 2334 3979 2783 4049; x_wconf 74' lang='grc' dir='ltr'>θαυματουργῶν,</span> <span class='ocrx_word' id='word_1_513' title='bbox 2827 3979 2912 4032; x_wconf 85' lang='grc' dir='ltr'><strong>διὰ</strong></span> <span class='ocrx_word' id='word_1_514' title='bbox 2959 3981 3136 4051; x_wconf 80' lang='grc' dir='ltr'>πάσης</span> <span class='ocrx_word' id='word_1_515' title='bbox 3167 3984 3378 4049; x_wconf 83' lang='grc' dir='ltr'>γενεᾶς,</span> <span class='ocrx_word' id='word_1_516' title='bbox 3411 3982 3495 4036; x_wconf 71' lang='grc' dir='ltr'>ἵνα</span> <span class='ocrx_word' id='word_1_517' title='bbox 3538 3983 3663 4047; x_wconf 75' lang='grc' dir='ltr'>τοὺς</span> <span class='ocrx_word' id='word_1_518' title='bbox 3699 4001 3881 4056; x_wconf 64' lang='grc' dir='ltr'>παχυ-</span> <span class='ocrx_word' id='word_1_519' title='bbox 3903 4007 3932 4038; x_wconf 82' lang='grc'><strong>-.</strong></span> 
     </span>
    </p>
   </div>
   <div class='ocr_carea' id='block_1_77' title="bbox 2332 4067 3879 4141">
    <p class='ocr_par' dir='ltr' id='par_1_77' title="bbox 2332 4067 3879 4141">
     <span class='ocr_line' id='line_1_77' title="bbox 2332 4067 3879 4141; baseline 0.005 -19"><span class='ocrx_word' id='word_1_520' title='bbox 2332 4073 2388 4123; x_wconf 89' lang='grc' dir='ltr'><strong>τέ</strong></span> <span class='ocrx_word' id='word_1_521' title='bbox 2398 4087 2520 4137; x_wconf 85' lang='grc' dir='ltr'>ρους</span> <span class='ocrx_word' id='word_1_522' title='bbox 2553 4073 2846 4140; x_wconf 67' lang='grc' dir='ltr'>ἐπάγη-σαι,</span> <span class='ocrx_word' id='word_1_523' title='bbox 2872 4071 2960 4124; x_wconf 83' lang='grc' dir='ltr'>διὰ</span> <span class='ocrx_word' id='word_1_524' title='bbox 2988 4072 3094 4124; x_wconf 85' lang='grc' dir='ltr'><strong>τῶν</strong></span> <span class='ocrx_word' id='word_1_525' title='bbox 3116 4073 3430 4141; x_wconf 86' lang='grc' dir='ltr'>τεραστίων,</span> <span class='ocrx_word' id='word_1_526' title='bbox 3459 4067 3546 4126; x_wconf 74' lang='grc' dir='ltr'>οἷα</span> <span class='ocrx_word' id='word_1_527' title='bbox 3568 4074 3636 4127; x_wconf 82' lang='grc' dir='ltr'>τὰ</span> <span class='ocrx_word' id='word_1_528' title='bbox 3662 4073 3753 4127; x_wconf 82' lang='grc' dir='ltr'>ἐπὶ</span> <span class='ocrx_word' id='word_1_529' title='bbox 3780 4075 3879 4130; x_wconf 79' lang='grc' dir='ltr'><strong>τοῦ</strong></span> 
     </span>
    </p>
   </div>
   <div class='ocr_carea' id='block_1_78' title="bbox 2333 4160 3877 4233">
    <p class='ocr_par' dir='ltr' id='par_1_78' title="bbox 2333 4160 3877 4233">
     <span class='ocr_line' id='line_1_78' title="bbox 2333 4160 3877 4233; baseline 0.005 -20"><span class='ocrx_word' id='word_1_530' title='bbox 2333 4161 2741 4228; x_wconf 80' lang='grc' dir='ltr'>κατακλυσμοῦ,</span> <span class='ocrx_word' id='word_1_531' title='bbox 2765 4160 2832 4214; x_wconf 83' lang='grc' dir='ltr'>τὰ</span> <span class='ocrx_word' id='word_1_532' title='bbox 2861 4162 2954 4212; x_wconf 75' lang='grc' dir='ltr'>ἐπὶ</span> <span class='ocrx_word' id='word_1_533' title='bbox 2983 4161 3086 4229; x_wconf 86' lang='grc' dir='ltr'>τῆς·</span> <span class='ocrx_word' id='word_1_534' title='bbox 3119 4163 3428 4232; x_wconf 80' lang='grc' dir='ltr'>συγχύσεως</span> <span class='ocrx_word' id='word_1_535' title='bbox 3453 4165 3562 4216; x_wconf 86' lang='grc' dir='ltr'><strong>τῶν</strong></span> <span class='ocrx_word' id='word_1_536' title='bbox 3591 4165 3877 4233; x_wconf 83' lang='grc' dir='ltr'>γλωσσῶν.</span> 
     </span>
    </p>
   </div>
   <div class='ocr_carea' id='block_1_79' title="bbox 2331 4250 3877 4322">
    <p class='ocr_par' dir='ltr' id='par_1_79' title="bbox 2331 4250 3877 4322">
     <span class='ocr_line' id='line_1_79' title="bbox 2331 4250 3877 4322; baseline 0.006 -19"><span class='ocrx_word' id='word_1_537' title='bbox 2331 4253 2399 4304; x_wconf 86' lang='grc' dir='ltr'>τὰ</span> <span class='ocrx_word' id='word_1_538' title='bbox 2441 4253 2533 4304; x_wconf 72' lang='grc' dir='ltr'>ἐπὶ</span> <span class='ocrx_word' id='word_1_539' title='bbox 2564 4251 2829 4321; x_wconf 82' lang='grc' dir='ltr'>Σοδόμων,</span> <span class='ocrx_word' id='word_1_540' title='bbox 2866 4250 2932 4303; x_wconf 82' lang='grc' dir='ltr'>τὰ</span> <span class='ocrx_word' id='word_1_541' title='bbox 2971 4252 3063 4304; x_wconf 75' lang='grc' dir='ltr'><strong>ἐπὶ</strong></span> <span class='ocrx_word' id='word_1_542' title='bbox 3102 4250 3370 4322; x_wconf 78' lang='grc' dir='ltr'>Ἀϐραάμ,</span> <span class='ocrx_word' id='word_1_543' title='bbox 3422 4255 3513 4306; x_wconf 82' lang='grc' dir='ltr'>καὶ</span> <span class='ocrx_word' id='word_1_544' title='bbox 3548 4255 3747 4320; x_wconf 81' lang='grc' dir='ltr'>Ἰσαὰκ,</span> <span class='ocrx_word' id='word_1_545' title='bbox 3781 4260 3877 4312; x_wconf 77' lang='grc' dir='ltr'>καὶ</span> 
     </span>
    </p>
   </div>
   <div class='ocr_carea' id='block_1_80' title="bbox 2345 4341 3879 4415">
    <p class='ocr_par' dir='ltr' id='par_1_80' title="bbox 2345 4341 3879 4415">
     <span class='ocr_line' id='line_1_80' title="bbox 2345 4341 3879 4415; baseline -0.003 -20"><span class='ocrx_word' id='word_1_546' title='bbox 2345 4343 2557 4409; x_wconf 82' lang='grc' dir='ltr'>Ἰακὼϐ,</span> <span class='ocrx_word' id='word_1_547' title='bbox 2582 4345 2648 4395; x_wconf 73' lang='grc' dir='ltr'><strong>τὰ</strong></span> <span class='ocrx_word' id='word_1_548' title='bbox 2681 4346 2738 4395; x_wconf 80' lang='grc' dir='ltr'><strong>ἐν</strong></span> <span class='ocrx_word' id='word_1_549' title='bbox 2768 4341 3045 4411; x_wconf 75' lang='grc' dir='ltr'>Αἰγύπτῳ,</span> <span class='ocrx_word' id='word_1_550' title='bbox 3087 4343 3152 4395; x_wconf 74' lang='grc' dir='ltr'><strong>τὰ</strong></span> <span class='ocrx_word' id='word_1_551' title='bbox 3187 4346 3245 4396; x_wconf 84' lang='grc' dir='ltr'><strong>ἐν</strong></span> <span class='ocrx_word' id='word_1_552' title='bbox 3284 4347 3348 4413; x_wconf 84' lang='grc' dir='ltr'>τῇ</span> <span class='ocrx_word' id='word_1_553' title='bbox 3401 4343 3564 4415; x_wconf 79' lang='grc' dir='ltr'>ἐξόδῳ</span> <span class='ocrx_word' id='word_1_554' title='bbox 3592 4347 3702 4407; x_wconf 81' lang='grc' dir='ltr'><strong>τῶν</strong></span> <span class='ocrx_word' id='word_1_555' title='bbox 3747 4349 3879 4404; x_wconf 77' lang='grc' dir='ltr'>Ἰου-</span> 
     </span>
    </p>
   </div>
   <div class='ocr_carea' id='block_1_81' title="bbox 2331 4429 3875 4505">
    <p class='ocr_par' dir='ltr' id='par_1_81' title="bbox 2331 4429 3875 4505">
     <span class='ocr_line' id='line_1_81' title="bbox 2331 4429 3875 4505; baseline 0.003 -19"><span class='ocrx_word' id='word_1_556' title='bbox 2331 4437 2515 4494; x_wconf 86' lang='grc' dir='ltr'>δαίων,</span> <span class='ocrx_word' id='word_1_557' title='bbox 2557 4437 2621 4485; x_wconf 82' lang='grc' dir='ltr'>τὰ</span> <span class='ocrx_word' id='word_1_558' title='bbox 2647 4438 2705 4485; x_wconf 88' lang='grc' dir='ltr'><strong>ἐν</strong></span> <span class='ocrx_word' id='word_1_559' title='bbox 2734 4437 2796 4503; x_wconf 80' lang='grc' dir='ltr'>τῇ</span> <span class='ocrx_word' id='word_1_560' title='bbox 2823 4435 3029 4502; x_wconf 76' lang='grc' dir='ltr'>ἐρήμῳ,</span> <span class='ocrx_word' id='word_1_561' title='bbox 3054 4429 3121 4486; x_wconf 73' lang='grc' dir='ltr'>τὰ</span> <span class='ocrx_word' id='word_1_562' title='bbox 3145 4435 3201 4486; x_wconf 78' lang='grc' dir='ltr'><strong>ἐν</strong></span> <span class='ocrx_word' id='word_1_563' title='bbox 3227 4437 3289 4505; x_wconf 80' lang='grc' dir='ltr'>τῇ</span> <span class='ocrx_word' id='word_1_564' title='bbox 3308 4438 3378 4505; x_wconf 78' lang='grc' dir='ltr'>γῇ</span> <span class='ocrx_word' id='word_1_565' title='bbox 3392 4437 3486 4505; x_wconf 79' lang='grc' dir='ltr'>τῆς</span> <span class='ocrx_word' id='word_1_566' title='bbox 3520 4439 3875 4505; x_wconf 83' lang='grc' dir='ltr'>ἐπαγγελίας,</span> 
     </span>
    </p>
   </div>
   <div class='ocr_carea' id='block_1_82' title="bbox 678 4507 2242 4592">
    <p class='ocr_par' dir='ltr' id='par_1_82' title="bbox 678 4507 2229 4586">
     <span class='ocr_line' id='line_1_82' title="bbox 678 4507 2229 4586; baseline 0.006 -19"><span class='ocrx_word' id='word_1_567' title='bbox 678 4513 890 4585; x_wconf 71' lang='lat' dir='ltr'><strong>thuze</strong></span> <span class='ocrx_word' id='word_1_568' title='bbox 921 4514 974 4568; x_wconf 89' lang='lat' dir='ltr'><strong>in</strong></span> <span class='ocrx_word' id='word_1_569' title='bbox 1023 4513 1280 4586; x_wconf 68' lang='lat' dir='ltr'><strong>Egypto,</strong></span> <span class='ocrx_word' id='word_1_570' title='bbox 1325 4527 1421 4570; x_wconf 83' lang='lat' dir='ltr'><strong>aut</strong></span> <span class='ocrx_word' id='word_1_571' title='bbox 1485 4517 1537 4571; x_wconf 89' lang='lat' dir='ltr'><strong>in</strong></span> <span class='ocrx_word' id='word_1_572' title='bbox 1600 4520 1744 4573; x_wconf 75' lang='lat' dir='ltr'><strong>exitu</strong></span> <span class='ocrx_word' id='word_1_573' title='bbox 1800 4521 2108 4574; x_wconf 67' lang='lat' dir='ltr'><strong>Judazorum</strong></span> <span class='ocrx_word' id='word_1_574' title='bbox 2161 4507 2229 4576; x_wconf 81' lang='lat' dir='ltr'><strong>ab</strong></span> 
     </span>
    </p>
   </div>
   <div class='ocr_carea' id='block_1_83' title="bbox 2331 4507 3876 4592">
    <p class='ocr_par' dir='ltr' id='par_1_83' title="bbox 2331 4522 3876 4592">
     <span class='ocr_line' id='line_1_83' title="bbox 2331 4522 3876 4592; baseline 0.003 -17"><span class='ocrx_word' id='word_1_575' title='bbox 2331 4524 2400 4576; x_wconf 75' lang='grc' dir='ltr'>τὰ</span> <span class='ocrx_word' id='word_1_576' title='bbox 2423 4524 2478 4574; x_wconf 85' lang='grc' dir='ltr'>ὲν</span> <span class='ocrx_word' id='word_1_577' title='bbox 2513 4522 2810 4584; x_wconf 71' lang='grc' dir='ltr'>Βαϐυλῶνι,</span> <span class='ocrx_word' id='word_1_578' title='bbox 2835 4522 2902 4574; x_wconf 82' lang='grc' dir='ltr'>τὰ</span> <span class='ocrx_word' id='word_1_579' title='bbox 2933 4523 3072 4576; x_wconf 82' lang='grc' dir='ltr'>κατὰ</span> <span class='ocrx_word' id='word_1_580' title='bbox 3100 4523 3198 4592; x_wconf 79' lang='grc' dir='ltr'>τὴν</span> <span class='ocrx_word' id='word_1_581' title='bbox 3239 4523 3494 4577; x_wconf 77' lang='grc' dir='ltr'>ἐπάνοδον</span> <span class='ocrx_word' id='word_1_582' title='bbox 3536 4527 3600 4588; x_wconf 83' lang='grc' dir='ltr'><strong>ἐκ</strong></span> <span class='ocrx_word' id='word_1_583' title='bbox 3623 4525 3876 4579; x_wconf 77' lang='grc' dir='ltr'>Βαϐυλῶ-</span> 
     </span>
    </p>
   </div>
   <div class='ocr_carea' id='block_1_84' title="bbox 679 4605 2286 4677">
    <p class='ocr_par' dir='ltr' id='par_1_84' title="bbox 679 4605 2286 4677">
     <span class='ocr_line' id='line_1_84' title="bbox 679 4605 2286 4677; baseline 0.002 -16"><span class='ocrx_word' id='word_1_584' title='bbox 679 4605 940 4677; x_wconf 70' lang='lat' dir='ltr'><strong>Egypto,</strong></span> <span class='ocrx_word' id='word_1_585' title='bbox 971 4623 1195 4675; x_wconf 60' lang='lat' dir='ltr'><strong>quaeque</strong></span> <span class='ocrx_word' id='word_1_586' title='bbox 1229 4611 1282 4661; x_wconf 90' lang='lat' dir='ltr'><strong>in</strong></span> <span class='ocrx_word' id='word_1_587' title='bbox 1300 4607 1534 4670; x_wconf 84' lang='lat' dir='ltr'><strong>deserto,</strong></span> <span class='ocrx_word' id='word_1_588' title='bbox 1572 4609 1624 4661; x_wconf 93' lang='lat' dir='ltr'><strong>in</strong></span> <span class='ocrx_word' id='word_1_589' title='bbox 1659 4621 1799 4662; x_wconf 83' lang='lat' dir='ltr'><strong>terra</strong></span> <span class='ocrx_word' id='word_1_590' title='bbox 1829 4611 2230 4677; x_wconf 86' lang='lat' dir='ltr'><strong>promissionis,</strong></span> <span class='ocrx_word' id='word_1_591' title='bbox 2261 4641 2286 4650; x_wconf 82' lang='lat'><strong>—</strong></span> 
     </span>
    </p>
   </div>
   <div class='ocr_carea' id='block_1_85' title="bbox 590 4696 2233 4768">
    <p class='ocr_par' dir='ltr' id='par_1_85' title="bbox 590 4696 2233 4768">
     <span class='ocr_line' id='line_1_85' title="bbox 590 4696 2233 4768; baseline 0.002 -17"><span class='ocrx_word' id='word_1_592' title='bbox 590 4725 593 4729; x_wconf 95' lang='lat'><strong><em>-</em></strong></span> <span class='ocrx_word' id='word_1_593' title='bbox 684 4698 739 4751; x_wconf 88' lang='lat' dir='ltr'><strong>in</strong></span> <span class='ocrx_word' id='word_1_594' title='bbox 785 4697 1077 4768; x_wconf 83' lang='lat' dir='ltr'><strong>Babylone,</strong></span> <span class='ocrx_word' id='word_1_595' title='bbox 1121 4706 1212 4749; x_wconf 89' lang='lat' dir='ltr'><strong>aut</strong></span> <span class='ocrx_word' id='word_1_596' title='bbox 1269 4707 1510 4766; x_wconf 87' lang='lat' dir='ltr'><strong>tempore</strong></span> <span class='ocrx_word' id='word_1_597' title='bbox 1553 4696 2000 4763; x_wconf 67' lang='lat' dir='ltr'><strong>Machabaaorum,</strong></span> <span class='ocrx_word' id='word_1_598' title='bbox 2031 4708 2084 4754; x_wconf 90' lang='lat' dir='ltr'><strong>et</strong></span> <span class='ocrx_word' id='word_1_599' title='bbox 2115 4716 2233 4768; x_wconf 80' lang='lat' dir='ltr'><strong>quae</strong></span> 
     </span>
    </p>
   </div>
   <div class='ocr_carea' id='block_1_86' title="bbox 679 4781 2231 4859">
    <p class='ocr_par' dir='ltr' id='par_1_86' title="bbox 679 4781 2231 4859">
     <span class='ocr_line' id='line_1_86' title="bbox 679 4781 2231 4859; baseline -0.001 -16"><span class='ocrx_word' id='word_1_600' title='bbox 679 4790 734 4843; x_wconf 89' lang='lat' dir='ltr'><strong>in</strong></span> <span class='ocrx_word' id='word_1_601' title='bbox 764 4789 962 4844; x_wconf 87' lang='lat' dir='ltr'><strong>Christi</strong></span> <span class='ocrx_word' id='word_1_602' title='bbox 1013 4789 1268 4849; x_wconf 77' lang='lat' dir='ltr'><strong>adventu,</strong></span> <span class='ocrx_word' id='word_1_603' title='bbox 1317 4797 1373 4840; x_wconf 86' lang='lat' dir='ltr'><strong>et</strong></span> <span class='ocrx_word' id='word_1_604' title='bbox 1413 4797 1538 4856; x_wconf 86' lang='lat' dir='ltr'><strong>post</strong></span> <span class='ocrx_word' id='word_1_605' title='bbox 1585 4789 1734 4841; x_wconf 89' lang='lat' dir='ltr'><strong>illum</strong></span> <span class='ocrx_word' id='word_1_606' title='bbox 1803 4781 2088 4855; x_wconf 75' lang='lat' dir='ltr'><strong>haCtenus,</strong></span> <span class='ocrx_word' id='word_1_607' title='bbox 2119 4793 2231 4859; x_wconf 85' lang='lat' dir='ltr'><strong>pri-</strong></span> 
     </span>
    </p>
   </div>
   <div class='ocr_carea' id='block_1_87' title="bbox 677 4880 2230 4949">
    <p class='ocr_par' dir='ltr' id='par_1_87' title="bbox 677 4880 2230 4949">
     <span class='ocr_line' id='line_1_87' title="bbox 677 4880 2230 4949; baseline -0.003 -16"><span class='ocrx_word' id='word_1_608' title='bbox 677 4881 840 4934; x_wconf 80' lang='lat' dir='ltr'><strong>vatim</strong></span> <span class='ocrx_word' id='word_1_609' title='bbox 901 4895 964 4934; x_wconf 91' lang='lat' dir='ltr'><strong>ac</strong></span> <span class='ocrx_word' id='word_1_610' title='bbox 993 4881 1228 4949; x_wconf 86' lang='lat' dir='ltr'><strong>publice,</strong></span> <span class='ocrx_word' id='word_1_611' title='bbox 1270 4880 1752 4949; x_wconf 85' lang='lat' dir='ltr'><strong>apostolorumque</strong></span> <span class='ocrx_word' id='word_1_612' title='bbox 1797 4894 1860 4935; x_wconf 88' lang='lat' dir='ltr'><strong>ac</strong></span> <span class='ocrx_word' id='word_1_613' title='bbox 1913 4890 2230 4949; x_wconf 83' lang='lat' dir='ltr'><strong>martyrum,</strong></span> 
     </span>
    </p>
   </div>
   <div class='ocr_carea' id='block_1_88' title="bbox 679 4954 2224 5039">
    <p class='ocr_par' dir='ltr' id='par_1_88' title="bbox 679 4954 2224 5039">
     <span class='ocr_line' id='line_1_88' title="bbox 679 4954 2224 5039; baseline -0.001 -16"><span class='ocrx_word' id='word_1_614' title='bbox 679 4983 734 5023; x_wconf 91' lang='lat' dir='ltr'><strong>et</strong></span> <span class='ocrx_word' id='word_1_615' title='bbox 769 4970 998 5024; x_wconf 83' lang='lat' dir='ltr'><strong>aliorum</strong></span> <span class='ocrx_word' id='word_1_616' title='bbox 1040 4954 1399 5039; x_wconf 83' lang='lat' dir='ltr'><strong>temporibus,</strong></span> <span class='ocrx_word' id='word_1_617' title='bbox 1461 4971 1513 5022; x_wconf 92' lang='lat' dir='ltr'><strong>in</strong></span> <span class='ocrx_word' id='word_1_618' title='bbox 1569 4970 1794 5038; x_wconf 82' lang='lat' dir='ltr'><strong>privatis</strong></span> <span class='ocrx_word' id='word_1_619' title='bbox 1847 4970 2119 5033; x_wconf 87' lang='lat' dir='ltr'><strong>domibus,</strong></span> <span class='ocrx_word' id='word_1_620' title='bbox 2169 4971 2224 5023; x_wconf 90' lang='lat' dir='ltr'><strong>in</strong></span> 
     </span>
    </p>
   </div>
   <div class='ocr_carea' id='block_1_89' title="bbox 675 5056 2014 5130">
    <p class='ocr_par' dir='ltr' id='par_1_89' title="bbox 675 5056 2014 5130">
     <span class='ocr_line' id='line_1_89' title="bbox 675 5056 2014 5130; baseline -0.001 -15"><span class='ocrx_word' id='word_1_621' title='bbox 675 5056 1005 5120; x_wconf 81' lang='lat' dir='ltr'><strong>civitatibus.</strong></span> <span class='ocrx_word' id='word_1_622' title='bbox 1041 5068 1095 5114; x_wconf 88' lang='lat' dir='ltr'><strong>et</strong></span> <span class='ocrx_word' id='word_1_623' title='bbox 1167 5061 1367 5128; x_wconf 89' lang='lat' dir='ltr'><strong>ubique</strong></span> <span class='ocrx_word' id='word_1_624' title='bbox 1427 5065 1664 5130; x_wconf 85' lang='lat' dir='ltr'><strong>gentium</strong></span> <span class='ocrx_word' id='word_1_625' title='bbox 1697 5060 1835 5113; x_wconf 77' lang='lat' dir='ltr'><strong>facta</strong></span> <span class='ocrx_word' id='word_1_626' title='bbox 1870 5067 2014 5113; x_wconf 82' lang='lat' dir='ltr'><strong>sunt.</strong></span> 
     </span>
    </p>
   </div>
   <div class='ocr_carea' id='block_1_90' title="bbox 748 5149 2222 5219">
    <p class='ocr_par' dir='ltr' id='par_1_90' title="bbox 748 5149 2222 5219">
     <span class='ocr_line' id='line_1_90' title="bbox 748 5149 2222 5219; baseline -0.003 -14"><span class='ocrx_word' id='word_1_627' title='bbox 748 5150 1047 5205; x_wconf 77' lang='lat' dir='ltr'><strong>Misericors</strong></span> <span class='ocrx_word' id='word_1_628' title='bbox 1078 5159 1125 5203; x_wconf 91' lang='lat' dir='ltr'><strong>et</strong></span> <span class='ocrx_word' id='word_1_629' title='bbox 1155 5150 1438 5219; x_wconf 73' lang='lat' dir='ltr'><strong>miserator</strong></span> <span class='ocrx_word' id='word_1_630' title='bbox 1479 5150 1755 5203; x_wconf 81' lang='lat' dir='ltr'><strong>Dominus.</strong></span> <span class='ocrx_word' id='word_1_631' title='bbox 1810 5149 1912 5214; x_wconf 88' lang='lat' dir='ltr'><strong>Qui</strong></span> <span class='ocrx_word' id='word_1_632' title='bbox 1970 5151 2222 5219; x_wconf 64' lang='lat' dir='ltr'><strong>praedicta</strong></span> 
     </span>
    </p>
   </div>
   <div class='ocr_carea' id='block_1_91' title="bbox 673 5239 2221 5312">
    <p class='ocr_par' dir='ltr' id='par_1_91' title="bbox 673 5239 2221 5312">
     <span class='ocr_line' id='line_1_91' title="bbox 673 5239 2221 5312; baseline -0.003 -16"><span class='ocrx_word' id='word_1_633' title='bbox 673 5241 860 5296; x_wconf 86' lang='lat' dir='ltr'><strong>omnia</strong></span> <span class='ocrx_word' id='word_1_634' title='bbox 918 5241 1068 5312; x_wconf 78' lang='lat' dir='ltr'><strong>facit,</strong></span> <span class='ocrx_word' id='word_1_635' title='bbox 1123 5253 1316 5309; x_wconf 82' lang='lat' dir='ltr'><strong>magna</strong></span> <span class='ocrx_word' id='word_1_636' title='bbox 1350 5255 1474 5292; x_wconf 90' lang='lat' dir='ltr'><strong>cum</strong></span> <span class='ocrx_word' id='word_1_637' title='bbox 1505 5239 1898 5303; x_wconf 85' lang='lat' dir='ltr'><strong>misericordia,</strong></span> <span class='ocrx_word' id='word_1_638' title='bbox 1921 5247 1974 5293; x_wconf 93' lang='lat' dir='ltr'><strong>et</strong></span> <span class='ocrx_word' id='word_1_639' title='bbox 1994 5239 2221 5293; x_wconf 82' lang='lat' dir='ltr'><strong>salutem</strong></span> 
     </span>
    </p>
   </div>
   <div class='ocr_carea' id='block_1_92' title="bbox 676 5331 1183 5399">
    <p class='ocr_par' dir='ltr' id='par_1_92' title="bbox 676 5331 1183 5399">
     <span class='ocr_line' id='line_1_92' title="bbox 676 5331 1183 5399; baseline -0.006 -13"><span class='ocrx_word' id='word_1_640' title='bbox 676 5333 954 5386; x_wconf 82' lang='lat' dir='ltr'><strong>hominum</strong></span> <span class='ocrx_word' id='word_1_641' title='bbox 1010 5347 1073 5386; x_wconf 91' lang='lat' dir='ltr'><strong>cu</strong></span> <span class='ocrx_word' id='word_1_642' title='bbox 1083 5331 1183 5399; x_wconf 84' lang='lat' dir='ltr'><strong>pit.</strong></span> 
     </span>
    </p>
   </div>
   <div class='ocr_carea' id='block_1_93' title="bbox 745 5425 2221 5512">
    <p class='ocr_par' dir='ltr' id='par_1_93' title="bbox 745 5425 2221 5512">
     <span class='ocr_line' id='line_1_93' title="bbox 745 5425 2221 5512; baseline 0.001 -18"><span class='ocrx_word' id='word_1_643' title='bbox 745 5442 908 5497; x_wconf 75' lang='lat' dir='ltr'><strong>Vens.</strong></span> <span class='ocrx_word' id='word_1_644' title='bbox 943 5443 994 5496; x_wconf 85' lang='lat'><strong>5.</strong></span> <span class='ocrx_word' id='word_1_645' title='bbox 1038 5441 1224 5496; x_wconf 84' lang='lat' dir='ltr'><strong>Escam</strong></span> <span class='ocrx_word' id='word_1_646' title='bbox 1293 5442 1434 5495; x_wconf 84' lang='lat' dir='ltr'><strong>dedit</strong></span> <span class='ocrx_word' id='word_1_647' title='bbox 1479 5441 1774 5506; x_wconf 81' lang='lat' dir='ltr'><strong>timentibus</strong></span> <span class='ocrx_word' id='word_1_648' title='bbox 1838 5459 1912 5497; x_wconf 85' lang='lat' dir='ltr'><strong>se.</strong></span> <span class='ocrx_word' id='word_1_649' title='bbox 1954 5425 2113 5512; x_wconf 52' lang='lat' dir='ltr'><strong>Atqui</strong></span> <span class='ocrx_word' id='word_1_650' title='bbox 2167 5451 2221 5496; x_wconf 89' lang='lat' dir='ltr'><strong>et</strong></span> 
     </span>
    </p>
   </div>
   <div class='ocr_carea' id='block_1_94' title="bbox 675 5533 2218 5605">
    <p class='ocr_par' dir='ltr' id='par_1_94' title="bbox 675 5533 2218 5605">
     <span class='ocr_line' id='line_1_94' title="bbox 675 5533 2218 5605; baseline -0.001 -19"><span class='ocrx_word' id='word_1_651' title='bbox 675 5548 785 5588; x_wconf 81' lang='lat' dir='ltr'><strong>non</strong></span> <span class='ocrx_word' id='word_1_652' title='bbox 823 5533 1143 5588; x_wconf 86' lang='lat' dir='ltr'><strong>timentibus</strong></span> <span class='ocrx_word' id='word_1_653' title='bbox 1175 5547 1234 5587; x_wconf 87' lang='lat' dir='ltr'><strong>se</strong></span> <span class='ocrx_word' id='word_1_654' title='bbox 1279 5533 1457 5605; x_wconf 77' lang='lat' dir='ltr'><strong>cibum</strong></span> <span class='ocrx_word' id='word_1_655' title='bbox 1506 5542 1742 5601; x_wconf 62' lang='lat' dir='ltr'><strong>praestat.</strong></span> <span class='ocrx_word' id='word_1_656' title='bbox 1803 5533 1998 5587; x_wconf 78' lang='lat' dir='ltr'><strong>Verum</strong></span> <span class='ocrx_word' id='word_1_657' title='bbox 2037 5535 2136 5587; x_wconf 92' lang='lat' dir='ltr'><strong>hoc</strong></span> <span class='ocrx_word' id='word_1_658' title='bbox 2166 5536 2218 5586; x_wconf 91' lang='lat' dir='ltr'><strong>in</strong></span> 
     </span>
    </p>
   </div>
   <div class='ocr_carea' id='block_1_95' title="bbox 674 5612 2225 5692">
    <p class='ocr_par' dir='ltr' id='par_1_95' title="bbox 674 5612 2225 5692">
     <span class='ocr_line' id='line_1_95' title="bbox 674 5612 2225 5692; baseline -0.001 -17"><span class='ocrx_word' id='word_1_659' title='bbox 674 5624 797 5676; x_wconf 86' lang='lat' dir='ltr'><strong>loco</strong></span> <span class='ocrx_word' id='word_1_660' title='bbox 822 5612 1157 5677; x_wconf 74' lang='lat' dir='ltr'><strong>rationalem</strong></span> <span class='ocrx_word' id='word_1_661' title='bbox 1221 5637 1283 5676; x_wconf 90' lang='lat' dir='ltr'><strong>ac</strong></span> <span class='ocrx_word' id='word_1_662' title='bbox 1333 5622 1627 5692; x_wconf 76' lang='lat' dir='ltr'><strong>Spiritalem</strong></span> <span class='ocrx_word' id='word_1_663' title='bbox 1663 5622 1855 5676; x_wconf 69' lang='lat' dir='ltr'><strong>anima:</strong></span> <span class='ocrx_word' id='word_1_664' title='bbox 1897 5629 2071 5676; x_wconf 85' lang='lat' dir='ltr'><strong>cibum</strong></span> <span class='ocrx_word' id='word_1_665' title='bbox 2139 5615 2225 5674; x_wconf 51' lang='lat' dir='ltr'><strong>in:</strong></span> 
     </span>
    </p>
   </div>
   <div class='ocr_carea' id='block_1_96' title="bbox 677 5706 2218 5782">
    <p class='ocr_par' dir='ltr' id='par_1_96' title="bbox 677 5706 2218 5782">
     <span class='ocr_line' id='line_1_96' title="bbox 677 5706 2218 5782; baseline 0.003 -18"><span class='ocrx_word' id='word_1_666' title='bbox 677 5713 893 5780; x_wconf 85' lang='lat' dir='ltr'><strong>telligit,</strong></span> <span class='ocrx_word' id='word_1_667' title='bbox 949 5713 1248 5776; x_wconf 67' lang='lat' dir='ltr'><strong>cmlestem,</strong></span> <span class='ocrx_word' id='word_1_668' title='bbox 1321 5714 1564 5780; x_wconf 88' lang='lat' dir='ltr'><strong>inquam,</strong></span> <span class='ocrx_word' id='word_1_669' title='bbox 1613 5706 1831 5782; x_wconf 80' lang='lat' dir='ltr'><strong>panem.</strong></span> <span class='ocrx_word' id='word_1_670' title='bbox 1885 5728 2042 5781; x_wconf 88' lang='lat' dir='ltr'><strong>quem</strong></span> <span class='ocrx_word' id='word_1_671' title='bbox 2088 5715 2218 5768; x_wconf 87' lang='lat' dir='ltr'><strong>solis</strong></span> 
     </span>
    </p>
   </div>
   <div class='ocr_carea' id='block_1_97' title="bbox 676 5800 2214 5872">
    <p class='ocr_par' dir='ltr' id='par_1_97' title="bbox 676 5800 2214 5872">
     <span class='ocr_line' id='line_1_97' title="bbox 676 5800 2214 5872; baseline 0.003 -19"><span class='ocrx_word' id='word_1_672' title='bbox 676 5814 737 5854; x_wconf 83' lang='lat' dir='ltr'><strong>se</strong></span> <span class='ocrx_word' id='word_1_673' title='bbox 778 5800 1096 5856; x_wconf 85' lang='lat' dir='ltr'><strong>timentibus</strong></span> <span class='ocrx_word' id='word_1_674' title='bbox 1126 5803 1336 5856; x_wconf 90' lang='lat' dir='ltr'><strong>tribuit.</strong></span> <span class='ocrx_word' id='word_1_675' title='bbox 1379 5801 1613 5856; x_wconf 83' lang='lat' dir='ltr'><strong>Possunt</strong></span> <span class='ocrx_word' id='word_1_676' title='bbox 1644 5805 1803 5857; x_wconf 86' lang='lat' dir='ltr'><strong>etiam</strong></span> <span class='ocrx_word' id='word_1_677' title='bbox 1836 5804 2060 5872; x_wconf 83' lang='lat' dir='ltr'><strong>intelligi</strong></span> <span class='ocrx_word' id='word_1_678' title='bbox 2102 5804 2214 5857; x_wconf 62' lang='lat' dir='ltr'><strong>haec</strong></span> 
     </span>
    </p>
   </div>
   <div class='ocr_carea' id='block_1_98' title="bbox 679 5887 2216 5969">
    <p class='ocr_par' dir='ltr' id='par_1_98' title="bbox 679 5887 2216 5969">
     <span class='ocr_line' id='line_1_98' title="bbox 679 5887 2216 5969; baseline 0.004 -29"><span class='ocrx_word' id='word_1_679' title='bbox 679 5887 838 5941; x_wconf 85' lang='lat' dir='ltr'><strong>verba</strong></span> <span class='ocrx_word' id='word_1_680' title='bbox 895 5889 961 5942; x_wconf 85' lang='lat' dir='ltr'><strong>de</strong></span> <span class='ocrx_word' id='word_1_681' title='bbox 1014 5905 1152 5958; x_wconf 87' lang='lat' dir='ltr'><strong>pane</strong></span> <span class='ocrx_word' id='word_1_682' title='bbox 1219 5892 1488 5959; x_wconf 85' lang='lat' dir='ltr'><strong>mystico;</strong></span> <span class='ocrx_word' id='word_1_683' title='bbox 1526 5892 1609 5945; x_wconf 88' lang='lat' dir='ltr'><strong>vel</strong></span> <span class='ocrx_word' id='word_1_684' title='bbox 1662 5894 1787 5969; x_wconf 84' lang='lat' dir='ltr'><strong>quia</strong></span> <span class='ocrx_word' id='word_1_685' title='bbox 1847 5907 2216 5961; x_wconf 63' lang='lat' dir='ltr'><strong>saepenumero</strong></span> 
     </span>
    </p>
   </div>
   <div class='ocr_carea' id='block_1_99' title="bbox 2329 4614 3873 4687">
    <p class='ocr_par' dir='ltr' id='par_1_99' title="bbox 2329 4614 3873 4687">
     <span class='ocr_line' id='line_1_99' title="bbox 2329 4614 3873 4687; baseline 0.003 -19"><span class='ocrx_word' id='word_1_686' title='bbox 2329 4625 2438 4678; x_wconf 81' lang='grc' dir='ltr'>νος,</span> <span class='ocrx_word' id='word_1_687' title='bbox 2470 4615 2536 4666; x_wconf 83' lang='grc' dir='ltr'>τὰ</span> <span class='ocrx_word' id='word_1_688' title='bbox 2591 4615 2688 4687; x_wconf 65' lang='grc' dir='ltr'><strong>ἐπὶι</strong></span> <span class='ocrx_word' id='word_1_689' title='bbox 2733 4615 2839 4667; x_wconf 82' lang='grc' dir='ltr'><strong>τῶν</strong></span> <span class='ocrx_word' id='word_1_690' title='bbox 2877 4614 3247 4685; x_wconf 75' lang='grc' dir='ltr'>Μακκαϐαίων</span> <span class='ocrx_word' id='word_1_691' title='bbox 3280 4632 3295 4647; x_wconf 80' lang='grc' dir='ltr'><strong><em>ο</em></strong></span> <span class='ocrx_word' id='word_1_692' title='bbox 3327 4615 3395 4667; x_wconf 81' lang='grc' dir='ltr'><strong>τὰ</strong></span> <span class='ocrx_word' id='word_1_693' title='bbox 3418 4617 3477 4668; x_wconf 83' lang='grc' dir='ltr'><strong>ἐν</strong></span> <span class='ocrx_word' id='word_1_694' title='bbox 3524 4616 3730 4669; x_wconf 80' lang='grc' dir='ltr'>ἐλεύσει</span> <span class='ocrx_word' id='word_1_695' title='bbox 3775 4619 3873 4672; x_wconf 79' lang='grc' dir='ltr'><strong>τοῦ</strong></span> 
     </span>
    </p>
   </div>
   <div class='ocr_carea' id='block_1_100' title="bbox 2327 4699 3873 4777">
    <p class='ocr_par' dir='ltr' id='par_1_100' title="bbox 2327 4699 3873 4777">
     <span class='ocr_line' id='line_1_100' title="bbox 2327 4699 3873 4777; baseline 0.002 -20"><span class='ocrx_word' id='word_1_696' title='bbox 2327 4704 2584 4773; x_wconf 81' lang='grc' dir='ltr'>Χριστοῦ,</span> <span class='ocrx_word' id='word_1_697' title='bbox 2614 4703 2834 4772; x_wconf 79' lang='grc' dir='ltr'>τὰ’μετ“</span> <span class='ocrx_word' id='word_1_698' title='bbox 2861 4705 3032 4774; x_wconf 83' lang='grc' dir='ltr'>αὐτὴν</span> <span class='ocrx_word' id='word_1_699' title='bbox 3062 4705 3189 4775; x_wconf 80' lang='grc' dir='ltr'>ἄχρι</span> <span class='ocrx_word' id='word_1_700' title='bbox 3250 4705 3344 4757; x_wconf 75' lang='grc' dir='ltr'><strong>καὶ</strong></span> <span class='ocrx_word' id='word_1_701' title='bbox 3377 4704 3468 4757; x_wconf 85' lang='grc' dir='ltr'>νῦν</span> <span class='ocrx_word' id='word_1_702' title='bbox 3489 4699 3610 4757; x_wconf 68' lang='lat' dir='ltr'><strong>tam</strong></span> <span class='ocrx_word' id='word_1_703' title='bbox 3654 4709 3745 4760; x_wconf 83' lang='grc' dir='ltr'><strong>καὶ</strong></span> <span class='ocrx_word' id='word_1_704' title='bbox 3776 4708 3873 4777; x_wconf 83' lang='grc' dir='ltr'>δη-</span> 
     </span>
    </p>
   </div>
   <div class='ocr_carea' id='block_1_101' title="bbox 2332 4795 3871 4869">
    <p class='ocr_par' dir='ltr' id='par_1_101' title="bbox 2332 4795 3871 4869">
     <span class='ocr_line' id='line_1_101' title="bbox 2332 4795 3871 4869; baseline 0.004 -23"><span class='ocrx_word' id='word_1_705' title='bbox 2332 4796 2515 4864; x_wconf 87' lang='grc' dir='ltr'>μόσια,</span> <span class='ocrx_word' id='word_1_706' title='bbox 2565 4797 2658 4848; x_wconf 84' lang='grc' dir='ltr'><strong>ἐπί</strong></span> <span class='ocrx_word' id='word_1_707' title='bbox 2690 4813 2748 4848; x_wconf 87' lang='grc' dir='ltr'><strong>τε</strong></span> <span class='ocrx_word' id='word_1_708' title='bbox 2779 4795 2887 4869; x_wconf 78' lang='grc' dir='ltr'><strong>τῷν</strong></span> <span class='ocrx_word' id='word_1_709' title='bbox 2915 4795 3247 4859; x_wconf 82' lang='grc' dir='ltr'>ἀποστόλων,</span> <span class='ocrx_word' id='word_1_710' title='bbox 3286 4797 3380 4849; x_wconf 77' lang='grc' dir='ltr'>καὶ</span> <span class='ocrx_word' id='word_1_711' title='bbox 3414 4797 3524 4849; x_wconf 83' lang='grc' dir='ltr'><strong>τῶν</strong></span> <span class='ocrx_word' id='word_1_712' title='bbox 3554 4797 3871 4869; x_wconf 86' lang='grc' dir='ltr'>μαρτύρων,</span> 
     </span>
    </p>
   </div>
   <div class='ocr_carea' id='block_1_102' title="bbox 2330 4867 3873 4958">
    <p class='ocr_par' dir='ltr' id='par_1_102' title="bbox 2330 4867 3873 4958">
     <span class='ocr_line' id='line_1_102' title="bbox 2330 4867 3873 4958; baseline 0.004 -20"><span class='ocrx_word' id='word_1_713' title='bbox 2330 4889 2423 4938; x_wconf 78' lang='grc' dir='ltr'>καὶ</span> <span class='ocrx_word' id='word_1_714' title='bbox 2453 4887 2561 4951; x_wconf 77' lang='grc' dir='ltr'><strong>τῶν</strong></span> <span class='ocrx_word' id='word_1_715' title='bbox 2587 4887 2762 4939; x_wconf 77' lang='grc' dir='ltr'>ἄλλων</span> <span class='ocrx_word' id='word_1_716' title='bbox 2797 4867 2986 4953; x_wconf 66' lang='grc' dir='ltr'>ἁγίων,</span> <span class='ocrx_word' id='word_1_717' title='bbox 3014 4887 3106 4939; x_wconf 78' lang='grc' dir='ltr'>καὶ</span> <span class='ocrx_word' id='word_1_718' title='bbox 3132 4888 3190 4938; x_wconf 88' lang='grc' dir='ltr'><strong>ἐν</strong></span> <span class='ocrx_word' id='word_1_719' title='bbox 3208 4888 3434 4952; x_wconf 85' lang='grc' dir='ltr'>ὀίκίαις,</span> <span class='ocrx_word' id='word_1_720' title='bbox 3463 4889 3554 4941; x_wconf 81' lang='grc' dir='ltr'>καὶ</span> <span class='ocrx_word' id='word_1_721' title='bbox 3573 4867 3873 4958; x_wconf 13' lang='grc' dir='ltr'>ἐνγπόλισι,</span> 
     </span>
    </p>
   </div>
   <div class='ocr_carea' id='block_1_103' title="bbox 2328 4966 3720 5046">
    <p class='ocr_par' dir='ltr' id='par_1_103' title="bbox 2328 4966 3720 5046">
     <span class='ocr_line' id='line_1_103' title="bbox 2328 4966 3720 5046; baseline -0.001 -17"><span class='ocrx_word' id='word_1_722' title='bbox 2328 4979 2420 5030; x_wconf 81' lang='grc' dir='ltr'>καὶ</span> <span class='ocrx_word' id='word_1_723' title='bbox 2449 4977 2720 5045; x_wconf 79' lang='grc' dir='ltr'>πανταχοῦ</span> <span class='ocrx_word' id='word_1_724' title='bbox 2753 4994 2806 5028; x_wconf 91' lang='grc' dir='ltr'><strong>τε</strong></span> <span class='ocrx_word' id='word_1_725' title='bbox 2817 4993 2977 5046; x_wconf 83' lang='grc' dir='ltr'>ρατου</span> <span class='ocrx_word' id='word_1_726' title='bbox 2986 4977 3116 5046; x_wconf 82' lang='grc' dir='ltr'>ργού</span> <span class='ocrx_word' id='word_1_727' title='bbox 3123 4966 3279 5045; x_wconf 69' lang='grc' dir='ltr'>μένα.</span> <span class='ocrx_word' id='word_1_728' title='bbox 3717 4999 3720 5002; x_wconf 94' lang='grc'><strong>·</strong></span> 
     </span>
    </p>
   </div>
   <div class='ocr_carea' id='block_1_104' title="bbox 2407 5149 3869 5238">
    <p class='ocr_par' dir='ltr' id='par_1_104' title="bbox 2407 5149 3869 5238">
     <span class='ocr_line' id='line_1_104' title="bbox 2407 5149 3869 5238; baseline 0.005 -34"><span class='ocrx_word' id='word_1_729' title='bbox 2407 5149 2704 5219; x_wconf 71' lang='grc' dir='ltr'>Ἐλεήμων</span> <span class='ocrx_word' id='word_1_730' title='bbox 2728 5151 2823 5205; x_wconf 76' lang='grc' dir='ltr'>καὶ</span> <span class='ocrx_word' id='word_1_731' title='bbox 2844 5152 3154 5221; x_wconf 74' lang='grc' dir='ltr'>οἰκτίρμων</span> <span class='ocrx_word' id='word_1_732' title='bbox 3177 5155 3210 5206; x_wconf 84' lang='grc' dir='ltr'><strong>ό</strong></span> <span class='ocrx_word' id='word_1_733' title='bbox 3231 5155 3464 5221; x_wconf 80' lang='grc' dir='ltr'>Κύριος.</span> <span class='ocrx_word' id='word_1_734' title='bbox 3495 5155 3552 5207; x_wconf 89' lang='lat'><strong>&#39;0</strong></span> <span class='ocrx_word' id='word_1_735' title='bbox 3573 5155 3641 5210; x_wconf 79' lang='grc' dir='ltr'><strong>τὰ</strong></span> <span class='ocrx_word' id='word_1_736' title='bbox 3670 5157 3869 5238; x_wconf 77' lang='grc' dir='ltr'>ρηθέν-</span> 
     </span>
    </p>
   </div>
   <div class='ocr_carea' id='block_1_105' title="bbox 2324 5243 3870 5315">
    <p class='ocr_par' dir='ltr' id='par_1_105' title="bbox 2324 5243 3870 5315">
     <span class='ocr_line' id='line_1_105' title="bbox 2324 5243 3870 5315; baseline 0.005 -21"><span class='ocrx_word' id='word_1_737' title='bbox 2324 5259 2389 5294; x_wconf 78' lang='grc' dir='ltr'><strong>τα</strong></span> <span class='ocrx_word' id='word_1_738' title='bbox 2422 5243 2610 5305; x_wconf 82' lang='grc' dir='ltr'>ποιῶν,</span> <span class='ocrx_word' id='word_1_739' title='bbox 2634 5243 2799 5295; x_wconf 73' lang='grc' dir='ltr'>ἐλεῶν</span> <span class='ocrx_word' id='word_1_740' title='bbox 2823 5244 2929 5312; x_wconf 86' lang='grc' dir='ltr'><strong>γὰρ</strong></span> <span class='ocrx_word' id='word_1_741' title='bbox 2958 5244 3051 5295; x_wconf 83' lang='grc' dir='ltr'>καὶ</span> <span class='ocrx_word' id='word_1_742' title='bbox 3077 5243 3358 5314; x_wconf 72' lang='grc' dir='ltr'>οἰκτείρων</span> <span class='ocrx_word' id='word_1_743' title='bbox 3381 5244 3552 5298; x_wconf 79' lang='grc' dir='ltr'>ταῦτα</span> <span class='ocrx_word' id='word_1_744' title='bbox 3573 5250 3736 5315; x_wconf 75' lang='grc' dir='ltr'>ποιεῖ,</span> <span class='ocrx_word' id='word_1_745' title='bbox 3767 5249 3870 5302; x_wconf 76' lang='grc' dir='ltr'>καὶ</span> 
     </span>
    </p>
   </div>
   <div class='ocr_carea' id='block_1_106' title="bbox 2324 5325 3588 5404">
    <p class='ocr_par' dir='ltr' id='par_1_106' title="bbox 2324 5325 3588 5404">
     <span class='ocr_line' id='line_1_106' title="bbox 2324 5325 3588 5404; baseline 0.009 -22"><span class='ocrx_word' id='word_1_746' title='bbox 2324 5331 2492 5386; x_wconf 84' lang='grc' dir='ltr'>θέλων</span> <span class='ocrx_word' id='word_1_747' title='bbox 2513 5334 2610 5401; x_wconf 79' lang='grc' dir='ltr'>τὴν</span> <span class='ocrx_word' id='word_1_748' title='bbox 2638 5333 2909 5403; x_wconf 85' lang='grc' dir='ltr'>σωτηρίαν</span> <span class='ocrx_word' id='word_1_749' title='bbox 2943 5334 3050 5386; x_wconf 86' lang='grc' dir='ltr'>τῶν</span> <span class='ocrx_word' id='word_1_750' title='bbox 3074 5333 3396 5404; x_wconf 74' lang='grc' dir='ltr'>ἀνθρώπιον.</span> <span class='ocrx_word' id='word_1_751' title='bbox 3445 5362 3448 5366; x_wconf 63' lang='grc'><strong>’</strong></span> <span class='ocrx_word' id='word_1_752' title='bbox 3512 5325 3530 5343; x_wconf 37' lang='grc'><strong>⁸⁷</strong></span> <span class='ocrx_word' id='word_1_753' title='bbox 3575 5378 3588 5394; x_wconf 74' lang='lat'><strong>-.</strong></span> 
     </span>
    </p>
   </div>
   <div class='ocr_carea' id='block_1_107' title="bbox 2401 5426 3866 5539">
    <p class='ocr_par' dir='ltr' id='par_1_107' title="bbox 2401 5426 3866 5539">
     <span class='ocr_line' id='line_1_107' title="bbox 2401 5426 3866 5539; baseline 0.004 -41"><span class='ocrx_word' id='word_1_754' title='bbox 2401 5445 2630 5512; x_wconf 72' lang='grc' dir='ltr'>Τροφὴν</span> <span class='ocrx_word' id='word_1_755' title='bbox 2682 5445 2862 5497; x_wconf 73' lang='grc' dir='ltr'>ἔδωκε</span> <span class='ocrx_word' id='word_1_756' title='bbox 2903 5444 3029 5512; x_wconf 83' lang='grc' dir='ltr'>τοῖς</span> <span class='ocrx_word' id='word_1_757' title='bbox 3086 5448 3476 5539; x_wconf 71' lang='grc' dir='ltr'>φοϐουμένοις</span> <span class='ocrx_word' id='word_1_758' title='bbox 3517 5426 3732 5516; x_wconf 45' lang='lat' dir='ltr'><strong>mittarK</strong></span> <span class='ocrx_word' id='word_1_759' title='bbox 3751 5451 3866 5506; x_wconf 72' lang='grc' dir='ltr'><strong>Καὶ</strong></span> 
     </span>
    </p>
   </div>
   <div class='ocr_carea' id='block_1_108' title="bbox 2328 5537 3864 5614">
    <p class='ocr_par' dir='ltr' id='par_1_108' title="bbox 2328 5537 3864 5614">
     <span class='ocr_line' id='line_1_108' title="bbox 2328 5537 3864 5614; baseline 0.007 -27"><span class='ocrx_word' id='word_1_760' title='bbox 2328 5537 2432 5604; x_wconf 79' lang='grc' dir='ltr'>μὴν</span> <span class='ocrx_word' id='word_1_761' title='bbox 2463 5537 2553 5587; x_wconf 69' lang='grc' dir='ltr'>καὶ</span> <span class='ocrx_word' id='word_1_762' title='bbox 2580 5538 2689 5596; x_wconf 83' lang='grc' dir='ltr'>τοῖς</span> <span class='ocrx_word' id='word_1_763' title='bbox 2727 5537 2798 5604; x_wconf 85' lang='grc' dir='ltr'><strong>μὴ</strong></span> <span class='ocrx_word' id='word_1_764' title='bbox 2841 5537 3195 5606; x_wconf 82' lang='grc' dir='ltr'>φοϐουμένοις</span> <span class='ocrx_word' id='word_1_765' title='bbox 3228 5537 3391 5592; x_wconf 77' lang='grc' dir='ltr'>αὐτόν</span> <span class='ocrx_word' id='word_1_766' title='bbox 3437 5537 3469 5570; x_wconf 56' lang='grc'><strong>·’</strong></span> <span class='ocrx_word' id='word_1_767' title='bbox 3493 5540 3629 5594; x_wconf 78' lang='grc' dir='ltr'>ἀλλὰ</span> <span class='ocrx_word' id='word_1_768' title='bbox 3655 5545 3864 5614; x_wconf 63' lang='grc' dir='ltr'>τροφὴν</span> 
     </span>
    </p>
   </div>
   <div class='ocr_carea' id='block_1_109' title="bbox 2324 5627 3862 5703">
    <p class='ocr_par' dir='ltr' id='par_1_109' title="bbox 2324 5627 3862 5703">
     <span class='ocr_line' id='line_1_109' title="bbox 2324 5627 3862 5703; baseline 0.006 -26"><span class='ocrx_word' id='word_1_769' title='bbox 2324 5627 2574 5689; x_wconf 80' lang='grc' dir='ltr'>ἐνταῦθα,</span> <span class='ocrx_word' id='word_1_770' title='bbox 2629 5630 2725 5696; x_wconf 84' lang='grc' dir='ltr'>τὴν</span> <span class='ocrx_word' id='word_1_771' title='bbox 2774 5628 3006 5696; x_wconf 77' lang='grc' dir='ltr'>ψυχικὴν</span> <span class='ocrx_word' id='word_1_772' title='bbox 3064 5629 3234 5696; x_wconf 85' lang='grc' dir='ltr'>λέγει,</span> <span class='ocrx_word' id='word_1_773' title='bbox 3295 5629 3394 5700; x_wconf 86' lang='grc' dir='ltr'>τὴν</span> <span class='ocrx_word' id='word_1_774' title='bbox 3460 5631 3702 5702; x_wconf 81' lang='grc' dir='ltr'>λογικὴν,</span> <span class='ocrx_word' id='word_1_775' title='bbox 3758 5633 3862 5703; x_wconf 75' lang='grc' dir='ltr'>τὴν</span> 
     </span>
    </p>
   </div>
   <div class='ocr_carea' id='block_1_110' title="bbox 2324 5718 3861 5794">
    <p class='ocr_par' dir='ltr' id='par_1_110' title="bbox 2324 5718 3861 5794">
     <span class='ocr_line' id='line_1_110' title="bbox 2324 5718 3861 5794; baseline 0.007 -26"><span class='ocrx_word' id='word_1_776' title='bbox 2324 5719 2716 5794; x_wconf 75' lang='grc' dir='ltr'>πνευματικὴν,</span> <span class='ocrx_word' id='word_1_777' title='bbox 2748 5718 2835 5770; x_wconf 85' lang='grc' dir='ltr'>τὸν</span> <span class='ocrx_word' id='word_1_778' title='bbox 2859 5719 3104 5787; x_wconf 83' lang='grc' dir='ltr'>οὐράνιον</span> <span class='ocrx_word' id='word_1_779' title='bbox 3141 5720 3304 5790; x_wconf 78' lang='grc' dir='ltr'>ἄρτον</span> <span class='ocrx_word' id='word_1_780' title='bbox 3327 5761 3340 5784; x_wconf 91' lang='grc'><strong>,</strong></span> <span class='ocrx_word' id='word_1_781' title='bbox 3370 5723 3437 5792; x_wconf 77' lang='grc' dir='ltr'>ἢν</span> <span class='ocrx_word' id='word_1_782' title='bbox 3466 5721 3752 5794; x_wconf 74' lang='grc' dir='ltr'>ἐξαιρέτως</span> <span class='ocrx_word' id='word_1_783' title='bbox 3777 5725 3861 5778; x_wconf 83' lang='grc' dir='ltr'>δί-</span> 
     </span>
    </p>
   </div>
   <div class='ocr_carea' id='block_1_111' title="bbox 2318 5805 3857 5885">
    <p class='ocr_par' dir='ltr' id='par_1_111' title="bbox 2318 5805 3857 5885">
     <span class='ocr_line' id='line_1_111' title="bbox 2318 5805 3857 5885; baseline 0.006 -27"><span class='ocrx_word' id='word_1_784' title='bbox 2318 5807 2446 5859; x_wconf 88' lang='grc' dir='ltr'>δωσι</span> <span class='ocrx_word' id='word_1_785' title='bbox 2483 5808 2662 5876; x_wconf 83' lang='grc' dir='ltr'>μόνοις</span> <span class='ocrx_word' id='word_1_786' title='bbox 2691 5811 2800 5869; x_wconf 85' lang='grc' dir='ltr'>τοῖς</span> <span class='ocrx_word' id='word_1_787' title='bbox 2847 5805 3398 5880; x_wconf 73' lang='grc' dir='ltr'>φοϐουμένοιςάὺτόν.</span> <span class='ocrx_word' id='word_1_788' title='bbox 3438 5811 3672 5885; x_wconf 83' lang='grc' dir='ltr'>Νοηθείη</span> <span class='ocrx_word' id='word_1_789' title='bbox 3699 5815 3742 5865; x_wconf 83' lang='grc' dir='ltr'>δ’</span> <span class='ocrx_word' id='word_1_790' title='bbox 3765 5814 3857 5879; x_wconf 71' lang='grc' dir='ltr'>ἂν,</span> 
     </span>
    </p>
   </div>
   <div class='ocr_carea' id='block_1_112' title="bbox 2322 5897 3858 5974">
    <p class='ocr_par' dir='ltr' id='par_1_112' title="bbox 2322 5897 3858 5974">
     <span class='ocr_line' id='line_1_112' title="bbox 2322 5897 3858 5974; baseline 0.004 -24"><span class='ocrx_word' id='word_1_791' title='bbox 2322 5897 2415 5950; x_wconf 74' lang='grc' dir='ltr'>καὶ</span> <span class='ocrx_word' id='word_1_792' title='bbox 2449 5900 2476 5950; x_wconf 88' lang='grc' dir='ltr'><strong>ό</strong></span> <span class='ocrx_word' id='word_1_793' title='bbox 2507 5900 2766 5967; x_wconf 73' lang='grc' dir='ltr'>μυστικὸς</span> <span class='ocrx_word' id='word_1_794' title='bbox 2799 5900 3030 5964; x_wconf 81' lang='grc' dir='ltr'>δεῖπνος,</span> <span class='ocrx_word' id='word_1_795' title='bbox 3060 5900 3093 5971; x_wconf 77' lang='grc' dir='ltr'><strong>η</strong></span> <span class='ocrx_word' id='word_1_796' title='bbox 3127 5902 3220 5956; x_wconf 67' lang='grc' dir='ltr'><strong>καί</strong></span> <span class='ocrx_word' id='word_1_797' title='bbox 3251 5903 3332 5956; x_wconf 82' lang='grc' dir='ltr'>ὅτι</span> <span class='ocrx_word' id='word_1_798' title='bbox 3366 5903 3554 5974; x_wconf 80' lang='grc' dir='ltr'>τρέφει</span> <span class='ocrx_word' id='word_1_799' title='bbox 3599 5903 3858 5968; x_wconf 66' lang='grc' dir='ltr'>πολλάκις</span> 
     </span>
    </p>
   </div>
  </div>
