4150 6326
577 5313 613 5342 κ

721 430 856 497 3095
1431 471 1437 475 -
1814 430 1818 434 ’
1939 441 2318 502 EUTHYMII
2353 444 2710 506 ZlGABENI
3785 446 3926 509 1096

715 563 836 619 quae
882 561 976 618 per
1003 548 1172 618 legem
1232 547 1398 618 Moysi
1449 548 1671 618 scriptis
1717 548 1914 604 tradita
1968 559 2118 605 sunt.
2168 552 2272 607 Po-
2301 557 2341 616 Α

2373 553 2614 620 γελικὰς,
2638 556 2696 609 αἶ
2728 557 2918 620 πᾶσαι,
2962 558 3116 627 φησι,
3149 557 3357 624 πισταὶ,
3413 556 3660 611 τουτέστι
3689 556 3927 628 βέϐαιοι,

719 646 922 692 stremo
953 652 1081 691 vero
1113 637 1228 706 ipsa
1280 650 1548 708 praecepta
1580 639 1910 707 evangelica,
1951 654 2074 708 quae
2111 654 2268 695 man-

2373 643 2782 716 αμετακίνητοι.
2813 647 2873 699 Et
2905 647 3015 717 γὰρ
3035 646 3131 700 καί
3167 665 3287 700 τινα
3308 647 3400 700 τοῦ
3429 647 3726 702 Μωσαῖκοῦ
3756 639 3929 718 νόμου

715 730 840 781 data
895 729 1080 782 omnia
1130 728 1309 781 lidelia
1355 738 1506 789 sunt,
1561 728 1662 782 hoc
1700 736 1803 788 est,
1876 728 2052 794 lirma,
2103 737 2268 798 atque

2373 733 2799 804 κατεϐλήθησαν,
2835 737 2948 790 ἀλλ’
2981 737 3076 792 ἐπὶ
3098 739 3158 791 τὺ
3195 737 3423 808 βέλτιον,
3451 740 3542 791 ἐπὶ
3568 738 3629 793 τὸ
3664 738 3930 808 ὑψηλότε-

715 817 1054 871 inconcussa.
1079 814 1236 881 Nam,
1258 817 1360 870 etsi
1393 815 1637 885 quaedam
1663 815 1907 870 Mosaica:
1945 817 2077 884 legis
2109 832 2266 870 man-

2373 840 2481 892 ρον.
2517 825 2705 889 Οὐδεὶς
2733 826 2826 881 οὖν
2857 827 3080 882 δύναται
3109 829 3313 892 ταύτας
3337 830 3666 897 ἅναφανίσαι
3686 844 3702 861 ·
3741 831 3804 882 '0
3824 830 3930 882 οὐ·

713 907 838 961 data
887 911 1065 961 soluta
1103 908 1232 970 sint,
1290 921 1474 960 verum
1535 920 1644 960 non
1694 916 1802 959 tam
1832 905 2033 970 soluta,
2100 921 2261 976 quam

2373 914 2542 980 σαι-ὸς
2574 915 2702 986 γὰρ,
2728 917 2881 988 φησὶ,
2913 918 3011 974 καὶ
3049 920 3085 987 ἠ
3121 917 3196 988 τῆ
3227 920 3731 987 παρελεύσονταν
3768 922 3825 974 οι
3858 918 3932 972 δὲ

717 999 770 1051 in
801 1000 994 1053 melius
1029 999 1315 1068 disposita,
1372 1007 1535 1066 atque
1575 997 1846 1052 intellecta
1881 996 1982 1053 dici
2012 1007 2263 1068 possunt.

2373 1004 2528 1074 λόγοι
2565 1025 2683 1074 μου
2717 1011 2787 1063 οὺ
2805 1009 2889 1077 μὴ
2921 1011 3313 1079 παρέλθωσιν.

714 1090 886 1147 Nemo
931 1091 1098 1161 igitur
1131 1106 1195 1145 ea
1251 1091 1452 1159 poterit
1511 1090 1738 1145 delere:
1775 1089 1974 1144 Caelum
2011 1090 2185 1159 enim,
2220 1086 2416 1163 inquit,
2455 1108 2505 1152 et
2551 1109 2694 1153 terra
2765 1104 3092 1170 transibunt,
3127 1105 3280 1157 rerba
3359 1116 3534 1159 autem
3624 1120 3738 1159 mea
3821 1121 3931 1161 non

716 1185 1016 1238 transibunt
1047 1186 1114 1238 ’⁵.

746 1336 754 1348 _
782 1281 1103 1345 Conﬁrmata
1131 1282 1184 1334 in
1213 1281 1462 1334 sa’eulum
1507 1280 1706 1334 tta-culi.
1733 1278 1980 1345 Stabilia,
2013 1279 2260 1349 inquam,

715 1380 769 1424 et
807 1381 1072 1438 perpetuo
1127 1386 1408 1424 mansura-

788 1457 956 1511 Facta
1008 1460 1060 1510 in
1107 1463 1340 1518 ueritate.
1395 1469 1443 1512 et
1503 1458 1834 1512 rectitudine.
1893 1458 2036 1511 Nihil
2099 1459 2264 1522 enim,

2454 1284 2891 1354 Ἐστηριῃιέναι
2951 1290 3039 1352 εις
3098 1287 3204 1341 τὸν
3273 1285 3458 1342 αἰῶνα
3521 1287 3627 1344 τοῦ
3687 1287 3928 1355 αἰῶνος.

2381 1373 2639 1443 Ἒδραῖαι,
2668 1375 2955 1443 διηνεκεῖς,
2987 1378 3224 1444 μόνιμοι.

2437 1467 2829 1534 Πεποιῃμέναι
2860 1469 2926 1522 ἐν
2958 1469 3226 1535 ἀληθείᾳ,
3259 1467 3354 1534 καὶ
3383 1469 3676 1538 εὐθύτητι.
3733 1469 3929 1533 οὐδὲν,

716 1551 912 1616 inquit,
957 1550 1013 1602 in
1081 1550 1161 1605 eis
1213 1550 1407 1602 falsum
1465 1561 1567 1611 est,
1611 1549 1744 1602 nihil
1811 1549 2113 1617 obliquum.
2171 1547 2266 1602 Vel

2373 1561 2553 1627 φησὶν,
2583 1561 2639 1612 ιν
2663 1563 2845 1624 αὐτοῖς
2869 1561 3083 1632 ψευδὲς,
3108 1542 3228 1615 οὐδὲ
3256 1562 3468 1616 σκολιόν
3495 1577 3509 1593 ⁶
3548 1558 3581 1632 ἢ
3603 1564 3696 1615 καὶ
3723 1564 3932 1628 ἄλλως,

717 1642 892 1703 aliter,
933 1655 1028 1707 per
1063 1639 1371 1701 veritatem,
1416 1639 1716 1692 claritatem
1765 1639 2025 1708 intellige,
2058 1654 2155 1708 per
2183 1656 2267 1693 rc:-

2373 1650 2620 1720 ὶλήθειαν
2657 1652 2754 1721 μὲν
2792 1653 3006 1722 νόησον,
3032 1653 3131 1722 τὴν
3165 1655 3462 1724 σαφήνειαν
3496 1670 3513 1686 ο
3541 1655 3810 1725 εὐθύτητα
3843 1656 3930 1717 δὲ,

717 1730 1034 1783 ctiatntinem
1071 1744 1221 1793 vero,
1263 1737 1470 1783 rectum
1524 1729 1816 1798 judicium.
1875 1728 2066 1783 Omnia
2119 1729 2262 1783 enim

2373 1741 2460 1807 τὴν
2488 1740 2831 1811 ὁρθοτομίαν,
2870 1743 2954 1795 ὅτι
2992 1745 3161 1796 πᾶσαι
3187 1743 3425 1815 ἀληθεῖς,
3465 1736 3558 1798 καὶ
3588 1747 3795 1814 σαφεῖς,
3829 1745 3934 1799 καὶ

712 1822 832 1886 ejus
875 1820 1125 1873 mandata
1169 1836 1293 1874 vera
1350 1829 1500 1882 sunt,
1545 1832 1596 1874 et
1629 1822 1798 1886 clara,
1835 1835 1895 1873 ac
1934 1829 2081 1873 recte
2110 1821 2262 1874 incc-

2373 1830 2497 1900 Βρθὰ
2555 1831 2758 1899 βαίνειν
2787 1831 3154 1888 διδάσκουσαι.

712 1913 839 1964 dere
871 1926 969 1964 nos
1008 1911 1226 1964 docent.
2301 1927 2343 1984 Β

781 2025 944 2078 Vens.
979 2024 1031 2078 9.
1073 2023 1494 2092 Redemptionent
1551 2025 1693 2078 misit
1741 2024 1929 2092 populo
1963 2041 2077 2078 suo.
2104 2024 2266 2079 Pater

716 2117 860 2170 misit
896 2114 1087 2169 Filium
1133 2107 1318 2179 suum,
1366 2115 1515 2168 Misit
1543 2116 1686 2167 enim
1715 2131 1810 2178 me,
1844 2117 2038 2184 inquit,
2070 2117 2266 2180 pra-di-

714 2224 832 2260 care
857 2209 1066 2274 captivis
1111 2208 1466 2260 remissionem
1501 2205 1568 2261 ".
1607 2205 1670 2260 Et
1706 2221 1900 2261 rursus
1927 2209 1994 2260 de
2041 2223 2104 2258 co
2129 2207 2266 2260 scri-

716 2314 861 2366 ptum
897 2309 976 2354 est
1013 2297 1177 2366 :.lpse
1237 2299 1437 2351 salvum
1502 2297 1658 2364 faciet
1713 2298 1960 2366 populum
2013 2315 2168 2352 suum
2198 2299 2265 2352 ".

717 2393 844 2445 ltem
886 2393 976 2459 qui
1021 2391 1182 2444 datus
1226 2398 1312 2444 est
1345 2388 1505 2446 nobis
1533 2403 1564 2442 a
1603 2388 1714 2442 Deo
1749 2388 2048 2457 redemptio
2073 2389 2141 2451 ⁸⁸,
2173 2403 2267 2444 se-

715 2484 951 2539 cundum
978 2483 1319 2552 Apostolum.

783 2575 1050 2630 Mandavit
1079 2576 1130 2628 in
1177 2575 1428 2628 sa'culum
1476 2580 1838 2626 testamentum
1868 2588 2041 2629 suum.
2077 2573 2132 2625 In
2166 2588 2267 2626 ste-

717 2670 922 2731 culum,
957 2669 1196 2735 inquam,
1229 2665 1580 2728 conveniens,
1617 2679 1678 2718 ac
1707 2665 1752 2718 si
1807 2665 2045 2718 diceret:
2073 2663 2267 2719 Testa-

723 2769 964 2812 mentum
996 2773 1156 2812 suum
1186 2755 1325 2810 Deus
1356 2757 1410 2809 in
1447 2763 1574 2823 apto
1612 2764 1670 2810 et
1725 2755 2070 2808 convenienti
2127 2764 2267 2808 tem-

719 2866 848 2920 pore
893 2848 1207 2902 hominibus
1242 2847 1484 2900 tradidit.
1521 2845 1614 2900 Vel
1657 2846 1712 2899 in
1753 2845 2027 2909 sarculum,
2083 2843 2265 2914 proin

2439 2033 2747 2100 Λύτρωσιν
2777 2034 3092 2088 ἀπέστειλε
3129 2035 3209 2100 τῷ
3249 2036 3378 2102 λαῷ
3399 2036 3605 2092 αὑτοῦ.
3653 2035 3713 2089 Ὃ
3734 2037 3932 2106 Πατὴρ

2369 2123 2463 2176 τὸν
2495 2123 2642 2186 Υίὸν,
2670 2125 2788 2194 ἦτοι
2837 2126 2928 2178 τὸν
2961 2127 3194 2195 Χριστόν
3227 2144 3240 2160 ·
3292 2128 3628 2182 Ἀπέστειλε
3668 2129 3775 2198 γάρ
3822 2145 3930 2197 με,

2372 2215 2526 2283 φησι,
2559 2217 2809 2282 κηρύξαι
2855 2217 3244 2285 αἰχμαλώτοις
3295 2219 3519 2288 ἄφεσιν
3548 2237 3562 2251 ·
3598 2221 3690 2273 καὶ
3727 2220 3896 2273 πάλιν
3917 2237 3934 2251 ο

2368 2304 2562 2371 Αὐτὸς
2589 2307 2696 2376 γὰρ
2721 2307 2904 2360 σώσει
2923 2307 3028 2360 τὸν
3055 2310 3210 2363 λαὸν
3248 2309 3453 2364 αὐτοῦ.
3499 2313 3610 2365 Καὶ
3657 2311 3716 2373 ὃς
3766 2311 3934 2383 ὲδόθτι

2371 2397 2504 2465 ἡμῖν
2533 2396 2602 2451 τά
2628 2415 2686 2450 τε
2715 2399 2847 2452 ἄλλα
2889 2400 2998 2454 ἀπὸ
3044 2401 3178 2455 8σοῦ
3215 2402 3309 2456 καὶ
3344 2401 3738 2474 ἀπολύτρωσις,
3783 2407 3939 2457 κατὰ

2369 2485 2460 2538 τὸν
2488 2487 2825 2542 ’Λπόστολον.

2453 2576 2820 2632 Ἐνετείλατό
2882 2581 2968 2646 εις
3031 2580 3138 2634 τὸν
3219 2582 3401 2651 αἰῶνα
3464 2582 3754 2650 διαθήκην
3816 2585 3932 2640 αὐ-

2373 2664 2480 2717 τοῦ
2506 2665 2740 2734 (ΞΤ-28).
2781 2667 3107 2720 Ἐνετείλατο
3133 2669 3213 2732 είς
3240 2669 3331 2722 τὸν
3356 2670 3527 2722 αἰῶνα
3557 2651 3818 2739 διαθήκῖην
3836 2669 3934 2722 αὖ·

2373 2755 2488 2818 τοῦ,
2510 2757 2608 2825 τὴν
2633 2758 2777 2820 νέαν,
2811 2758 2845 2826 ἢ
2880 2758 3094 2811 αἰώνιον
3112 2758 3374 2826 διαθήκην
3411 2759 3597 2823 αὑτοῦ,
3627 2760 3724 2828 τὴν
3753 2760 3930 2825 εὐαγ-

2374 2843 2597 2912 γελικήν
2617 2859 2633 2874 ο
2658 2843 2833 2897 Δώσω
2853 2844 2979 2913 γὰρ,
2994 2850 3178 2915 φησὶν,
3196 2850 3336 2915 ὑμιν
3354 2847 3644 2916 διαθήκην
3667 2849 3930 2902 αἰώνιον.

717 2951 1000 3003 aeternum,
1039 2940 1215 3007 ipsum
1264 2939 1640 3005 Evangelium,
1692 2947 1954 2991 aeternum
1986 2936 2268 3005 appellans

2384 2932 2445 2986 'll
2512 2935 2620 3004 γὰρ
2666 2936 2932 3005 Μωσαῖκὴ
2990 2940 3317 3007 πρόσκαιρος
3353 2934 3422 3008 ἦν
3462 2939 3520 2992 τό
3567 2956 3627 2992 τε
3672 2937 3933 3007 φαινόμε-

717 3030 1144 3092 Testamentum,
1230 3029 1294 3082 de
1318 3045 1426 3097 quo
1462 3029 1589 3082 alibi
1662 3027 1924 3098 scriptum
1989 3027 2264 3095 leg-imus:

2375 3042 2464 3079 νον
2508 3024 2643 3095 (29Ῑ,
2674 3026 2863 3096 αὐτῆς,
2894 3030 2988 3080 καὶ
3011 3030 3134 3083 ὅσον
3162 3032 3389 3084 τυπικὺν
3407 3031 3501 3085 καὶ
3529 3030 3776 3094 σκιῶδες.

722 3125 865 3179 Dabo
909 3125 1048 3178 vobis
1083 3131 1450 3178 testamentum
1483 3134 1735 3178 cateruam
1769 3124 1837 3175 ".
1862 3119 2272 3177 Testamentum
2301 3120 2450 3176 enim
2492 3119 2785 3175 Massicum
2847 3123 3233 3190 temporarium
3298 3123 3420 3189 fuit,
3497 3124 3544 3180 si
3595 3121 3931 3180 exteriorem

718 3219 836 3288 ejus
880 3234 1123 3279 sensum,
1157 3219 1201 3271 si
1237 3220 1458 3289 ﬁguras,
1509 3226 1563 3272 et
1600 3218 1820 3272 umbras
1850 3218 1902 3271 in
1929 3232 1995 3272 eo
2051 3225 2347 3274 contentas
2391 3214 2724 3285 aspiciamus
2754 3227 2808 3271 et.
2856 3219 3196 3272 occidentem
3252 3218 3534 3273 litteram:
3576 3233 3737 3275 secus
3795 3234 3933 3276 vero

680 3369 683 3371 _
719 3311 763 3364 si
795 3311 1109 3364 interiorem
1167 3321 1476 3378 spectemus
1523 3324 1746 3363 sensum
1780 3324 1842 3362 ac
1879 3320 1970 3363 res
2015 3310 2118 3365 sub
2172 3309 2490 3380 huiusmodi
2529 3308 2762 3375 umbris,
2811 3323 2876 3364 ac
2904 3309 3094 3379 ﬁguris
3126 3311 3461 3380 designatas.
3856 3339 3858 3341 >

789 3400 1040 3456 Sanctum
1082 3408 1130 3453 et
1167 3400 1395 3454 terribile
1441 3415 1627 3457 nomen
1675 3399 1808 3467 ejus.
1837 3396 2044 3454 Christi
2081 3415 2276 3454 nomen
2308 3396 2343 3451 C

2455 3399 2652 3466 Ἄτιον
2671 3399 2771 3452 καὶ
2795 3400 3049 3468 φοϐερόν
3079 3401 3148 3454 τὸ
3183 3399 3370 3468 ὄνομα
3415 3399 3631 3455 αὐτοῦ.
3680 3399 3753 3452 Τὸ
3789 3403 3929 3466 Χρι-

718 3503 966 3548 sanctum
1024 3493 1241 3562 quidem
1296 3502 1404 3558 est,
1462 3493 1643 3565 veluti.
1674 3508 1780 3561 quo
1853 3493 2271 3548 innumerabilia

717 3586 903 3642 eﬂ'ecta
938 3595 1066 3639 sunt
1091 3585 1376 3647 miracula,
1411 3584 1653 3639 terribile
1684 3596 1814 3637 vero
1871 3585 2008 3654 (seu,
2061 3593 2114 3636 ut
2148 3598 2272 3652 pro-

2379 3581 2609 3652 φοδιρδν
2647 3583 2724 3646 δὲ,
2750 3582 2824 3647 ὡς
2849 3582 3074 3638 ὲλαῦνον
3100 3585 3382 3655 δαίμονας,
3417 3585 3512 3637 καὶ
3545 3586 3750 3649 νόσους.
3789 3585 3848 3638 El
3875 3585 3934 3638 δὲ

720 3677 873 3744 prius
915 3677 1093 3745 signat
1124 3672 1311 3730 Graeca
1371 3675 1559 3738 dictio,
1614 3671 1861 3742 φοϐερὸν,
1934 3673 2265 3742 timendum),

2376 3676 2545 3742 ἁγίων
2578 3675 2687 3745 ἄρα
2707 3676 2875 3728 δεῖται
2905 3677 3185 3745 στομάτων
3213 3679 3292 3738 είς
3323 3677 3664 3746 ύμνολογίαν.
3837 3665 3843 3672 ’

720 3769 846 3839 quia
888 3767 1158 3821 daemones
1199 3767 1440 3835 espellit,
1487 3776 1544 3838 et
1585 3763 1958 3833 mgritudines.
2006 3763 2161 3830 Quod
2224 3765 2271 3819 si
2306 3765 2510 3820 Christi
2540 3781 2740 3820 nomen
2767 3775 3015 3821 sanctum
3045 3777 3150 3831 est,
3182 3775 3398 3837 oportet
3453 3768 3572 3836 ipsa
3602 3768 3764 3822 etiam
3811 3782 3934 3831 ora.

722 3876 784 3915 ac
853 3862 1085 3929 linguas,
1146 3874 1266 3926 quae
1332 3858 1464 3911 illud
1525 3857 1810 3911 laudatura
1871 3865 2025 3919 sunt,
2086 3867 2277 3910 sancta
2309 3872 2465 3912 esse.

2389 3490 2537 3556 στός
2568 3505 2585 3522 ·
2615 3491 2770 3558 ἅγιον
2803 3491 2921 3560 μὲν,
2951 3491 3026 3554 ὡς
3056 3493 3224 3561 μυρία
3262 3490 3513 3563 θαύματα
3532 3492 3898 3562 ἐργαζόμενον
3917 3509 3931 3523 ο

790 3954 953 4008 Vsus.
993 3953 1077 4007 10.
1115 3950 1340 4004 Initium
1389 3949 1659 4017 sapientia:
1688 3949 1846 4001 timor
1901 3947 2131 4001 Domini.
2175 3945 2271 4001 Est

2458 3945 2626 4015 Ἀρχὴ
2651 3947 2872 4015 σοφίας
2947 3949 3129 4015 φόϐος
3199 3949 3435 4016 Κυρίου.
3509 3949 3664 4022 Πηγὴ
3703 3951 3938 4019 σοφίας,

721 4048 863 4100 enim
897 4043 1206 4113 huiusmodi
1245 4042 1406 4095 timor
1448 4041 1570 4095 lous
1631 4055 1694 4096 ac
1749 4041 1902 4107 radix
1967 4039 2268 4110 sapientiae.

2380 4039 2526 4110 ῥίζα,
2553 4040 2825 4102 ὑπόθεσις.
2857 4035 2935 4094 Οῧ
2963 4036 3077 4108 γάρ
3103 4039 3267 4106 φόϐος
3309 4041 3538 4094 ἐντολῶν
3576 4044 3826 4113 τήρησις,
3871 4039 3937 4097 οὗ

723 4137 827 4192 Ubi
858 4138 1001 4191 enim
1037 4147 1122 4188 est
1153 4138 1335 4196 timor,
1370 4133 1480 4186 illic
1513 4143 1568 4188 et
1597 4133 1994 4188 mandatorum
2011 4133 2272 4187 observa-

2378 4131 2436 4184 δὲ
2465 4132 2628 4200 αὕτη,
2667 4131 2954 4200 κάθαρσις.
2983 4125 3056 4184 οὗ
3077 4132 3133 4182 δὲ
3157 4132 3442 4202 κάθαρσις,
3479 4134 3762 4205 ελλαμψις.

724 4237 844 4296 tio;
893 4229 983 4284 ubi
1042 4237 1220 4281 autem
1277 4225 1580 4279 observatio
1639 4225 2044 4289 mandatorum,
2094 4224 2207 4278 illic
2255 4229 2312 4276 et
2381 4223 2650 4277 munditia
2709 4239 2724 4287 ;
2800 4222 2892 4276 ubi
2961 4238 3088 4276 vero
3163 4225 3445 4289 munditia,
3499 4224 3571 4279 ibi
3655 4227 3815 4281 etiam
3877 4238 3940 4284 et

725 4319 1001 4376 splendor.

775 4339 1001 4374 'lettuor.

754 4339 1085 4464 pPrudentia
1124 4419 1301 4462 autem
1342 4407 1476 4460 bona
1518 4407 1755 4460 omnibus
1782 4405 2098 4474 facientibus
2131 4419 2271 4460 eam.

2451 4401 2706 4466 Σύνεσις
2732 4400 2800 4453 δὲ
2825 4402 3037 4470 ἀγαθὴ,
3066 4402 3214 4457 πᾶσι
3262 4404 3388 4471 τοῖς
3414 4405 3693 4461 ποιοῦσιν
3718 4409 3936 4477 αὐτήν.

726 4503 840 4558 lloc
891 4511 974 4554 est
999 4499 1354 4568 operantibus
1395 4497 1698 4553 secundum
1738 4497 2104 4566 prudentiam,
2131 4496 2274 4550 bona

2381 4492 2506 4555 Τοῖς
2530 4492 2744 4546 ποιοῦσι
2769 4492 2868 4562 τὴν
2894 4494 3104 4560 σοφίαν,
3145 4496 3258 4554 τοῖς
3286 4495 3675 4562 ἐργαζομένοις
3707 4499 3937 4571 ταύτην,

723 4591 987 4646 accrescit
1019 4589 1326 4658 prudentia.
1379 4586 1473 4640 Est
1523 4588 1666 4641 enim
1709 4585 1953 4662 quaedam
1989 4585 2276 4656 prudentia

2379 4585 2495 4645 τοῖς
2530 4583 2856 4651 εὐποροῦσιν
2879 4584 3072 4652 αὐτῆς,
3102 4583 3316 4648 σύνεσις
3343 4585 3525 4655 ἀγαθὴ
3558 4590 3936 4656 προσγίνεται.

727 4686 887 4746 mala,
917 4682 983 4736 de
1015 4696 1119 4749 qua
1148 4679 1415 4747 scriptum
1458 4686 1542 4731 est
1573 4695 1588 4731 :
1619 4678 1910 4732 Prudenter
1942 4685 1998 4731 ut
2048 4677 2278 4747 malefa-

2385 4675 2540 4728 Ἐστι
2571 4675 2700 4745 γὰρ,
2743 4676 2834 4728 καὶ
2859 4677 3073 4740 σύνεσις
3098 4677 3336 4747 πονηράο
3383 4678 3569 4747 Σοφοὶ
3611 4681 3742 4750 γὰρ,
3777 4685 3938 4754 φησι,

723 4775 886 4826 ciant.
954 4770 1048 4825 Vel
1096 4767 1617 4824 aliterzPrudentia
1673 4768 1815 4820 bona
1839 4775 1942 4832 est,
2019 4775 2076 4820 et
2128 4765 2279 4820 utilis

2385 4766 2494 4822 toi}
2522 4767 2940 4834 κακοποιῆσαι.
2977 4770 3047 4823 Ἣ
3080 4771 3174 4823 καὶ
3199 4771 3400 4841 ἑτέρως
3425 4785 3442 4801 ⁸
3471 4771 3510 4840 ἡ
3552 4771 3767 4836 σύνεσις
3798 4778 3945 4840 αγα-

726 4881 831 4917 non
886 4864 952 4916 iis
991 4864 1309 4932 simpliciter
1346 4865 1437 4932 qui
1484 4876 1603 4918 eam
1652 4859 1872 4923 habent,
1934 4858 2030 4913 sed
2069 4857 2139 4914 iis
2185 4857 2278 4928 qui
2309 4883 2343 4940 η

2386 4857 2452 4929 Oi;
2484 4860 2651 4922 ἔστιν,
2692 4861 2888 4925 εῐτουν,
2907 4859 3202 4929 ὠφέλιμος,
3231 4859 3293 4911 ού
3329 4862 3440 4925 τοῖς
3488 4858 3673 4926 ἁπλῶς
3720 4863 3943 4933 ἔχουσιν

723 4970 788 5009 ea
818 4963 1045 5008 utuntur
1074 4955 1128 5006 in
1191 4968 1467 5021 sermone,
1499 4964 1662 5025 atque
1690 4953 1744 5009 in
1783 4950 2064 5023 operibus.

2387 4951 2576 5021 αὐτὴν,
2601 4951 2736 5006 ὰ).λά
2770 4951 3000 5013 καὶτοῖς
3047 4951 3348 5021 χρωμένοις
3387 4952 3553 5024 αὐτῇ,
3579 4943 3744 5026 πρὸς
3799 4955 3943 5026 ιργα

2388 5041 2483 5094 καὶ
2511 5041 2699 5108 λόγους

2472 5128 2542 5186 Ἦ
2610 5131 2843 5196 alr-eote
2893 5131 3077 5187 αὐτοῦ
3133 5135 3303 5202 μένει
3347 5134 3436 5200 εις
3484 5135 3592 5189 τὸν
3621 5133 3807 5190 αἰῶνα
3832 5135 3946 5188 τοῦ

2387 5221 2621 5289 αἰῶνος.
2667 5223 2954 5286 Ἡιιῖνεσις
2999 5223 3092 5278 τοῦ
3144 5224 3382 5297 Χριστοῦ
3441 5228 3592 5297 μένει
3643 5225 3945 5296 ἀτελεύτη-

802 5131 1062 5187 Laudatio
1098 5132 1210 5201 eius
1260 5140 1434 5187 manet
1467 5133 1521 5185 in
1562 5131 1811 5186 meatum
1841 5132 2042 5188 amuli.
2072 5130 2278 5199 ChriSti

731 5229 850 5281 laus
899 5227 1018 5280 sine
1055 5226 1158 5281 line
1204 5225 1344 5297 apud
1404 5225 1624 5293 angelos
1675 5232 1879 5289 manet,
1925 5231 1979 5277 et
2007 5221 2148 5291 apud
2175 5222 2280 5276 ho-

799 5410 846 5439 ⁸³
882 5408 1064 5462 ilatth.
1099 5421 1246 5472 utv,
1286 5405 1377 5459 '55.
1453 5406 1502 5440 "
1540 5406 1674 5462 Luc.
1704 5422 1778 5472 tv,
1809 5407 1897 5460 19.
1974 5407 2020 5439 ⁸⁷
2061 5406 2255 5460 Matth.
2284 5421 2323 5468 ι,

2373 5404 2443 5460 ιι.
2519 5401 2609 5454 ⁸⁸1
2637 5402 2764 5459 Cor.
2787 5417 2850 5469 ιι,
2888 5404 2977 5464 50.
3065 5404 3110 5440 ⁹⁰
3141 5403 3353 5460 Barueh
3412 5420 3474 5471 ll,
3521 5403 3612 5457 55.

2062 5562 2263 5624 Variae
2285 5561 2617 5623 lectiones.
2703 5619 2707 5623 .

807 5710 1222 5781 (27-28)Grtece
1243 5714 1309 5767 ad
1333 5713 1554 5767 verbum
1594 5728 1607 5765 :
1643 5709 1913 5764 Mandavit
1939 5711 1991 5762 in
2022 5711 2278 5765 meatum
2463 5709 2574 5781 (29)
2611 5709 2672 5765 Et
2701 5711 2902 5774 laxius,
2957 5721 3010 5765 et
3046 5713 3234 5773 minus
3262 5709 3512 5766 fideliter.
3546 5707 3730 5781 Graece
3757 5727 3772 5764 :
3801 5709 3946 5764 Tum

738 5780 1101 5837 testamentum
1140 5799 1313 5836 suum.
1346 5784 1534 5836 Latina
1592 5781 1901 5851 esplanatio
1937 5789 2046 5832 tota
2094 5790 2176 5833 est
2213 5781 2279 5833 ab
2387 5780 2561 5849 quoad
2615 5783 2924 5851 exteriorem
2979 5783 3093 5849 e‘jua
3149 5783 3540 5846 eemunt;'tunt
3578 5780 3717 5851 quod
3761 5781 3948 5850 ﬁgura

745 5853 1037 5922 interprete
1071 5853 1196 5923 (nisi
1219 5852 1355 5906 forte
1391 5853 1543 5910 deest
1576 5848 1799 5922 alitjuid)
1829 5863 1998 5918 caque
2029 5862 2170 5918 apta.
2389 5848 2569 5906 eratet
2602 5853 2785 5906 umbra
2814 5848 3051 5905 alterius.
