4150 6326
606 341 740 411 1115

1753 280 2168 392 summu
2206 283 2568 390 ZIGABENI

3689 309 3838 374 1116

601 455 748 506 tibus
783 450 959 505 adhuc
1006 449 1061 504 in
1099 457 1254 504 utero
1279 448 1671 505 exsistentibus
1705 463 1719 498 :
1754 447 1844 515 qui
1879 448 1929 499 in
1961 447 2163 499 obscu-
2194 490 2200 506 ι

2310 443 2568 510 ερὸμενα,
2592 440 2688 496 καὶ
2723 438 2859 512 μηδὲ
2886 437 3146 492 ἀναπνεῖν
3170 433 3592 502 κατ’ἄνθρωπον
3611 428 3836 499 ἔχοντα·

606 545 682 598 ris
714 543 840 603 illis,
877 551 1038 609 atque
1061 540 1307 594 humidis.
1330 539 1486 604 locis,
1518 540 1691 591 instar
1722 538 1949 606 piscium
1980 535 2162 589 ferun-

609 643 735 692 tur.
785 648 882 686 nec
934 642 1254 686 cancrorum
1316 631 1598 684 hominum
1673 643 1826 681 more
1893 627 2165 694 respirare

603 732 834 791 queunt,
863 723 1064 792 quique
1095 723 1162 776 ab
1202 722 1291 776 illo
1325 721 1538 775 demum
1574 718 1819 772 matricis
1847 717 2027 772 calore
2049 758 2062 778 ,
2099 717 2162 768 ad

609 813 863 882 [rigidum
917 813 1083 875 hunc,
1117 819 1280 879 atque
1307 810 1386 865 eis
1420 811 1689 864 insuetum
1739 822 1918 861 acrem
1981 820 2170 874 prove-

609 905 843 966 nientes,
885 918 951 956 ne
986 902 1197 956 modico
1245 900 1463 970 quidem
1517 909 1760 967 tempore
1809 899 1860 952 in
1917 898 2019 951 hac
2068 897 2171 950 vita

614 1007 899 1061 superesse
926 1001 1167 1060 possent,
1202 991 1305 1045 nisi
1338 1006 1367 1045 a
1396 991 1576 1045 divina
1608 999 1962 1045 servarentur
2001 990 2176 1058 provi-

616 1082 816 1138 dentia.
853 1082 948 1137 Vel
970 1082 1146 1148 aliter,
1190 1083 1443 1151 parvulos
1472 1097 1566 1135 eos
1595 1079 1978 1150 intellige,'qui
2005 1093 2176 1147 nuper

2272 535 2389 587 εἶτα
2425 535 2529 586 ἀπὸ
2589 532 2687 599 τῆς
2739 534 2796 584 ἐν
2850 530 3031 599 μήτρᾳ
3072 526 3404 596 θερμότητος
3452 522 3546 574 ἐπὶ
3575 520 3666 573 τὸν
3696 518 3842 588 ὰέρα

2272 629 2364 679 τὸν
2427 623 2635 693 ψυχρὸν
2684 623 2777 674 καὶ
2844 619 3093 688 ἀσυνήθη
3142 619 3331 670 τοῦτον
3379 614 3841 679 ὲξολισθαίνωτα.

2275 719 2397 770 οὔδε
2449 717 2599 768 παρὰ
2645 713 2814 784 βραχὺ
2853 712 3149 782 διήρκεσαν
3187 709 3275 773 ἂν,
3312 709 3360 759 εἰ
3413 706 3488 775 μὴ
3531 703 3683 774 παρὰ
3741 701 3844 769 τῆς

2277 802 2425 866 θείας
2457 804 2716 872 προνοέας
2771 799 3137 868 ἐφυλάττετο’
3203 797 3237 866 ἢ
3267 797 3361 849 καὶ
3405 795 3626 861 ἑτέρως,
3670 793 3848 861 νήπια

2279 899 2513 965 νοήσεις,
2547 895 2673 955 τοὺς
2699 893 3026 962 ἁρτιπαγείς
3067 889 3147 951 εἰς
3192 888 3415 957 ἀρετὴν,
3451 883 3545 948 οὓς
3573 882 3846 950 φυλάσσει

2279 987 2367 1040 διὰ
2417 988 2514 1056 τὴν
2549 985 2730 1038 αὐτῶν
2764 983 3045 1052 ἀπειρίαν,
3086 981 3248 1050 μέχρι
3291 979 3358 1032 ἂν
3396 978 3657 1044 γένωνται
3702 973 3848 1043 πρὸς

2279 1081 2406 1142 τοὺς
2431 1078 2656 1148 ἐχθροὺς
2684 1076 2996 1145 ἀξιόμαχοι.

619 1174 672 1228 in
726 1173 922 1226 virtute
973 1172 1197 1226 stabiliti
1252 1180 1402 1235 sunt,
1446 1187 1584 1240 quos
1630 1171 1893 1226 Dominus
1976 1171 2365 1240 inexperientia
2430 1172 2606 1226 adhuc
2667 1169 3030 1224 circumdatos
3093 1173 3402 1226 conservat,
3464 1162 3634 1216 donec
3655 1155 3857 1214 δάνει’·

621 1279 713 1316 sus
747 1259 1002 1314 inimicos
1042 1261 1215 1330 magis
1261 1261 1438 1315 idonei
1483 1262 1549 1315 ad
1593 1277 1825 1330 pugnam
1852 1260 2175 1316 eﬂiciantur.

685 1367 1013 1426 'Ilumiliatus
1065 1387 1206 1434 sum,
1257 1382 1306 1426 et
1354 1374 1577 1427 satvavit
1618 1390 1716 1427 me.
1767 1372 2039 1428 Alllictum
2093 1387 2184 1426 me

625 1464 791 1516 variis
836 1463 1238 1523 calamitatibus
1307 1463 1575 1518 liberavit.
1629 1463 1883 1525 Permisit
1954 1463 2172 1533 quidem

628 1555 778 1620 prius
810 1552 991 1618 allligi,
1025 1560 1083 1605 ut
1123 1553 1444 1621 prudentior
1471 1556 1650 1608 ﬁerem
1679 1595 1694 1620 ,
1736 1555 1830 1609 sed
1873 1554 2182 1622 hujusmodi

2354 1367 2814 1433 Ἐτίιπεινώθην,
2853 1366 2952 1419 καὶ
2985 1362 3185 1418 ἔσωσέ
3215 1378 3314 1431 με.
3363 1355 3858 1426 Ἐταλαιπωρήθην

2285 1467 2397 1526 τοῖς
2451 1460 2799 1530 πειρασμοῖς,
2854 1457 2948 1509 καὶ
2991 1455 3164 1508 ἔσωσέ
3193 1471 3282 1524 με,
3314 1453 3433 1523 ἦτοι
3467 1447 3737 1522 ὲρῤύσατό
3783 1462 3859 1515 με

2286 1557 2511 1612 τούτων.
2546 1554 2706 1606 Εἴασε
2746 1549 2844 1619 μὲν
2867 1549 2993 1616 σγάρ
3031 1563 3099 1617 με
3132 1543 3539 1612 κακοπαθῆσαι,
3583 1540 3672 1593 ῐνα
3701 1537 3864 1606 φιλο-

629 1655 808 1713 postea
840 1642 1158 1697 atllictiones
1185 1644 1435 1698 dissolvit
1465 1661 1478 1698 :
1513 1654 1570 1698 ut
1593 1647 1709 1714 ejus
1738 1646 1966 1718 gratiam
1999 1654 2053 1700 et
2082 1646 2183 1698 do-

2304 1647 2503 1716 roqnbte
2515 1663 2604 1715 ρος
2625 1644 2896 1714 γένωμαι’
2924 1641 3080 1693 ἔλυσε
3109 1639 3168 1692 δέ
3201 1655 3303 1708 μου
3332 1637 3458 1695 τοὺς
3489 1631 3862 1724 πειρασμοῦς.

628 1750 758 1787 num
793 1747 1167 1800 agnoscerem,
1194 1741 1248 1786 et
1279 1733 1535 1801 utrinque
1562 1735 1614 1787 in
1653 1749 1736 1788 me
1757 1733 2031 1788 beneﬁcus
2064 1733 2188 1789 fuit.

633 1824 695 1876 Et
728 1823 880 1876 aliter
915 1839 930 1875 :
973 1824 1114 1876 Deus
1151 1823 1362 1876 saltare
1398 1837 1492 1877 eos
1532 1824 1690 1888 solet,
1736 1825 1826 1891 qui
1863 1823 2190 1878 humilitatis

637 1914 886 1968 noverint
915 1913 1167 1982 amplecti
1201 1913 1497 1975 virtutem,
1532 1921 1586 1967 et
1632 1928 1727 1982 per
1775 1909 1920 1967 illd‘m
1978 1929 2194 1982 semper

633 2007 805 2076 magis
839 2006 1124 2075 prolicere.

702 2113 871 2168 Vens.
906 2113 958 2176 7,
991 2114 1042 2168 8.
1083 2112 1405 2177 Convertere,
1444 2115 1622 2168 anima
1677 2131 1814 2180 mea,
1847 2117 1901 2169 in
1965 2116 2194 2185 requiem

638 2217 782 2259 mam
801 2206 956 2274 ,qnia
986 2203 1243 2260 Dominus
1281 2206 1526 2274 benefecit
1557 2208 1809 2275 tibi,quia
1839 2209 2028 2275 eripuit
2081 2210 2199 2261 aui-

640 2311 778 2346 mam
826 2310 995 2347 meam
1035 2295 1099 2348 de
1130 2305 1313 2357 morte,
1357 2297 1535 2349 oculos
1577 2313 1716 2351 meos
1755 2313 1785 2349 a
1833 2296 2103 2366 lacrymis,
2150 2307 2199 2352 et

640 2387 793 2453 pedes
834 2403 970 2439 meo:
1009 2403 1040 2439 a
1089 2386 1260 2456 lapsu.
1300 2385 1529 2452 Quidam
1586 2387 1909 2457 Prophetam
1962 2397 2199 2458 putant,

647 2475 733 2528 his
763 2475 942 2530 verbis
973 2476 1039 2530 ad
1073 2479 1308 2546 quietem
1339 2478 1580 2545 seipsum
1615 2477 1914 2542 exhortari,
1939 2487 2198 2549 tanquam

645 2565 738 2634 qui
776 2551 1017 2620 divinum
1073 2567 1334 2620 auxilium
1365 2566 1475 2635 jam
1521 2569 1594 2622 sit
1639 2581 1991 2632 consecutus.
2039 2579 2204 2639 atque

646 2663 866 2725 ereptus
900 2656 967 2708 ab
996 2657 1397 2720 atllictionibus,
1435 2667 1489 2712 et
1524 2659 1590 2712 ab
1643 2668 1959 2727 exspectata
2007 2670 2202 2724 morte,

650 2749 752 2802 hoc
777 2754 880 2809 est,
898 2764 925 2801 a
947 2749 1314 2815 disiunctione
1338 2749 1531 2802 anima:
1566 2759 1618 2804 et
1647 2753 1892 2818 corporis
1919 2752 2203 2807 liberatus:

648 2848 704 2891 et
734 2839 897 2892 simili
929 2839 1088 2894 modo
1116 2840 1377 2895 liberatus
1407 2855 1434 2893 a
1463 2841 1739 2911 lacryinis,
1769 2859 1903 2908 quas
1935 2852 2090 2896 antea
2125 2846 2208 2896 ef-

654 2929 944 2993 fundebat,
995 2930 1065 2984 ob
1115 2930 1345 2997 insidias
1395 2933 1649 2984 nimirum
1697 2943 1750 2986 et
1793 2935 2037 3002 laqueos,
2073 2951 2211 3003 quos

2294 1739 2379 1791 ἵνα
2407 1738 2519 1805 γνῶ
2541 1736 2640 1804 τὴν
2679 1734 2840 1802 χάριν
2879 1731 3069 1796 αὑτοῦ,
3109 1729 3204 1784 καὶ
3234 1726 3577 1796 ἑκατέρωθεν
3614 1720 3865 1793 εὐηργέ-

2292 1849 2422 1899 τησε
2449 1847 2463 1860 ·
2495 1831 2590 1881 καὶ
2616 1826 2789 1890 ἄλλως
2825 1827 2902 1888 δὲ,
2955 1824 3045 1876 τὸν
3075 1819 3499 1892 κατορθώσαντα
3527 1816 3625 1886 τὴν
3653 1809 3868 1884 ἀρετὴν

2293 1922 2390 1990 τῆς
2420 1919 2823 1980 ταπεινώσεως,
2855 1911 2963 1969 οἶδε
2989 1915 3183 1978 σώζειν
3211 1914 3239 1965 ὁ
3265 1912 3432 1973 Θεόςν

2365 2121 2788 2188 Ἐπίστρεψον,
2816 2114 2987 2184 ψυχή
3037 2131 3177 2182 μου,
3211 2115 3299 2176 εις
3350 2112 3467 2178 τὴν
3508 2108 3871 2164 ἀνάπαυσίν

2299 2227 2436 2271 σου.
2463 2210 2550 2263 ὅτι
2575 2210 2789 2274 Κύριος
2818 2201 3181 2271 εὐηργέτησέ
3203 2217 3296 2266 σε,
3345 2200 3433 2253 ὅτι
3455 2199 3716 2263 ἐξείλετο
3741 2197 3871 2263 τὴν

2299 2302 2510 2371 ψυχήν
2541 2319 2656 2370 μου
2690 2299 2826 2353 -ἀπὸ
2873 2294 3153 2360 θανάτου,
3191 2293 3332 2356 τοὺς
3367 2292 3708 2361 ὀφθαλμούς
3739 2306 3872 2359 μου

2301 2394 2419 2450 ἀπὸ
2451 2391 2744 2459 δακρύων,
2799 2388 2897 2444 καὶ
2927 2388 3065 2452 τοὺς
3095 2385 3284 2450 πόδας
3307 2400 3425 2454 μου
3453 2381 3572 2436 ἀπὸ
3618 2381 3875 2448 ὀλισθή-

2299 2504 2504 2554 ματος.
2537 2486 2692 2536 Δοκεῖ
2727 2482 2824 2553 μέν
2853 2498 2960 2534 τισι
2988 2478 3318 2549 προτρέπειν
3372 2477 3562 2530 ἑαυτὸν
3591 2477 3672 2536 εἰς
3726 2473 3873 2528 ἀνά-

2309 2592 2511 2630 παυσιν
2543 2574 2642 2627 καὶ
2699 2571 3010 2641 ἐλευθερίαν
3049 2569 3155 2620 τῶν
3192 2569 3320 2636 ἄχρι
3357 2567 3478 2619 τότε
3516 2562 3875 2634 πειρασμῶν,

2303 2668 2379 2729 ὡς
2408 2665 2833 2736 εὐεργετηθέντα
2854 2662 2983 2731 κήδη,
3016 2660 3107 2714 καὶ
3137 2656 3488 2728 ἑξαιρεθέντα
3513 2655 3607 2710 τοῦ
3635 2654 3908 2725 προσδοο,

2313 2755 2558 2822 κωμένου
2596 2753 2846 2812 Θανάτου,
2897 2751 3014 2819 ἦτοι
3065 2748 3163 2816 τῆς
3225 2746 3580 2810 διαζεύξεως,
3626 2744 3878 2798 καὶτῶν

2311 2847 2417 2898 ἀπὸ
2474 2847 2568 2914 τῆς
2617 2845 2844 2909 θλίψεως
2895 2841 3164 2907 δακρύων,
3210 2839 3304 2890 καὶ
3346 2837 3455 2889 τῶν
3507 2835 3751 2902 παγίδων
3797 2835 3876 2896 ἃς

2315 2933 2733 3004 ἓπησσοναὺτῷ
2763 2933 2810 2985 οἱ
2840 2932 3042 3001 ἐχθροὶ,
3077 2933 3158 2992 εἰς
3199 2929 3260 2990 ἃς
3297 2926 3558 2988 πολλάκις
3610 2924 3879 2978 ὠλίσθαι-

656 3020 856 3075 inimici
897 3022 1156 3076 adversus
1181 3037 1307 3076 eum
1343 3030 1677 3084 struxerant,
1704 3035 1757 3079 et
1800 3025 1851 3078 in
1880 3043 2017 3093 quos
2044 3042 2200 3095 saepe-

2312 3045 2421 3080 νεν.
2454 3027 2518 3078 El
2551 3025 2608 3077 δέ
2643 3043 2725 3086 τις
2779 3024 2918 3076 κατὰ
2948 3020 3238 3090 ἀναγωγὴν
3267 3018 3487 3071 ὲκλάὸοι
3508 3018 3705 3081 ταῦτα,
3739 3015 3879 3067 ἀνά-

656 3126 886 3165 numero
911 3112 1091 3179 lapsus
1122 3111 1402 3168 inciderat.
1431 3110 1589 3166 Juxta
1622 3128 1900 3182 auagogen
1931 3130 2079 3180 vero,
2121 3131 2216 3184 per

657 3204 919 3269 requiem,
946 3204 1139 3257 animae
1157 3203 1460 3259 discessum
1484 3204 1725 3274 intellige
1748 3222 1776 3257 a
1805 3205 2055 3273 przrsenti
2084 3207 2212 3259 vita:

660 3290 872 3353 animat,
933 3290 1178 3368 inquam,
1237 3291 1471 3362 alicujus
1523 3294 1650 3357 viri,
1705 3296 1863 3362 cujus
1917 3296 2095 3350 anima
2152 3297 2218 3350 ab

658 3381 806 3434 omni
841 3381 1089 3437 molesua
1124 3383 1404 3437 liberatur.
1435 3382 1583 3438 Talis
1619 3385 1760 3439 enim
1793 3386 2090 3452 discessus,
2123 3388 2218 3442 be-

663 3470 856 3523 netlcio
892 3471 982 3524 Dei
1038 3473 1235 3525 ascribi
1275 3473 1455 3526 debet.
1498 3474 1825 3528 Liberantnr
1854 3476 1995 3529 enim
2028 3478 2220 3546 hujus-

664 3562 805 3615 modi
833 3561 965 3629 justi
998 3563 1117 3624 viri,
1151 3572 1257 3615 tam
1291 3565 1359 3618 ab
1390 3565 1548 3633 hujus
1579 3566 1824 3636 corporis
1847 3583 2032 3633 onero,
2057 3585 2220 3636 quam

663 3654 824 3708 t‘linlll
856 3653 923 3705 ab
953 3653 1207 3707 omnibus
1238 3654 1356 3722 ejus
1386 3656 1570 3720 ululis;
1605 3658 1751 3722 quia,
1791 3666 1846 3709 ut
1875 3660 1941 3710 ait
1975 3658 2174 3712 Paulus
2205 3678 2220 3716 :

669 3743 803 3806 Nos,
831 3745 919 3810 qui
951 3760 1129 3798 Ittmus
1176 3749 1231 3800 in
1259 3749 1352 3800 hoc
1406 3751 1764 3811 tabernaculo,
1794 3754 2042 3820 gemimus
2100 3771 2224 3821 gra-

668 3838 777 3888 vati
811 3835 888 3900 u’;
928 3839 1070 3891 unde
1088 3839 1214 3891 alibi
1251 3841 1388 3892 idem
1425 3840 1713 3906 Apostolus
1734 3858 1915 3910 cupere
1943 3859 1995 3895 se
2014 3845 2226 3898 dissolvi

668 3927 802 3979 dixit
833 3936 880 3980 et
918 3945 1026 3981 esse
1064 3945 1177 3981 cum
1215 3930 1422 3983 Christo
1452 3934 1517 3985 ¹⁵.-
1553 3933 1655 3986 Sed
1690 3934 1856 3986 multo
1896 3933 2071 3987 etiam'
2111 3953 2229 3989 ma-

673 4019 776 4086 gis,
833 4020 1112 4085 piamentis
1170 4022 1361 4087 psalmi
1416 4022 1577 4074 verba
1633 4038 1931 4092 congruere
1981 4027 2230 4081 videntur

564 4093 579 4106 ’
673 4109 856 4176 probis
889 4125 951 4161 ac
988 4111 1254 4177 religiosis
1289 4111 1421 4163 viris
1447 4114 1726 4175 omnilms,
1755 4116 1844 4180 qui
1879 4130 1941 4167 ex
1977 4116 2078 4168 hoc
2106 4131 2228 4170 curs

677 4215 804 4268 pore
832 4200 939 4278 jam
973 4202 1178 4266 egressi
1225 4210 1372 4256 sunt.
1408 4201 1469 4253 Et
1501 4219 1618 4254 Clllll
1652 4205 1879 4257 dixisset
1911 4203 2174 4273 Pmpheta
2213 4224 2226 4259 :

677 4290 934 4356 Benclecit
969 4292 1081 4352 tibi,
1121 4292 1322 4342 addidit
1371 4292 1528 4344 etiam
1563 4307 1576 4344 :
1610 4294 1746 4358 Quia
1780 4296 1968 4361 eripuit
1999 4298 2231 4348 animam

679 4399 845 4436 meum
889 4400 919 4434 a
957 4393 1186 4449 peccato.
1249 4382 1530 4436 Peccatum
1583 4384 1782 4451 quippe
1835 4400 1980 4438 mors
2032 4387 2227 4440 merito

679 4473 785 4526 dici
820 4483 996 4540 potest
1029 4492 1041 4526 :
1074 4476 1197 4540 quia
1231 4489 1421 4526 omnes
1461 4473 1654 4525 anima:
1690 4474 1756 4525 ad
1806 4473 2057 4527 virtutem
2100 4490 2229 4543 ope-

680 4569 921 4621 rationes
950 4565 1257 4618 mortiﬁcat.
1291 4563 1442 4627 Item,
1478 4565 1600 4630 quia
1638 4565 1834 4632 eripuit
1862 4565 2051 4619 oculos
2084 4581 2232 4619 meos

2316 3137 2518 3174 παυσιν
2552 3119 2649 3188 μὲν
2675 3119 2809 3186 ἐρεῖ,
2840 3117 2938 3184 τὴν
2967 3113 3219 3166 ὲντεῦθεν
3249 3113 3348 3182 τῆς
3375 3111 3468 3164 τοῦ
3507 3111 3720 3164 δικαίου
3769 3109 3880 3176 ψυ-

2318 3214 2418 3283 χῆς
2446 3210 2734 3281 ἐκδημίαν,
2771 3207 3218 3260 ἀπαλλάττουσαν
3255 3202 3456 3264 παντὸς
3475 3201 3710 3272 ἀνιαροῦ
3763 3201 3883 3252 λοι-

2321 3303 2443 3365 πδν,
2466 3301 2500 3371 ὴ
2540 3298 2830 3366 εὐεργεσία
2861 3295 2996 3348 Θεοῦ
3043 3294 3252 3355 τούτοις
3283 3292 3458 3355 ἐστὶν,
3491 3287 3883 3356 ἐλευθερουμέ-

2321 3411 2430 3456 νοις
2471 3392 2564 3446 τοῦ
2620 3392 2820 3461 βάρους
2847 3387 2941 3440 τοῦ
2976 3386 3252 3454 σώματος,
3290 3384 3384 3436 καὶ
3429 3383 3537 3435 τῶν
3588 3382 3653 3433 ἐκ
3683 3379 3880 3432 τούτου

2320 3485 2540 3536 κακῶν·
2574 3482 2708 3549 φησὶ
2761 3479 2868 3548 γὰρ
2916 3481 2944 3530 ὁ
2999 3476 3228 3536 Παῦλος,
3281 3477 3363 3527 ὃτι
3417 3473 3665 3538 Οίὸντες
3705 3471 3765 3522 ὲν
3794 3465 3880 3533 τῷ

2323 3577 2535 3644 σκήνει
2556 3577 2762 3638 τούτῳ,
2789 3570 3145 3637 στενάζομεν
3158 3568 3519 3634 βαρούμενοι
3543 3581 3556 3594 ·
3577 3564 3668 3616 καὶ
3683 3561 3875 3616 πάλιν

2323 3664 2412 3730 -Τῷ
2447 3663 2744 3718 ἀναλῦσαι
2776 3664 2871 3714 καί
2900 3662 3019 3713 σὺν
3052 3657 3283 3726 Χριστῷ
3313 3653 3482 3709 εἶναι.
3515 3654 3703 3723 Πολλῷ
3745 3652 3887 3723 μᾶλ-

2325 3759 2415 3809 λον
2466 3756 2520 3808 δὲ
2580 3757 2828 3824 κρεῖσσον
2880 3752 3176 3821 ἁρμόζουσι
3226 3752 3398 3802 ταῦτα
3461 3749 3530 3800 τὰ
3582 3746 3724 3816 ῥητὰ
3767 3746 3887 3806 τοῖς

2329 3845 2707 3914 ἑξερχομένοις
2769 3843 2867 3913 ἥδη
2937 3841 3030 3895 τοῦ
3093 3841 3343 3910 σώματος
3399 3838 3652 3899 δικαίοις.
3700 3828 3888 3889 Εἰπὼν

2328 3937 2456 4004 γοῦν
2487 3938 2568 3989 ὅτι
2617 3937 2825 4001 Κύριος
2883 3931 3242 3999 εὐηργέτησέ
3262 3946 3368 3993 σε,
3409 3928 3748 3998 προσέθηκεν
3799 3930 3886 3982 ὅτι

2344 4028 2637 4091 Ἑξεί.1ετο
2674 4025 2858 4077 λοιπὸν
2895 4024 3008 4089 τὴν
3055 4023 3266 4089 ψυχήν
3289 4039 3407 4088 μου
3463 4019 3576 4086 τῆς
3599 4017 3890 4087 ἁμαρτίας

2325 4137 2466 4185 μου,
2493 4119 2611 4186 ἥτις
2638 4118 2752 4168 ἐστὶ
2784 4115 3032 4180 θάνατος,
3096 4113 3365 4182 νεκροῦσα
3408 4114 3507 4173 τὰς
3542 4115 3623 4173 εἰς
3687 4109 3891 4178 ἀρετὴν

2333 4207 2618 4277 ἐνεργείας
2669 4209 2767 4271 τῆς
2819 4204 3018 4273 ψυχῆς,
3076 4204 3203 4264 τοὺς
3261 4200 3570 4269 ὀφθαλμούς
3625 4218 3724 4268 μου
3778 4197 3893 4251 ἀπὸ

2337 4297 2622 4366 δακρύων,
2679 4298 2878 4365 μῃκέτι
2936 4295 3279 4362 δακρυόντων
3335 4291 3437 4344 ὑπὸ
3485 4292 3592 4343 τῶν
3646 4288 3892 4359 συνεχῶν

2337 4389 2590 4457 θλίψεων,
2620 4390 2712 4440 καὶ
2743 4387 2875 4448 ’τοὺς
2906 4385 3075 4447 πόδας
3119 4400 3222 4453 μου
3278 4383 3388 4434 ἀπὸ
3417 4379 3892 4448 ὕποσκελίσματος

2335 4476 2430 4529 τοῦ
2464 4478 2613 4545 παρὰ.
2633 4476 2742 4527 τῶν
2759 4459 3216 4527 ὲπιὸοὗλέυόντων
3247 4471 3456 4541 ὁρατῶν
3492 4487 3552 4523 τε
3609 4470 3703 4522 καὶ
3727 4470 3895 4540 ἀορά-

2337 4584 2444 4619 των
2472 4566 2562 4634 ὲχθ
2572 4564 2699 4635 ρῶν.

683 4676 711 4712 a
743 4659 1015 4728 lacrymis,
1065 4672 1186 4710 nam
1240 4664 1461 4725 ereptus
1505 4657 1572 4710 ab
1619 4655 1932 4725 hujusmodi
1973 4659 2232 4712 arumnis
2270 4658 2538 4727 lacrymas
2575 4658 2808 4727 amplius
2835 4672 2947 4713 non
2973 4653 3270 4711 eﬂ'undam.
3308 4653 3494 4718 "Item,
3551 4653 3643 4722 qui
3685 4653 3886 4724 eripuit

685 4749 845 4818 pedes
875 4752 1043 4810 meos,
1073 4764 1178 4801 non
1209 4763 1237 4800 a
1276 4737 1565 4802 visibilium
1589 4736 2004 4816 tantummodo,
2033 4750 2128 4803 sed
2161 4752 2227 4806 ab
2259 4751 2614 4810 invisibilium
2678 4751 2839 4805 etiam
2895 4749 3241 4805 inimicorum
3269 4746 3507 4809 insidiis,
3528 4748 3620 4816 qui
3665 4760 3894 4814 gressus

688 4860 837 4905 ruens
878 4843 1223 4910 supplantare
1256 4842 1618 4897 conabantur.

761 4978 932 5040 VERS._
952 4979 1004 5030 θ.
1043 4977 1346 5030 Delectabor
1384 4993 1561 5030 coram
1591 4975 1812 5029 Domino
1840 4979 1890 5029 in
1920 4980 2130 5048 regiam
2161 4981 2239 5032 vi-

689 5072 935 5127 sentium.
970 5071 1133 5134 llecio
1172 5070 1461 5121 viventium
1484 5109 1497 5127 ,
1532 5069 1726 5120 caelum
1755 5075 1858 5131 est,
1899 5069 1979 5121 vel
2011 5064 2226 5121 futurus

692 5165 946 5222 mundus,
989 5162 1079 5213 ubi
1134 5162 1316 5213 nullus
1361 5170 1462 5222 est,
1511 5161 1602 5227 qui
1659 5160 1943 5212 moriatur.
1995 5159 2241 5213 Prmsens

692 5254 834 5304 cnim
870 5250 1121 5314 mundus,
1151 5266 1258 5303 non
1301 5250 1618 5313 viventium,
1644 5249 1734 5311 sed
1769 5249 2111 5302 morientium
2163 5265 2245 5302 rc-

697 5345 783 5412 εἰη
816 5341 1044 5394 dicenda
1074 5352 1178 5404 est,
1213 5341 1303 5394 ubi
1333 5341 1512 5393 nullus
1548 5331 1764 5408 est,'qui
1808 5355 1912 5392 non
1958 5341 2240 5393 moriatur.

703 5433 1037 5493 [)electaltor,
1073 5417 1276 5501 inquit,
1319 5432 1374 5486 in
1411 5434 1500 5485 illa
1536 5435 1774 5502 regione,
1825 5446 2046 5486 versans
2081 5433 2240 5485 simul

701 5543 822 5579 ωιτη
857 5527 1080 5593 angelis,
1120 5534 1173 5578 et
1226 5525 1389 5579 Deum
1422 5526 1605 5579 colens
1643 5526 1844 5596 absque
1879 5526 1990 5577 ullo
2023 5539 2247 5594 prorsus

780 5710 889 5762 *ιιι
925 5683 1188 5767 ea.”
1299 5707 1341 5736 η
1388 5706 1622 5774 Philipp.
1680 5723 1717 5759 1.
1771 5705 1860 5758 es.

2411 4979 2810 5048 Εὐαρεστήσω
2837 4977 3096 5030 ἐνώπιον
3119 4974 3338 5042 Kvplov
3356 4975 3426 5028 ἐν
3454 4975 3612 5042 χώρᾳ
3636 4972 3892 5032 ζώντων.

2345 5069 2508 5140 Χώρα
2572 5069 2806 5131 ζώντων,
2857 5068 2884 5118 ὁ
2955 5064 3202 5134 οὐρανὸς,
3259 5065 3292 5134 ἢ
3345 5065 3372 5117 ὁ
3429 5063 3636 5132 μέλλων
3692 5062 3898 5132 κδσμος

2346 5159 2472 5212 ἔνθα
2507 5160 2679 5217 οὐδείς
2710 5159 2855 5208 ἐστιν
2880 5154 3240 5222 ἀποθνήσκων
3261 5193 3275 5215 ,
3307 5155 3336 5206 ὁ
3363 5153 3418 5205 δὲ
3447 5151 3637 5221 παρὼν
3669 5150 3899 5217 κόσμος,

2348 5249 2497 5320 χώρα
2544 5248 2690 5298 ἐστὶν
2719 5243 3187 5313 ἀποθνησκόντων.
3219 5241 3595 5306 Εὑαρεστήσω,
3617 5236 3802 5306 φησὶν,
3835 5237 3897 5290 ὲν

2350 5341 2529 5409 ἐκείνῃ
2557 5339 2621 5407 τῇ
2652 5337 2802 5407 χώρᾳ
2835 5336 2968 5404 μετὰ
2989 5332 3094 5385 τῶν
3115 5332 3378 5399 ἀγγέλων,
3401 5329 3674 5393 λατρεύων
3723 5328 3899 5396 ἀνεμ-

2356 5433 2645 5494 ποδίστως,
2687 5427 2897 5487 οὐδενὸς
2965 5423 3364 5492 ὲνεδρεύοντος’
3402 5422 3432 5489 ἢ
3471 5417 3892 5487 Εὐαρεστήσω.

2358 5523 2476 5575 ἀντὶ
2534 5520 2627 5572 τοῦ
2672 5519 2972 5587 Εὐάρεστος
3016 5513 3376 5584 κριθήσομαι·
3424 5513 3490 5564 τὰ
3552 5511 3795 5576 παρόντα
3841 5507 3902 5562 δὲ
