4150 6326
217 353 366 420 Ill?

1363 373 1741 440 COMMENT.
1784 381 1863 440 IN
1901 383 2234 449 PSALMOS

3285 399 3429 491 ius

217 476 387 542 ῥητὰ,
420 478 477 528 ὲν
516 479 591 548 τῷ
619 479 692 532 νε¹
719 481 942 552 ψαλμῷ,
977 483 1097 536 καθ’
1138 484 1328 554 ἑτέραν
1360 485 1566 542 ἔννοιαν
1592 493 1763 563 ἡρμη-

1879 495 2284 566 impedimento,
2319 505 2470 560 nullo
2502 507 2657 564 hoste
2689 509 2798 564 illic
2840 511 2972 565 mihi
3017 513 3248 582 amplius
3303 487 3429 570 teu-

213 565 508 635 νεὺθησαν.

213 652 466 719 Domino,
505 658 604 713 hoc
632 671 733 725 est,
768 661 1032 728 ejusmodi
1081 676 1202 715 esse
1240 664 1502 718 censebor
1527 667 1618 734 qui
1658 667 1764 722 Deo
1804 673 1852 740 pl

1873 585 2033 645 dente
2063 593 2311 664 insidias.
2339 597 2454 662 Vel,
2486 599 2639 666 juxta
2674 603 2832 657 aliam
2866 603 3099 658 litteram
3137 622 3152 657 :
3193 607 3428 678 Plascho

1861 691 2016 732 acere
2062 685 2284 750 possim.
2327 687 2531 758 (Graeca
2585 694 2750 748 cnim
2803 695 2967 748 dictio
3043 697 3427 768 εὐαρεστὴσω»

209 751 410 858 exponi
447 761 641 820 potest,
688 771 784 824 pro
819 754 1142 821 Delectabor,
1169 765 1221 810 et
1254 773 1351 828 pro
1369 759 1640 834 Placebo.)
1672 762 1859 822 Simile
1888 769 2088 828 dictum
2117 751 2470 849 exposuimus
2536 787 2588 841 in
2649 788 2856 857 psalmo
2894 805 2983 856 ιν,
3044 751 3198 858 Ῑιιιιία
3260 751 3424 846 aluum

209 843 395 893 tamen
437 858 679 897 sensum.

810 937 1192 1002 Ἀλλ-ηλούϊα.

314 1066 319 1072 .
751 1029 1040 1082 ΨΛΛΜΟΣ
1093 1029 1240 1085 PIE'.

282 1119 710 1190 Εὐχαριστήριος
760 1121 852 1173 καὶ
885 1123 912 1172 ὁ
939 1121 1128 1192 παρὼν
1157 1122 1389 1194 ψαλμός.

229 1360 241 1364 -
281 1320 670 1386 Ἐπίστευσα,
708 1321 796 1373 διὸ
855 1322 1149 1390 ἐλάλησα.
1205 1325 1368 1396 Φησὶν
1399 1327 1427 1378 ὁ
1464 1327 1635 1394 μέγας
1665 1327 1770 1382 Βα-

205 1410 434 1473 σίλειος,
473 1412 552 1463 ὅτι
585 1411 752 1464 εἰπὼν
774 1413 1111 1484 ὁπροφήτης
1139 1418 1195 1469 ὲν
1241 1416 1317 1486 τῷ
1332 1417 1488 1472 πέλει
1512 1419 1603 1472 τοῦ
1637 1438 1769 1489 προ-

204 1501 464 1564 λαϐόντος
483 1503 719 1571 ψαλμοῦ,
741 1507 1143 1574 Εὐαρεστήσω
1164 1507 1419 1562 ἐνώπιον
1443 1511 1662 1577 Κυρίου
1696 1511 1767 1564 ἐν

206 1595 371 1661 χώρᾳ
391 1595 646 1658 ζώντων,
679 1593 832 1656 αὖθις
865 1600 922 1648 ὲν
950 1602 1091 1668 ἀρχῇ
1128 1599 1220 1652 τοῦ
1270 1602 1560 1669 παρόντος,
1589 1603 1764 1670 λέγει·

207 1685 600 1750 Ἐπίστευσα,
627 1687 755 1755 περὶ
787 1683 844 1740 οὗ
873 1691 1256 1759 προεφήτευσα
1285 1693 1419 1754 ἐκεῖ,
1444 1694 1524 1746 ὅτι
1553 1696 1767 1763 Εὐαρε-

2456 1019 2465 1027 ,
2529 969 2781 1024 Alleluia.

2393 1053 2515 1110 PSA
2525 1055 2711 1112 LMUS
2752 1058 2910 1113 CXV.

1951 1145 2194 1199 Praesens
2225 1146 2387 1200 etiam
2421 1148 2663 1216 psalmus
2695 1152 2988 1217 gratiarum
3018 1152 3258 1210 actiones
3293 1169 3426 1210 con-

1879 1236 2032 1290 tinet.

1947 1328 2110 1385 Vens.
2139 1331 2224 1384 l0.
2256 1331 2482 1401 Credidi.
2511 1344 2778 1401 propterea
2806 1335 3008 1390 locutus
3040 1353 3175 1393 sum.
3200 1340 3286 1392 Ait
3313 1340 3425 1392 bln-

1875 1435 2014 1489 gnus
2063 1419 2316 1485 Basilius,
2349 1390 2520 1485 .ouod
2555 1390 2675 1478 cum
2725 1424 2989 1493 Propheta
3045 1427 3098 1479 in
3163 1390 3425 1496 superiori

1874 1512 2288 1581 psalmodixerit
2319 1514 2598 1578 :Placebo,
2623 1532 2740 1580 seu,
2772 1517 3088 1582 delectabar,
3107 1536 3284 1572 coram
3320 1520 3425 1572 Do-

1872 1606 2010 1658 mino
2042 1606 2096 1658 in
2141 1600 2346 1674 regione
2386 1607 2660 1660 viventium
2684 1647 2698 1670 ,
2733 1609 2890 1662 modo
2944 1609 2996 1660 in
3032 1608 3194 1676 hujus
3231 1613 3422 1677 psalmi

1871 1695 2156 1764 principio,
2193 1697 2288 1760 ait,
2334 1697 2630 1750 credidisse
2669 1713 2750 1757 se,
2793 1713 2852 1751 ea
2905 1698 3110 1752 scilicet
3164 1715 3284 1764 otiae
3349 1703 3420 1754 ibi

204 1777 420 1840 στήσω
470 1777 726 1831 ἐνώπιον
776 1783 999 1846 Κυρίου
1045 1782 1114 1834 ἐν
1164 1785 1322 1850 χώρᾳ
1380 1783 1607 1844 ζώντων
1637 1804 1651 1818 ⁸
1689 1787 1763 1840 διο

1876 1787 2143 1856 praedixit,
2174 1788 2317 1858 quod
2343 1779 2574 1857 placebit
2602 1803 2696 1843 seu
2727 1789 3087 1844 delectabitur
3119 1790 3171 1843 in
3206 1792 3424 1861 rrgionc

204 1868 306 1918 καὶ
353 1868 588 1937 ἐλάλησα
633 1869 812 1923 τοῦτο’
871 1872 964 1925 καὶ
1029 1875 1137 1942 γὰρ
1197 1875 1255 1926 ὲν
1308 1875 1386 1944 τῷ
1417 1883 1510 1940 κς⁹
1541 1877 1767 1947 ψαλμῷ,

203 1963 370 2015 πάλιν
399 1963 608 2033 εἴρηκε·
642 1967 906 2020 Πιστεύω
928 1967 1032 2021 τοῦ
1058 1967 1208 2021 ἰδεῖν
1239 1969 1310 2022 τὰ
1327 1968 1518 2034 ἀγαθὰ
1552 1971 1772 2038 Κυρίου

200 2052 276 2104 ἐν
300 2052 375 2119 τῇ
405 2052 652 2113 ζώντων·
688 2057 737 2108 εἰ
767 2058 862 2109 καὶ
916 2057 1040 2110 καθ’
1085 2059 1282 2130 ἑτέραν
1324 2060 1584 2138 ἐπιϐολὴν
1613 2062 1770 2115 τοῦτο

200 2145 324 2198 εκεῖ
349 2146 760 2217 διηρμήνευται.

277 2235 427 2304 Ἐγὼ
451 2238 519 2289 δὲ
550 2238 954 2308 ἐταπεινώθην
1005 2243 1260 2311 σφόδρα.
1293 2243 1482 2313 Τυχὼν
1521 2245 1769 2316 προγνώ-

202 2342 344 2386 σεως
394 2327 671 2396 τοιαύτης,
693 2330 1062 2402 ἐταπεινώθην
1095 2335 1323 2404 σφόδρα,
1347 2336 1566 2400 ἀνάξιον
1597 2339 1768 2407 ἐμαυ-

199 2414 298 2468 τδν
364 2413 731 2488 ἡγησάμενος,
797 2422 884 2474 ἵνα
941 2424 1016 2494 μὴ
1070 2425 1343 2494 ἐπαρθεὶς
1385 2428 1638 2482 ἀπολέσω
1667 2430 1764 2500 τὴν

201 2507 388 2578 χάριν.
410 2537 415 2542 ~

273 2599 417 2668 Ἐγὼ
435 2601 504 2655 δὲ
516 2598 654 2657 εἶπα
673 2603 742 2658 ἐν
761 2604 834 2672 τῇ
853 2605 1135 2661 ἐκστάσει
1153 2624 1291 2677 μου·
1313 2609 1436 2674 Πᾶς
1460 2611 1765 2678 ἅνθρωπος

201 2692 500 2759 ψεύστης.
557 2695 857 2748 Ἐκστασιν
913 2699 1011 2767 τὴν
1062 2698 1344 2769 ἔκπληξιν,
1402 2702 1761 2772 ὑποληπτέον.

213 2782 572 2853 Ἐκπλαγεὶς,
600 2789 755 2856 φησι,
786 2787 886 2857 τὴν
907 2789 1090 2859 χώραν
1113 2791 1325 2862 ἐκείνην
1378 2794 1484 2848 τῶν
1521 2795 1759 2860 ζώντων,

200 2877 273 2945 ἢν
299 2878 641 2948 ὲφαντάσθην
656 2881 744 2933 διὰ
772 2881 866 2934 τοῦ
896 2882 1049 2951 ἁγίου
1074 2884 1408 2953 Πνεύματος,
1437 2884 1591 2940 εἷπον
1612 2889 1764 2961 διαρ-

204 2969 402 3038 ρήδην,
432 2971 515 3024 ὅτι
557 2973 668 3035 πᾶς
707 2969 996 3044 ’ἄνθρωπος
1052 2975 1290 3044 ψεύστης
1310 2979 1586 3040 κένταῦοα.
1620 2983 1760 3036 κατὰ

1873 1879 2203 1933 viventium:
2244 1878 2309 1931 Et
2337 1886 2642 1948 propterea,
2678 1880 2869 1948 inquit,
2920 1882 2992 1932 ita
3041 1882 3254 1935 locutus
3279 1896 3420 1935 sum.

1870 1967 2002 2021 Nam
2034 1977 2088 2023 et
2125 1969 2250 2023 alibi
2294 1969 2346 2022 in
2406 1970 2617 2038 psalmo
2648 1986 2795 2031 xxvi,
2833 1969 2967 2023 dixit
2998 1986 3014 2024 :
3055 1971 3220 2025 Credo
3248 1972 3423 2024 videre

1871 2060 2014 2137 bona
2041 2059 2251 2114 Domini
2280 2062 2332 2114 in
2373 2070 2514 2114 terra
2551 2062 2826 2115 viventium
2851 2099 2867 2125 ,
2903 2064 3118 2116 tametsi
3155 2063 3313 2117 aliam
3349 2062 3421 2115 ibi

1868 2151 2700 2220 tradiderimusexpositionem.

1942 2243 2050 2313 Ego
2101 2253 2276 2298 autem
2321 2243 2628 2298 humiliatus
2682 2261 2794 2298 sum
2843 2243 3011 2297 valde.
3068 2242 3202 2295 Cum
3270 2251 3420 2296 tanta

1868 2337 1996 2391 mihi
2028 2337 2322 2406 praevidere
2356 2337 2540 2390 datum
2586 2336 2677 2398 sit,
2711 2335 3033 2390 humiliatus
3067 2343 3246 2388 tamen
3290 2347 3414 2387 sum

1867 2429 2042 2494 valde,
2075 2437 2131 2482 et
2161 2428 2441 2497 indignum
2475 2442 2560 2481 me
2597 2426 2800 2496 putavi,
2824 2439 2891 2480 ne
2919 2426 3061 2479 dono
3092 2425 3290 2488 elatus,
3318 2424 3420 2479 hit-

1859 2519 2097 2591 jusmodi
2133 2519 2362 2600 gratiam
2408 2519 2739 2572 amitterem.

1937 2613 2098 2667 Vsus.
2141 2611 2228 2666 Η.
2268 2594 2376 2681 Ego
2406 2623 2583 2665 autem
2610 2610 2723 2663 diri
2761 2610 2818 2662 in
2847 2610 3019 2662 extasi
3060 2622 3210 2660 utea:
3235 2603 3417 2660 Omnis
3503 2594 3511 2600 ’

1863 2704 2016 2758 homo
2061 2702 2251 2772 fallax.
2307 2701 2412 2756 Per
2463 2701 2748 2762 exstasim,
2799 2708 3073 2768 stuporem
3128 2697 3414 2765 quemdam

1863 2795 2160 2864 intelligere
2186 2795 2466 2850 debemus.
2498 2789 2845 2862 Stupefactus
2871 2791 3056 2854 enim,’
3083 2787 3290 2856 inquit,
3343 2786 3414 2837 oh

1862 2885 2278 2940 admirationem
2314 2883 2462 2938 illius
2493 2880 3081 2955 regionisviventium,
3107 2876 3286 2945 cujus,
3325 2889 3420 2944 per

1863 2976 2036 3034 sancti
2073 2974 2312 3045 Spiritus
2342 2973 2568 3043 gratiam
2593 3011 2608 3032 .
2644 2971 2908 3026 visionem
2952 2968 3139 3032 habui,
3169 2967 3276 3020 dixi
3317 2981 3414 3033 pa-

198 3057 302 3128 τὴν
351 3060 697 3131 ἀνθρωπίνην
758 3065 1173 3137 μακαριότητα,
1234 3071 1300 3139 ἢν
1362 3070 1456 3123 καὶ
1511 3074 1539 3124 ὁ
1584 3073 1758 3142 μέγας

1865 3070 1966 3123 lam
2004 3081 2068 3122 ac
2117 3066 2407 3122 manifeste
2437 3064 2585 3134 quod
2629 3063 2810 3118 omnis
2861 3062 3024 3115 homo
3068 3060 3120 3114 in
3164 3061 3264 3114 hac
3304 3060 3411 3112 vita

199 3149 505 3220 Γρηγόριος
547 3153 885 3226 ψευδομένην
968 3158 1268 3229 εὐημερίαν
1328 3162 1641 3234 ὠνόμασεν,
1684 3167 1758 3229 ὡς

1865 3163 2025 3216 fallax
2077 3167 2181 3223 est,
2236 3158 2394 3226 juxta
2454 3155 2748 3210 humanam
2807 3153 2948 3206 hanc
2996 3151 3411 3212 beatitudinem,

200 3242 280 3311 μὴ
339 3245 783 3313 παραμένουσαν,
850 3248 983 3301 ἀλλὰ
1036 3250 1192 3320 δίκην
1249 3253 1477 3322 ὀνείρων
1547 3258 1760 3324 ταχέως

196 3337 605 3407 ἁφιπταμένην.
656 3337 836 3391 Πάντα
895 3341 1002 3410 γὰρ
1062 3342 1131 3394 τὰ
1202 3344 1757 3414 ἀνθρώπιναμαται-

197 3424 329 3494 ότης
396 3429 800 3498 μιταιοτήτων,
870 3433 1340 3501 μεταϐαλλόμενα,
1391 3439 1486 3489 καὶ
1535 3439 1756 3507 φθειρό-

201 3534 342 3586 μενα
364 3535 379 3549 ·
415 3518 482 3571 τὰ
509 3519 566 3573 δὲ
595 3521 705 3574 τῶν
735 3525 792 3576 ὲν
826 3525 1011 3596 ἐκείνῃ
1047 3528 1110 3593 τῇ
1139 3527 1312 3597 χώρᾳ,
1351 3528 1526 3599 ἀληθῆ
1561 3531 1752 3595 ὅντως,

194 3607 276 3673 ὥς
307 3609 535 3681 μόνιμα,
570 3615 662 3666 καὶ
697 3615 1049 3686 ἀμετάϐλητα
1083 3619 1179 3672 καὶ
1193 3618 1463 3690 ἄφθαρτα.

273 3874 337 3930 τι
394 3875 796 3932 ἀνταποδώσω
849 3879 926 3942 τῷ
962 3879 1176 3951 Κυρίῳ,
1217 3881 1347 3949 περὶ
1399 3882 1648 3952 ,πάντων
1667 3882 1754 3939 ὧν

192 3968 580 4025 ἀπαπέδωκέ
611 3989 750 4040 μου
801 3974 1025 4043 Mopin
1076 3975 1183 4044 γὰρ
1237 3976 1412 4030 ἄλλων
1472 3978 1760 4046 ἐμπλήσας

115 4077 118 4080 ’
195 4061 552 4132 εὐεργεσιῶν,
579 4065 659 4117 ἔτι
687 4067 780 4118 καὶ
808 4067 906 4134 τὴν
937 4067 1233 4137 εἰρημένην
1258 4070 1415 4138 χάριν
1439 4071 1751 4138 ἐχαρίσατο⁹

191 4155 259 4205 τὸ
298 4155 354 4207 δὲ
387 4156 850 4216 Ἀνταπέδωκεν,
875 4159 992 4209 ἀντὶ
1027 4157 1120 4210 τοῦ
1160 4159 1414 4231 Ἔδωκεν
1435 4161 1642 4224 ἁπλῶς,
1679 4163 1754 4225 ὡς

195 4245 293 4297 ra!
319 4246 377 4295 ὲν
417 4244 494 4313 τῷ
523 4245 566 4309 ζ’
598 4245 798 4316 ψαλμῷ
819 4263 834 4277 ο
853 4249 920 4301 El
942 4249 1332 4304 ἀνταπέδωκα
1361 4252 1483 4316 τοῖς
1501 4255 1755 4308 ἀνταπο-

193 4336 438 4389 δίδουσί
459 4355 558 4405 μοι
585 4339 761 4401 κακὰ,
790 4342 1395 4411 παρεσημειωσάμεθα.
1425 4339 1558 4397 Εἶτα
1585 4346 1750 4413 μηδὲν

193 4426 448 4490 ἀντάξιον
476 4426 673 4498 εὑρὼν,
708 4429 873 4498 φησιν
905 4444 919 4458 ·

267 4605 554 4670 Ποτήριον
577 4606 872 4670 σωτηρίου
908 4606 1182 4674 Imb-opai.
1231 4639 1294 4649 —
1327 4609 1618 4676 Ποτήριον
1635 4627 1748 4663 σωο

189 4693 421 4761 τηρίου,
442 4693 531 4746 τὸν
549 4693 692 4763 ὑπὲρ
713 4693 949 4763 Χριστοῦ
975 4694 1200 4748 Θάνατον
1227 4696 1475 4764 ὠνόμασε
1499 4740 1513 4762 ,
1553 4699 1641 4751 τὸν
1664 4700 1751 4752 διὰ

193 4774 518 4858 μαρτυρίου·
544 4787 640 4841 καὶ
677 4787 785 4859 γὰρ
814 4788 909 4842 καὶ
937 4789 964 4841 ὁ
997 4779 1256 4860 Χριστὸς,
1287 4791 1343 4842 ὲν
1375 4793 1485 4852 τοῖς
1507 4792 1750 4858 Εὐαγγεο

191 4874 347 4938 λξοις,
399 4877 656 4950 ποτήριον
716 4878 878 4931 αὑτὸν
930 4879 1215 4949 ὠνόμασε·
1275 4881 1544 4934 Δύνασθε
1617 4884 1746 4954 γὰρ,

107 5026 112 5028 _
189 4965 328 5035 φησὶ
350 4968 487 5037 πρὸς
507 4971 630 5032 τοὺς
662 4971 808 5033 υἱοὺς
845 4971 1151 5037 Ζεϐεδαίου,
1191 4973 1350 5026 πιεῖν
1377 4973 1443 5026 τὸ
1466 4974 1750 5042 ποτήριον

187 5060 225 5116 ὃ
277 5060 390 5128 ἐγὼ
431 5060 561 5116 πιῶ.
618 5063 913 5133 Σωτήριον
965 5064 1019 5116 δὲ
1071 5057 1230 5116 τοῦξο
1281 5060 1434 5118 εἶπεν
1462 5057 1637 5131 οὗτος,
1671 5069 1747 5131 ώς

189 5152 431 5219 σώζοντα
448 5153 540 5206 καὶ
561 5153 948 5216 ζωοποιοῦντα.
963 5155 1139 5226 πολλῷ
1163 5157 1428 5224 κρεῖττον,
1461 5160 1583 5220 τοὺς
1609 5161 1744 5212 ἅποο

187 5245 521 5316 θνήσκοντας
548 5243 616 5298 δι’
651 5246 836 5304 αὐτόν.
907 5247 1079 5317 ’Υπὲρ
1139 5247 1232 5300 τοῦ
1271 5249 1737 5320 Χριστοῦ,φησὶν,

1861 3267 2023 3321 quam
2061 3265 2290 3320 magnus
2333 3247 2626 3318 Gregorius
2662 3245 2781 3300 falsi
2816 3244 3050 3299 nominis
3102 3242 3412 3298 felicitatem

1859 3339 2166 3409 appellavit,
2197 3337 2360 3393 veluti
2391 3351 2495 3391 non
2531 3343 2957 3405 permanentem,
2988 3333 3080 3387 sed
3113 3330 3304 3392 somnii
3334 3332 3417 3383 in-

1861 3443 1974 3488 star
2014 3435 2122 3485 cito
2156 3431 2484 3483 avolantem.
2513 3426 2707 3480 Omnia
2743 3426 2888 3480 enim
2918 3425 3174 3482 humana.
3205 3421 3414 3473 vanitas

1859 3522 2152 3574 vanilatnm
2186 3527 2347 3580 sunt;
2387 3524 2663 3570 mutantur
2695 3513 2836 3569 enim
2865 3521 2918 3566 et
2943 3517 3368 3579 corrumpuntur
3397 3521 3411 3557 :

1859 3613 1952 3669 sed
1992 3628 2108 3681 quae
2141 3613 2193 3666 in
2233 3612 2320 3663 illa
2363 3618 2492 3663 sunt
2525 3608 2820 3674 viventium
2866 3605 3104 3673 regione,
3156 3615 3264 3652 non
3307 3599 3412 3651 fal-

1788 3695 1792 3699 ⁴
1858 3707 1991 3761 lacia
2016 3748 2030 3770 ,
2066 3703 2158 3759 sed
2189 3717 2314 3757 vera
2353 3710 2481 3755 sunt
2517 3698 2697 3752 omnia
2723 3736 2738 3760 ,
2772 3697 2932 3752 veluti
2969 3702 3226 3765 perpetua
3255 3734 3271 3759 ,
3306 3693 3412 3746 im-

1859 3796 2159 3853 Inntahilia.
2193 3802 2356 3861 atque
2385 3789 2816 3860 incorruptibilia

1932 3884 2091 3938 Vens.
2126 3884 2215 3936 19..
2262 3882 2402 3948 Quid
2434 3881 2721 3935 retribuam
2757 3878 2996 3934 Domino.
3024 3893 3117 3946 pro
3149 3873 3409 3928 omnibus.

1857 3995 1971 4047 qua!
2003 3975 2242 4030 retribuit
2272 3975 2396 4029 mihi
2418 3975 2440 4027 1’
2465 3973 2600 4028 Nam
2625 3987 2749 4026 cum
2781 3969 3082 4024 innumeris
3114 3983 3197 4020 me
3219 3964 3413 4019 affece-

1858 4073 1927 4123 rit
1961 4067 2257 4127 beneficiis,
2293 4065 2603 4133 pradictam
2638 4064 2798 4117 etiam
2845 4063 3073 4128 gratiam
3105 4059 3169 4109 ad
3210 4071 3407 4108 cumu—

1857 4163 1965 4216 lum
1997 4157 2222 4214 addidit.
2262 4155 2517 4210 Rem‘bnit
2552 4164 2752 4218 autem,
2788 4155 2888 4206 hoc
2919 4152 2973 4205 in
3003 4150 3142 4214 loco,
3177 4163 3405 4216 expone,

1858 4269 1951 4322 pro
1980 4247 2678 4317 'l‘ribuit,quemadmodum
2708 4244 2870 4297 etiam
2901 4242 3138 4296 diximus
3167 4239 3220 4290 in
3261 4237 3408 4305 psal-

1859 4359 1945 4394 mo
1987 4357 2078 4401 vn,
2123 4342 2196 4392 ibi
2235 4338 2335 4392 :Si
2373 4337 2576 4392 reddidi
2625 4332 3020 4390 retribuentibus
3071 4329 3198 4382 mihi
3241 4328 3383 4380 mala

1789 4447 1829 4500 ῃ
1860 4433 1993 4487 Cum
2039 4444 2218 4486 autem
2253 4431 2384 4484 nihil
2419 4429 2714 4482 invenisset
2753 4426 3078 4492 condignum
3109 4419 3253 4490 quod
3300 4419 3408 4476 Deo

1859 4527 2121 4585 redderet,
2154 4524 2230 4575 ait
2268 4539 2280 4572 :

1925 4615 2086 4668 Vsus.
2118 4613 2202 4666 l3.
2247 4609 2476 4669 Calicem
2517 4610 2776 4664 salutaris
2827 4619 3107 4674 accipiam.
3146 4603 3249 4656 Per
3275 4599 3402 4652 cali-

1852 4720 1968 4757 cvm
2000 4703 2275 4766 salutaris,
2311 4711 2535 4756 mortem
2581 4715 2643 4752 ac
2691 4695 3007 4766 martyrium
3045 4708 3141 4762 pro
3181 4690 3403 4744 Christo

1855 4797 2119 4866 intelligit.
2156 4795 2287 4848 Nam
2318 4803 2372 4847 ct
2401 4795 2513 4861 ipse
2548 4791 2807 4842 Dominus
2849 4787 2901 4840 in
2937 4782 3228 4851 Evangelio
3258 4799 3271 4834 :
3297 4779 3405 4865 Ρυίε

1856 4891 2021 4946 testis.
2077 4888 2270 4954 inquit,
2316 4886 2485 4938 bibere
2524 4883 2762 4946 calicem,
2805 4895 2950 4950 quem
2995 4891 3086 4945 ego
3129 4873 3300 4927 bibam
3328 4870 3407 4921 ἐἳ

1855 4980 2120 5034 8.ιΙιιιε1ι”ἰς
2148 4991 2327 5033 autem
2379 4979 2500 5033 ideo
2549 4977 2705 5036 dixit,
2749 4974 2874 5042 quia
2910 4973 3104 5034 salvat,
3146 4969 3252 5021 imo
3303 4968 3400 5017 (τινε

1852 5074 1942 5140 qui
1987 5072 2181 5124 mortui
2222 5070 2457 5133 fuerant,
2501 5068 2567 5122 ad
2604 5068 2884 5121 meliorem
2920 5065 3086 5117 vitam
3140 5055 3399 5112 vivificat.

1851 5163 1955 5216 Pro
1989 5163 2223 5226 Christo,
2263 5163 2460 5229 inquit,
2498 5159 2737 5214 moriar:
2767 5158 2892 5212 sitio
2934 5156 3074 5209 enim
3107 5163 3162 5205 ut
3195 5164 3291 5218 pro
3335 5164 3401 5202 co

1849 5246 2077 5307 mortem
2109 5253 2299 5322 patiar,
2329 5251 2419 5319 qui
2453 5266 2537 5305 mc
2575 5251 2740 5304 tantis
2769 5246 3065 5301 cumulavit
3100 5242 3396 5298 beneficiis.

185 5339 590 5410 ἀποθανοῦμαι,
622 5339 788 5410 διψῶν
823 5342 915 5395 τὸν
947 5342 1086 5414 ὑπὲρ
1126 5341 1288 5396 αὑτοῦ
1321 5342 1572 5411 θάνατον,
1607 5335 1713 5398 ’ποῦ’
1743 5345 2016 5399 τοσούτων
2060 5345 2392 5416 εὐεργεσιῶν
2466 5361 2532 5415 με
2583 5342 3041 5408 καταξιώσαντος,
3119 5337 3192 5398 ὡς
3254 5333 3393 5390 Υἱοῦ

87 5461 98 5466 -
182 5435 282 5490 τοῦ
333 5435 489 5489 Θεοῦ.

257 5525 367 5577 Καὶ
407 5525 474 5578 τὸ
504 5528 692 5600 ὄνομα
725 5529 942 5599 Κυρίου
962 5529 1412 5600 ἐπικαλέσομαι.
1441 5531 1550 5584 Καὶ
1582 5532 1745 5584 αὑτὸν

1880 5528 1986 5582 ·Ἐι
2033 5543 2216 5582 nomen
2269 5525 2476 5580 Domini
2528 5525 2797 5581 invocabo.
2850 5524 2914 5579 Et
2949 5527 3145 5592 ipsum,
3179 5524 3386 5589 inquit.

183 5616 583 5687 ἐπικαλέσομαι
628 5611 972 5696 δωρήσασθαι
1020 5640 1106 5694 μοι
1168 5624 1262 5676 καὶ
1309 5623 1501 5678 τοῦτο·
1561 5624 1745 5680 λοιπὸν

1850 5622 2130 5680 Dominum
2158 5619 2443 5683 invocabo,
2468 5628 2524 5675 ut
2553 5620 2785 5676 calicem
2806 5618 2937 5674 mihi
2957 5618 3119 5673 istum
3145 5620 3381 5685 praestet.

245 5762 303 5826 ἶ⁶
357 5792 545 5848 Matth.
602 5811 696 5853 xx.
750 5797 842 5852 22.
