4150 6326
669 373 803 438 1123
1800 446 1806 450 _
1846 367 2222 429 EUTHYMII
2261 367 2637 431 ZIGABENI.‘
3762 358 3920 427 ttat

668 493 934 548 convocat
965 486 1109 543 enim
1139 482 1418 539 universas
1447 489 1637 550 gentes
1677 479 1745 533 ad
1777 477 1980 533 Christi
2012 477 2220 551 Iaudes,

2348 478 2503 530 :aivta
2541 469 2952 554 τάἐθνηξπρὸς
2993 475 3342 546 ὕμνολογίαν,
3389 474 3487 530 καὶ
3540 475 3917 547 εὐχαριστίαν

673 593 726 636 et
755 563 819 634 ad
855 583 1055 650 gratias
1085 579 1134 632 ei
1167 576 1419 646 agendas,
1450 589 1548 644 pro
1578 571 1744 626 lautis
1783 569 1837 624 in
1877 585 1979 624 nos
2009 569 2221 623 collatis

2348 571 2589 640 (ριστού,
2626 569 2919 640 τηλικαῦτα
2942 569 3165 631 τούτους
3188 568 3670 638 εὐεργετήσαντος.

677 673 980 728 beneﬁciis.
2652 659 2660 672 ‘

742 761 908 817 Vens.
948 763 996 815 l.
1035 759 1272 813 Laudate
1324 741 1601 809 Dominum
1637 738 2044 820 omnes‘geutes.
2091 749 2227 804 Uni-

674 870 882 917 versas,
913 853 1107 921 inquit,
1137 859 1325 919 gentes
1354 847 1586 914 appello,
1627 859 1745 914 qua:
1778 844 1843 896 ab
1888 842 2092 897 erroris
2138 849 2221 896 te-

673 946 858 998 nebris
898 944 963 996 ad
1007 945 1181 995 lucem
1217 938 1459 994 veritatis
1491 938 1736 990 adducta:
1763 944 1909 988 sunt.

740 1034 983 1087 Landale
1013 1049 1129 1085 eum
1159 1047 1332 1084 omnes
1358 1030 1554 1097 populi.
1585 1027 1699 1081 Sub
1732 1027 1853 1081 aliis
1881 1025 2059 1080 verbis
2081 1039 2228 1077 cam-

672 1129 794 1182 dcm
830 1127 1023 1196 repetit
1055 1125 1398 1184 sententiam,
1437 1119 1766 1175 laudationis
1795 1119 2225 1174 exhortationem

660 1217 846 1285 magis
879 1214 1182 1267 intendens.
1224 1210 1338 1276 Vel,
1384 1226 1478 1279 per
1522 1210 1773 1279 populos,
1824 1206 2043 1263 ludmos
2100 1209 2226 1262 illos

676 1309 935 1371 intelzige,
969 1307 1058 1375 qui
1090 1306 1271 1359 lidcles
1295 1302 1473 1357 eﬂecti
1508 1313 1634 1356 sunt
1671 1319 1684 1356 :
1716 1302 1800 1356 vel
1829 1316 2020 1354 omnes
2063 1302 2224 1354 etiam

677 1399 906 1470 populos
939 1399 991 1451 in
1025 1398 1359 1451 universum.
1390 1393 1616 1461 Oportet
1651 1393 1793 1447 enim
1839 1408 2028 1445 omnes
2054 1391 2228 1444 homi-

674 1506 772 1544 nes
802 1487 1164 1542 communiter
1209 1486 1314 1538 Deo
1356 1484 1558 1552 gratias
1597 1499 1785 1551 agere,
1820 1483 1942 1550 quia
1977 1497 2075 1550 pro
2107 1496 2228 1536 0m-

674 1580 824 1660 uio.
859 1578 1032 1632 salute
1070 1574 1493 1634 misericorditer
1539 1555 1756 1627 carnem
1803 1571 2102 1639 assumpsit
2127 1608 2141 1631 .
2174 1579 2230 1623 et

675 1658 944 1730 salutares,
993 1667 1275 1735 passiones
1326 1664 1520 1718 subiit.
1573 1665 1728 1732 Ipsos
1785 1670 1962 1714 tamen
2012 1658 2229 1714 Judmos

676 1758 949 1826 prmeipue
981 1759 1154 1816 decet,
1190 1764 1249 1807 ut
1291 1753 1570 1806 Christum
1616 1751 1859 1816 laudent,
1909 1751 2001 1819 qui
2042 1750 2179 1804 dixit
2214 1767 2226 1802 :

673 1847 792 1902 Non
829 1864 943 1899 sum
977 1846 1189 1910 missus,
1228 1843 1332 1896 nisi
1373 1841 1440 1893 ad
1471 1857 1587 1894 oves
1618 1857 1732 1912 qua:
1763 1842 2026 1908 perierunt
2051 1840 2235 1893 domus
2269 1831 2310 1882 Β

678 1937 851 1992 Israel
898 1937 962 1991 ¹⁸.

755 2026 915 2080 Vens.
949 2026 1006 2079 2.
1035 2025 1296 2092 Quoniam
1327 2023 1580 2077 roborata
1605 2033 1678 2076 est
1711 2038 1865 2088 super
1898 2039 1993 2076 nos
2029 2021 2236 2075 miseri-

675 2123 856 2175 cordia
878 2119 1013 2186 ejus.
1042 2117 1226 2172 Valida
1252 2132 1315 2170 ac
1338 2114 1492 2170 fortis
1515 2113 1698 2169 effecta
1743 2123 1829 2170 est
1855 2113 2235 2168 misericordia

677 2211 793 2264 Dei.
831 2209 1019 2276 Ampla
1051 2208 1198 2262 enim
1235 2221 1299 2261 ac
1332 2208 1626 2261 vehemens
1655 2207 1705 2258 in
1740 2220 1929 2260 omnes
1975 2203 2232 2266 deﬂuxit.

686 2301 900 2352 tametsi
952 2299 1105 2353 multi
1151 2313 1181 2352 a
1220 2293 1282 2353 ‘se
1329 2313 1448 2352 eam
1479 2297 1797 2366 repulerint.
1829 2287 2078 2364 Seipsiun
2111 2312 2240 2350 vero

683 2392 842 2445 nobis
871 2390 1138 2459 Propheta
1163 2390 1264 2445 hoc
1291 2390 1346 2444 in
1376 2389 1498 2445 loco
1529 2388 1808 2459 coniungit
1838 2403 1853 2440 :
1887 2388 2238 2458 quemadmo-

679 2485 807 2538 dum
840 2498 981 2552 saepe
1010 2483 1135 2538 alibi
1175 2482 1356 2537 [acero
1394 2480 1700 2544 consuevit,
1731 2495 1899 2534 unum
1944 2492 2004 2534 se
2051 2493 2118 2533 ex
2171 2480 2238 2534 iis

682 2583 966 2641 reputans.
993 2573 1086 2641 qui
1118 2573 1173 2625 in
1206 2571 1486 2626 Christum
1521 2569 1781 2626 credunt.
1897 2593 1900 2596 ι
2079 2555 2082 2560 λ

751 2658 820 2713 Et
855 2661 1044 2714 veritas
1083 2659 1297 2714 Domini
1348 2669 1519 2714 manet
1569 2660 1620 2714 in
1672 2670 1947 2712 (uernum.
2000 2656 2238 2721 Veritas,

682 2753 930 2822 inquam,
986 2751 1290 2822 Evangelii,
1338 2768 1457 2821 qua:
1507 2751 1766 2821 apostolis
1817 2766 1915 2821 per
1962 2751 2236 2805 Christum

2391 751 2612 804 Αἰνεῖτε
2650 751 2758 802 τὸν
2785 749 3026 817 Κύριον,
3065 746 3263 801 πάντα
3297 747 3367 801 τὰ
3403 745 3570 813 ἔθνη.
3611 745 3745 800 Ἀπὸ
3800 746 3905 798 τοῦ

2335 841 2558 905 σκότους
2583 843 2682 909 τῆς
2716 840 2946 909 πλάνης,
2974 839 3066 892 ἐπὶ
3083 839 3141 892 τὸ
3166 837 3280 907 φῶς
3314 838 3415 907 τῆς
3462 837 3720 907 ἀληθείας
3767 838 3906 908 ὁδη-

2333 934 2569 1002 γηθέντα
2597 932 2662 986 δι’
2689 931 2877 986 αὐτοῦ.

2401 1023 2784 1077 Ἐπαινέσατε
2830 1021 3038 1088 αὐτὸν,
3097 1020 3317 1088 πάντες
3347 1023 3402 1076 οι
3434 1022 3593 1075 λαοί.
3642 1020 3716 1074 Τὸ
3763 1021 3910 1074 αύτὺ

2334 1113 2508 1180 λέγει,
2557 1115 2657 1183 τὴν
2703 1114 2910 1166 αἷνεσιν
2972 1112 3278 1166 ἐπιτείνωνο
3335 1112 3560 1183 illa.ng
3611 1112 3722 1164 νόει
3770 1113 3908 1174 τοὺς

2347 1207 2654 1272 Ἰουδαίους,
2680 1208 2793 1261 ὅσοι
2829 1205 3133 1276 προσῆλθον
3169 1207 3235 1276 τῇ
3274 1204 3646 1274 πίστει,ἢκαὶ
3686 1204 3908 1266 πάντας

2335 1299 2540 1361 ἁπλῶς.
2572 1301 2663 1350 Δεῖ
2694 1303 2801 1368 γὰρ
2828 1298 3024 1360 κοινῶς
3082 1297 3292 1360 πάντας
3345 1295 3664 1365 ἀνθρώπους
3726 1296 3910 1363 εὐχα-

2340 1392 2543 1457 ριστεῖν
2573 1391 2647 1457 τῷ
2676 1389 2814 1460 Θεῷ,
2849 1390 2921 1452 ὼς
2955 1389 3094 1460 ὑπὲρ
3125 1389 3224 1458 τῆς
3254 1387 3473 1440 πάντων
3505 1387 3783 1456 σωτηρίας
3811 1401 3914 1452 ιρι-

2336 1481 2670 1552 λανθρώπως
2700 1482 3204 1552 ὲνανθρωπήσαντι,
3235 1481 3329 1533 καὶ
3351 1479 3418 1532 τὰ
3453 1481 3695 1547 σωτήρια
3747 1479 3906 1544 πάθη

2337 1575 2760 1645 καταδεξαμένῳ
2780 1590 2793 1603 ·
2828 1574 3062 1644 μάλιστα
3090 1573 3147 1624 δὲ
3183 1574 3402 1626 πάντων
3431 1571 3720 1635 Ἰουδαίους
3762 1571 3914 1624 πάνο

2337 1683 2463 1729 τας·
2497 1670 2618 1722 Οὐκ
2651 1666 3004 1732 ἀπεστάλην
3072 1665 3214 1733 γάρτ
3241 1665 3432 1734 φησιν,
3502 1665 3553 1716 ει
3575 1662 3659 1731 μὴ
3687 1664 3775 1727 εἰς
3832 1663 3915 1715 τὰ

2337 1761 2600 1828 πρόϐατα
2624 1761 2695 1814 τὰ
2721 1755 3079 1814 ἀπολωλότα
3107 1759 3276 1812 οἷκου
3316 1755 3584 1825 Ἰσραήλ.

2410 2035 2539 2087 Ὀτι
2586 2030 2943 2100 ὲκραταιώθη
3001 2028 3066 2082 τὸ
3131 2028 3303 2094 ἕλεος
3340 2025 3526 2081 αὐτοῦ
3577 2024 3670 2095 ἐφ’
3718 2025 3908 2095 ἡμᾶς.
3982 2081 3987 2084 ,

2353 2125 2594 2196 ’ἰσχυρὸν
2659 2127 2873 2192 γέγονε,
2919 2120 3162 2190 στερεὸν,
3208 2119 3343 2171 πολὺ
3404 2116 3597 2189 ὲρῤύη,
3672 2117 3912 2188 σφοδρὸν

2342 2218 2434 2269 ἐπὶ
2482 2216 2691 2276 πάντας
2725 2211 3070 2281 ἀνθρώπους,
3131 2209 3200 2263 δι’
3229 2208 3539 2279 ὑπερδολὴν
3586 2208 3903 2278 φιλανθρω-

2347 2306 2498 2371 πίας,
2530 2307 2577 2358 ει
2609 2305 2702 2357 καί
2725 2321 2869 2366 τινες
2901 2301 3192 2355 ἀπώσαντο
3214 2300 3392 2354 τοῦτο.
3434 2295 3545 2353 Ki‘t
3598 2297 3789 2352 ἑαυτὸν
3843 2295 3909 2350 δὲ

2343 2398 2646 2458 συντάττει,
2676 2394 2858 2456 καθὼς
2887 2396 2945 2446 ἐν
2977 2391 3190 2454 πολλοῖς
3224 2389 3386 2444 εἴωθε
3425 2391 3622 2449 ποιεῖν.
3651 2388 3749 2442 ἕνα
3805 2388 3909 2439 καὶ

2345 2488 2502 2541 αὑτὸν
2533 2487 2833 2557 ἡγούμενος
2871 2483 2979 2537 τῶν
3029 2481 3476 2536 πεπιστευκότων
3515 2483 3594 2544 εἰς
3641 2479 3910 2550 Χριστόν.

2413 2672 2520 2724 Kal
2556 2667 2590 2734 ἡ
2609 2667 2860 2731 ἀλήθεια
2886 2662 2992 2716 τοῦ
3025 2661 3246 2728 Κυρίου
3275 2658 3444 2729 μένει
3464 2659 3552 2724 εις
3573 2657 3678 2712 τὸν
3691 2652 3904 2710 αἰῶνα.

2352 2762 2417 2813 'II
2449 2760 2538 2813 διά
2565 2759 2659 2812 τοῦ
2694 2755 3027 2824 Εὑατγελίου
3047 2769 3062 2782 ·
3094 2754 3128 2822 ἠ
3161 2751 3250 2804 διά
3281 2749 3375 2804 τοῦ
3434 2748 3670 2819 Χριστοῦ
3721 2765 3915 2817 παρα-

680 2843 804 2899 data
833 2854 938 2898 est.
977 2843 1106 2895 Nam
1139 2857 1260 2913 quae
1288 2842 1342 2897 in
1379 2843 1496 2912 lege
1530 2842 1732 2912 scripta
1766 2850 1915 2904 sunt,
1951 2856 2058 2895 non
2091 2840 2237 2894 veri—

2348 2850 2557 2903 δοθείσα
2585 2850 2700 2910 τοῖς
2758 2845 3101 2907 ἀποστόλοις.
3161 2843 3244 2896 Τά
3279 2842 3378 2912 μὲν
3411 2841 3520 2912 γὰρ
3546 2839 3643 2894 τοῦ
3705 2839 3910 2907 νόμου,

681 2943 874 3001 tatem,
914 2934 1007 2991 sed
1040 2936 1288 2990 umbram
1343 2935 1699 2990 continebant
1747 2933 2010 2988 veritatis.
2063 2933 2240 2986 Adve-

2348 2940 2681 3010 σκιαγραφία
2697 2955 2782 3001 τις
2803 2933 2941 3007 ἦσαν
2962 2933 3238 3012 ἀληθείαςο
3263 2932 3345 2987 διὸ
3366 2971 3383 2998 ,
3397 2930 3600 3001 ταύτης
3618 2929 3914 2998 ἐλθούσης,

681 3027 866 3081 niente
924 3035 1102 3082 autem
1138 3025 1445 3097 evangelica
1482 3025 1708 3079 veritate
1754 3024 1943 3078 umbra
1976 3024 2064 3078 illa
2105 3024 2238 3090 legis

2348 3033 2586 3103 ἐπαύθη,
2656 3025 3335 3100 καθάπερήσκιαγραφία
3395 3023 3504 3077 τῶν
3570 3021 3911 3090 ζωγράφων,

679 3118 934 3181 cessavit,
965 3133 1071 3172 non
1100 3134 1258 3174 secus
1285 3126 1444 3186 atque
1467 3117 1809 3172 adumbratio
1837 3117 2023 3186 aliqua
2055 3116 2235 3186 pictu-

2348 3126 2449 3179 τῶν
2487 3123 2758 3194 ἀληθινῶν
2773 3121 3078 3193 χρωμάτων
3105 3115 3508 3187 ἐπιϐληθέντων
3527 3106 3670 3185 αὐτῇ
3690 3130 3704 3144 ⁸
3735 3114 3770 3184 ὴ
3807 3113 3915 3182 χά-

687 3222 762 3262 rte
792 3209 1181 3279 exstinguitur,
1226 3211 1446 3279 quando
1498 3209 1610 3263 veri
1663 3209 1871 3264 colores
1903 3223 2066 3279 super
2118 3222 2236 3262 eam

2348 3234 2429 3287 ρις
2463 3217 2542 3283 δὲ,
2580 3215 2736 3286 φησὶ,
2791 3214 2886 3267 καὶ
2931 3213 2964 3281 ἠ
3004 3209 3253 3281 ἀλήθεια,
3307 3207 3397 3262 διά
3443 3205 3620 3276 Ἰησοῦ
3660 3202 3912 3276 Χριστοῦ

684 3296 1072 3350 immittuntur.
1105 3297 1288 3351 Gratia
1321 3299 1466 3352 enim
1488 3336 1506 3362 ,
1541 3297 1752 3368 inquit,
1779 3308 1833 3354 et
1865 3297 2089 3361 veritas,
2143 3311 2240 3367 per
2344 3307 2582 3377 ἐγένετο.

680 3385 863 3442 Jesum
891 3386 1162 3441 Christum
1193 3384 1334 3440 facta
1370 3393 1454 3440 est
1489 3385 1555 3440 ".
1621 3435 1624 3437 ,

1325 3497 1575 3549 Alleluia.

1186 3605 1508 3664 PSALMUS
1543 3607 1750 3664 CXVII.

755 3723 823 3778 Et
854 3723 941 3779 hic
970 3723 1215 3790 psalmus
1254 3723 1418 3778 etiam
1455 3723 1766 3794 gratiarum
1787 3721 2032 3778 actiones
2061 3723 2248 3778 conti-

686 3826 777 3870 net
807 3830 905 3885 pro
931 3815 1168 3885 receptis
1196 3815 1501 3872 beneﬁciis.

2937 3503 3309 3571 Ἁλληλούτα.

2883 3616 3174 3697 “suo:
3226 3612 3373 3669 PIZ’.
3550 3695 3553 3698 ρ

2421 3736 2535 3791 Καὶ
2573 3729 2728 3798 οὗτος
2755 3733 2916 3787 πάλιν
2948 3731 3365 3804 εὐχαριστήριος
3400 3725 3546 3799 ὑπὲρ
3570 3718 3645 3782 ὧν
3668 3725 3922 3797 ἀπήλαυ-

2253 3865 2258 3878 .
2349 3844 2442 3882 σεν
2473 3825 2830 3899 εὐεργεσιῶν.
3108 3847 3112 3850 ·
3291 3828 3299 3838 ⁸
3439 3836 3445 3840 ·

755 3929 920 3984 Vnus.
971 3931 1020 3984 l.
1075 3929 1411 3998 Con/itemini
1470 3929 1690 3982 Domino
1747 3931 1995 4000 quoniam
2046 3931 2246 3994 bonus,

2422 3941 2909 4015 Ἐξομολογεῒσθε
2933 3938 3011 4005 τῷ
3037 3940 3251 4008 Κυρίῳ.
3293 3939 3383 3993 ὅτι
3406 3937 3653 4013 ἀγορὰς,
3683 3937 3774 3991 ὅτι
3825 3938 3920 4003 εις

685 4020 932 4086 quoniam
963 4018 1017 4071 in
1053 4019 1305 4072 swculum
1349 4019 1709 4073 misericordia
1749 4025 1883 4087 ejus.
1926 4019 2247 4088 llujusmodt

2350 4037 2456 4091 τὸν
2485 4037 2671 4089 αίῶνα
2703 4035 2769 4090 τὸ
2801 4034 2973 4096 ἔλεος
3018 4031 3224 4087 αὐτοῦ.
3253 4025 3390 4085 Eius
3437 4029 3608 4084 ταῦτα
3635 4031 3695 4082 ὲν
3730 4027 3808 4100 τῷ
3837 4021 3922 4098 ρι’

686 4108 851 4163 verba
895 4109 1164 4166 habentur
1195 4111 1359 4164 etiam
1403 4110 1454 4162 in
1487 4110 1697 4178 psalmo
1733 4123 1821 4173 cv,
1865 4110 1954 4164 ubi
1983 4126 2045 4164 ea
2081 4128 2247 4180 expo-

2350 4127 2549 4199 ψαλμῷ
2572 4127 2667 4181 καὶ
2695 4124 3011 4196 ἡρμηνεύθτι
3037 4126 3173 4178 ἐκεῖ.
3242 4194 3244 4197 _

689 4213 918 4252 SIIIIIHIS.

763 4287 920 4343 Vens.
939 4289 1057 4343 2-4.
1081 4289 1232 4342 Dicat
1255 4306 1381 4343 sane
1398 4291 1584 4350 domus
1607 4287 1774 4344 lsrael
1791 4291 2040 4358 quoniam
2064 4292 2250 4356 bonus,

2417 4305 2652 4359 Εῑπὰτω
2683 4303 2757 4370 δὴ
2773 4300 2934 4370 οἶκος
2950 4303 3206 4371 Ἰσραὴλ.
3231 4303 3319 4357 ὅτι
3335 4301 3576 4371 ἀγαθὸς,
3596 4300 3684 4354 ὅτι
3704 4301 3792 4366 είς
3810 4298 3925 4354 τὸν

686 4382 934 4448 quoniam
971 4382 1025 4433 in
1064 4383 1315 4434 sarculum
1353 4381 1715 4435 misericordia
1759 4382 1896 4451 ejus.
1926 4383 2092 4450 Dicat
2129 4401 2247 4438 sane

2354 4398 2536 4451 αἰῶνα
2565 4400 2629 4450 τὸ
2659 4397 2829 4464 ἔλεος
2847 4399 3054 4451 αὺτοῦ.
3082 4395 3316 4450 Εὶπάτω
3358 4394 3435 4462 δὴ
3464 4389 3628 4460 οἶκος
3675 4389 3919 4461 Ἀαρὼν,

689 4472 876 4524 domus
917 4473 1094 4525 Aaron
1129 4474 1373 4542 quoniam
1410 4473 1595 4534 bonus,
1632 4475 1878 4540 quoniam
1910 4475 1961 4525 in
2001 4476 2247 4533 sirculuin

2356 4488 2444 4541 ὅτι
2473 4489 2711 4556 ἀγαθὸς,
2743 4489 2831 4547 ὅτι
2853 4491 2937 4553 εις
2954 4487 3060 4540 τὸν
3075 4486 3259 4539 αἰῶνα
3286 4485 3353 4538 τὸ
3375 4486 3548 4554 εἶεος
3581 4483 3789 4543 αὐίοῦ.
3822 4473 3926 4543 Εἰ,-¹

695 4564 1054 4615 misericordia
1089 4564 1225 4631 ejus.
1263 4564 1452 4615 Dicant
1477 4580 1603 4616 sane
1629 4580 1802 4617 omnes
1824 4565 2111 4631 quiliment
2146 4567 2248 4619 Ι)ο-

693 4653 914 4715 minum,
951 4656 1194 4721 quoniam
1236 4655 1416 4717 bonus,
1454 4657 1700 4722 quoniam
1729 4657 2059 4708 in‘sazcm'uin
2096 4659 2248 4711 mise-

694 4744 873 4794 cordia
900 4744 1034 4810 ejus.
1069 4741 1268 4797 Omnes
1296 4746 1438 4796 enim
1476 4745 1526 4795 hi
1575 4743 1813 4798 bonitate
1842 4754 1896 4798 et
1934 4747 2245 4802 misericor-

696 4833 784 4883 dia
839 4831 954 4896 Dei,
997 4832 1182 4884 multis
1234 4832 1406 4885 modis
1464 4834 1617 4901 potiti
1664 4842 1816 4886 sunt.
1864 4833 1919 4886 In
1980 4835 2244 4905 triplicem

698 4931 876 4976 autem
919 4924 1165 4975 ordinem
1216 4919 1481 4990 Piopheta
1525 4924 1775 4976 distinxit
1821 4926 2078 4993 populum
2134 4927 2247 4990 Dei,

697 5014 1149 5081 quemadmodum
1193 5024 1247 5068 et
1289 5014 1426 5068 alihi-
1454 5015 1578 5068 fecit
1618 5017 1669 5068 in
1707 5017 1913 5085 psalmo
1942 5030 2094 5082 cxnu,
2125 5018 2196 5072 ibi
2234 5038 2246 5073 :

698 5104 896 5158 Domus
938 5103 1105 5158 Israel
1140 5109 1364 5172 speravit
1404 5109 1458 5158 in
1511 5107 1751 5173 Domino,
1791 5123 2024 5177 cumque
2060 5122 2250 5164 omnes

700 5199 882 5266 populi
909 5197 1126 5252 Ordines
1161 5199 1211 5250 in
1249 5215 1411 5250 unum
1442 5201 1664 5253 chorum
1697 5202 2102 5266 convocaverit,
2127 5202 2250 5271 jus-

702 5291 940 5359 seritque
968 5289 1178 5344 debitas
1219 5293 1326 5345 Deo
1363 5293 1564 5360 gratias
1588 5309 1768 5362 agere,
1801 5305 1853 5347 et
1893 5295 2074 5350 dicere
2109 5297 2251 5364 quod

706 5385 878 5436 bonus
917 5392 1020 5446 est,
1057 5392 1108 5435 et
1145 5383 1286 5453 quod
1326 5385 1376 5436 iu
1413 5385 1667 5437 saeculum
1701 5385 2073 5438 misericordia
2113 5389 2251 5452 ejus,

701 5480 888 5524 narrat
920 5488 979 5522 ea
1015 5471 1354 5540 posunodum
1391 5488 1507 5541 qua:
1538 5473 1603 5525 ad
1647 5488 1703 5527 se
1741 5475 2036 5542 pertinent.
2085 5474 2247 5527 Dece-

704 5568 793 5618 bal
845 5579 1075 5635 namque
1124 5569 1436 5621 uuivcsum
1494 5569 1748 5637 populum
1799 5570 2094 5638 coiuliguas
2142 5569 2251 5624 Deo

779 5740 819 5772 ³⁸
850 5743 1038 5796 Matth.
1076 5760 1161 5809 av,
1216 5744 1306 5796 9.4.
1390 5748 1428 5778 ¹³
1467 5745 1662 5814 Ephcs.
1720 5762 1789 5810 ιν,
1849 5747 1934 5801 15.

2357 4580 2640 4633 rideamur
2700 4571 2788 4647 dij
2859 4579 3080 4646 πάντες
3130 4583 3183 4634 ol
3231 4581 3584 4649 φοϐούμενοι
3641 4582 3748 4633 τὸν
3803 4583 3920 4636 Κύ-

2351 4687 2501 4737 ριον,
2557 4669 2646 4722 ὅτι
2707 4670 2943 4738 ἀγαθὸς,
2990 4671 3081 4723 ὅτι
3123 4673 3210 4736 είς
3234 4672 3338 4723 τὸν
3384 4670 3566 4723 αἰῶνα
3618 4670 3682 4723 τὸ
3741 4671 3924 4734 ἔλεος

2357 4761 2562 4813 αὑτοῦ.
2597 4762 2802 4824 Πάντες
2838 4763 2944 4830 γὰρ
2978 4763 3246 4833 διαφόρως
3296 4762 3615 4833 ἀπήλαυσαν
3640 4764 3736 4831 τῆς
3777 4779 3916 4831 χρη-

2360 4852 2612 4920 στότητος
2671 4852 2766 4904 καὶ
2812 4852 2902 4904 τοῦ
2960 4854 3137 4916 ἐλέους
3217 4855 3402 4910 αὑτοῦ.
3475 4856 3800 4924 Ἐποιήσατο
3854 4853 3914 4905 δὲ

2361 4940 2632 4993 κάνταῦθα
2669 4942 2767 5012 τὴν
2799 4942 3058 5013 διαίρεσιν
3079 4943 3170 4995 τοῦ
3222 4943 3408 5006 ἔθνους
3448 4943 3558 4995 τῶν
3620 4943 3912 5006 Ἰουδαίων,

2359 5031 2475 5082 οἵαν
2502 5033 2594 5082 καὶ
2618 5034 2673 5083 ἐν
2697 5033 2772 5101 τῷ
2807 5041 2907 5102 ριγ¹
2930 5033 3126 5104 ψαλμῷ
3146 5052 3158 5066 ο
3182 5035 3309 5088 ἔνθα
3350 5036 3430 5100 τὸ,
3459 5031 3630 5099 οἶκος
3662 5033 3913 5102 Ἰσραὴλ

2361 5118 2622 5185 ἤλπισεν
2658 5123 2754 5174 ἐπὶ
2794 5121 3034 5190 Κύριον,
3068 5123 3157 5176 καὶ
3187 5124 3253 5178 τά
3281 5125 3436 5194 ἑξῆς·
3495 5125 3698 5190 ἓναὶδὲ
3754 5123 3914 5194 χορὸν

2362 5214 2567 5274 πάντας
2646 5215 3117 5289 ἀπεργασάμενος,
3184 5221 3277 5267 καὶ
3363 5216 3915 5284 παρακελευσάμενος

2359 5303 2701 5371 εὐχαριστεῖν
2756 5306 2830 5374 τῷ
2890 5306 3028 5374 Θεῷ,
3076 5309 3166 5358 καὶ
3207 5306 3402 5374 λέγειν,
3435 5307 3787 5373 ὄτι,ἀγαθὸς,“
3820 5301 3913 5362 ὅτι

2361 5392 2438 5451 εἰς
2488 5392 2576 5444 τὸν
2613 5395 2780 5445 αἰῶνα
2839 5397 2898 5448 τὸ
2959 5397 3100 5459 ἔλεος
3129 5399 3315 5461 αὑτοῦ,
3344 5398 3608 5468 διηγεῖται
3662 5401 3729 5452 τὰ
3787 5397 3911 5454 καθ’

2363 5483 2551 5535 ἑαυτόν
2578 5523 2590 5538 .
2665 5486 2810 5537 Ἐδει
2841 5487 2944 5557 γὰρ
2980 5489 3171 5551 αὐτοὺς
3212 5489 3366 5543 τοῦτο
3398 5493 3564 5542 ποιεῖν
3622 5491 3760 5559 ὑπὲρ
3815 5490 3913 5544 τοῦ

2361 5573 2622 5642 βασιλέως
2681 5576 2859 5629 αὐτῶν
2913 5579 3053 5649 ὑπὲρ
3115 5580 3296 5632 αὐτῶν
3373 5579 3754 5648 πολεμοῖντος,
3819 5579 3918 5634 καὶ
3956 5641 3973 5651 _
