4150 6326
201 387 229 447 1
245 384 340 448 1-25

1353 385 1738 447 COMMENT.
1779 385 1854 443 IN
1894 383 2255 444 PSALMOS.

3280 390 3424 455 1126

196 497 524 565 πειρασμοῖς
567 496 1007 565 περιπίπτοντος,
1055 497 1148 551 καὶ
1193 496 1509 566 παραδόξως
1553 495 1746 566 ῥυομέ-

1863 493 2063 562 gratias
2092 508 2252 560 agere
2291 507 2389 560 pro
2417 507 2540 562 rege
2566 505 2688 558 Suo,
2723 495 2814 564 qui
2854 511 2951 565 pro
2988 498 3067 552 eis
3099 511 3423 578 certaverat,

190 604 288 641 νου
329 606 400 639 πα
410 588 476 656 ρὰ
501 587 658 640 Θεοῦ.

264 772 360 823 Ἐκ
399 773 658 841 θλίψεως
714 773 1174 843 excuneati;th
1217 774 1325 829 τὸν
1370 776 1607 843 Κύριον,
1655 791 1752 826 και

187 863 500 928 ἐπήκουσέ
520 883 638 932 μου
661 867 746 930 εις
762 864 1276 936 π.1ατυσμόν.’οῦχ
1293 867 1500 929 ἁπλῶς,
1529 866 1751 936 ἔφησεν,

190 957 468 1025 ἐπήκουσέ
505 975 631 1025 μου,
658 957 791 1010 ἀλλὰ
825 959 918 1010 καὶ
947 961 1027 1021 είς
1062 959 1398 1029 πλατυσμὸν,
1475 959 1753 1010 τουτέστιν

188 1049 275 1109 εἰς
302 1047 613 1118 ἐλευθερίαν
666 1049 775 1102 ἀπὸ
802 1050 1165 1120 στενοχωρίας
1191 1051 1562 1119 καταστήσας.
1588 1051 1752 1119 Είρη-

188 1155 284 1192 ται
306 1140 363 1192 δὲ
395 1142 487 1193 καὶ
508 1141 564 1191 ἐν
597 1139 674 1210 τῷ
705 1140 747 1193 δ’
777 1140 980 1211 ψαλμῷ
1003 1157 1018 1171 ο
1048 1141 1152 1194 Ἐν
1178 1141 1378 1209 θλίψει
1410 1139 1750 1206 ἐπλιὶτυνιὶς

183 1248 288 1299 με·
314 1233 410 1286 καὶ
440 1231 675 1302 ζήτησον
698 1232 793 1286 καὶ
821 1232 920 1302 τὴν
957 1233 1166 1286 ἐκείνου
1205 1233 1489 1302 ἐξήγησιν.

258 1411 478 1478 Κύριος
508 1409 636 1480 ἐμοὶ
684 1409 936 1477 βοηθὸς,
983 1409 1083 1462 καὶ
1126 1411 1198 1463 οὑ
1257 1409 1671 1478 φοϐηθήσομαι
1703 1409 1760 1461 τί

187 1502 431 1568 ποιήσει
449 1519 544 1570 μοι
586 1501 1160 1571 ᾶνθρωπος.”ομοιον
1192 1500 1248 1552 δὲ
1287 1499 1442 1554 τοῦτο
1488 1501 1565 1569 τῷ
1601 1501 1658 1552 ὲν
1682 1500 1760 1570 τῷ

185 1592 283 1658 κς⁹
299 1593 500 1664 ψαλμῷ
521 1611 534 1624 ο
558 1591 774 1662 Κύριος
804 1594 1103 1661 φωτισμός
1122 1609 1240 1661 μου
1267 1593 1365 1645 καὶ
1389 1592 1587 1659 σωτήρ
1606 1610 1750 1661 μου,

187 1687 327 1739 τίνα
361 1685 778 1754 φοϐηθήσομαι
803 1702 823 1749 ;
853 1685 1051 1737 Σκόπει
1081 1684 1135 1736 δὲ
1169 1684 1285 1747 πῶς
1320 1684 1421 1736 οῦκ
1449 1679 1624 1748 εἶπεν,
1670 1685 1754 1737 ὅτι

187 1775 361 1828 Οὐδὲν
383 1775 489 1827 ὑπὸ
519 1774 809 1844 ἀνθρώπου
859 1773 1038 1836 πάθω,
1066 1772 1182 1825 ἀλλ’
1209 1774 1290 1825 ὅτι
1311 1776 1393 1827 Οὐ
1426 1773 1755 1842 φοϐηθήσο·

1860 583 2062 650 quique
2110 581 2163 634 in
2206 583 2535 638 lentationes
2571 596 2624 639 ct
2663 587 3010 643 calamitates
3049 590 3334 656 inciderat,
3370 606 3424 650 ct

1861 672 2192 725 mirabiliter
2223 673 2398 727 fuerat
2428 675 2494 728 ab
2533 691 2597 729 eo
2627 675 2910 730 liberatus.

1939 759 2100 815 Vens.
2142 761 2193 816 5.
2244 761 2316 815 De
2365 764 2706 817 tribulatione
2752 765 2983 820 invocavi
3037 767 3338 836 Dominum,
3377 782 3427 827 et

1861 853 2130 904 exaudit-it
2161 868 2238 903 me
2271 847 2321 903 in
2355 852 2652 906 latitudine.
2697 854 2814 908 Non
2854 856 3192 926 simpliciter,
3223 863 3420 930 inquit,

1860 941 2139 994 exaudivit
2169 956 2276 1004 me,
2313 941 2405 994 sed
2448 942 2500 993 in
2549 942 2859 1007 latitudine,
2896 945 2999 999 hoc
3031 958 3135 1011 est,
3164 951 3215 1002 in
3259 951 3426 1003 Ilitur-

1860 1040 1988 1096 tate,
2027 1034 2095 1086 ab
2144 1041 2292 1086 arcta
2336 1041 2389 1086 et
2423 1045 2648 1102 angusta
2694 1034 2747 1086 in
2787 1036 2948 1089 latam
2984 1046 3149 1105 atque
3190 1042 3419 1108 amplam

1861 1124 2136 1192 regiom-m
2167 1140 2250 1177 me
2281 1126 2582 1178 deducens.
2620 1125 2834 1178 Dictum
2877 1135 2958 1179 est
2995 1131 3156 1182 etiam
3191 1147 3240 1183 tv
3275 1136 3420 1199 psal-

1864 1229 1975 1276 mo,
2026 1213 2091 1266 In
2137 1215 2479 1268 tribulatione
2522 1216 2762 1270 dilatasti
2817 1234 2896 1270 me
2931 1233 2950 1269 :
2992 1221 3078 1272 ubi
3123 1221 3262 1287 vide,
3306 1239 3424 1292 qua:

1860 1307 2184 1372 exponendo
2218 1307 2363 1358 dicta
2405 1310 2554 1359 sunt.

1937 1395 2098 1449 Vens.
2140 1397 2191 1448 6.
2233 1395 2484 1450 Dominus
2532 1399 2659 1450 milii
2710 1400 2949 1468 adjutor,
2994 1412 3044 1454 et
3090 1419 3189 1454 non
3237 1403 3422 1456 tinnbo

1863 1487 1987 1556 quid
2028 1488 2195 1556 {nsiat
2226 1491 2354 1542 milii
2393 1491 2567 1543 homo.
2609 1491 2886 1546 llahenlur
2930 1503 2982 1548 et
3021 1496 3132 1548 haec
3168 1497 3325 1548 verba
3370 1499 3420 1548 in

1866 1579 2076 1647 psalmo
2101 1596 2247 1642 sxw,
2276 1582 2345 1633 ibi
2374 1599 2385 1632 :
2419 1581 2674 1635 Dominus
2702 1583 3020 1638 illuminatio
3046 1603 3181 1650 utea,
3204 1596 3254 1639 et
3277 1587 3422 1639 salus

1865 1685 2002 1734 mea,
2038 1687 2186 1739 quem
2227 1671 2455 1728 timebo?
2490 1674 2620 1726 illud
2657 1672 2965 1738 considera,
3000 1679 3271 1746 quomodo
3314 1695 3422 1731 non
3517 1663 3520 1666 i

1865 1765 1967 1818 h'oc
1999 1765 2153 1830 dicit,
2191 1766 2336 1833 quod
2369 1767 2435 1819 ab
2466 1767 2682 1820 homine
2715 1768 2850 1820 nihil
2896 1768 3156 1836 paSSurus
3202 1772 3296 1832 sit,
3330 1772 3422 1825 sed

185 1879 317 1932 μαι,
342 1865 393 1919 εί
409 1881 462 1917 τι
486 1864 582 1917 καὶ
613 1863 806 1917 πάθωο
839 1865 930 1917 καὶ
957 1863 1065 1932 γὰρ
1095 1864 1143 1915 εί
1175 1862 1352 1926 πάθω,
1382 1862 1480 1915 οὐκ
1502 1864 1560 1929 ἐξ
1595 1863 1756 1916 ἀσθε-

1863 1855 2007 1923 quod
2045 1867 2251 1908 tantum
2295 1867 2451 1924 negat
2487 1873 2544 1910 se
2581 1859 2790 1921 timere,
2821 1861 3034 1913 tametsi
3076 1860 3182 1928 pati
3217 1862 3422 1927 aliquid

187 1956 341 2018 νείας
373 1955 526 2009 ἔσται
549 1955 643 2009 τοῦ
665 1954 985 2026 βοηθοῦντός
1020 1972 1130 2024 μοι,
1157 1953 1290 2008 ἀλλὰ
1323 1955 1461 2007 κατὰ
1493 1954 1753 2025 παραχώ-

191 2063 376 2116 ρησιν,
407 2048 486 2110 είς
515 2045 798 2098 παίδευσιν
824 2043 965 2113 ἐμὴν
995 2047 1090 2097 καὶ
1122 2043 1431 2113 διόρθωσιν.

264 2306 484 2376 Κύριος
550 2306 682 2376 ἐμοὶ
727 2308 951 2376 βοηθὸς
981 2345 996 2370 ,
1048 2306 1208 2376 κάγὼ
1266 2295 1564 2373 ἐπόψομαι
1618 2302 1759 2368 τοὺς

193 2401 448 2470 ἐχθρούς
491 2417 633 2469 μου.
670 2400 905 2463 Ἐκεῖνος
936 2401 1258 2468 πολεμήσει,
1281 2397 1435 2464 κάγὼ
1479 2396 1757 2465 ἐπόψομαι

193 2488 324 2550 τοὺς
339 2487 569 2558 ἐχθρούς
591 2504 693 2556 μου
710 2485 1026 2550 πίπτονταςο
1051 2486 1175 2548 τοὺς
1196 2486 1292 2555 μὲν
1314 2483 1602 2554 αἰσθητοὺς
1627 2482 1758 2535 £7.6-

191 2575 370 2646 ψομαι
399 2579 513 2640 τοῖς
561 2577 842 2647 αἰσθητοῖς
883 2576 1182 2648 ὀφθαλμοῖς
1206 2592 1220 2605 ⁸
1249 2574 1372 2637 τοὺς
1432 2574 1488 2627 δὲ
1537 2574 1759 2642 νοητοὺς

192 2668 308 2726 τοῖς
357 2668 586 2736 νοητοῖς.
657 2666 984 2734 Ἀρμόζονσι
1033 2667 1091 2719 δὲ
1146 2663 1318 2719 ταῦτα
1377 2663 1444 2717 τὰ
1496 2663 1635 2733 ρητὰ
1663 2660 1759 2714 καὶ

193 2756 335 2807 πᾶσι
353 2757 468 2817 τοῖς
489 2753 852 2820 ὰδιστὰκτοις,
887 2754 1200 2831 ἐλπίζουσιν
1228 2756 1320 2807 ἐπὶ
1357 2753 1584 2824 Κύριον.

277 2936 530 3007 ⁹Αγαθὸν
563 2934 906 2992 πεποιθέναι
962 2935 1060 2989 ἐπὶ
1085 2934 1322 3002 Κύριον,
1349 2933 1388 3001 ἢ
1415 2933 1762 2987 πεποιθέναι

194 3028 286 3082 ἐπ’
315 3027 668 3095 ἄνθρωπον·
706 3025 932 3097 ἀγαθὸν
986 3025 1246 3086 ἐλπίζειν
1302 3024 1400 3078 ἐπὶ
1446 3026 1685 3092 Κύριον,
1722 3024 1760 3092 ἢ

195 3117 455 3180 ἐλπίζειν
479 3118 571 3172 ἐπ’
611 3118 887 3187 ἄρχουσι.
915 3147 986 3158 -
1014 3117 1312 3186 Μακάριος
1337 3118 1466 3185 γὰρ,
1506 3118 1693 3187 φησὶν,
1723 3121 1756 3170 ὁ
1787 3181 1828 3202 η

197 3212 452 3271 ἐλπίζων
473 3211 573 3264 ἐπὶ
601 3214 836 3279 Κύριον.
865 3211 974 3264 Καὶ
992 3210 1223 3279 ἀλλαχοῦ
1241 3221 1254 3236 ⁰
1297 3209 1759 3277 Ἐπικατάρατος

199 3304 318 3372 πᾶς
368 3308 401 3359 ὁ
448 3289 701 3364 ἐλπίζων
749 3302 842 3356 ἐπ’
869 3304 1204 3371 ἄνθρωπον.
1249 3304 1356 3356 Καὶ
1393 3303 1549 3366 ἄλλος
1581 3303 1638 3356 δέ
1677 3320 1761 3368 τις

200 3397 347 3466 λέγει
378 3397 539 3466 σοφός
556 3411 575 3430 ο
616 3394 987 3466 Ἐμὸλέψατε
1003 3397 1088 3462 εἰς
1107 3395 1212 3461 τὰς
1247 3395 1504 3462 ἀρχαίας
1526 3395 1757 3465 γενεὰς.

200 3489 295 3542 καὶ
318 3488 472 3542 were
489 3489 578 3553 τίς
593 3487 853 3557 ἤλπισεν
869 3487 966 3539 ἐπὶ
992 3487 1226 3553 Κύριον,
1243 3484 1340 3538 καί
1354 3486 1758 3553 κατῃσχύνθη.

203 3581 263 3633 Et
291 3581 350 3634 δὲ
404 3579 754 3652 κατῃσχύνθη
788 3597 892 3644 τις,
926 3579 1026 3633 οὐκ
1055 3580 1286 3649 ἧλπισεν
1337 3579 1413 3642 ὠς
1444 3581 1632 3649 ἐχρῆν.
1669 3577 1761 3632 Διδ

204 3670 435 3734 Παῦλος,
471 3668 706 3733 βεϐαιῶν
760 3670 853 3726 τὸν
879 3668 1059 3736 λόγον,
1092 3669 1346 3740 είρηκενυ
1391 3670 1459 3724 Ἦ
1489 3669 1556 3723 δὲ
1587 3669 1763 3735 ἐλπὶς

203 3766 273 3816 οὺ
315 3763 741 3832 καταισχύνει·
809 3761 870 3814 οὐ
909 3760 1219 3833 συγκρίνων
1251 3761 1308 3814 δὲ
1340 3755 1514 3823 εἷπεν,
1559 3759 1762 3828 ἀγαθὸν

202 3854 319 3907 τόδε
363 3853 514 3923 παρὰ
548 3852 698 3907 των
728 3852 866 3908 ἀλλὰ
887 3851 1374 3922 συγκαταϐατικῶς
1406 3851 1582 3919 λέγων
1629 3852 1765 3922 πρὸς

203 3947 302 4014 τὴν
331 3943 616 3998 ἀσθένειαν
648 3942 758 3995 τῶν
803 3942 1193 4014 ἀκροωμένων.

1857 1947 2149 2015 contigerit
2180 1963 2193 1999 :
2225 1947 2368 2016 quod
2403 1948 2446 2002 si
2480 1949 2675 2016 patiar,
2709 1949 2903 2018 inquit,
2949 1950 3000 2003 id
3042 1951 3271 2009 accidet.
3314 1967 3420 2006 non

1857 2041 1925 2091 oh
1970 2037 2398 2094 imbecillitatem
2444 2039 2560 2106 Dei,
2592 2042 2745 2110 quasi
2774 2056 2930 2110 opem
2967 2041 3058 2097 ille
3101 2057 3254 2096 suam
3289 2043 3422 2096 mihi

1857 2129 2051 2185 aﬂ‘crre
2117 2148 2223 2186 non
2268 2135 2464 2202 possit,
2514 2133 2608 2188 scd
2659 2133 2728 2188 ob
2781 2132 2931 2188 illius
2985 2135 3423 2205 permissionem,

1861 2219 1952 2288 qui
1992 2221 2093 2294 hac
2121 2222 2334 2275 ratione
2365 2237 2449 2274 me
2478 2223 2692 2276 erudire
2725 2222 3036 2288 constituit,
3066 2237 3127 2276 ac
3165 2222 3423 2292 dirigere.

1929 2309 2093 2364 Vens.
2125 2310 2178 2364 7.
2218 2310 2476 2365 Dominus
2511 2313 2636 2364 milii
2664 2313 2902 2380 atljutor,
2943 2322 2994 2366 et
3023 2328 3116 2381 ego
3147 2314 3425 2379 respiciam

1858 2397 2102 2451 inimicos
2133 2415 2295 2451 meos.
2336 2400 2425 2452 Ille
2453 2401 2710 2468 pugnabit
2739 2414 2836 2467 pro
2869 2414 2975 2463 me,
3014 2409 3064 2456 et
3099 2415 3198 2469 ego
3241 2399 3426 2453 inimi-

1859 2503 1955 2543 cos
1991 2503 2141 2543 meos
2174 2491 2487 2558 rest-icium,
2520 2490 2782 2544 cadentes
2814 2490 3026 2546 scilicet
3056 2508 3069 2544 :
3099 2501 3154 2545 et
3185 2491 3430 2545 visibiles

1859 2580 2082 2648 quidem
2144 2583 2443 2650 corporeis,
2495 2581 2797 2636 invisibiles
2842 2597 2991 2658 vero,
3045 2582 3213 2636 animi
3265 2593 3431 2652 atque

1860 2671 2168 2726 intellectus
2223 2673 2419 2735 oculis,
2471 2673 2746 2726 intuebar.
2794 2673 3211 2729 Accommcdari
3263 2675 3426 2727 etiam

1861 2770 2091 2831 possunt
2146 2762 2262 2816 haec
2311 2765 2472 2816 verba
2527 2765 2594 2818 iis
2643 2763 2922 2827 omnilms,
2965 2763 3060 2832 qui
3109 2746 3312 2820 certam
3366 2779 3429 2819 ac

1860 2854 2114 2909 stabilem
2147 2855 2201 2908 in
2230 2854 2458 2909 Domino
2490 2871 2637 2925 spem
2675 2855 2985 2909 habuerint.

1937 2942 2098 2999 Vens.
2127 2945 2181 3009 8,
2205 2945 2257 2999 9.
2288 2944 2491 2998 Bonum
2523 2958 2596 2999 est
2633 2947 2893 3013 conﬁdere
2919 2947 2970 2998 in
3004 2945 3248 3010 Domino,
3275 2962 3430 3014 quam

1864 3036 2126 3100 conﬁdere
2157 3037 2211 3090 in
2245 3037 2451 3092 nomine
2485 3051 2504 3089 :
2533 3037 2723 3090 bonum
2751 3048 2828 3090 est
2859 3053 3068 3104 sperare
3097 3040 3148 3090 in
3183 3038 3430 3102 Domino,

1861 3143 2017 3198 quant
2053 3141 2262 3192 sperare
2294 3127 2346 3178 in
2393 3128 2736 3193 principibus.
2781 3126 2979 3180 Beatus
3019 3128 3188 3193 enim,
3223 3129 3427 3198 inquit,

1863 3215 1952 3285 qui
1991 3222 2168 3281 sperat
2209 3217 2262 3267 in
2303 3213 2548 3270 Domino.
2581 3215 2650 3268 Et
2701 3214 2830 3268 alibi
2877 3215 3066 3281 etiam,
3117 3215 3432 3276 Maledictus

1867 3305 2058 3370 omnis,
2089 3307 2179 3374 qui
2221 3317 2389 3374 sperat
2437 3307 2489 3358 in
2536 3307 2742 3359 nomine
2768 3308 2834 3359 '°.
2868 3306 2998 3358 Item
3043 3307 3182 3361 alius
3216 3303 3434 3376 sapiens

1867 3395 2000 3450 dicit
2028 3411 2043 3448 :
2072 3393 2334 3464 Respicite
2378 3398 2432 3449 in
2471 3399 2714 3464 antiquas
2749 3398 3134 3466 generationes,
3163 3406 3212 3450 et
3246 3399 3432 3464 videte,

1863 3489 2107 3557 quisnam
2157 3491 2439 3555 speraverit
2483 3489 2538 3541 in
2583 3489 2829 3552 Domino,
2869 3498 2915 3542 et
2977 3488 3228 3554 confusus
3265 3490 3334 3542 sit
3365 3489 3432 3543 “.

1868 3578 2025 3644 Quod
2065 3581 2112 3633 si
2142 3581 2343 3650 aliquis
2367 3580 2634 3634 confusus
2668 3594 2790 3635 esse
2820 3581 3057 3645 videtur,
3101 3582 3190 3635 ille
3228 3581 3282 3634 in
3326 3579 3433 3634 Do-

1873 3671 2044 3737 mino,
2071 3679 2132 3724 ut
2160 3673 2468 3741 oportebat,
2502 3687 2613 3726 non
2645 3671 2903 3742 speravit.
2934 3672 3112 3742 Atque
3138 3673 3259 3726 ideo
3288 3670 3429 3725 Pau-

1873 3759 1957 3815 lus
1995 3762 2308 3832 hujusmodi
2341 3778 2644 3819 sermonem
2686 3764 3037 3834 conﬁrmans,
3087 3765 3225 3817 dixit
3257 3781 3271 3817 :
3308 3762 3434 3831 Spes

1873 3863 2044 3907 autem
2081 3873 2184 3909 non
2225 3855 2498 3924 confundit
2531 3857 2596 3908 υ.
2649 3854 2785 3910 illud
2825 3857 2988 3909 etiam
3040 3855 3432 3925 animadverte,

1871 3945 2015 4015 quod
2065 3945 2331 4018 PrOpheta
2379 3948 2490 4011 hic,
2525 3962 2633 4002 non
2678 3948 2818 4002 dixit
2859 3947 3060 4002 bonum
3107 3963 3202 4003 seu
3243 3950 3434 4004 melius

207 4037 310 4092 hoc
339 4052 478 4101 esse,
511 4036 876 4106 comparando
903 4035 1116 4090 scilicet
1146 4034 1235 4087 illa
1265 4033 1332 4087 ad
1360 4033 1463 4089 hoc
1505 4050 1777 4089 summum
1818 4037 2038 4104 bonum,
2082 4043 2175 4095 sed
2233 4041 2541 4094 auditorum
2579 4039 2937 4095 imbecillitati
2968 4041 3430 4103 condescendens.

209 4129 499 4185 humanum
537 4130 592 4184 in
633 4143 838 4183 morem
871 4129 952 4184 sic
984 4125 1200 4182 locutus
1230 4137 1336 4184 est.

275 4219 478 4275 Πάντα
503 4218 576 4272 τὰ
603 4217 746 4286 ἔθνη
779 4214 1134 4270 ἐκύκλωσαν
1161 4231 1255 4285 με,
1285 4215 1384 4270 καὶ
1408 4214 1488 4280 τῷ
1520 4215 1763 4284 ὀνόματι

207 4313 421 4380 Κυρίου
476 4310 797 4380 ἠμυνάμην
847 4307 1101 4372 αὐτούς’
1159 4308 1582 4373 κυκλοῦσαν-τες
1623 4309 1760 4362 ἐκύ-

209 4407 452 4460 κλωσάν
471 4421 565 4475 με,
596 4405 694 4459 καὶ
718 4403 798 4470 τῷ
815 4406 1058 4476 ὀνόματι
1082 4403 1300 4472 Κυρίου
1318 4401 1638 4473 ἠμυνάμην
1654 4403 1762 4456 αὐ-

1935 4218 2095 4274 Vuts.
2141 4220 2225 4283 l0,
2261 4219 2346 4274 ll.
2383 4218 2572 4274 Omnes
2609 4230 2784 4290 gentes
2823 4217 3278 4271 circumdederunt
3320 4234 3426 4282 me,

1859 4323 1909 4368 et
1941 4315 2151 4367 nomine
2178 4313 2392 4367 Domini
2422 4313 2567 4368 ultus
2592 4328 2707 4367 sum
2741 4328 2828 4366 eos
2865 4327 2882 4364 .'
2916 4311 3297 4367 circumdantes
3333 4315 3438 4366 cir-

1864 4405 2238 4462 cumdederunt
2267 4423 2365 4470 me,
2402 4416 2451 4459 et
2488 4406 2695 4459 nomine
2736 4403 2948 4458 Domini
2992 4405 3134 4458 ultus
3171 4423 3285 4458 sum
3319 4422 3430 4458 eos.

209 4499 366 4564 τούς.
405 4498 590 4552 Πάντα
621 4497 688 4551 τὰ
711 4497 835 4568 ἔθνη
867 4496 937 4550 τὰ
962 4497 1090 4566 περὶ
1121 4497 1216 4567 τῆς
1246 4495 1606 4565 Παλαιστίνης
1629 4493 1760 4563 ὁμοῦ

1872 4498 2073 4555 Omnes
2108 4509 2315 4568 gentes,
2349 4513 2466 4568 quin
2505 4498 2558 4552 in
2587 4498 2818 4552 circuitu
2856 4507 2981 4550 sunt
3011 4495 3307 4551 Palmstince
3345 4513 3434 4550 re-

212 4589 338 4642 ποτὲ
369 4589 782 4656 συνεπιθέμενα,
807 4589 903 4640 καὶ
931 4587 1118 4657 ὦσπὲρ
1141 4589 1200 4639 ὲν
1233 4588 1443 4657 σαγήνῃ
1493 4585 1764 4663 ἐναπολαο

215 4682 372 4735 δοντα
397 4700 410 4712 ·
440 4684 472 4752 ἦ
499 4683 593 4735 καὶ
621 4682 686 4735 τὰ
710 4680 945 4751 διάφορα
968 4679 1143 4750 πλήθη
1174 4677 1283 4731 τῶν
1309 4677 1580 4748 δαιμόνων
1601 4676 1771 4745 δηλοῖ.

219 4773 402 4824 Ἶίστιν
431 4775 518 4826 ὅτε
581 4772 688 4842 γὰρ
730 4771 864 4840 ὁμοῦ
918 4770 1114 4832 πάντες
1154 4766 1601 4836 ὲπιστρατεύουσι
1651 4765 1772 4819 καθ’

215 4867 325 4927 Lb;
377 4865 610 4926 δικαίου,
671 4862 937 4925 παντοίως
993 4862 1154 4915 αὑτὸν
1229 4859 1612 4931 πολεμοῦντες,
1678 4861 1772 4913 καὶ

218 4957 474 5028 δεηνεκῶς
507 4957 973 5026 ὲκδειματοῦντες.
1013 4955 1272 5016 Πολλάκις
1305 4953 1478 5008 δὲκαὶ
1508 4952 1634 5023 περὶ
1673 4951 1770 5020 τῆς

218 5053 544 5112 κυκλώσεως
624 5051 718 5102 καὶ
766 5051 862 5117 τῆς
930 5049 1141 5118 ἀμύνης
1189 5045 1379 5111 εἰπὼν,
1444 5046 1610 5109 ἔδειξε
1657 5046 1770 5107 τοῖς

223 5147 316 5212 μὲν
352 5144 414 5195 τὸ
438 5144 674 5212 ἄφυκτον
702 5183 716 5207 ,
741 5146 850 5206 τοῖς
881 5143 934 5194 δὲ
954 5143 1014 5194 τὸ
1036 5139 1350 5210 παράδοξον,
1388 5140 1480 5192 καὶ
1515 5138 1632 5190 οἵαν
1659 5137 1768 5207 ἔχει

217 5237 442 5306 δύναμιν
467 5236 524 5287 τὺ
548 5239 716 5303 ὄνομα
739 5235 828 5288 τοῦ
855 5233 1012 5288 Θεοῦ.

1874 4587 2054 4656 gionis
2086 4588 2139 4640 in
2173 4603 2338 4640 unum
2381 4593 2720 4655 congregatae
2752 4584 2912 4638 simul
2945 4584 2997 4637 in
3035 4600 3119 4638 me
3163 4585 3433 4640 irruentes

1880 4680 2139 4748 impetum
2175 4680 2436 4740 iecerunt,
2471 4691 2534 4729 ac
2563 4676 2726 4729 veluti
2757 4676 2810 4729 in
2850 4691 3043 4745 sagena
3071 4691 3152 4729 mc
3183 4691 3434 4743 compre-

1875 4772 2201 4824 henderunt.
2259 4769 2352 4824 Vel
2398 4772 2573 4823 varias
2612 4769 2912 4822 daemonum
2959 4768 3145 4837 copias
3186 4768 3432 4824 fortassis

1876 4860 2180 4931 significat,
2235 4877 2354 4930 qua:
2410 4875 2512 4912 una
2581 4859 2873 4928 aliquando
2929 4859 3133 4922 insuum
3195 4859 3431 4927 aliquem

1881 4953 2224 5016 adoriuntur,
2271 4951 2566 5019 variisque,
2613 4965 2676 5004 ac
2727 4949 3117 5018 multiplicibus
3170 4951 3342 5002 modis
3381 4953 3431 5002 ci

1879 5058 2132 5113 pavorem
2167 5041 2460 5096 incutiunt.
2496 5040 2762 5110 chetens
2805 5051 2983 5093 autem
3016 5038 3285 5108 Pr0phcta
3331 5058 3434 5095 sae-

1879 5138 2023 5206 pius,
2055 5149 2111 5189 se
2140 5133 2535 5186 circumdatum
2572 5132 2757 5192 fuisse,
2792 5142 2844 5184 ct
2876 5131 3072 5200 saepius
3111 5134 3279 5184 ultum
3328 5133 3432 5183 ini-

1877 5231 2047 5283 micos
2087 5242 2233 5284 suos,
2273 5224 2579 5293 huiusmodi
2625 5223 2960 5290 repetitione,
2999 5233 3050 5275 et
3103 5222 3431 5275 inevitabilis

223 5332 442 5395 periculi
500 5329 929 5401 magnitudinem
978 5326 1236 5390 ostendit,
1288 5332 1341 5380 ct
1390 5324 1766 5378 admirandam
1809 5323 1978 5379 fuisse
2009 5321 2352 5374 liberationis
2387 5319 2649 5370 rationem
2675 5318 2980 5380 constitunt,
3053 5327 3101 5369 ct
3166 5330 3430 5368 summam

221 5421 451 5490 denique
507 5425 674 5481 divini
730 5423 966 5478 nominis
1017 5419 1185 5474 fuisse
1245 5419 1538 5489 potentiam
1595 5417 1774 5481 docet,
1814 5420 1921 5488 Quo
1954 5424 2099 5469 tanta
2134 5414 2305 5482 putuit
2336 5411 2564 5465 efﬁcere.

288 5514 939 5588 Ἐκύκλωσὰνμε.ὠσεὶ
966 5513 1251 5581 μέλισσαι
1269 5512 1498 5580 κηρίον,
1525 5511 1618 5563 καὶ
1645 5510 1772 5573 ἐξε-

223 5616 530 5678 καύθησαν
559 5611 638 5675 ὡς
672 5609 788 5676 πῦρ
821 5607 889 5659 ἐν
925 5603 1232 5666 ἀκάνθαις,
1260 5603 1354 5655 καὶ
1407 5600 1485 5664 τῷ
1528 5601 1769 5667 ίνόματι

287 5791 332 5820 ’³
361 5787 559 5842 Jcrcm.
595 5799 726 5849 xvu,
767 5774 831 5838 5.}
896 5783 937 5815 ’ί
979 5780 1143 5836 Etcli.
1177 5793 1234 5843 ll,
1286 5777 1366 5833 ll.

1443 5781 1486 5811 "
1515 5777 1671 5832 Rom.
1709 5793 1758 5843 ν,
1793 5773 1842 5828 5.

1953 5507 2113 5560 Vens.
2155 5506 2236 5559 l2.
2274 5505 2735 5558 Ciratmzletlerunt
2771 5519 2866 5567 me,
2900 5503 3033 5554 sicut
3073 5518 3192 5567 apes
3225 5501 3424 5569 favum,

1878 5610 1924 5652 ct
1949 5604 2252 5650 exarserunt
2292 5596 2418 5647 sicut
2453 5592 2580 5659 ignis
2610 5593 2663 5645 in
2691 5591 2876 5660 spinis,
2905 5601 2949 5641 et
2983 5591 3186 5642 nomine
3219 5587 3431 5642 Domini
