4144 6296
735 384 876 475 itas
1938 371 2319 437 EUTHYMII
2357 371 2718 436 ZIGABENI
3755 358 3767 367 ‘
3819 367 3974 435 1136

728 501 870 573 :leles
905 490 1190 554 omnesad
1231 492 1486 550 virtutem
1543 490 1866 548 accedentes
1929 486 2285 560 perfectiores

2392 487 2515 549 τοὺς
2553 487 2610 539 δὲ
2640 487 2850 552 ζῶντας
2873 487 3156 562 ῥᾳθύμως,
3217 486 3524 559 διεγείρειν.
3569 485 3725 541 Ἐπεὶ
3751 486 3813 540 δέ
3843 503 3981 539 συν-

729 593 980 656 reddcre,
1012 599 1068 645 et
1097 582 1291 644 omnes
1330 587 1423 657 qui
1485 585 1755 642 hactenus
1803 580 2166 652 negligentius
2203 579 2288 633 vi-

2392 578 2526 649 εχῶς
2545 580 2607 632 ἐν
2661 578 2738 650 τῷ
2759 581 2986 652 παρόντι
3022 580 3222 651 ψαλμῷ
3252 581 3442 651 νόμου,
3476 581 3569 634 καὶ
3601 578 3964 651 μαρτυρίων,

729 686 930 748 xeriut,
962 681 1028 737 ad
1063 682 1317 736 virtutem
1369 678 1615 755 expilare
1643 695 1659 744 ;
1691 673 2023 746 etquoniam
2080 672 2137 738 in
2184 669 2290 723 hoc

2392 671 2481 725 καὶ
2510 671 2765 737 ἐντολῶν,
2795 673 2891 725 καὶ
2920 672 3330 744 δικαιωμάτων,
3361 674 3452 726 καὶ
3507 672 3820 743 χριμάτων,
3863 671 3972 724 καὶ

729 778 936 848 psalmo
1003 774 1314 842 frequenter
1377 771 1628 825 invenies
1660 767 1994 823 mentionem
2055 761 2170 818 ﬁeri
2222 759 2291 815 de

2393 763 2593 832 λογίων
2646 763 2945 835 μέμνηται,
2986 765 3081 817 καὶ
3137 764 3322 835 σχεδὸν
3359 764 3418 817 ἐν
3478 764 3694 834 ἑκάστῳ
3744 763 3922 832 στίχῳ
3949 777 3966 792 ·

731 872 864 938 lege,
900 867 966 920 de
999 863 1328 921 testimoniis
1373 862 1444 916 de
1497 859 1793 925 mandatis,
1844 853 2288 926 dejustiﬁcatio-

2392 857 2518 928 περὶ
2547 855 2751 909 τούτων
2776 855 3006 927 γὰρ,ὡς
3055 857 3254 920 είπεῖν,
3296 858 3329 926 ἡ
3386 854 3656 925 σύμπασα
3700 872 3972 926 πραγμα-

732 961 913 1021 nihus,
969 957 1034 1012 dc
1088 955 1335 1026 iudiciis,
1383 951 1451 1008 de
1497 951 1752 1022 eloquiis,
1804 957 1965 1017 atque
2009 946 2062 1000 id
2097 943 2285 999 fcrein

2392 946 2630 1017 reiapmﬁ
2656 947 2873 1018 ψαλμοῦ
2927 949 3142 1003 τούτου.
3193 950 3304 1002 Καὶ
3354 947 3562 1011 τούτοις
3627 946 3812 1008 ίδικῶς
3868 948 3965 1000 ἀν-

730 1065 1056 1120 unoquoque
1093 1047 1364 1102 versiculo
1423 1044 1512 1114 (de
1581 1044 1666 1098 his
1736 1041 1957 1104 etenim,
2007 1045 2066 1092 ut
2138 1035 2286 1091 brevi

2394 1038 2563 1120 suque
2618 1038 2830 1104 τοῦτον,
2871 1028 3109 1111 ζήτησον
3151 1041 3208 1094 ἐν
3257 1039 3335 1110 τῷ
3399 1041 3463 1102 ιζ’
3491 1037 3689 1110 ψαλμῷ
3737 1039 3825 1106 τὸ,
3882 1037 3970 1090 ὅτε

731 1117 922 1207 licam,
967 1117 1118 1196 totus
1167 1142 1407 1212 psalmus
1434 1147 1728 1225 peqtraclat
1756 1154 1799 1204 ς,
1829 1135 1958 1191 huic
1980 1133 2125 1188 enim
2175 1143 2289 1183 ma-

2392 1117 2588 1184 Πάντα
2634 1130 2703 1184 τὰ
2747 1131 3002 1199 κρίματα
3037 1129 3226 1185 αὐτοῦ
3247 1129 3504 1183 ἐνώπιόν
3527 1148 3671 1200 μου,
3699 1131 3793 1183 καὶ
3833 1129 3971 1197 περὶ

731 1239 876 1292 aeriae
912 1238 1102 1290 beatus
1135 1234 1298 1288 David
1364 1247 1490 1287 eum
1525 1222 1874 1302 'applicavit),
1921 1226 2047 1281 vide
2093 1237 2213 1293 qua:
2231 1223 2287 1276 in

2392 1224 2626 1289 πάντων,
2668 1223 2925 1294 εὑρήσεις
2975 1223 3072 1293 τὴν
3121 1224 3386 1294 ἐξήγησιν
3411 1223 3621 1276 ἐκείνου
3649 1222 3969 1291 διαλαμὸαο

731 1342 834 1381 κνιι
915 1324 1122 1394 psalmo
1190 1322 1336 1378 dicta
1385 1323 1514 1387 sint,
1553 1323 1677 1378 ibi:
1712 1319 1775 1374 Et
1851 1318 2026 1372 omnia
2076 1314 2283 1384 judicia

2392 1331 2581 1367 νουσαν
2604 1327 2621 1344 ο
2653 1314 2747 1367 καὶ
2777 1313 2963 1368 λοιπὸν
2983 1314 3044 1366 οὺ
3080 1315 3240 1386 χρεία
3271 1316 3433 1366 πάλιν
3455 1315 3804 1385 ἑρμηνεύειν,
3827 1313 3968 1366 ἐρθα

732 1419 832 1490 tjus
865 1420 916 1471 in
948 1428 1229 1485 conspectu
1259 1432 1369 1469 meo
1390 1429 1412 1482 ;‘
1451 1414 1594 1468 unde
1621 1412 1834 1482 quoties
1856 1408 2058 1480 aliquid
2091 1407 2282 1476 hujus-

2392 1425 2434 1461 τι
2471 1407 2711 1462 τοιοῦτον
2759 1409 3114 1479 εὑρίσκομεν.
3161 1409 3281 1481 Χρὴ
3304 1409 3359 1462 δὲ
3382 1409 3672 1479 γινώσκειν
3696 1410 3767 1470 ὡς
3789 1411 3846 1462 εί
3871 1410 3970 1462 καί

680 1511 864 1565 .mndi
917 1510 1307 1573 itivencrimus,
1382 1506 1714 1576 superﬂuum
1790 1505 1953 1557 fuerit
2005 1501 2077 1554 ibi
2135 1499 2281 1553 dicta

2392 1501 2724 1570 διαφέρουσιν
2747 1502 3016 1573 ἀλλήλων,
3059 1501 3176 1555 ἀλλ’
3207 1501 3279 1565 ὼς
3319 1502 3411 1554 sui.
3438 1504 3498 1553 τὸ
3534 1501 3806 1562 πλεῖστον,
3847 1504 3971 1563 τοῖς

731 1613 985 1674 repetere.
1035 1602 1168 1656 Illud
1197 1610 1400 1675 \tamen
1442 1601 1584 1654 scire
1641 1606 1875 1666 oportet,
1924 1593 2068 1665 quod
2134 1593 2280 1655 licet,

2392 1592 2638 1653 τοιούτοις
2653 1592 2882 1662 ὀνόμασι
2905 1592 2998 1675 τ’δν
3032 1592 3196 1662 νόμον
3235 1592 3408 1664 δηλοῖ,
3431 1593 3539 1645 ἀπὸ
3567 1593 3675 1646 τῶν
3705 1609 3969 1662 περιεχο-

731 1667 803 1750 aa:
852 1693 1122 1748 dictiones
1179 1667 1319 1751 inter
1372 1706 1432 1747 se
1464 1691 1717 1747 dill'eraut
1747 1699 1804 1744 ut
1833 1689 1904 1743 ibi
1939 1686 2052 1762 jam
2075 1684 2280 1739 dictum

2392 1683 2559 1753 μένων
2582 1683 2669 1736 τὸν
2701 1667 3052 1756 περιέχοντα.
3125 1688 3128 1692 ’

732 1804 825 1848 est.
872 1798 930 1842 ut
984 1788 1277 1859 plurimum
1332 1796 1515 1843 tatuen
1577 1787 1666 1841 his
1749 1783 2064 1838 nominibus
2122 1779 2317 1835 beatus
2390 1777 2558 1834 David
2589 1779 2762 1851 ipsam
2809 1781 2981 1852 legem
3042 1779 3392 1850 signiﬁcavit,
3447 1779 3612 1836 veluti
3661 1782 3966 1838 continens

731 1905 752 1946 ι
785 1887 1081 1972 contentis.

795 2003 1010 2058 Vsusd.
1035 2002 1185 2056 Beati
1204 2000 1531 2055 immaculati
1556 1999 1611 2052 in
1641 1999 1741 2052 via.
1766 1998 1868 2050 l'er
1891 1996 2055 2059 viam,
2080 1990 2285 2046 transi-

2458 1989 2750 2058 Μακάριοι
2772 1990 2997 2059 ἄμωμοι
3041 1989 3111 2044 ἐν
3153 1973 3306 2056 ὀδῷ(
3338 1989 3493 2046 ὀδδν
3525 1973 3617 2043 τὸν
3663 1990 3969 2060 stupeﬁat"

731 2097 919 2150 loriam
979 2096 1120 2147 hunc
1174 2095 1337 2147 vitam
1376 2093 1644 2160 intelligit,
1702 2091 1890 2144 beatos
1933 2102 2028 2140 cos
2065 2085 2274 2144 dicens,

2387 2078 2577 2134 τοῦτον
2633 2081 2748 2150 βίον
2783 2081 3061 2151 ὀνομάζει,
3116 2081 3434 2152 μακαρίζων
3474 2082 3601 2144 τοὺς
3647 2079 3969 2151 ἀμέμπτως
4031 2087 4036 2090 ’

732 2186 815 2256 qui
851 2185 1059 2253 absque
1092 2184 1516 2252 reprehensione
1568 2197 1661 2250 per
1702 2195 1819 2232 eam
1874 2178 2172 2238 ambulant,
2227 2181 2282 2226 et

2392 2170 2670 2234 ὁδεύοντας
2697 2172 2862 2225 αὐτόν
2883 2187 2898 2200 ·
2923 2173 3050 2236 τοὺς
3083 2172 3259 2244 ὀρθῶς
3290 2172 3568 2242 βιοῦντας.

732 2285 871 2330 recte
899 2275 1106 2329 vivunt.
1142 2272 1351 2344 (Graca
1379 2265 1529 2328 enim
1555 2272 1722 2326 dictio
1757 2269 2008 2338 ἄμωμος,
2043 2273 2278 2320 nontam

728 2364 1131 2420 immaculatum
1179 2377 1341 2431 quam
1374 2358 1904 2431 irreprehensibilem
1958 2351 2277 2424 signiﬁcat.)

797 2479 899 2546 Qui
938 2478 1208 2532 ambulant
1249 2479 1302 2531 in
1339 2478 1449 2549 lege
1494 2477 1728 2532 Domini.
1764 2476 1864 2542 Qui
1919 2474 2154 2543 legitime
2201 2469 2284 2522 vi-

733 2581 880 2638 vunt,
931 2581 986 2627 et
1035 2571 1339 2626 secundum
1395 2571 1487 2626 Dei
1542 2571 1713 2641 legem
1764 2573 2181 2626 conversantur,
2228 2571 2285 2616 et

733 2681 836 2720 non
861 2676 1010 2718 Clil'il
1043 2677 1186 2718 eam.

803 2775 968 2830 Vens.
1000 2773 1056 2828 2.
1104 2772 1276 2840 Beati,
1317 2773 1406 2844 qui
1449 2782 1758 2828 scrutantur
1805 2769 2105 2825 testimonia
2145 2766 2282 2837 ejus.

733 2866 992 2932 Quicum
1034 2865 1216 2920 studio
1262 2875 1316 2920 et
1355 2880 1478 2921 cum
1525 2865 1827 2919 attentione
1862 2877 1925 2916 ea
1974 2861 2179 2928 legunt,
2230 2864 2288 2912 et

734 2957 1001 3014 occultum
1039 2954 1092 3009 in
1120 2957 1200 3011 eis
1234 2957 1561 3027 investigent
1592 2944 1934 3012 thesaurum.

799 3161 864 3219 In
896 3170 1004 3217 toto
1028 3161 1183 3215 corde
1220 3156 1499 3229 exquirunt
1538 3173 1678 3211 eum.
1721 3154 2028 3225 Exquiruut
2079 3158 2284 3214 autem,

734 3257 856 3329 quia
887 3257 1067 3310 lucem
1096 3267 1160 3307 ac
1187 3250 1651 3323 pulchritudinem
1700 3249 1821 3317 ejus
1861 3246 1971 3316 jam
2023 3242 2288 3314 quodam-

2461 2462 2526 2513 οι
2583 2459 2968 2530 πορευόμενοι
3019 2461 3089 2514 ἐν
3114 2460 3277 2531 νόμῳ
3324 2462 3566 2531 Κυρίου.
3589 2465 3655 2518 0i.
3712 2465 3970 2538 βιοῦντες

2393 2552 2656 2622 ἐννόμως,
2683 2553 2738 2604 οἱ
2768 2552 3181 2624 πολιτευόμενοι
3209 2553 3350 2607 κατὰ
3371 2553 3536 2625 νόμον
3565 2555 3722 2621 Θεοῦ,
3749 2560 3846 2611 καὶ
3885 2560 3968 2629 μὴ

2391 2643 2666 2713 βαίνοντες
2703 2643 2810 2710 ἐξω
2837 2644 3050 2699 τούτου.

2459 2757 2744 2826 Μακάριοι
2782 2761 2838 2811 οι
2864 2751 3297 2825 ἐξερευνῶντες
3328 2761 3401 2814 τὰ
3422 2764 3716 2832 μαρτύρια
3746 2764 3961 2820 αὐτοῦ.

2391 2846 2454 2899 0i
2483 2849 2602 2916 μετ’
2649 2843 2976 2910 ἐπιστασίας
3012 2848 3105 2900 καὶ
3153 2847 3432 2919 προσοχῆς
3491 2852 3966 2918 ἀναγινώσκοντες

2391 2937 2461 2990 τὰ
2483 2939 2657 3003 αὐτὰ,
2702 2941 2797 2991 καὶ
2841 2939 2932 2992 τὸν
2983 2940 3431 3012 ἐγκεκρυμμένον
3487 2942 3764 3014 θησαυρὸν
3822 2960 3970 2997 κατ-

2393 3047 2734 3094 οπτευοντες.

2471 3147 2568 3197 Ἐν
2603 3145 2716 3214 ὅλῃ
2761 3144 2973 3214 καρδίᾳ
3002 3143 3439 3215 ἐκζητήσουσιν
3463 3147 3669 3201 αὐτόν.
3705 3137 3867 3200 Οὗτοι
3901 3149 3963 3200 ἐν

2393 3237 2489 3308 ὅλῃ
2529 3236 2727 3307 καρδίᾳ
2773 3236 3168 3306 ἐκζητήσουσιν
3198 3238 3381 3301 αὑτὸν,
3418 3239 3585 3309 ῆγὸυν
3646 3239 3739 3291 τὸν
3792 3238 3955 3303 Θεὸν,

735 3327 889 3402 modo
918 3346 1300 3414 degustarunt.
1330 3341 1602 3408 Quocirca
1654 3341 1788 3392 totis
1839 3336 2103 3391 desiderii
2153 3333 2290 3389 velis

2395 3330 2496 3401 ἤδη
2541 3329 2639 3382 τοῦ
2695 3329 2923 3392 κάλλους
2952 3327 3116 3382 αὑτοῦ
3165 3331 3259 3383 καὶ
3284 3329 3378 3383 τοῦ
3407 3330 3584 3400 φωτὸς
3615 3332 3960 3386 ἀπολαύσαν-

733 3440 796 3495 ad
823 3439 973 3493 illum
1008 3437 1320 3496 tendentes,
1347 3433 1622 3484 mundana
1651 3430 1834 3484 omnia
1877 3435 2283 3496 pertranseunt,

733 3541 894 3598 atque
925 3527 1077 3580 illum
1109 3524 1282 3579 solum
1315 3523 1638 3591 inquirunt:
1680 3520 2000 3575 festinantes
2031 3515 2288 3571 nimirum

716 3639 853 3676 cum
888 3634 952 3674 eo
975 3632 1118 3680 esse,
1151 3625 1314 3686 atque.
1337 3615 1411 3668 illi
1450 3617 1686 3683 placere.
1719 3611 1819 3666 Ille
1848 3625 1978 3666 vero
2001 3608 2290 3679 exquirere
2327 3619 2332 3623 ·

734 3713 900 3767 Deum
928 3709 1149 3774 dicitur,
1188 3707 1280 3776 qui
1334 3720 1428 3775 per
1480 3704 1860 3759 mandatorum
1904 3703 2155 3757 semitam
2208 3699 2293 3753 iu-

734 3802 899 3867 ccdit,
929 3813 1048 3869 quae
1081 3798 1149 3850 ad
1177 3797 1328 3850 illum
1352 3796 1546 3868 ducit.

804 4015 966 4071 νεεδ.
1018 4014 1073 4068 '5.
1115 4010 1236 4065 Non
1266 4009 1404 4063 enim
1430 4007 1520 4079 qui
1545 4014 1830 4078 operantur
1859 4005 2209 4074 iniquitatem,
2237 4001 2291 4054 in

738 4113 834 4164 riis
857 4089 996 4179 \ejus
1025 4103 1441 4160 ambulaverunt.
1487 4098 1588 4155 Ubi
1643 4100 1892 4179 absolute
1938 4098 2095 4160 dicit,
2123 4096 2287 4158 viam,

711 4208 1056 4271 rprmsentem
1091 4194 1255 4248 vitam
1292 4201 1352 4244 ut
1379 4189 1670 4259 plurimum
1712 4185 1988 4257 intelligit,
2032 4185 2122 4239 ubi
2164 4197 2291 4238 vero

735 4294 849 4346 vias
906 4289 1021 4350 Dei,
1075 4301 1168 4340 seu
1217 4285 1330 4338 vias
1363 4284 1500 4351 ejus,
1529 4283 1700 4350 legem
1749 4278 2001 4346 intelligit
2051 4286 2105 4331 et
2151 4290 2290 4346 prae-

739 4391 915 4447 cepta.
959 4381 1047 4430 Ait
1101 4375 1288 4444 Igitur,
1342 4371 1488 4443 quod
1535 4385 1726 4424 omnes
1776 4369 1868 4439 qui
1905 4369 2086 4438 aliqua
2120 4368 2176 4421 in
2232 4382 2291 4421 re

738 4469 920 4536 inique
946 4475 1131 4535 agunt,
1168 4479 1279 4517 non
1309 4455 1592 4517 amhula‘ht
1623 4462 1676 4514 in
1701 4461 1805 4514 viis
1853 4459 1970 4514 Dei.
2017 4458 2115 4512 Ubi
2147 4459 2290 4511 enim

739 4561 861 4630 quis
897 4556 1192 4626 delinquit,
1227 4552 1412 4609 statim
1437 4555 1507 4607 ab
1543 4551 1622 4608 eis
1646 4552 1892 4606 noscitur
1921 4549 2218 4604 declinare.

807 4754 973 4809 Vsus.
1036 4754 1089 4807 4.
1149 4749 1226 4805 Τιι
1277 4749 1548 4804 mandasti
1596 4752 1851 4802 mandata
1908 4760 2001 4800 tua
2038 4746 2294 4800 custodiri

742 4849 911 4902 valde.
948 4842 1030 4897 Tu
1063 4844 1117 4896 in
1167 4843 1284 4912 lege
1339 4852 1427 4894 tua
1478 4842 1580 4894 hoc
1620 4839 1914 4904 mandasti,
1969 4848 2023 4893 et
2075 4838 2296 4890 maledi-

743 4941 977 4994 ctionem
1028 4935 1297 4989 adversus
1357 4931 1736 4986 mandatorum
1798 4943 2010 4985 “IOI'UII'I
2054 4940 2296 4983 content-

747 5041 929 5100 ptores
961 5026 1248 5082 addidisti.
1286 5023 1512 5096 Oportet
1557 5038 1656 5077 nos
1694 5024 1858 5093 igitur
1906 5021 2051 5075 illum
2083 5025 2294 5083 timere,

708 5121 835 5197 'qui
869 5117 1118 5172 mandata
1154 5130 1252 5171 sua
1280 5116 1414 5168 adeo
1441 5115 1722 5170 observari
1760 5114 1932 5178 jussit
1972 5130 1988 5168 :
2026 5121 2080 5166 et
2129 5113 2292 5165 simili

745 5213 924 5275 modo,
960 5207 1093 5261 nihil
1139 5220 1329 5260 eorum
1383 5204 1711 5274 transgredi,
1745 5217 1866 5274 qua:
1913 5201 1981 5255 ab
2011 5202 2102 5255 illo
2137 5201 2294 5255 nobis

744 5303 965 5365 tradita,
997 5312 1162 5370 atque
1187 5297 1436 5351 ordinata
1465 5305 1614 5351 sunt.

814 5431 978 5487 Vnus.
1011 5431 1065 5486 5.
1101 5427 1313 5485 Utinam
1349 5432 1654 5502 dirigantur
1683 5433 1780 5484 via:
1823 5448 1969 5497 ntere,
2002 5433 2070 5486 ad
2113 5442 2290 5486 custo-

743 5524 960 5578 diendas
1008 5523 1417 5592 justiﬁcationes
1461 5530 1602 5576 tuas.
1650 5522 1893 5589 Utinam,
1940 5527 2136 5594 inquit,
2193 5526 2291 5580 vim

744 5613 1175 5668 conversationis
1223 5626 1354 5666 mea:
1393 5614 1528 5667 adeo
1579 5605 1908 5683 dirigantur,
1965 5626 2023 5670 ut
2053 5625 2144 5669 tua
2194 5618 2291 5671 ad-

747 5705 1001 5772 implcam
1031 5702 1306 5758 mandata.
1332 5700 1580 5758 Postulat
1605 5716 1783 5759 autem
1821 5705 1947 5771 hoc,
1974 5709 2173 5777 optime
2202 5709 2286 5762 di-

746 5809 1030 5864 gnoscens,
1064 5794 1207 5865 quod
1241 5784 1534 5866 ex‘seipso
1585 5797 1719 5852 nihil
1768 5809 1953 5869 posset
2006 5802 2280 5869 perlicere,

2391 3437 2483 3483 τες
2511 3437 2524 3452 ι
2561 3419 2643 3472 διὸ
2668 3421 2761 3472 καὶ
2809 3420 2929 3472 ὅλον
2979 3421 3072 3473 τὸν
3096 3420 3260 3490 πόθον
3298 3424 3573 3485 τείναντες
3607 3423 3742 3492 πρὸς
3772 3424 3956 3488 αὑτὸν,

2391 3511 2459 3564 τὰ
2490 3512 2587 3580 μὲν
2627 3510 2871 3586 βιωτικὰ,
2888 3512 3068 3565 πάντα
3106 3511 3586 3583 παραδραμοῦνται
3609 3531 3626 3548 ο
3682 3515 3870 3569 τοῦτον
3899 3515 3958 3568 δὲ

2395 3604 2552 3674 μόνον
2601 3605 3012 3675 ἐκζητήσουσιν,
3070 3606 3418 3675 ἐπειγόμενοι
3478 3607 3719 3662 συνιέναι
3767 3609 3956 3673 αὑτὸν,

2401 3694 2486 3747 δι”
2513 3695 2607 3748 εὐα
2619 3696 2945 3765 ρεστήσεως.
2995 3695 3244 3764 Ἐκζητεῖ
3271 3697 3328 3749 δέ
3369 3714 3452 3760 τις
3473 3699 3564 3750 τὸν
3590 3698 3723 3751 Θεὸν
3756 3690 3960 3752 ὁδεύων

2392 3786 2526 3854 πρὸς
2554 3787 2716 3839 αὐτὸν
2768 3787 2860 3840 διὰ
2895 3787 2996 3858 τῆς
3033 3788 3224 3860 τρίϐου
3245 3789 3356 3844 τῶν
3385 3789 3637 3856 ἐντολῶν,
3671 3793 3730 3845 αἶ
3761 3792 3962 3861 φέρου-

2394 3894 2478 3930 σιν
2500 3879 2579 3941 είς
2605 3879 2788 3933 αὐτόν.

2466 3993 2547 4045 Οὐ
2569 3991 2679 4060 γὰρ
2701 3991 3074 4061 ἐργαζόμενοι
3104 3993 3220 4061 τὴν
3237 3995 3495 4065 ἀνομίαν
3529 3997 3601 4050 ὲν
3643 3997 3775 4065 ταῖς
3791 3997 3962 4064 ὁδοῖς

2393 4081 2580 4134 αὑτοῦ
2608 4082 3054 4150 ἐπορεύθησαν.
3088 4083 3259 4137 Ὅταν
3297 4084 3396 4155 μέν
3445 4085 3628 4152 ὀδοὺς
3670 4088 3957 4150 ἀπολὺτως

2390 4173 2544 4245 λέγῃ,
2605 4173 2693 4225 τὸν
2748 4175 2989 4250 πρρόντα
3017 4175 3154 4244 βίον,
3204 4179 3281 4238 ὼς
3338 4178 3431 4230 ἐπὶ
3471 4178 3530 4229 τὸ
3561 4180 3814 4231 πλεῖστον
3863 4181 3959 4231 αἰ-

2391 4266 2664 4319 νίττεται·
2694 4265 2822 4319 ὅταν
2863 4264 2918 4318 δέ
2967 4265 3110 4320 ὁδὸν
3153 4265 3247 4319 τοῦ
3301 4267 3523 4342 Θεοῦιῆ
3555 4266 3735 4334 ὀδοὺς
3762 4269 3955 4332 αὐτοῦ,

2393 4359 2486 4410 τὸν
2527 4358 2692 4427 νόμον
2731 4360 2824 4410 καὶ
2878 4359 2974 4420 τὰς
3026 4359 3249 4424 ἐντολάς
3303 4379 3469 4432 φησιν
3523 4361 3711 4416 αὑτοῦ.
3763 4361 3852 4424 Ὠς
3905 4363 3958 4414 oi

2396 4452 2539 4513 κατά
2577 4467 2649 4506 ,τι
2706 4451 3171 4521 παρανομοῦντες,
3238 4454 3338 4505 οὐκ
3387 4455 3446 4506 ἐν
3486 4458 3617 4517 ταῖς
3661 4455 3800 4517 ὁδοῖς
3853 4455 3958 4508 τοῦ

2390 4540 2526 4594 Θεοῦ
2577 4542 2960 4613 πορεύσονταιο
3011 4545 3134 4597 κατ’
3167 4545 3338 4598 ἐκεῖνο
3360 4543 3470 4616 γὰρ
3525 4547 3806 4614 ἐξέκλιναν
3847 4549 3953 4602 ἀπ’

2319 4672 2365 4726 D
2395 4631 2593 4684 αὐτῶν.

2461 4744 2544 4799 Σὺ
2572 4745 2847 4800 eratcum
2903 4746 3010 4813 τὰς
3071 4748 3325 4816 ἐντολάς
3365 4766 3502 4813 σου,
3536 4751 3644 4805 τοῦ
3675 4753 3955 4824 mansa-

2390 4842 2530 4892 σθαι
2599 4837 2850 4906 σφόδρα.
2891 4839 2962 4891 Σὺ
3017 4834 3176 4892 τοῦτο
3210 4841 3551 4910 προσέταξας
3592 4845 3653 4894 ὲν
3677 4843 3754 4913 τῷ
3775 4845 3954 4914 νόμῳ,

2393 4929 2488 4980 καὶ
2515 4929 2786 4997 ,κατάραν
2839 4929 3116 4998 ἐπήγαγες
3150 4933 3263 4991 τοῖς
3310 4932 3601 5001 ἀμελοῦσιν
3629 4935 3807 4988 αὐτόν.
3841 4937 3956 4989 Καὶ

2391 5019 2518 5087 χρὴ,
2539 5019 2775 5083 δεδιότας
2810 5020 2904 5073 τὸν
2928 5021 3326 5090 ἐντειλάμενον,
3363 5023 3437 5095 μὴ
3467 5025 3824 5102 παραϐαίνειν
3847 5028 3952 5081 αὐ-

2393 5110 2488 5170 τὰς
2523 5111 2580 5160 ἐν
2613 5110 2822 5180 μηδενί.

2466 5440 2724 5508 Ὄφελον
2749 5443 3295 5512 κατευθυνθείησαν
3315 5445 3374 5498 al
3397 5442 3526 5498 ὁδοί
3537 5463 3680 5515 μου,
3704 5447 3810 5502 τοῦ
3830 5467 3954 5518 5w-

2394 5531 2778 5596 λάξασθαιτὰ
2813 5534 3170 5604 δικαιώματά
3215 5553 3352 5592 σου.
3392 5537 3518 5590 Εἴθε
3559 5540 3952 5596 κατευθυνθεί-

2397 5643 2534 5697 ησαν
2566 5627 2623 5680 αἱ
2654 5626 2883 5698 ὁδοὶτῆς
2910 5616 3181 5692 πολιτείας
3213 5645 3339 5700 μου,
3365 5629 3507 5683 ὥστε
3535 5631 3821 5702 πληρῶσαι
3847 5633 3952 5700 τὰς

2397 5718 2617 5779 ἐντολάς
2652 5735 2766 5772 σου.
2827 5717 3058 5789 Εὔχεται
3097 5722 3207 5792 γὰρ
3241 5720 3414 5788 τοῦτο,
3460 5720 3746 5789 γινώσκων
3776 5725 3950 5795 μηδὲν

2391 5807 2650 5862 δύνασθαι
2696 5809 3013 5880 κατορθοῦν,
3052 5813 3219 5881 χωρὶς
3241 5811 3340 5881 τῆς
3366 5811 3570 5868 ἄνωθεν
3603 5815 3946 5886 συμμαχίας.
