4144 6296
647 440 783 525 Ῑὶιιῖ

1861 439 2244 500 EUTHYMII
2283 439 2643 500 ZIGABENI

3706 445 3843 512 1143

643 561 749 603 tem
793 549 1018 616 auferri,
1046 551 1090 605 si
1126 550 1367 618 quando,
1393 560 1450 604 ut
1487 551 1729 606 accidere
1791 558 1987 619 potest,
2036 555 2102 604 ab
2125 567 2185 605 ea

2301 551 2558 618 στόματός
2600 569 2702 621 μου
2733 554 2793 606 τὸ
2850 555 3159 625 ἀληθεύειν,
3205 557 3349 620 εἰκὸς
3405 559 3512 628 γὰρ
3551 559 3846 629 ψεύσασθα.

643 653 730 692 me
764 637 1012 693 decidere
1044 642 1369 712 contigerit;
1403 640 1507 704 vel,
1540 640 1617 693 Ne
1640 638 1792 692 valde
1815 654 1930 692 eam
1957 640 2195 703 auleras,

646 734 750 780 hoc
775 738 879 791 est,
903 745 1178 799 nunquam
1216 731 1460 787 auferas.

719 815 975 881 Quoniam
1009 821 1303 890 injudiciis
1350 821 1454 874 tuis
1495 820 1873 886 supersperavi.
1928 819 2198 884 Quoniam

649 905 703 958 in
733 908 843 974 lege
869 919 956 964 tua
986 899 1137 962 valde
1169 911 1378 978 speravi
1405 949 1421 973 ,
1471 909 1745 962 conlidens
1777 910 1819 961 si
1844 911 2015 979 legem
2051 919 2198 963 tuam

653 1009 964 1059 servavero,
996 999 1424 1052 conservandam
1458 999 1508 1050 iu
1543 1014 1627 1052 me
1654 1013 1774 1053 esse
1814 1001 2060 1054 veritatis
2093 1010 2199 1055 tua:

651 1084 900 1150 gratiam.

725 1172 884 1228 Vsus.
919 1177 1006 1229 44.
1053 1177 1116 1230 Et
1161 1180 1450 1233 custodiam
1495 1181 1654 1251 legem
1705 1189 1848 1234 tuam
1882 1197 2102 1249 semper,
2147 1183 2200 1235 in

650 1264 895 1316 sterulnm
921 1276 969 1318 et
995 1271 1047 1320 in
1078 1273 1323 1323 sa’culum
1352 1273 1556 1326 saeculi.
1583 1271 1830 1340 Semper
1859 1273 2026 1339 legem
2054 1283 2199 1328 tuam

649 1355 974 1417 custodiam,
1011 1359 1111 1410 hoc
1145 1368 1250 1422 est,
1302 1362 1354 1414 in
1397 1362 1546 1415 enini
1587 1364 1822 1432 negotio.
1873 1363 1967 1416 Illa
2015 1373 2196 1418 autem

648 1444 807 1495 Verba
839 1461 851 1495 :
895 1445 961 1497 In
995 1450 1244 1502 swculum
1273 1459 1321 1504 et
1350 1454 1402 1505 in
1432 1457 1686 1507 tia-culum
1713 1456 1912 1520 amuli,
1951 1455 2091 1510 idem
2123 1458 2199 1511 si-

651 1533 909 1597 gniticant
965 1540 1108 1605 quod
1141 1556 1370 1610 semper,
1434 1547 1646 1601 tametsi
1679 1547 1744 1600 ad
1780 1547 2040 1615 majorem
2081 1565 2202 1617 per-

649 1624 923 1689 petuitatis
1003 1622 1180 1695 atqtie'
1239 1635 1560 1691 aeternitatis
1625 1639 1980 1694 intensionem
2055 1642 2197 1694 dicta

646 1712 806 1765 etiam
853 1729 971 1769 esse
1022 1729 1267 1784 possunt.
1307 1720 1400 1775 Vel
1432 1741 1444 1775 :
1473 1724 1788 1778 Custodiam
1827 1728 1967 1780 hanc
2029 1730 2197 1798 legem

647 1807 812 1866 tuam,
847 1819 952 1857 nou
985 1807 1037 1859 in
1079 1808 1180 1862 hoc
1209 1816 1417 1865 tantum
1452 1815 1668 1879 sarculo,
1707 1816 1800 1870 sed
1834 1819 1992 1870 etiam
2030 1807 2196 1870 in'lu-

2309 655 2376 706 με
2398 656 2412 670 ·
2446 645 2536 692 καὶ
2563 640 2636 710 μὴ
2661 643 2918 714 περιέλῃς
2956 645 3214 710 ἐπιπολὺ,
3269 647 3512 702 τουτέστι
3569 652 3870 721 μηδέποτε.

2381 819 2508 870 Ὀτι
2541 820 2639 871 ἐπὶ
2663 820 2786 887 τοῖς
2819 824 3063 890 κρίμασί
3082 841 3198 879 σου
3229 824 3564 890 ἐπήλπισα.
3611 829 3735 880 Ὀτι
3766 829 3870 880 ἐπὶ

2303 906 2395 958 τὸν
2424 909 2587 977 νόμον
2622 925 2714 961 σου
2764 912 2968 980 σφόδρα
3000 914 3224 983 ἤλπισα,
3259 910 3496 986 θαρρῶν,
3543 918 3624 970 ὅτι
3669 935 3871 986 συντηο

2307 997 2605 1066 ρηθήσεταί
2634 1017 2723 1067 μοι
2750 1001 2808 1052 τὸ
2836 1002 2934 1072 τῆς
2973 1004 3227 1072 ἀληθείας
3253 1006 3515 1076 χάρισμα,
3544 1007 3868 1075 φυλάττοντι

2308 1086 2514 1140 τοῦτον.

2375 1178 2484 1230 Καὶ
2517 1178 2788 1246 ’φυλάξω
2841 1180 2947 1233 τὸν
3004 1183 3193 1251 νόμον
3240 1199 3356 1238 σου
3412 1187 3735 1255 διαπαντὸς
3777 1193 3866 1256 εις

2307 1265 2414 1317 τὸν
2461 1266 2665 1334 αἰῶνα,
2728 1269 2825 1323 καὶ
2883 1273 2971 1336 είς
3005 1273 3112 1325 τὸν
3136 1272 3320 1326 αίῶνα
3365 1277 3469 1330 τοῦ
3494 1279 3728 1345 αἰῶνος.
3762 1281 3866 1334 Διὰ

2309 1358 2528 1422 παντὸς,
2560 1361 2724 1429 ἤγουν
2750 1363 2806 1414 ἐν
2837 1363 2998 1415 παντὶ
3027 1365 3336 1434 πράγματι.
3392 1367 3462 1419 Τὸ
3511 1369 3566 1422 δὲ
3609 1372 3713 1435 Eli;
3755 1371 3870 1424 τὸν

2306 1446 2510 1509 αἰῶνα,
2541 1450 2637 1502 καὶ
2668 1454 2754 1518 είς
2781 1453 2886 1505 τὸν
2948 1454 3134 1507 αἰῶνα
3175 1456 3280 1509 τοῦ
3328 1457 3561 1525 αἰῶνος,
3613 1462 3866 1525 ἐπίτασίς

2307 1540 2420 1592 ἐστι
2442 1539 2534 1592 τοῦ
2574 1541 2684 1594 Ἀεί
2725 1558 2737 1572 ο
2773 1543 2803 1612 ἢ
2853 1543 2985 1612 ὁμοῦ
3013 1547 3212 1609 πάντα,
3245 1548 3305 1599 τὸ
3335 1548 3422 1600 ἀεὶ
3482 1552 3863 1618 σημαίνουσιν,

2305 1629 2379 1691 ὡς
2430 1628 2569 1683 εἶναι
2621 1631 2680 1684 τὸ
2742 1634 2837 1699 μὲν
2866 1707 2869 1710 .
2896 1634 3236 1702 διαπαντὸς,
3275 1640 3394 1690 ἀντὶ
3422 1642 3510 1692 τοῦ
3539 1643 3632 1696 ἀεί
3659 1660 3671 1672 ·
3701 1646 3774 1710 si
3805 1645 3865 1696 δὲ

2308 1717 2502 1788 ἐφεξῆς
2543 1707 2981 1790 ἐφερμηνευτικὰ
3005 1723 3098 1775 τοῦ
3126 1724 3238 1789 ἀεὶ,
3286 1727 3316 1795 ἢ
3355 1727 3445 1778 καὶ
3502 1729 3584 1780 ὅτι
3641 1707 3867 1796 φυλάξω

2307 1808 2517 1874 τοῦτον,
2551 1811 2610 1862 οὐ
2645 1813 2805 1880 μότον
2847 1815 2904 1867 ἐν
2931 1814 3005 1882 τῷ
3029 1817 3260 1885 παρόντι
3296 1817 3416 1886 βίῳ,
3469 1819 3604 1873 ἀλλὰ
3647 1820 3742 1872 καὶ
3809 1823 3868 1872 ἐν

646 1901 793 1956 turo,
825 1896 967 1961 quod
1017 1899 1274 1951 saeculum
1328 1903 1508 1956 szeculi
1555 1905 1890 1972 appellatur,
1945 1915 2195 1975 tanquam

2309 1897 2384 1965 τῷ
2423 1898 2690 1967 μέλλοντι,
2749 1902 2807 1963 ὃς
2841 1903 2989 1954 ἐστιν
3019 1905 3151 1956 αἰὼν
3181 1905 3271 1957 τοῦ
3312 1907 3503 1969 αἰῶνος
3530 1907 3740 1977 τούτου,
3786 1907 3867 1970 ὡς

642 1986 892 2050 praesenti
964 1990 1162 2041 saeculo
1224 1991 1561 2048 honoratius.
1624 1995 1718 2048 His
1780 2005 1959 2049 autem
2021 2000 2199 2052 verbis

645 2076 1091 2142 promptitudinis
1137 2081 1530 2135 vehementiam
1580 2085 1992 2154 demonstravit,
2039 2105 2198 2155 quam

641 2162 892 2228 habebat,
931 2175 988 2218 ut
1019 2168 1184 2236 legem
1219 2171 1552 2227 observaret.

710 2251 875 2309 Vens.
913 2257 1002 2311 45.
1030 2261 1097 2310 Et
1137 2262 1468 2315 anibulabam
1497 2265 1546 2317 in
1574 2265 1872 2328 latitudine.
1898 2270 2020 2336 quia
2053 2287 2202 2322 man-

639 2345 772 2395 data
827 2355 918 2399 tua
960 2352 1236 2418 exquisivi.
1293 2353 1554 2422 Prospere
1591 2358 1863 2424 dirigebar
1909 2361 1972 2413 ad
2013 2362 2193 2413 omnia

639 2450 758 2502 quin
784 2439 989 2503 agenda
1016 2451 1194 2495 erant.
1226 2443 1402 2498 Causa
1431 2455 1608 2500 autem
1634 2447 1796 2514 hujus
1818 2450 1892 2501 rei
1929 2450 2048 2512 fuit,
2073 2452 2195 2518 quia

636 2527 895 2580 mandata
925 2537 1016 2582 tua
1044 2531 1227 2586 dilexi.
1263 2536 1351 2588 νει
1384 2551 1506 2590 cum
1534 2540 1931 2594 calamitatibus
1960 2541 2196 2594 circum-

636 2617 816 2681 darer,
848 2620 1028 2674 animo
1075 2638 1183 2677 non
1231 2627 1488 2695 angebar,
1524 2631 1647 2696 quia
1695 2631 1836 2684 inter
1874 2631 2193 2686 emit-tiones

636 2705 767 2760 illud
801 2710 930 2764 mihi
963 2714 1154 2769 saltem
1184 2717 1533 2774 delectationi
1565 2728 1619 2773 et
1651 2721 1846 2778 solatio
1875 2737 2011 2788 erat,
2045 2723 2189 2790 quod

2304 1990 2666 2060 τιμιώτερος·
2721 1991 2788 2044 δι’
2817 1989 2877 2045 οὗ
2899 1997 3154 2062 ἐμφαίνει
3203 1997 3260 2050 τὸ
3318 1999 3524 2068 σφόδρα
3583 1999 3868 2068 πρόθυμον

2307 2084 2406 2152 τῆς
2437 2087 2563 2155 περὶ
2585 2087 2678 2138 τοῦ
2711 2089 2874 2158 νόμου
2910 2091 3154 2160 φυλακῆς
3182 2093 3370 2146 αὐτοῦ.

2363 2265 2469 2318 Kal
2495 2267 2868 2337 ἐπορευόμην
2891 2270 2959 2321 ἐν
2992 2269 3334 2338 τιατ-νομῷ,
3368 2271 3456 2326 ὅτι
3481 2273 3585 2340 τὰς
3609 2275 3869 2344 ἐντολάς

2306 2371 2424 2411 σου
2468 2356 2819 2427 ἐξεζήτησα.
2861 2361 3190 2429 Εὐωδοῦμην
3213 2363 3292 2424 εἰς
3322 2365 3522 2428 πάντα,
3546 2368 3627 2419 ὅτι
3653 2368 3752 2430 τὰς
3769 2371 3867 2422 ἐν-

2301 2447 2461 2508 τολάς
2507 2466 2599 2500 σου
2629 2451 2909 2518 ἠγάπησα.
2943 2452 3008 2505 Ἣ
3040 2453 3128 2504 καὶ
3150 2451 3483 2520 θλιϐόμενος,
3511 2452 3609 2509 οὐκ
3648 2461 3862 2513 ἐστενο-

2304 2539 2598 2609 χωρούμην
2631 2556 2645 2570 ο
2669 2541 2728 2592 τὸ
2759 2541 2863 2609 γὶρ
2910 2542 3204 2595 συνειδέναι
3238 2544 3319 2597 ὅτι
3368 2545 3467 2609 τὰς
3506 2547 3724 2611 ἐντολάς
3760 2566 3864 2601 σου

2301 2629 2626 2699 ἐξεζήτησα,
2652 2633 2708 2684 ἐν
2734 2632 2913 2699 θλίψει
2933 2633 3201 2689 ἐπλάτυνὲ
3239 2654 3305 2706 με
3331 2652 3346 2667 ·
3393 2644 3700 2711 παρηγορεῖ
3747 2643 3865 2710 γὰρ

2299 2723 2359 2773 τὸ
2391 2721 2596 2788 ἀγαθὸν
2625 2723 2879 2786 συνειδὸς.
3298 2712 3299 2715 Ἴ

635 2803 892 2870 conscius
922 2808 1050 2861 mihi
1078 2823 1278 2872 essem,
1308 2811 1597 2880 diligenter
1661 2829 1746 2869 me
1812 2817 2118 2885 exquisisse
2183 2817 2365 2870 omnia
2397 2816 2670 2882 .mandata
2723 2826 2836 2871 tua.
2904 2819 3052 2873 Solet
3099 2829 3275 2876 autem
3335 2827 3468 2877 bona
3523 2828 3862 2885 conscientia

634 2897 927 2952 niaximum
961 2915 1175 2972 semper
1201 2906 1440 2962 solamen
1455 2917 1750 2978 praestare.
3041 2909 3045 2916 ”
3271 2983 3287 2991 -

620 2999 621 3002 ‘
704 2985 866 3043 Vens.
897 2990 984 3042 46.
1014 2993 1080 3044 Et
1107 2993 1352 3062 loquebar
1401 2999 1455 3049 in
1504 3000 1816 3053 testimoniis
1860 3001 1962 3054 litis
2001 3017 2180 3053 coram

2353 2995 2457 3050 Kal
2488 2994 2752 3048 ἐλάλουν
2777 2995 2848 3048 ἐν
2869 3014 2991 3063 τοῖς
3013 2985 3349 3066 μαρτυρίὸνς
3411 3019 3547 3067 σου,
3577 3006 3862 3062 ἐναντίω,

635 3076 859 3146 regibus,
887 3089 935 3131 et
962 3096 1063 3133 non
1093 3085 1472 3152 confundebar.
1496 3086 1776 3156 Loquebar
1802 3091 1971 3158 legem
1997 3107 2179 3145 coram

2301 3085 2603 3144 3am.llmr,
2635 3084 2731 3138 καί
2764 3088 2874 3140 οὐκ
2925 3089 3298 3159 ᾐσχυνόμην.
3337 3094 3587 3150 Ἐλάλουν
3620 3098 3711 3151 τὸν
3763 3103 3858 3154 νό-

633 3166 876 3233 regibus.
906 3179 960 3222 et
984 3170 1184 3226 bonum
1215 3175 1338 3228 inde
1362 3191 1561 3231 nomen
1598 3181 1956 3248 reportabam.
1987 3179 2181 3235 Libere

2301 3194 2388 3228 ιον
2404 3191 2516 3237 σου,
2540 3173 2774 3227 ἐνώπιον
2805 3176 3088 3244 βασιλέων,
3151 3184 3245 3235 καὶ
3267 3184 3588 3254 εὐδοκίμουν
3613 3205 3628 3222 ⁶
3672 3192 3859 3262 ἐπαρ-

636 3258 779 3309 enim
814 3258 1070 3326 loquebar
1111 3263 1165 3315 in
1217 3267 1485 3321 mandatis
1530 3267 1658 3332 tuis,
1709 3279 1762 3324 et
1803 3271 1996 3326 timore
2037 3272 2186 3326 nullo

2301 3265 2630 3336 βησιαζόμην
2662 3268 2719 3318 ἐν
2749 3270 2868 3331 ταῖς
2891 3272 3132 3335 ἐντολαῖς
3161 3292 3277 3340 σου,
3304 3277 3398 3329 καὶ
3445 3279 3542 3348 οὐχ
3587 3282 3850 3336 ὑπεστελ-

633 3347 946 3402 cobibebar.
1005 3351 1327 3421 Congruunt
1380 3357 1542 3410 etlam
1603 3358 1717 3414 haec
1770 3361 1932 3415 verba
1987 3361 2193 3415 sanctis

2301 3358 2464 3427 λύμην
2494 3372 2510 3388 °
2540 3357 2767 3428 ἁρμόζει
2797 3361 2850 3412 δὲ
2880 3361 3055 3430 τοῦτο,
3106 3366 3201 3417 καὶ
3266 3370 3378 3432 τοῖς
3420 3347 3560 3439 ὑπὲρ
3603 3373 3848 3442 Χριστοῦ

631 3436 831 3489 Christi
861 3442 1212 3508 martyribus.

705 3525 863 3582 Vens.
893 3531 980 3596 47,
1005 3532 1092 3588 48.
1120 3533 1188 3587 Et
1219 3537 1512 3592 meditabar
1536 3541 1591 3593 in
1625 3542 1885 3595 mandatis
1921 3544 2185 3610 tuisque

632 3614 790 3669 dilexi
817 3618 982 3672 valde.
1021 3619 1089 3673 Et
1119 3623 1284 3676 levavi
1314 3641 1498 3680 manus
1533 3643 1672 3681 meas
1693 3629 1763 3680 ad
1794 3629 2044 3682 inundata
2068 3640 2180 3697 tua,

633 3722 750 3774 qua:
773 3708 953 3763 dilexi.
988 3711 1281 3769 .lleditabar
1319 3717 1537 3785 quidem
1579 3720 1630 3772 in
1657 3719 1755 3779 eis,
1787 3718 1966 3785 legens
1989 3733 2074 3782 ea,
2105 3720 2180 3772 le-

634 3801 824 3854 vabam
847 3815 1022 3857 autem
1051 3821 1242 3860 manus
1261 3823 1407 3864 meas
1427 3808 1492 3862 ad
1517 3811 1764 3862 mandata
1787 3815 1902 3873 tua,
1929 3809 2183 3876 operibus

631 3889 881 3960 videlicet
911 3907 971 3946 ea
1013 3897 1313 3965 adimpleus
1339 3905 1391 3950 et
1422 3897 1722 3966 perliciens.

2292 3447 2551 3519 μάρτυσι.

2360 3537 2779 3608 Καὶέμελέτων
2806 3544 2874 3594 ἐν
2896 3543 3024 3608 ταῖς
3055 3547 3327 3615 ἐντολαῖς
3363 3568 3501 3619 σου,
3554 3551 3651 3621 αἶς
3695 3558 3848 3625 vird-

2286 3642 2459 3696 πησα
2487 3631 2721 3698 σφόδρα
2743 3651 2757 3664 ·
2785 3634 2878 3686 καί
2918 3631 3030 3702 ἦρα
3063 3637 3168 3703 τὰς
3191 3640 3390 3706 χεῖράς
3413 3662 3531 3712 μου
3559 3648 3706 3713 πρὸς
3735 3649 3848 3715 τὰς

2280 3718 2534 3785 ἐντολάς
2555 3722 2771 3788 σου,ἃς
2811 3724 3118 3792 ἠγάπησα.
3166 3731 3464 3799 Ἐμελέτων
3497 3737 3596 3804 μὲν
3651 3739 3708 3791 ἐν
3736 3741 3842 3792 αὺ-

2286 3813 2415 3871 τοῖς,
2441 3813 2826 3878 ἀναγινώσκων
2861 3818 3029 3882 αὐτάς
3060 3836 3073 3849 ·
3116 3818 3224 3891 ἦρα
3277 3825 3333 3878 δὲ
3382 3827 3479 3890 τὰς
3511 3831 3698 3898 χεῖράς
3734 3849 3839 3901 μου

2290 3899 2424 3968 πρὸς
2451 3902 2639 3965 αὐτὰς,
2669 3906 2921 3974 πράττων
2956 3909 3146 3974 αὑτάς.
3203 3913 3516 3986 Ἀδιὰφορον
3548 3920 3603 3973 δὲ
3633 3924 3692 3974 τὸ
3737 3899 3843 3992 Alc

630 3979 937 4048 ἠγάπησα,
969 3985 1062 4036 καὶ
1098 3985 1159 4038 τὸ
1187 3989 1280 4052 “Ac
1316 3987 1618 4055 ἠγάπησα.
1657 3989 1733 4041 Τὸ
1771 3989 1869 4058 μὲν
1892 3989 2031 4041 κατὰ
2053 3988 2131 4054 τὸ,
2171 3989 2257 4040 Ἐν
2274 3992 2393 4052 ταῖς
2413 3993 2649 4056 ἐντολαῖς
2673 4013 2762 4049 σου
2788 3999 3047 4056 ἀποδοοέν
3078 4019 3092 4032 ·
3127 4004 3189 4056 τὺ
3214 4005 3270 4058 δέ
3305 3979 3442 4062 κατᾶ
3472 4012 3531 4062 τὸ
3559 4014 3698 4082 Πρὸς
3739 3979 3842 4070 τάξ

629 4075 847 4138 ἐντολάς
900 4093 1016 4131 σου.

699 4164 771 4218 El
804 4167 1096 4221 meditabar
1126 4171 1180 4222 in
1211 4170 1677 4238 justiﬁcationibus
1717 4174 1840 4226 tuis.
1872 4171 1972 4226 Pro
2012 4171 2179 4225 Medi-

631 4257 782 4310 tabar
806 4255 859 4312 in
891 4258 1084 4314 Graaco
1115 4261 1342 4330 legimus
1385 4263 1726 4333 Ἢδολέσχουν
1750 4264 1815 4318 dc
1842 4264 1997 4332 cujus
2024 4264 2183 4333 signi-

626 4348 878 4403 ﬁcatione
909 4352 1158 4419 superius
1184 4352 1386 4405 dictum
1413 4363 1516 4407 est.

698 4439 855 4496 Vens.
888 4440 973 4494 49.
1008 4441 1207 4494 Memor
1242 4452 1354 4498 esto
1389 4445 1525 4499 verbi
1560 4446 1635 4498 tui
1682 4462 1827 4500 servo
1856 4456 1967 4510 tuo,
1997 4449 2046 4501 in
2078 4466 2178 4518 quo

627 4529 755 4580 mihi
784 4546 923 4597 spem
947 4530 1158 4586 dedisti.
1207 4534 1341 4603 Erga
1376 4553 1459 4590 me
1504 4553 1718 4591 servum
1766 4547 1938 4605 tuum,
1980 4541 2177 4609 inquit,

2353 4169 2457 4222 Kal
2484 4171 2867 4242 ἠδολέσχουν
2901 4177 2970 4229 ἐν
3001 4178 3122 4245 τοῖς
3154 4180 3508 4252 ὃικαιώμασί
3537 4205 3674 4246 σου.
3744 4197 3838 4249 Εἴ-

2287 4276 2444 4329 ρηται
2475 4263 2602 4332 περὶ
2629 4263 2849 4330 τούτων,
2877 4267 3064 4337 ἤγουν,
3105 4274 3232 4342 περὶ
3264 4275 3595 4348 ἀδολεσχίας.

2350 4440 2659 4509 Μνήσθητι
2683 4445 2798 4502 ,τὸν
2827 4447 3012 4513 λόγον
3039 4463 3156 4502 σου
3186 4450 3264 4515 τῷ
3292 4417 3296 4421 ι
3321 4453 3518 4521 δούλῳ
3565 4475 3701 4522 σου,
3761 4465 3836 4517 ὃν

2279 4533 2622 4601 ἑπήλπισάς
2649 4529 2744 4602 μὲ.
2793 4537 2909 4589 Ἐπ’
2933 4540 3155 4610 ἐμοὶπῷ
3200 4543 3372 4612 δούλῳ
3411 4563 3504 4599 σου
3560 4553 3831 4622 μνήσθητι

629 4635 836 4673 memor
861 4630 978 4676 esto
1017 4622 1160 4676 illius
1201 4626 1368 4688 verbi,
1403 4629 1455 4680 in
1502 4629 1642 4696 quod
1680 4645 1762 4682 me
1796 4645 2016 4696 sperare
2057 4631 2175 4699 jus-

2301 4622 2368 4674 ῖὸν
2398 4623 2553 4689 λόγον
2578 4641 2692 4685 σου,
2719 4626 2804 4692 ἐφ’
2853 4625 2911 4678 ὃν
2935 4626 3087 4695 λόγον
3111 4647 3226 4696 σου,
3262 4634 3504 4699 ἐλπίζειν
3539 4657 3604 4708 με
3643 4642 3833 4713 ἐποίη-

629 4711 766 4764 sisti.
799 4709 1031 4766 Verbum
1068 4706 1248 4771 autem
1284 4717 1382 4770 hoc
1414 4727 1564 4771 tuum
1601 4719 1734 4772 illud
1763 4730 1865 4783 est,
1903 4737 2008 4789 quo
2035 4722 2175 4775 dixi-

628 4801 698 4854 sti
738 4810 790 4854 te
834 4802 1428 4879 misericordemesse,
1474 4819 1634 4877 atque
1679 4811 1799 4865 ideo
1848 4826 2035 4865 omnes
2082 4829 2176 4868 eos

627 4891 789 4944 etiam
819 4893 1179 4960 salvaturum,
1209 4899 1302 4966 qui
1335 4901 1588 4954 mandata
1623 4910 1718 4956 tua
1779 4904 2137 4958 custodierint
2160 4946 2173 4966 ,

623 4988 1072 5053 quemadmodum
1104 4991 1231 5043 alibi
1263 4993 1679 5049 declaravimus.
1709 4995 1974 5049 Debemus
2011 4998 2175 5050 etiam

626 5074 786 5145 digne
815 5074 924 5131 Deo
956 5079 1251 5149 intelligere
1274 5099 1578 5139 sermonem
1605 5085 1744 5140 hunc
1769 5104 1782 5138 :
1803 5089 2000 5140 Memor
2025 5084 2179 5142 esto':

623 5181 740 5234 pro,
773 5165 974 5222 Perﬁce
1003 5178 1055 5223 et
1081 5172 1144 5224 ad
1182 5172 1341 5225 linem
1376 5173 1645 5229 deducito.
1682 5175 1863 5245 Neque
1887 5179 2031 5231 enim
2063 5179 2169 5232 ulla

625 5257 676 5309 in
713 5255 880 5312 Deum
910 5260 1058 5314 cadit
1095 5264 1317 5325 oblivio,
1349 5273 1442 5318 aut
1479 5266 1900 5321 reminiscentia.

689 5347 851 5404 Vens.
876 5350 963 5405 50.
987 5352 1111 5407 "036
1145 5371 1221 5406 me
1248 5358 1516 5411 .onsolala
1539 5359 1688 5410 estin
1713 5358 2006 5411 humilitate
2030 5375 2161 5413 mea.

621 5435 746 5492 llaec
778 5455 900 5508 spes
937 5442 1143 5498 scilicet
1177 5461 1258 5499 me
1291 5448 1567 5502 cousolata
1603 5459 1708 5513 est,
1747 5450 1848 5527 hoc
1878 5457 1995 5513 est,
2042 5465 2166 5517 sprs

621 5533 725 5584 ista
759 5533 1023 5586 recreavit
1057 5548 1120 5588 ac
1149 5536 1340 5592 refovit
1376 5554 1481 5602 me,
1533 5542 1585 5593 in
1619 5540 1923 5595 humilitate
1959 5556 2022 5594 ac
2065 5542 2166 5594 mi-

625 5621 766 5674 seria
801 5621 886 5675 illa
919 5627 1290 5692 constitutum,
1348 5630 1400 5684 in
1433 5646 1593 5696 quam
1649 5632 1888 5687 assidua:
1912 5631 2165 5687 teutatio-

625 5727 720 5765 hes
757 5722 810 5767 et
833 5715 1165 5775 calamitates
1201 5735 1284 5774 me
1319 5722 1672 5778 deduxerant.

698 5802 832 5867 Quia
871 5805 1127 5876 eloquitth
1159 5819 1304 5866 tuum
1337 5811 1608 5879 viviﬁcavit
1653 5831 1747 5870 nte.
1782 5815 2010 5873 Verbum
2035 5854 2051 5883 ,
2083 5817 2166 5872 in-

2283 4727 2398 4771 σας.
2436 4712 2532 4772 Τίς
2559 4713 2612 4764 δὲ
2643 4715 2669 4766 ό
2700 4715 2856 4782 λόγος
2879 4735 2974 4770 σου
3002 4720 3128 4781 ς-ὃτι
3187 4721 3431 4792 ἐλεήσεις
3479 4730 3574 4781 καὶ
3634 4732 3829 4798 σώσεις

2281 4803 2402 4864 τοὺς
2429 4802 2796 4870 φυλάσσοντας
2818 4807 2886 4858 τὰ
2906 4810 3303 4881 προστάγματα
3328 4832 3443 4882 σου,
3504 4822 3686 4886 καθὼς
3733 4829 3830 4880 καὶ

2281 4895 2539 4963 ἀνωτέρω
2578 4897 2910 4966 δεδήλωται·
2970 4901 3279 4972 Μνήσθητι
3331 4891 3410 4973 τῷ
3468 4911 3664 4978 δούλῳ
3710 4933 3826 4972 σου

2276 4985 2588 5053 τὸνλόγον
2625 5006 2760 5042 σου.
2821 4990 3148 5062 Θεοπρεπῶς
3201 4997 3257 5050 δὲ
3315 5001 3551 5070 νοητέον,
3592 5006 3684 5059 ἐπὶ
3729 5010 3825 5063 τοῦ

2275 5073 2407 5124 Θεοῦ
2432 5077 2490 5126 τὸ
2513 5077 2822 5146 Μνήσθητι
2843 5096 2857 5110 ν
2891 5082 3010 5135 ἀντὶ
3035 5084 3126 5136 τοῦ
3152 5087 3472 5155 Περάτωσον
3497 5107 3511 5123 ·
3534 5095 3827 5168 ἀδιάφορος

2273 5162 2329 5214 δὲ
2363 5166 2392 5233 ἡ
2423 5165 2673 5231 σύνταξις
2702 5167 2795 5222 τοῦ
2823 5171 3156 5240 Μνήσθητι.

2335 5365 2490 5430 Αὕτη
2513 5385 2588 5433 με
2622 5371 3034 5437 παρεκάλεσεν
3073 5375 3142 5428 ἐν
3180 5377 3254 5446 τῇ
3302 5382 3649 5436 ταπεινώσει
3674 5368 3818 5453 μου.

2272 5456 2416 5525 Αὕτη
2440 5471 2454 5486 ο
2482 5458 2591 5523 τίς;
2635 5461 2696 5513 Ἦ
2741 5461 2893 5526 ἐλπὶς
2923 5465 3181 5536 δηλονότι.
3210 5469 3354 5543 Αὕτη
3391 5489 3459 5540 με
3504 5478 3824 5548 παρηγόρη-

2276 5564 2385 5610 σεν,
2411 5549 2578 5620 αὕτη,
2613 5569 2679 5621 με
2715 5554 3070 5626 ἀνεκλήσατο,
3130 5562 3187 5612 ἐν
3245 5564 3309 5632 τῇ
3340 5562 3661 5618 ταπεινώσει
3691 5584 3822 5637 μου,
3865 5594 3883 5603 ~

2275 5643 2335 5710 τῇ
2371 5642 2477 5694 ἀπὸ
2506 5643 2613 5697 τῶν
2642 5649 2977 5718 πειρασμῶν,
3012 5651 3152 5721 ἐντῇ
3185 5655 3519 5726 κακοπαθείᾳ
3549 5675 3673 5727 μου.
3756 5737 3772 5766 1

2349 5818 2476 5872 Ὅτι
2545 5821 2607 5875 τὸ
2660 5823 2863 5893 λόγιόν
2915 5840 3027 5882 σου
3081 5825 3251 5899 ἒζησέ
3306 5849 3401 5903 με.
3457 5831 3514 5886 '0
3559 5831 3826 5906 δηλωθεὶς

4141 5589 4144 5811 ι
