4144 6296
600 464 734 532 ιιδι

1801 461 2181 522 EUTIIYMII
2223 461 2546 521 ZIGABEN
2556 460 2582 518 Ι

3701 445 3837 514 1152

597 577 1044 645 versationisquc,
1096 591 1159 629 ae
1209 574 1332 628 vita:
1380 588 1510 627 meae
1559 572 1804 628 semitam
1874 571 2046 626 direxi
2099 572 2162 625 ad

2268 575 2355 627 τὸν
2387 574 2551 642 νόμον
2585 589 2699 634 σου,
2742 569 2937 623 ἰθύνων
2967 567 3065 639 τὴν
3096 567 3214 622 ὁδὸν
3250 566 3349 637 τῆς
3388 566 3673 624 πολιτείας
3725 584 3834 637 μου

597 673 847 727 mamlata
879 678 994 725 tua.
1022 667 1279 733 Quaedam
1311 675 1491 720 autem
1524 665 1858 736 exemplaria
1915 664 2109 718 habent
2145 682 2159 718 :

596 767 832 835 Cogitavi
879 765 988 817 vias
1039 778 1216 822 nicas,
1272 761 1373 814 hoc
1399 768 1480 813 est
1509 800 1523 826 ,
1572 757 1724 828 prius
1779 757 2157 821 consideravi,

593 858 724 929 quid
753 855 1017 924 agendum
1046 853 1173 906 mihi
1196 861 1362 918 esset,
1387 858 1480 905 aut
1499 851 1628 920 quid
1651 850 1936 907 dicendum
1959 868 1972 905 :
2001 858 2163 920 atque

596 951 717 1004 ideo
747 947 1022 1002 ambulavi
1053 946 1193 999 intra
1219 945 1474 998 mandata
1509 952 1622 998 tua.

660 1146 805 1200 Vens
855 1147 940 1200 60.
980 1144 1208 1199 Paratus
1232 1161 1371 1210 sum,
1396 1155 1444 1199 et
1480 1161 1580 1199 non
1627 1161 1747 1199 sum
1791 1143 2034 1199 turbatus
2061 1184 2076 1207 ,
2106 1153 2164 1198 ut

593 1239 888 1295 custodiam
909 1236 1158 1290 mandata
1185 1246 1296 1289 tua.
1340 1235 1571 1290 Paratus
1592 1250 1712 1289 sum
1747 1234 1811 1288 ad
1843 1236 2163 1289 custodien-

592 1335 718 1386 dum
746 1347 833 1392 ea,
871 1341 1032 1398 atque
1066 1329 1188 1381 ideo
1221 1328 1289 1382 ab
1317 1343 1506 1382 eorum
1543 1327 1860 1382 diliicultale
1888 1369 1903 1392 ,
1943 1338 2038 1382 aut
2078 1344 2163 1384 se-

596 1423 829 1476 veritate
854 1423 1107 1474 turbatus
1137 1434 1244 1472 non
1274 1435 1415 1474 sum.
1443 1421 1636 1474 Malum
1683 1422 1827 1474 enim
1862 1421 2004 1491 quod
2040 1423 2162 1488 quis

595 1516 750 1582 prius
784 1511 1119 1576 considerat,
1152 1522 1314 1581 atque
1345 1519 1648 1582 exspectat,
1681 1512 2020 1566 tolerabilius
2050 1511 2164 1566 eiii-

592 1607 757 1660 citur.
795 1603 885 1658 Vel
909 1603 1248 1659 daemonibus
1277 1645 1292 1667 ,
1323 1618 1418 1658 seu
1455 1603 1849 1680 tentationibus
1898 1618 1983 1658 me
2016 1605 2165 1657 inva-

592 1699 871 1758 dentibus,
896 1697 1152 1750 turbatus
1183 1711 1290 1749 non
1315 1712 1458 1762 sum,
1486 1697 1691 1761 sciens,
1720 1697 1862 1766 quod
1897 1697 2160 1766 impetum

593 1789 647 1842 in
676 1804 761 1842 me
790 1787 986 1846 facturi
1011 1797 1192 1845 erant.
1231 1787 1404 1854 Quam
1436 1789 1508 1843 ob
1542 1803 1767 1844 causam
1801 1790 1868 1844 ad
1924 1790 2166 1845 toleran-

599 1882 729 1934 tiam
757 1896 841 1934 me
871 1881 1197 1950 prrparavi.

666 1989 832 2044 Vens.
850 1991 908 2045 (il
925 2030 937 2042 .
967 1989 1140 2045 Funes
1164 2000 1496 2059 peccatorum
1514 1993 1855 2072 circumplexi
1875 2003 1993 2048 sunt
2014 1995 2159 2061 mihi,

589 2089 640 2134 et
672 2080 832 2150 legem
864 2089 1010 2132 tuam
1035 2097 1137 2133 non
1168 2098 1282 2133 sum
1313 2081 1527 2136 oblitus.
1572 2082 1752 2157 Funes
1793 2092 2159 2151 peccatorum.

590 2186 771 2241 pravae
815 2179 942 2225 sunt
969 2171 1275 2225 daemonum
1317 2172 1687 2241 cogitationes
1719 2214 1734 2238 ,
1765 2174 1965 2244 quibus
1992 2215 2007 2239 ,
2064 2191 2163 2230 ceu

592 2264 831 2319 vinculis
866 2264 1214 2332 quibusdam.
1249 2273 1490 2328 nectere,
1523 2274 1686 2334 atque
1715 2268 1938 2337 alligare
1969 2284 2163 2325 omnes

592 2363 862 2409 conantur
886 2395 900 2420 ,
941 2355 1268 2422 quibuscum
1306 2366 1534 2411 certant.
1567 2356 1632 2410 lli
1667 2398 1682 2424 ,
1746 2359 1956 2429 inquit,
2009 2363 2164 2415 funes

599 2446 731 2500 mihi
762 2447 1116 2514 circumplexi
1145 2455 1288 2511 sunt,
1323 2463 1422 2502 nec
1459 2456 1640 2503 tamen
1667 2451 1786 2503 ideo
1819 2453 2018 2508 oblitus
2042 2468 2163 2507 Sum

603 2535 743 2604 legis
766 2543 892 2590 tuae.
923 2536 1072 2591 Illius
1099 2536 1242 2591 enim
1280 2536 1495 2600 timore,
1527 2540 1782 2596 omnibus
1817 2552 2172 2611 peccatorum

591 2623 828 2676 vinculis
849 2664 862 2688 ,
895 2625 1061 2679 veluti
1122 2625 1306 2697 gladio
1337 2629 1586 2697 quodam
1629 2629 1822 2685 incisis
1847 2671 1866 2699 ,
1902 2632 2166 2688 liberatus

593 2713 804 2779 aufugi.
1215 2737 1218 2744 ι

657 2824 822 2879 Vens.
859 2826 946 2879 62.
979 2825 1152 2879 Media
1175 2837 1323 2882 nocte
1361 2829 1640 2898 surgebam
1669 2839 1728 2885 ut
1757 2833 2177 2902 conﬁterertibi,

589 2917 1129 2986 adjudiciajuslt’tiie
1169 2929 1290 2974 tute.
1351 2919 1524 2975 Media
1586 2932 1744 2979 nocte
1797 2925 2014 2997 quando
2061 2925 2169 2980 (ιω-

593 3025 782 3063 mones
811 3010 1101 3066 adversum
1138 3013 1384 3068 homines
1420 3017 1592 3085 magis
1624 3012 1932 3085 insurgunt,
1960 3018 2168 3074 etalios

589 3101 811 3168 quidem
848 3104 915 3156 ad
957 3119 1153 3172 pravas
1179 3105 1566 3174 cogitationes,
1606 3108 1740 3164 alios
1775 3110 1906 3166 vero
1937 3111 2002 3165 ad
2051 3113 2166 3179 ipsa

589 3202 786 3259 Urgent
817 3193 1076 3250 facinora.
1099 3194 1196 3250 Vel
1228 3196 1385 3251 aliter
1412 3216 1424 3251 :
1449 3197 1547 3266 Eo,
1573 3199 1770 3270 inquit,
1790 3208 2033 3272 tempore
2050 3220 2170 3258 sur-

589 3284 778 3353 gebam
815 3301 844 3340 e
871 3278 1054 3352 lecto,~
1071 3296 1130 3340 ut
1157 3288 1250 3341 tibi
1283 3288 1575 3349 conﬁterer
1598 3312 1638 3356 ,-
1669 3294 1892 3361 quando
1945 3311 2172 3353 somnus

590 3361 1011 3444 quiescentibus
1034 3379 1256 3432 suavior
1282 3380 1452 3433 videri
1492 3383 1630 3436 solet
1659 3400 1674 3449 ;
1713 3388 2000 3456 surgebam
2028 3389 2172 3458 dico,

587 3478 645 3521 ut
674 3466 986 3535 conﬁterer,
1021 3470 1122 3524 hoc
1157 3479 1261 3535 est,
1297 3481 1354 3524 ut
1379 3474 1584 3538 gratias
1614 3475 1712 3529 tibi
1750 3491 1964 3560 agerem
1995 3519 2010 3543 ,
2041 3478 2169 3550 pro-

587 3567 707 3628 pter
736 3558 941 3630 judicia
985 3559 1216 3630 justitiaa
1266 3569 1394 3617 ture.
1456 3563 1582 3622 Haec
1633 3558 1814 3620 autem
1858 3567 2068 3638 judicia
2116 3580 2171 3626 tu

590 3650 754 3704 nobis
823 3665 1081 3719 parcens,
1118 3655 1388 3708 mandasti
1447 3656 1568 3727 lege
1609 3663 1700 3710 tua
1747 3658 2055 3728 observari,
2116 3672 2175 3719 ut

590 3740 719 3793 dum
757 3740 833 3794 tui
868 3742 1122 3797 timorem
1157 3745 1517 3815 addiscimus,
1553 3748 1952 3807 moderatiores
1976 3751 2175 3809 eﬁiciae

591 3849 737 3898 mur,
811 3849 877 3888 ne
909 3835 1385 3909 intemperantiam
1426 3843 1624 3909 seculi,
1659 3844 1962 3914 majoribus
2016 3847 2172 3901 dam-

588 3941 783 4012 nemur
815 3928 1122 3999 suppliciis.
1159 3929 1254 3986 Vel
1283 3950 1295 3987 :
1321 3931 1646 4003 Surgebam,
1685 3946 1740 3989 ut
1764 3935 2055 3991 confiterer
2078 3938 2172 3992 tibi

585 4025 815 4084 peccata
858 4034 976 4072 mea
1006 4061 1020 4085 ,
1051 4018 1278 4091 propter
1327 4025 1532 4092 judicia
1582 4028 1815 4097 iustitiae
1844 4025 2018 4098 "tuae,
2070 4031 2173 4088 hoc

583 4118 690 4171 est,
726 4107 930 4165 timens
968 4121 1202 4186 pr0pter
1231 4129 1320 4169 ea.

656 4219 821 4280 Vens.
849 4224 937 4280 63.
969 4225 1243 4298 Particeps
1285 4247 1377 4301 ego
1431 4249 1547 4287 sum
1589 4238 1821 4289 omnium
1875 4237 2167 4292 timentium

587 4320 654 4378 tr,
682 4322 732 4367 et
779 4303 1194 4374 custodientium
1235 4323 1493 4401 mandata
1517 4336 1629 4382 tua.
1686 4325 1864 4392 {Eque
1903 4344 2004 4398 ego
2033 4368 2047 4391 ,
2083 4331 2168 4384 in-

585 4407 725 4469 quit,
760 4417 923 4476 atque
963 4411 1064 4478 illi,
1105 4423 1158 4470 te
1187 4418 1378 4481 timeo,
1412 4433 1566 4489 aeque
1595 4420 1760 4474 etiam
1787 4421 2042 4475 mandata
2069 4431 2163 4476 tua

585 4495 839 4554 observo.
870 4499 1023 4559 Unus
1052 4508 1253 4562 etenim
1280 4506 1601 4566 ex‘illorum
1636 4528 1866 4569 numero
1896 4532 2044 4580 sum,
2070 4516 2164 4585 qui
2193 4539 2196 4542 ι

587 4595 638 4639 te
673 4591 907 4645 maxime
938 4605 1299 4661 venerantur,
1333 4610 1496 4669 atque
1524 4603 1844 4658 observant.

657 4678 818 4738 Vens.
846 4683 934 4740 64.
959 4685 1321 4742 Misericordia
1344 4701 1456 4754 tua,
1485 4692 1719 4758 Domine,
1742 4696 1895 4761 plena
1919 4707 1995 4752 est
2014 4709 2172 4762 terra,

581 4768 984 4839 iustiﬁcationes
1015 4791 1135 4836 tuas
1157 4781 1283 4837 doce
1310 4799 1408 4836 me.
1447 4781 1526 4837 Tu
1559 4787 1727 4845 totius
1764 4788 1914 4841 orbis
1942 4791 2164 4846 misere-

582 4864 677 4926 ris,
707 4874 762 4920 tu
797 4884 989 4927 omnes
1016 4877 1216 4940 nutris,
1251 4886 1308 4930 tu
1341 4877 1588 4944 omnium
1623 4893 1812 4932 curam
1867 4895 1930 4933 ac
1979 4882 2164 4949 pt‘ovi-

582 4963 825 5019 dentiam
857 4962 1044 5029 habes,
1079 4977 1134 5021 tu
1173 4969 1386 5036 patiens
1415 4985 1474 5025 es
1517 4971 1584 5025 ad
1631 4987 1844 5026 omnes.
1899 4971 2156 5028 Miserere

584 5060 753 5126 igitur
793 5059 917 5121 mei,
951 5067 1003 5111 et
1031 5059 1165 5115 doce
1195 5078 1281 5115 me
1311 5061 1736 5129 iustiﬁcationes
1789 5069 1910 5116 tuas
1940 5103 1954 5126 ,
1992 5065 2063 5115 ita
2101 5072 2162 5115 ut

582 5149 750 5212 altius
787 5156 840 5202 et
877 5147 1176 5215 perfectius
1208 5166 1301 5205 eas
1335 5153 1656 5222 intelligam.
1701 5151 2026 5222 Hujusmodi
2061 5138 2161 5205 au-

583 5247 688 5292 tem
718 5241 896 5294 verbis
922 5242 1116 5314 .utitnr
1149 5241 1338 5297 beatus
1378 5244 1543 5299 David
1580 5287 1588 5300 ,
1628 5262 1735 5300 non
1775 5243 1923 5315 quod
1967 5244 2156 5313 procul

2266 669 2402 738 πρὸς
2434 666 2532 729 τὰς
2561 662 2777 724 ἐντολάς
2841 679 2955 714 σου.
3017 659 3152 714 Τινὰ
3195 659 3253 712 δὲ
3292 660 3399 712 τῶν
3450 658 3832 727 ἀντιγράφων,

2265 757 2698 828 Διελογισὰμην
2727 755 2833 817 τὰς
2861 751 3041 816 ὁδούς
3064 768 3209 820 μου,
3236 750 3831 822 γράφουσι,τουτέστι,

2267 852 2480 920 πρῶτον
2509 845 2909 912 διεσκεπτόμην
2967 843 3061 896 καὶ
3105 842 3166 895 τὸ
3227 841 3507 911 πρακτέον
3566 859 3680 913 μοι,
3732 842 3834 895 καὶ

2263 945 2324 998 τὸ
2360 941 2618 1014 λαλητέον
2646 957 2660 970 ⁸
2709 940 2790 995 διὸ
2843 939 2938 994 καὶ
2979 935 3396 1000 είσωὲϐάδιζον
3417 933 3529 988 τῶν
3597 933 3835 988 ἐντελῶν

2269 1056 2390 1092 σου.

2345 1153 2740 1224 Ἡτοιμάσθην
2778 1150 2875 1205 καὶ
2900 1151 3011 1204 οὐκ
3053 1145 3407 1216 ἐταράχθην,
3429 1143 3536 1199 τοῦ
3558 1139 3839 1213 φυλάξα-

2265 1253 2405 1304 σθαι
2428 1248 2532 1314 τὰς
2554 1245 2809 1312 ἐντολάς
2837 1259 2976 1298 σου.
3017 1232 3414 1310 Ἠτοιμᾶσθην,
3444 1239 3543 1301 εἰς’
3567 1235 3628 1290 te
3657 1234 3842 1305 φυλάς

2267 1343 2355 1408 ξαι
2387 1342 2484 1404 τὰς
2500 1339 2726 1398 ἐντολάς
2755 1353 2849 1390 σου
2861 1334 2978 1389 ⁸’διδ
3007 1335 3106 1386 καὶ
3127 1333 3234 1398 οὐκ,
3260 1329 3574 1400 ἐταράχθην
3590 1328 3695 1381 ὑπὸ
3729 1328 3840 1398 τῆς

2265 1434 2603 1506 τραχύτητος
2637 1432 2734 1484 καὶ
2757 1427 3060 1499 βαρύτητος
3083 1424 3302 1479 αὐτῶν·
3358 1421 3420 1474 rb
3457 1420 3566 1493 γὰρ
3601 1420 3841 1490 μελετη-

2267 1527 2356 1582 θὲν
2388 1526 2484 1578 καὶ
2520 1520 2906 1594 προσδοκηθὲν,
2955 1510 3579 1588 εὐμεταχειριστότερον.
3605 1513 3678 1565 Ἢ
3729 1512 3840 1564 οὐκ

2265 1617 2596 1690 ἐταράχθην,
2631 1613 2974 1678 ἐπιθεμένων
3032 1628 3122 1680 μοι
3157 1609 3290 1662 τῶν
3325 1607 3615 1678 δαιμόνων,
3650 1605 3684 1675 ἦ
3724 1604 3841 1658 τῶν

2267 1709 2615 1782 πειρασμῶν(
2641 1709 2795 1768 εἰδὼς
2831 1707 2912 1760 ὅτι
2940 1702 3298 1775 προϐαλοῦσι,
3350 1702 3446 1759 καὶ
3472 1713 3839 1753 παοασκευαυ

2269 1804 2418 1866 σθεὶς
2455 1804 2534 1865 είς
2567 1799 2870 1868 ὑπομονήν.
2913 1809 2920 1822 ‘

2337 2001 2580 2070 Σχοινία
2610 1993 3504 2069 ἁιιαρτωλῶνιπεριεπλὰκησάν
3549 2011 3650 2062 μοι
3679 2008 3696 2025 ⁸
3731 1989 3842 2060 και

2265 2093 2372 2147 τοῦ
2400 2093 2587 2160 νόμου
2608 2107 2724 2145 σου
2762 2091 2871 2143 οὐκ
2892 2086 3290 2154 ἐπελαθόμην.
3316 2083 3539 2154 Σχοινία
3572 2085 3844 2153 ἁμαρτω-

2269 2184 2378 2238 λῶν
2410 2181 2705 2252 δαιμόνων,
2727 2184 2775 2235 οἱ
2805 2179 3030 2250 πονηροὶ
3046 2177 3325 2246 λογισμοὶ.
3355 2177 3424 2230 δι’
3453 2170 3527 2230 ὧν
3551 2174 3849 2244 πειράζειν

2267 2267 2602 2346 ἐπιχειροῦσι
2641 2274 2768 2335 τοὺς
2815 2269 3276 2339 ἀγωνιζομένους.
3308 2268 3518 2325 Ταῦτα.
3547 2269 3707 2337 φησὶ,
3759 2264 3838 2318 τὰ

2266 2365 2474 2436 σχοινία
2492 2361 2944 2434 περιεπλάκησάν
2973 2377 3084 2431 μοι,
3119 2359 3213 2412 καὶ
3243 2359 3353 2412 οὐδ’
3383 2356 3558 2420 οὕτως
3626 2355 3843 2410 ἐπελα-

2269 2459 2448 2528 θόμην
2506 2457 2600 2509 τοῦ
2654 2457 2826 2524 νόμου
2883 2472 2994 2507 σου.
3055 2451 3148 2522 Τῷ
3210 2451 3362 2520 φόὸῳ
3390 2450 3449 2502 δὲ
3498 2448 3575 2518 τῷ
3617 2447 3842 2512 τούτου,

2267 2549 2516 2621 καθάπερ
2543 2549 2650 2602 τινὶ
2683 2546 2946 2618 διακόψας
2965 2545 3131 2615 ξίφει,
3163 2543 3304 2598 αὐτὰ
3321 2541 3599 2612 διέφυγον.

2339 2835 2762 2905 Μεσοιιύκτιον,
2780 2829 3200 2902 ἐξηγειρόμην,
3219 2827 3326 2882 τοῦ
3343 2825 3849 2902 ἐξομολογεῖσθαι

2269 2942 2370 2982 σοι
2392 2927 2490 2982 ἐπὶ
2516 2928 2588 2980 τὰ
2617 2923 3008 2995 κρίματαίτῆς
3041 2921 3434 2988 δικαιοσύνης
3461 2935 3600 2976 σου.
3655 2921 3846 2976 Μεσο-

2269 3024 2503 3084 νύκτιον,
2537 3019 2624 3073 ὅτε
2656 3019 2854 3088 μᾶλλον
2875 3019 2923 3070 oi
2962 3017 3220 3087 δαίμονες
3277 3015 3612 3070 ἐπιτίθενται
3634 3030 3650 3046 ⁸
3702 3017 3842 3078 τοὺς

2274 3115 2372 3185 μὲν
2401 3115 2481 3177 είς
2521 3112 2765 3182 πονηρὰν
2800 3111 3054 3181 μελέτην,
3086 3108 3212 3174 τοὺς
3239 3109 3295 3163 δὲ
3361 3107 3499 3180 πρὸς
3558 3107 3844 3179 ἁμαρτίαν

2273 3208 2607 3276 ἀλείφοντες.
2649 3207 2721 3258 Ἦ
2749 3205 2844 3257 uati.
2870 3205 2960 3258 ὅτε
2977 3203 3317 3272 γλυκύτερος
3341 3203 3368 3253 ὁ
3399 3201 3569 3262 ὕπνος
3592 3203 3841 3272 ἑπιρρετ.

2277 3300 2434 3362 Τότε,
2492 3297 2682 3367 φησὶν,
2734 3290 3100 3366 ἐξηγειρόμην
3131 3296 3195 3347 ὲκ
3223 3293 3323 3361 τῆς
3373 3292 3587 3362 κοίτης,
3638 3294 3732 3345 ἐπὶ
3756 3292 3847 3361 τῷ

2275 3386 2709 3458 ἐξομολογεῖσθαι
2753 3403 2856 3449 σοι,
2889 3386 2982 3438 ἐπὶ
3009 3383 3087 3456 τῷ
3120 3383 3463 3454 εὐχαριστεῖν
3519 3399 3624 3447 σοι,
3645 3383 3733 3436 διὰ
3762 3383 3840 3437 τὰ

2275 3468 2520 3548 κρίματα
2553 3477 2652 3545 τῆς
2676 3475 3023 3544 δικαιοσύνης
3057 3491 3151 3528 σου
3177 3489 3191 3504 ⁸
3221 3474 3301 3526 ὅτι
3323 3472 3496 3527 ταῦτα
3523 3472 3846 3543 φειδόμενος

2271 3568 2450 3638 ἡμῶν,
2482 3567 2900 3638 ἐνομοθέτησεν,
2932 3567 3018 3620 ἵνα
3052 3565 3384 3636 φοϐούμενοι
3433 3566 3843 3635 σωφρονῶμεν,

2266 3639 2370 3712 ’καὶ
2397 3659 2470 3727 μὴ
2492 3656 3006 3719 ἁκολασθαίνοντες,
3034 3652 3416 3724 κολασθῶμεν.
3447 3655 3518 3706 Ἢ
3550 3651 3840 3724 ἐξηγειρό-

2277 3767 2383 3819 μην
2413 3751 2504 3801 ἐπὶ
2540 3749 2617 3817 τῷ
2650 3748 3005 3818 ἐξαγορεύειν
3045 3764 3127 3800 σοι
3151 3746 3251 3810 τὰς
3279 3746 3564 3818 ἁμαρτίας
3595 3764 3716 3816 μου,
3747 3745 3844 3800 διὰ

2275 3838 2344 3892 τὰ
2380 3839 2631 3910 κρίματα
2648 3837 2748 3908 τῆς
2770 3838 3122 3910 δικαιοσύνης
3142 3855 3262 3906 σου,
3293 3837 3544 3891 τουτέστι
3567 3834 3846 3908 φοϐούμε-

2273 3949 2361 3996 νος
2395 3932 2465 3986 δι’
2500 3931 2665 3988 αὑτά.

2341 4244 2615 4313 Μέτοχός
2641 4246 2756 4313 ειμι
2780 4242 2893 4313 ἐγὼ
2915 4240 3155 4296 πάντων
3187 4239 3306 4295 τῶν
3327 4239 3712 4310 φοϐουμένων
3739 4254 3839 4309 σε,

2270 4333 2368 4385 καὶ
2396 4333 2514 4385 τῶν
2531 4334 2976 4400 φυλασσόντων
2993 4333 3097 4395 τὰς
3117 4329 3368 4396 ἐντολάς
3390 4343 3528 4382 σου.
3559 4330 3834 4398 Μέτοχος,

2268 4426 2385 4495 ἦτοι
2412 4423 2665 4496 κοινωνὸς
2691 4422 2786 4474 τοῦ
2815 4423 2932 4475 ίσου
2962 4421 3152 4489 φόϐου,
3186 4421 3281 4473 καὶ
3320 4420 3417 4490 τῆς
3435 4419 3628 4490 ὁμοίας
3658 4419 3835 4489 φυλα·

2267 4517 2390 4586 κῆς,
2420 4517 2586 4586 ήγουν
2615 4509 2694 4576 εἷς
2727 4513 2931 4566 αὐτῶν.

2361 4691 2470 4747 Τοῦ
2499 4691 2712 4756 ἐλέους
2743 4705 2880 4754 σου,
2915 4691 3108 4758 Κύριε,
3137 4687 3375 4757 πλήρης
3407 4691 3441 4758 ἠ
3470 4689 3567 4759 γῆ,
3630 4690 3705 4744 τὰ
3747 4691 3840 4747 δι-

2273 4785 2576 4856 καιώματὰ
2612 4799 2728 4838 σου
2757 4784 3007 4847 ὃίδαξόν
3031 4799 3126 4851 με.
3162 4783 3348 4834 Πᾶσαν
3373 4782 3472 4852 τὴν
3505 4767 3610 4850 γῆν
3643 4782 3837 4850 ἐλεεῖς,

2267 4879 2482 4949 τρέφων
2505 4877 2733 4937 πάντας,
2767 4872 3159 4943 προνοούμενος
3185 4871 3426 4934 πάντων,
3460 4871 3832 4944 μακροθυμῶν

2268 4972 2360 5022 ἐπὶ
2389 4971 2579 5022 πᾶσιν.
2644 4966 2895 5031 Ἐλέησον
2925 4963 3088 5033 κάμὲ,
3143 4964 3238 5016 καὶ
3284 4962 3507 5028 δίδαξόν
3539 4981 3607 5034 με
3648 4966 3716 5018 τὰ
3751 4965 3835 5016 διο

2269 5058 2566 5130 καιώματὰ
2602 5073 2719 5120 σου,
2758 5054 3115 5125 ὑψηλότερον,
3157 5056 3248 5109 καὶ
3297 5056 3677 5127 βεϐαιότεροψ
3736 5055 3834 5108 καὶ

2273 5151 2379 5221 μὴν
2403 5153 2496 5206 καὶ
2525 5149 2686 5213 αὐτὸς
2719 5148 2857 5219 μετὰ
2883 5149 3099 5202 πάντων
3155 5148 3366 5218 ἠλεεῖτο
3387 5166 3403 5181 ⁸
3457 5149 3593 5203 ἀλλὰ
3651 5134 3834 5211 τοῦτο,

2268 5241 2816 5311 δυσωπητικώτερον,
2841 5240 3083 5309 εἴρηκεν.

580 5342 778 5385 esseta
815 5335 1192 5389 misericordia
1224 5334 1337 5400 Dei,
1371 5338 1465 5390 sed
1501 5348 1559 5392 ut
1607 5340 1761 5393 illum
1813 5338 1917 5394 sibi
1973 5338 2144 5407 m‘agis
2188 5335 2509 5391 benevolum
2543 5335 2816 5398 redderet,
2859 5344 2911 5388 et
2954 5344 3009 5388 ut
3034 5335 3348 5405 ampliorem
3379 5347 3502 5402 erga
3563 5347 3623 5387 se
3703 5335 3807 5389 mi-

582 5423 942 5477 sericordiam
981 5429 1320 5482 conciliaret.

656 5513 819 5568 Vens.
847 5515 934 5569 65.
956 5517 1248 5574 Bonitatem
1277 5519 1445 5588 fecisti
1470 5538 1588 5576 cum
1613 5540 1756 5580 servo
1776 5537 1885 5597 tuo,
1915 5532 2176 5591 Domine,

581 5610 863 5660 secundant
898 5608 1105 5663 verbum
1141 5622 1308 5666 tuum.
1350 5613 1650 5681 Beneﬁcio,
1681 5619 1893 5687 inquit,
1925 5624 2155 5679 aﬂ‘ecisti

584 5711 803 5749 servum
839 5713 989 5751 tuum
1019 5715 1033 5764 ;
1069 5698 1139 5754 ita
1169 5704 1313 5755 enim
1366 5701 1727 5774 Symmachus
1770 5711 2024 5767 reddidit.
2047 5689 2158 5765 Se-

592 5785 827 5838 cundum
861 5797 1039 5843 autem
1070 5788 1295 5845 verbum
1324 5801 1512 5857 tuum,
1548 5795 1689 5861 quod
1722 5796 1772 5848 in
1823 5799 1937 5868 lege
2019 5801 2161 5854 scri-

593 5882 737 5940 plum
763 5890 881 5932 esse
907 5880 1160 5937 diximus.
1199 5880 1274 5937 lbi
1303 5884 1448 5940 enim
1487 5901 1738 5956 expresse
1771 5890 2040 5958 pollicitus
2078 5906 2155 5956 es,

2338 5522 2724 5590 Χρηστότητα
2745 5521 3039 5588 ἐποίησας
3067 5516 3216 5587 μετὰ
3255 5515 3359 5568 τοῦ
3407 5515 3634 5572 δούλου
3691 5535 3830 5572 σου.

2262 5615 2456 5680 Κύριε,
2519 5613 2663 5667 κατά
2729 5616 2832 5667 τὸν
2871 5614 3056 5680 λόγον
3091 5624 3226 5662 σου.
3283 5609 3669 5681 Εῷηργέτησας
3740 5611 3834 5663 τδν

2263 5699 2451 5760 δοῦλόν
2483 5724 2574 5763 σου
2603 5725 2614 5737 ⁸
2656 5708 2798 5760 οὕτω
2828 5709 2935 5775 γὰρ
2960 5708 2985 5756 ό
3014 5704 3306 5771 Σύμμαχος
3372 5703 3601 5768 ἐξέδωκε
3627 5721 3640 5735 ⁸
3671 5699 3836 5756 ¹κατὰ

2259 5798 2350 5850 τὸν
2384 5801 2537 5868 λόγον
2566 5818 2657 5852 σοι.)
2690 5801 2767 5864 δὲ,
2827 5800 2918 5849 τὸν
2979 5795 3136 5865 ἐντῷ
3194 5797 3342 5863 νόμῳ
3417 5793 3831 5867 γεγραμμένον,

2267 5894 2390 5964 περὶ
2416 5893 2505 5946 τοῦ
2535 5891 2938 5964 εὐεργετεῖςθαι
2972 5891 3093 5953 τοὺς
3129 5888 3631 5961 εὐαρεστοῦντας·ἢ
3670 5882 3831 5939 Κατὰ
