4144 6296
268 351 411 418 1153

1429 353 1820 416 COMMENT.
1861 353 1944 414 IN
1981 315 2348 420 PSALMos.

3370 371 3508 440 lli-4

261 468 374 522 τὸν
423 465 610 536 λόγον
669 480 809 533 σου,
865 465 989 521 ἀντὶ
1007 465 1102 520 τοῦ
1133 463 1291 520 Κατὰ
1343 464 1404 517 τδ
1461 467 1673 536 πρέπον
1713 482 1815 519 σοι.

1930 477 1982 522 te
2013 467 2330 524 all'ecturum
2377 470 2640 528 beneficio
2669 489 2765 532 eos
2791 515 2809 543 ,
2850 477 2943 549 qui
2977 479 3074 536 tibi
3124 483 3339 553 placere
3374 497 3500 543 stu-

262 557 596 628 Εὐχάριστεῖ
610 558 688 624 δὲ,
715 559 801 628 ἐφ’
824 553 909 622 οἷς
937 558 1326 629 εὐηργέτηται.

1931 562 2172 618 duerint.
2204 563 2303 620 Vel
2333 565 2493 622 aliter
2523 569 2688 639 (quia
2717 571 2904 629 Graeca
2957 574 3128 631 dictio
3159 577 3318 648 λόγος
3348 621 3366 646 ,
3391 597 3503 636 non

276 647 500 702 Verbum
533 657 762 716 tantum,
790 651 885 705 sed
930 651 1185 705 rationem
1233 651 1396 704 etiam
1449 649 1759 723 signiﬁcat)
1799 671 1815 708 :
1857 651 2163 708 Secundum
2224 658 2527 724 rationem,
2594 662 2809 734 inquit,
2878 664 3055 723 fecisti
3101 647 3244 726 hanc
3295 673 3509 727 bonita—

260 749 399 811 tem,
435 744 537 798 hoc
566 753 673 812 est,
705 745 1006 799 secundum
1036 746 1265 838 id‘quod
1293 745 1628 801 divinitatem
1657 755 1808 802 tuam
1846 747 2028 804 decet.
2059 750 2320 806 Coutinet
2352 765 2535 810 autem
2569 755 2660 811 hic
2723 772 2905 812 sermo
2956 761 3260 830 gratiarum
3327 766 3504 818 actio-

265 854 387 900 nes.
418 854 516 908 pro
559 841 798 910 acceptis
832 838 1138 897 beueliciis.

337 937 745 1004 Χρηστότητα,
777 936 876 989 καὶ
903 937 1202 1001 παιδείαν,
1263 940 1362 993 καὶ
1402 941 1630 1011 γνῶσιν
1659 943 1828 996 δίδα-

261 1028 377 1093 εόν
407 1045 505 1097 με.
525 1028 615 1081 ὅτι
648 1027 778 1094 ταῖς
806 1028 1083 1096 ἐντολαῖς
1105 1047 1222 1086 σου
1256 1031 1613 1090 ἐπίστευσα.
1674 1038 1828 1107 Χρη-

265 1118 497 1188 στότητα
531 1119 631 1188 μὲν
657 1118 791 1190 πρὸς
824 1122 950 1184 τοὺς
985 1124 1294 1193 ὁμογενεῖς,
1334 1127 1585 1183 παιδείαν
1627 1129 1705 1193 δὲ,
1731 1130 1830 1200 τὴν

262 1210 325 1264 ιν
359 1213 424 1282 τῇ
468 1213 773 1282 πρακτικῇ,
803 1212 1008 1280 γνῶσιν
1035 1215 1112 1282 δὲ,
1144 1217 1241 1286 τὴν
1280 1219 1339 1272 ἐν
1365 1221 1430 1289 τῇ
1489 1220 1827 1293 θεωρητικῇ.

261 1303 556 1358 Συνὲτισόν
587 1321 678 1374 με,
710 1305 864 1374 φησὶ,
897 1307 1034 1377 πρὸς
1053 1309 1279 1377 ταύτας,
1312 1313 1428 1366 ἀνθ’
1463 1308 1538 1368 ὧν
1565 1316 1829 1385 ἐπείσθην

260 1399 388 1460 ταῖς
415 1396 654 1460 ἐντολαῖς
685 1413 780 1450 σου
804 1415 820 1430 ο
857 1397 889 1468 ἢ
940 1397 1077 1454 διότι
1126 1403 1430 1459 ἐπίστευσα
1473 1407 1688 1473 αὑταῖς,
1745 1408 1829 1460 ὃτι

261 1489 614 1544 συνετίσουσί
644 1507 736 1560 με.

338 1671 458 1740 Πρὸ
482 1671 590 1727 τοῦ
611 1690 689 1743 με
716 1676 1174 1745 ταπεινωθῆναι,
1199 1675 1315 1746 ἐγὼ
1361 1676 1825 1746 ἐπλημμέλησα,

259 1760 368 1816 διὰ
388 1761 563 1823 τοῦτο
588 1765 655 1818 τὸ
683 1766 892 1837 λόγιόν
920 1781 1039 1823 σου
1082 1765 1372 1837 ἐφύλαξα.
1427 1769 1542 1838 Πρὸ
1595 1767 1692 1820 τοῦ
1728 1786 1829 1820 κα-

2004 934 2166 991 Vsns.
2193 933 2283 990 66.
2323 933 2622 991 Bonitatem
2659 948 2713 992 et
2751 939 3112 1010 disciplinam,
3139 953 3187 996 et
3227 947 3499 1000 scientiam

1929 1031 2055 1085 doce
2083 1045 2160 1082 me
2183 1068 2199 1096 ,
2229 1029 2354 1098 quia
2378 1029 2646 1100 mandatis
2673 1031 2777 1085 tuis
2811 1032 3034 1088 credidi.
3071 1033 3214 1092 Doce
3255 1055 3338 1094 me
3365 1081 3378 1103 ,
3410 1041 3499 1093 in-

1931 1132 2068 1188 qutt,
2099 1120 2402 1175 bonitatem
2441 1135 2567 1189 erga
2601 1122 2808 1177 amicos
2831 1131 2886 1178 et
2916 1136 3176 1195 cognatos
3199 1169 3213 1191 ,
3247 1131 3497 1201 discipli-

1935 1228 2059 1267 nam
2095 1212 2149 1266 in
2182 1211 2518 1274 actionibus,
2553 1220 2606 1266 et
2639 1213 2925 1268 scientiam
2957 1215 3011 1268 in
3049 1221 3494 1288 coutemplando.

1927 1303 2152 1358 lnstruc
2181 1318 2265 1357 mc
2292 1303 2456 1373 igitur
2487 1304 2540 1357 in
2575 1303 2660 1358 bis
2699 1306 2953 1361 omnibus
2979 1346 2995 1371 ,
3040 1309 3166 1376 quia
3225 1315 3498 1367 mandatis

1926 1395 2034 1444 tuis
2070 1392 2435 1460 obtemperavi
2466 1430 2481 1455 ,
2517 1393 2600 1446 vel
2625 1394 2754 1462 quia
2804 1393 3004 1448 credidi
3035 1435 3050 1459 ,
3092 1396 3237 1464 quod
3297 1398 3494 1452 instrui

1925 1483 2182 1537 deberent
2213 1496 2242 1533 a
2279 1481 2554 1537 mandatis
2577 1483 2714 1551 tuis,
2757 1493 2919 1554 atque
2950 1486 3019 1539 ab
3059 1485 3166 1541 illis
3189 1489 3493 1556 sapientior

1931 1575 2108 1628 reddi.

1923 1690 1932 1698 -
2000 1666 2158 1719 Vens.
2195 1665 2281 1720 67.
2315 1665 2634 1735 Priusquam
2655 1666 2967 1723 humiliarer
2995 1686 3085 1742 ego
3117 1673 3352 1742 deliqui:
3376 1691 3498 1742 pro-

1924 1769 2096 1826 pterea
2111 1758 2371 1827 eloquium
2401 1765 2547 1810 tuum
2575 1758 2854 1812 custodivi.
2892 1761 3193 1831 Antequam
3218 1765 3492 1831 aliligcrer

260 1852 579 1925 κοπαθῆσαί
603 1872 674 1924 με
708 1857 957 1931 ἥμαρτον
976 1871 990 1887 ⁸
1021 1859 1345 1929 ἁμαρτήσας
1381 1859 1665 1929 πρότερον,
1707 1856 1821 1912 εἶτα

1928 1866 2026 1919 ego
2074 1850 2335 1918 peccavi;
2391 1859 2443 1904 et
2489 1850 2617 1918 quia
2673 1861 2796 1920 post
2853 1864 3132 1922 peccatum
3196 1857 3493 1926 castigatus

260 1944 615 2017 ἀπαιδεύθην.
651 1949 751 2002 Διὰ
777 1949 942 2003 τοῦτο
969 1949 1063 2003 τὸν
1093 1949 1256 2019 νόμον
1288 1967 1380 2001 σου
1413 1949 1679 2018 ἐφύλαξα,
1737 1952 1845 2006 ἵνα

260 2037 345 2108 μὴ
369 2039 532 2093 πάλιν
562 2041 903 2112 ἁμαρτήσας,
947 2041 1249 2111 πειρασθῶ.
1310 2041 1706 2114 Ἐπεται.γὰρ
1757 2047 1825 2116 τῇ

261 2126 616 2200 πλημμελείᾳ
634 2132 968 2207 ταπείνωσις
994 2134 1060 2186 ὲκ
1093 2133 1427 2204 πειρασμοῦ.
1461 2135 1534 2186 "H
1575 2136 1674 2188 καὶ
1729 2151 1826 2187 τα-

258 2218 525 2274 πείνωσιν
577 2222 933 2292 ὑποληπτέον,
976 2223 1076 2293 τὴν
1120 2224 1396 2294 ἐνάρετον,
1445 2224 1545 2296 τὴν
1577 2226 1643 2277 ἐκ
1668 2242 1767 2279 συν
1795 2254 1820 2265 -

256 2306 568 2377 αισοήσεως
591 2310 1030 2382 ἁμαρτίας,τοῖς
1088 2315 1452 2386 προσέχουσιν
1512 2317 1826 2384 ἐπιγινομέ-

254 2414 383 2469 νην,
412 2398 500 2452 ἵνα
532 2401 630 2454 καὶ
659 2403 945 2474 νοήσωμεν
988 2405 1070 2458 ὅτι
1114 2407 1145 2476 ἡ
1185 2407 1534 2478 πλημμέλεια
1597 2407 1822 2474 γέγονεν

255 2489 416 2562 αὕτῷ
440 2491 698 2563 πρόξενος
718 2497 1251 2569 ταπεινοφροσύνης.

329 2672 602 2748 Χρηατὸς
622 2670 682 2727 εἷ
699 2673 805 2741 σὺ,
826 2675 1024 2743 Κύριε,
1070 2679 1168 2731 καί
1205 2676 1275 2730 ἐν
1312 2677 1389 2747 τῇ
1454 2678 1823 2748 χρηστότητί

1930 1953 2073 2003 sum,
2101 1939 2168 1993 de
2201 1949 2393 1994 cancro
2428 1941 2598 2010 legem
2639 1951 2785 1996 tuam
2819 1944 3089 1999 custodivi
3119 1961 3132 2000 :
3167 1947 3366 2002 timens
3398 1966 3487 2014 ne,

1928 2031 1972 2086 si
2012 2045 2200 2085 rursus
2231 2031 2362 2084 mihi
2405 2047 2633 2101 peccare
2693 2034 3074 2102 contingeret,
3132 2053 3325 2094 rursus
3375 2041 3493 2108 pari

1927 2117 2090 2170 modo
2117 2116 2414 2174 afﬂictione
2441 2119 2622 2190 aliqua
2677 2123 3034 2192 castigandus
3087 2142 3287 2182 essem.
3343 2129 3495 2184 Solet

1927 2210 2071 2264 enim
2107 2220 2228 2280 post
2254 2221 2538 2288 peccatum
2591 2213 2816 2270 afﬂictio
2856 2221 3118 2288 consequi
3147 2260 3162 2283 ,
3187 2219 3361 2292 'atque
3391 2225 3493 2279 ltu-

1926 2299 2170 2355 miliatio.
2206 2299 2691 2370 Fortassis‘etiam,
2731 2306 2798 2360 de
2829 2321 2887 2360 ea
2921 2308 3163 2376 loquitur
3207 2312 3489 2370 humilita-

1926 2390 2002 2444 tis
2029 2392 2249 2454 virtute,
2283 2407 2400 2460 quae
2426 2379 2668 2450 curdatis
2715 2395 3027 2453 hominibus
3059 2402 3127 2456 de
3156 2406 3488 2462 conscientia

1923 2483 2226 2538 innascitur
2261 2487 2490 2553 peccati,
2524 2487 2597 2540 ita
2621 2498 2678 2557 ut
2716 2505 2914 2546 sensus
2962 2493 3060 2558 sit,
3110 2494 3254 2563 quod
3288 2511 3484 2566 pecca-

1921 2583 2036 2628 tum
2065 2575 2166 2629 sibi
2199 2575 2302 2630 fuit
2331 2593 2496 2631 causa
2527 2579 2881 2638 humilitatis.

2011 2660 2177 2719 Vens.
2212 2665 2301 2722 ($8.
2338 2666 2517 2721 Bonus
2541 2683 2592 2721 es
2616 2677 2693 2734 tu,
2725 2680 2774 2723 et
2805 2671 2858 2724 in
2883 2671 3114 2728 bonitate
3150 2684 3242 2728 tua
3263 2677 3389 2731 doce
3410 2694 3490 2733 me

252 2783 376 2822 σου
405 2745 654 2831 δίδαξόν
677 2784 756 2836 με
787 2767 858 2822 τὰ
891 2769 1250 2840 δικαιώματα
1288 2745 1421 2826 σου.
1473 2745 1573 2834 ἶΩς
1593 2745 1818 2840 άγαθδς,

1918 2756 2326 2826 iustiﬁcationes
2357 2769 2497 2813 tuas.
2537 2761 2818 2831 Tanquam
2854 2761 3052 2827 bonus.
3087 2776 3138 2818 et
3175 2768 3488 2825 misericors

255 2859 355 2912 καὶ
388 2858 792 2928 φιλάνθρωπος,
837 2862 934 2914 καὶ
977 2863 1300 2932 φιλάγαθος,
1339 2862 1551 2928 δίδαξόν
1582 2881 1649 2932 με
1682 2881 1819 2934 τρα-

252 2948 514 3020 νώτερον,
542 2949 630 3004 ἵνα
653 2953 808 3021 κάγὼ
840 2952 1002 3020 τοῦτο
1024 2957 1290 3026 γένωμαι’
1325 2957 1387 3009 τὸ
1411 2957 1546 3010 αὐτὸ
1579 2956 1637 3009 δὲ
1668 2956 1817 3023 λέγει

252 3042 523 3106 πολλάκις
557 3044 844 3099 ἐπιτείνων
876 3063 935 3099 τε
957 3046 1056 3116 τὴν
1082 3047 1286 3116 δέησιν,
1317 3047 1413 3100 καὶ
1456 3045 1663 3117 σφόδρα
1717 3045 1817 3108 τῖες

258 3134 416 3204 παρὰ
442 3133 577 3187 Θεοῦ
609 3135 956 3200 διδασκαλίας
983 3136 1332 3207 ὀρεγόμενος.

328 3218 712 3290 Ἐπληθὺνθη
739 3223 845 3275 ἐπ’
866 3222 972 3292 ἐμὲ
1001 3223 1201 3278 ἀδικία
1245 3224 1668 3295 ὑπερηφάνων,
1701 3223 1818 3292 ἐγὼ

249 3308 326 3364 δὲ
351 3310 422 3364 ἐν
461 3311 817 3382 ὅλῃοκαρδία
854 3333 973 3386 μου
1009 3315 1388 3385 ἐξερευνήσω
1430 3319 1538 3384 τὰς
1564 3316 1820 3383 ἐντολάς

249 3419 399 3458 σου.
449 3405 677 3460 Ἐκεῖνοι
706 3408 806 3477 μὲν
835 3408 1085 3462 ἀδικοῦσί
1116 3426 1206 3480 με,
1249 3409 1358 3477 ἐγὼ
1385 3411 1463 3471 δὲ.
1488 3410 1596 3462 οὐδ’
1645 3407 1820 3471 οὕτως

251 3497 639 3569 ἀποστήσομαι
676 3501 783 3552 ἀπὸ
798 3501 904 3553 τῶν
935 3502 1165 3554 ἐντολῶν
1195 3517 1313 3566 σου,
1344 3500 1466 3552 οὐδὲ
1498 3485 1812 3569 μιμήσομαί

250 3593 506 3653 τούτους,
537 3590 651 3644 ἀλλ’
679 3590 1019 3663 ὲξερευνήσω
1037 3591 1258 3658 ταύτας,
1289 3591 1382 3644 καὶ
1419 3589 1517 3660 τὴν
1561 3605 1817 3660 παραμυ-

251 3683 381 3738 θίαν
406 3683 614 3736 ἐκεῖθεν
642 3683 934 3754 ἀρύσομαι.
961 3685 1369 3756 Ὑπερηφάνους
1395 3683 1453 3737 δὲ
1483 3683 1694 3754 νόησον,
1724 3682 1818 3735 καὶ

248 3773 384 3838 τοὺς
405 3774 687 3844 δαίμονας,
717 3776 811 3829 καὶ
838 3775 965 3838 τοὺς
997 3775 1315 3846 ὑπερόπτας
1331 3768 1424 3827 τοῦ
1460 3776 1649 3845 νόμου.

337 3954 632 4023 Ἔτυρὼοη
657 3956 733 4021 ὡς
757 3954 912 4024 γάλα
937 3954 975 4023 ὴ
997 3954 1210 4022 καρδία
1231 3955 1446 4024 αὐτῶν,
1472 3955 1588 4028 ἐγὼ
1623 3955 1692 4009 δὲ
1711 3955 1816 4009 τὸν

249 4045 444 4113 νόμον
497 4060 614 4099 σου
636 4045 996 4115 ἐμελέτησα.
1046 4047 1420 4118 Ἐσκληρὺνθη
1473 4047 1598 4102 κατ’
1653 4045 1813 4107 ἐμοῦ.

251 4136 330 4189 Τὸ
381 4137 522 4199 γάλα
577 4137 686 4210 γὰρ
711 4139 790 4200 είς
806 4137 971 4208 τυρὸν
1018 4136 1808 4209 πησσόμενον,·σκληρύνεται.

255 4228 334 4280 Ἦ
397 4228 660 4300 ὲλιπάνθη
725 4230 1181 4299 ὲνευθηνουμένη,
1229 4231 1351 4290 ταῖς
1406 4227 1669 4287 ἀδικίαις.
1739 4226 1814 4278 Τὸ

253 4322 401 4391 γάλα
426 4314 535 4392 γὰρ
567 4325 647 4385 εἰς
674 4323 838 4392 τυρδν
870 4319 1212 4392 πησσόμενον
1266 4319 1669 4390 λιπωδέστερον
1723 4319 1814 4388 γίο

254 4430 430 4467 νεται.

322 4676 576 4745 Ἀγαθόν
625 4691 727 4743 μοι
781 4674 870 4728 ὅτι
911 4673 1315 4739 ἐταιείνωσάς
1369 4689 1466 4742 με·
1537 4672 1694 4738 ὅπως
1737 4672 1816 4726 ἂν

247 4768 424 4841 μάθω
444 4766 518 4820 τὰ
575 4764 936 4833 δικαιώματά
993 4784 1132 4822 σου.
1184 4766 1490 4836 Συμφέρον,
1540 4763 1815 4833 ὠφέλιμόν

258 4859 356 4933 μοι
395 4863 636 4928 γέγονεν,
689 4859 771 4910 ὃτι
825 4856 1155 4922 ἐπαίδευσας
1195 4856 1277 4928 ’με
1321 4855 1669 4926 πειρασμοῖς,
1729 4854 1813 4908 ἵνα

257 4954 420 5024 μάθω
447 4954 508 5006 τὸ
531 4951 740 5006 δίκαιόν
786 4967 902 5015 σου,
943 4949 1023 5002 ὅτι
1078 4949 1324 5014 κολάζεις
1379 4949 1506 5008 τοὺς
1571 4945 1816 5015 ἁμαρτὰ-

253 5064 448 5109 νοντας
475 5063 488 5076 ·
522 5045 619 5098 καὶ
643 5045 726 5098 ὅτι
754 5044 805 5097 εί
835 5040 1070 5096 ἐνταῦθα
1101 5043 1372 5105 κολάζεις,
1404 5037 1585 5108 πολλῷ
1614 5037 1814 5108 μᾶλλον

255 5139 399 5191 ἐκεῖ.
1025 5141 1030 5146 ”
1078 5166 1082 5169 ·
1637 5155 1644 5162 ’

327 5228 575 5299 Ἀγαθός
619 5245 720 5296 μοι
749 5229 782 5280 ό
809 5226 991 5302 νόμος
1020 5224 1126 5279 τοῦ
1146 5224 1442 5293 στόματός
1490 5235 1627 5284 σου,
1664 5220 1816 5290 ὑπὲρ

256 5323 532 5394 χιλιάδας
560 5320 815 5390 χρυσίου
841 5320 937 5372 καί
987 5319 1292 5387 ἀργυρίου.
1329 5318 1385 5369 '0
1407 5319 1570 5386 νόμος
1611 5314 1669 5367 ὃν
1717 5316 1819 5367 ὑπ.

256 5417 569 5489 ηγὸρευσας
597 5414 677 5486 τῷ
704 5413 936 5482 Μωῦσῇ,
961 5411 1164 5479 ἀγαθός
1181 5426 1301 5479 μοι,
1325 5409 1512 5479 ὥσπερ
1543 5407 1817 5474 παιδαγω-
1842 5444 1862 5450 -

255 5510 378 5578 τῶν
402 5509 464 5561 τὸ
493 5507 674 5578 σῶμα,
702 5506 796 5560 καὶ
825 5504 1101 5576 ῥυθμίζων
1123 5503 1193 5556 τὰ
1220 5501 1346 5572 ἢθη,
1368 5504 1473 5556 οιαὶ
1526 5501 1816 5563 συνετίζων

421 5615 574 5651 υγην.

421 5615 450 5649 υ
558 5635 574 5651 ο

254 5597 614 5760 wing“
655 5703 773 5742 σου
821 5685 1117 5755 ἐποίησάν
1133 5701 1209 5755 με
1263 5684 1361 5738 καὶ
1414 5683 1694 5738 ἔπλασαν
1717 5701 1814 5751 με,

256 5778 588 5837 συνέτισόν
607 5794 704 5846 με,
731 5777 832 5833 καί
851 5779 1192 5848 μαθήσομαι
1215 5776 1320 5841 τὰς
1353 5776 1605 5839 ἐντολάς
1672 5791 1807 5829 σου.

1920 2850 2052 2905 doce
2082 2865 2165 2907 me
2196 2852 2488 2916 sincerius,
2523 2861 2581 2906 ut
2605 2870 2705 2924 ego
2741 2857 2904 2911 etiam
2963 2859 3139 2914 bonus
3177 2861 3323 2915 fiam.
3375 2861 3488 2916 Sa:-

1921 2956 2042 3009 ptus
2070 2956 2200 2996 vero
2227 2942 2370 2997 idem
2407 2944 2642 3012 repetit,
2701 2947 3006 3002 orationem
3055 2949 3345 3007 intendens
3373 2993 3386 3018 ,
3419 2967 3484 3010 ac

1919 3034 2085 3087 veluti
2122 3035 2321 3088 divina:
2350 3034 2615 3089 doctrina:
2642 3036 2857 3093 avidus.

1991 3228 2156 3284 Vens.
2192 3228 2281 3284 69.
2311 3229 2660 3298 Multiplicata
2693 3239 2770 3286 est
2796 3248 2952 3300 super
2988 3251 3068 3288 me
3091 3235 3357 3306 injustitia
3395 3255 3485 3307 su-

1920 3319 2219 3388 perborum,
2251 3335 2342 3387 ego
2377 3329 2552 3374 autent
2621 3321 2676 3374 in
2712 3330 2817 3375 toto
2862 3322 3017 3376 corde
3047 3339 3156 3376 utea
3204 3328 3484 3378 scrutabor

1883 3413 1892 3424 ‘
1920 3410 2175 3462 mandata
2202 3419 2315 3464 tua.
2347 3410 2455 3476 illi,
2499 3412 2693 3481 inquit,
2724 3428 2936 3468 summa
2968 3429 3053 3470 me
3078 3415 3316 3470 alliciunt
3348 3417 3484 3485 inju-

1918 3501 2022 3563 ria,
2056 3515 2158 3569 ego
2189 3508 2372 3554 tamen
2411 3511 2700 3570 propterea
2729 3518 2758 3556 a
2794 3505 3068 3560 mandatis
3105 3510 3214 3560 tuis
3250 3523 3352 3560 non
3399 3524 3484 3561 re-

1920 3597 2132 3668 cedam,
2167 3605 2270 3645 nec
2300 3593 2565 3658 superbos
2597 3593 2852 3648 imitabor
2885 3595 3168 3662 :quinimo
3197 3599 3482 3652 scrutabor

1918 3680 2172 3735 mandata
2200 3691 2314 3748 tua,
2349 3681 2402 3735 in
2436 3684 2636 3751 quibus
2662 3684 3094 3740 consolationem
3145 3688 3318 3756 capio.
3376 3687 3482 3742 Per

1919 3772 2181 3841 superbos
2208 3783 2386 3827 autem
2426 3781 2482 3828 et
2507 3774 2782 3832 daemones
2814 3777 3077 3848 intelligo,
3104 3787 3157 3832 et
3186 3779 3317 3850 legis
3344 3795 3498 3835 con-.

1920 3873 2238 3934 temptores.

1989 3954 2152 4010 Vsus.
2206 3955 2292 4008 70.
2347 3954 2698 4023 Coagulalum
2749 3964 2828 4009 est
2871 3955 3010 4009 sicut
3050 3956 3134 4010 lac
3153 3974 3243 4012 cor
3273 3975 3478 4026 eorum,

1915 4063 2008 4116 ego
2049 4062 2166 4098 vero
2193 4046 2356 4114 legem
2383 4055 2529 4098 tuam
2560 4045 2842 4099 meditatus
2866 4062 3002 4101 sum.
3023 4046 3350 4104 lnduratum'
3370 4060 3475 4118 est,

1913 4133 2112 4202 inquit,
2149 4147 2339 4186 eorum
2372 4149 2469 4187 cor
2499 4131 2790 4188 adversum
2832 4150 2937 4190 me.
2969 4134 3077 4191 Lac
3105 4137 3249 4191 enim
3279 4152 3478 4207 coagu-

1915 4224 2079 4280 latum
2105 4226 2158 4280 in
2193 4241 2414 4282 caseum
2448 4227 2781 4283 obdurescit.
2819 4227 2911 4282 Vel
2946 4230 3110 4298 (quia
3159 4228 3342 4282 Grmca
3392 4229 3474 4280 di-

1914 4320 2044 4380 ctio,
2065 4319 2337 4389 ὲτυρώθη,
2374 4335 2478 4372 non
2510 4331 2618 4373 tam
2653 4322 2990 4390 coagulatum
3017 4336 3178 4388 quant
3206 4331 3476 4374 caseatum

1913 4412 2221 4481 signiﬁcat)
2251 4427 2264 4463 :
2293 4411 2582 4465 Caseatum
2613 4422 2693 4465 est
2717 4449 2732 4474 ,
2763 4413 2978 4480 inquit,
3003 4409 3107 4466 hoc
3133 4421 3249 4476 est,
3279 4414 3476 4483 pingue

1842 4515 1887 4569 ι)
1916 4502 2184 4567 effectum,
2207 4511 2259 4557 et
2293 4501 2580 4555 abundans
2601 4502 3004 4572 iniquitatibus.
3035 4501 3184 4557 Ellici
3209 4507 3352 4558 enim
3387 4520 3476 4558 so-

1917 4593 1994 4646 let
2024 4593 2300 4660 pingnius,
2331 4589 2434 4654 Iac,
2473 4590 2563 4643 ubi
2593 4590 2646 4644 in
2681 4594 2898 4644 caseum
2948 4594 3304 4647 concreverit.

1977 4684 2145 4747 _VERS.
2189 4683 2275 4734 Ἠ.
2317 4680 2520 4735 Bonum
2568 4682 2716 4745 mihi,
2765 4684 3235 4753 quia'ltumiliasti
3264 4699 3365 4741 me.
3413 4690 3470 4735 ut

1915 4774 2112 4839 discam
2137 4771 2549 4839 justiﬁcationcs
2582 4781 2722 4827 tuas.
2757 4770 2899 4827 Utile
2939 4774 3159 4840 quidem
3189 4773 3320 4827 mihi
3365 4773 3471 4827 fuit

1915 4862 2118 4932 corripi
2178 4876 2208 4914 a
2259 4873 2332 4926 te,
2384 4864 2554 4918 variis
2606 4863 3017 4925 aﬂlictionibus,
3076 4871 3137 4916 ut
3188 4863 3466 4932 justitiam

1917 4961 2069 5006 tuam
2117 4951 2459 5007 addiscerem
2496 4971 2510 5006 :
2543 4952 2692 5020 quod
2732 4951 2944 5005 scilicet
2973 4960 3028 5005 tu
3060 4954 3353 5022 peccantes
3376 4967 3470 5006 ca-

1916 5048 2103 5114 stigas.
2139 5042 2292 5108 Quod
2327 5048 2374 5099 si
2395 5043 2455 5122 in
2490 5040 2748 5111 praesenti
2778 5043 2888 5096 Vita
2914 5044 3075 5112 punis
3123 5049 3466 5114 peccatores;
3561 5105 3572 5122 ι

1915 5141 2120 5209 quanto
2151 5137 2322 5208 magis
2354 5136 2408 5190 id
2440 5135 2607 5188 facies
2637 5134 2696 5211 in
2729 5133 2952 5238 futu.ra?
3530 5121 3537 5129 ’

1983 5227 2148 5282 Vsus.
2191 5227 2278 5281 72.
2316 5226 2469 5280 Bona
2499 5225 2629 5277 mihi
2675 5224 2763 5277 lea:
2811 5224 2920 5279 o'ris
2973 5228 3070 5291 tui,
3107 5242 3262 5294 super
3293 5225 3467 5278 millia

1917 5321 2036 5374 auri
2066 5330 2114 5373 et
2140 5320 2363 5390 argenti.
2396 5316 2532 5381 Lex,
2562 5331 2727 5386 quam
2760 5317 2930 5390 Moysi
2980 5319 3278 5383 tradidisti,
3323 5319 3466 5373 bona

1917 5412 2047 5467 mihi
2087 5421 2194 5477 est,
2223 5425 2288 5466 eo
2320 5410 2464 5478 quod
2497 5410 2739 5474 instruit,
2772 5420 2940 5480 atque
2967 5411 3153 5466 erudit
3182 5425 3288 5465 me.
3329 5409 3462 5462 Nam

1918 5513 1973 5558 et
2005 5519 2204 5572 corpus
2231 5501 2482 5568 castigat,
2516 5507 2573 5554 et
2603 5517 2788 5558 mores
2810 5501 3014 5572 dirigit,
3059 5508 3114 5556 et
3137 5487 3466 5569 ‘sapientio-

1918 5610 2030 5650 rem
2067 5597 2299 5650 animam
2333 5593 2530 5648 reddit.
2729 5580 2740 5592 ’

1990 5688 2154 5743 Vsus.
2191 5687 2280 5742 73.
2323 5685 2517 5740 Manut
2551 5671 2654 5742 tute
2693 5689 2948 5756 'fecerunt
2985 5703 3065 5739 me
3091 5696 3138 5740 et
3169 5687 3463 5753 plasmave-

1921 5790 2042 5832 runt
2072 5794 2169 5844 me,
2207 5777 2278 5832 da
2307 5779 2433 5833 mihi
2464 5780 2806 5837 intellectura.
2863 5789 2916 5832 ut
2963 5781 3166 5832 discam
3210 5774 3464 5828 mandata
