4144 6296
687 358 706 421 i
723 357 821 423 1:35
1867 310 2261 421 IEUTHYMII
2303 363 2662 423 ZIGABENI
3760 359 3897 426 1le

684 483 798 547 tua.
829 471 908 524 Tu
939 469 1045 537 me,
1075 471 1275 541 inquit,
1309 471 1616 539 plasmasti,
1642 477 1700 522 tu
1725 469 1856 523 mihi
1887 471 2229 539 prudentiam

2337 473 2407 526 Σύ
2472 491 2540 542 με
2589 473 2850 539 ἔπλασας,
2881 473 2944 527 σύ
3006 490 3074 542 με
3118 472 3415 538 συνέτισον,
3451 471 3516 526 σύ
3566 489 3639 543 με
3665 472 3899 537 δίδαξον.

683 573 926 628 praesta;
962 569 1020 616 tu
1077 577 1162 616 me
1218 563 1372 627 doce,
1414 570 1468 616 et
1513 576 1613 631 ego
1659 559 1933 615 addiscam
1982 560 2235 614 mandata

2340 565 2435 616 καὶ
2465 564 2780 634 μαθήσομαι
2811 565 3102 632 κατορθοῦν
3146 565 3242 628 τὰς
3294 564 3513 627 ἐντολάς
3562 581 3678 616 σου.
3739 563 3898 624 Tw};

684 668 798 718 tua,
835 669 956 722 qua:
1008 654 1392 730 hominem'ad
1440 663 1643 706 rectam
1684 653 1934 707 semitam
1974 653 2234 722 dirigunt.

2337 653 2392 704 δὲ
2427 656 2612 722 χεῖρας
2649 655 2741 706 τοῦ
2774 655 2986 726 Πατρός
3015 654 3195 708 νοοῦσι
3235 656 3326 707 τὸν
3360 655 3508 716 Υῑὸν,
3532 653 3629 707 καὶ
3657 655 3717 707 τὸ
3748 654 3900 721 ἅγιοι

687 748 867 815 Aliqui
895 746 1062 800 etiam
1101 745 1317 808 dicunt,
1364 747 1508 811 quod
1554 741 1726 795 Filius
1753 749 1810 794 et
1855 749 2081 796 sanctus
2113 741 2238 810 Spi-

686 838 825 893 ritus
850 838 957 891 dici
991 846 1221 905 possunt
1253 849 1446 887 manus
1480 832 1655 887 Patris
1688 849 1704 885 :
1735 847 1800 886 eo
1830 833 1973 900 quod
2021 847 2119 901 per
2143 846 2238 886 eos

684 931 866 983 omnia
896 928 1048 982 fecit.

758 1017 922 1071 Vens.
965 1017 1055 1069 74.
1098 1015 1202 1080 Qui
1237 1016 1419 1067 timent
1457 1020 1527 1076 te,
1562 1012 1811 1068 videbunt
1855 1030 1954 1079 me,
2001 1022 2051 1066 et
2089 1013 2240 1068 (mta-

686 1108 900 1171 buntur,
930 1109 1053 1176 quia
1089 1109 1140 1159 in
1197 1106 1346 1160 verba
1394 1116 1483 1158 tua
1533 1107 1918 1175 supersperavi.
1965 1106 2240 1160 Videbunt

689 1213 773 1250 me
809 1196 1090 1266 prolicere,
1150 1195 1196 1249 si
1239 1195 1369 1249 mihi
1418 1195 1752 1248 intellectum
1800 1194 2152 1262 praestiteris;
2186 1204 2240 1248 et

687 1286 1036 1347 laetabuntur,
1061 1285 1204 1352 quod
1241 1284 1294 1336 in
1336 1283 1610 1346 mandatis
1643 1283 1754 1338 tuis
1779 1281 1937 1337 valde
1981 1297 2236 1352 sperave-

684 1377 785 1429 rim
815 1383 868 1428 et
902 1391 1008 1428 non
1042 1376 1095 1428 in
1133 1361 1262 1426 'aliis
1286 1373 1468 1427 saeculi
1503 1374 1661 1442 hujus
1686 1373 1928 1426 auxiliis.

647 1525 650 1528 ,
757 1465 920 1518 Vens.
949 1464 1037 1517 75.
1077 1463 1328 1533 Cognovi,
1356 1461 1598 1530 Domine,
1629 1463 1765 1532 quod
1787 1463 2005 1532 justitia
2027 1463 2236 1534 judicia

686 1569 801 1622 tua,
851 1567 898 1610 et
942 1559 1159 1611 veritate
1217 1566 1308 1609 tua
1369 1557 1665 1610 quniliasti
1710 1572 1810 1610 me.
1894 1554 2238 1626 Experieutia

685 1653 937 1719 cognovi,
977 1636 1123 1720 quod
1165 1651 1370 1720 judicia
1414 1660 1506 1704 tua
1562 1650 1714 1718 justa
1768 1657 1918 1716 sunt,
1981 1651 2239 1718 quodque

690 1742 898 1794 merito
953 1742 1138 1795 multis
1193 1756 1277 1796 me
1339 1739 1720 1794 amictionibus
1779 1740 2125 1809 depressisti,
2182 1749 2239 1794 ut

683 1838 1002 1905 prudentior
1029 1836 1210 1911 tierent
1241 1853 1257 1890 :
1295 1835 1348 1887 in
1386 1843 1436 1888 te
1467 1836 1610 1888 enim
1642 1835 1996 1905 deliqueram.

752 1926 919 1980 Vens.
963 1927 1051 1980 76.
1097 1925 1224 1979 Fiat
1257 1927 1381 1978 mihi
1428 1925 1790 1979 misericordia
1824 1937 1932 1990 tua,
1973 1936 2028 1978 ut
2053 1943 2241 1980 consa-

682 2016 816 2069 letnr
847 2032 924 2070 me
949 2016 1229 2070 secundum
1261 2015 1519 2084 eloquium
1557 2027 1728 2079 tuum,
1782 2032 1928 2068 servo
1980 2025 2089 2069 tuo.
2119 2016 2240 2069 Fiat

683 2107 813 2159 mihi
848 2122 1005 2160 servo
1046 2116 1140 2158 tuo
1174 2107 1549 2159 misericordia
1595 2115 1710 2167 tua,
1771 2116 1829 2159 ut
1877 2121 1962 2158 me
2010 2105 2235 2158 calami-

684 2197 888 2249 tatibus
921 2195 1175 2248 alliictum
1233 2195 1535 2264 refrigeret.
1592 2194 1711 2247 Fiat
1748 2203 1922 2248 autem
1951 2194 2054 2247 hoc
2080 2193 2233 2255 mihi,

677 2285 830 2353 juxta
883 2284 1296 2353 promissionem
1365 2295 1534 2335 tuam.
1571 2283 1851 2336 Pollicitus
1883 2283 2028 2348 enim
2072 2297 2131 2336 es
2176 2283 2231 2335 in

681 2377 796 2442 lege
831 2389 943 2438 tua,
975 2390 1132 2444 opem
1177 2384 1229 2427 te
1253 2375 1490 2427 laturum
1520 2389 1642 2428 esse
1669 2375 1929 2427 ouinibus
1958 2373 2234 2442 paeniten-

683 2466 852 2518 til'us.

753 2552 914 2606 Vsus.
957 2553 1042 2605 77.
1096 2553 1315 2606 Veniant
1354 2551 1482 2604 milii
1517 2551 1878 2604 miserationes
1903 2561 2026 2615 tum,
2060 2560 2110 2603 et
2165 2549 2238 2603 ri-

680 2659 816 2697 nam.
853 2644 1001 2707 Mihi,
1036 2645 1283 2711 inquam.
1315 2642 1407 2710 qui
1442 2643 1602 2695 modo
1639 2643 1860 2696 tristitia
1886 2657 1946 2695 ac
1997 2655 2231 2695 mcerore

680 2748 817 2802 pene
844 2749 992 2788 eram
1020 2733 1337 2788 suﬂocatus.

751 2824 888 2888 Quia
937 2825 1020 2875 lea:
1088 2836 1180 2876 tua
1226 2823 1498 2876 meditatio
1530 2838 1643 2876 mea
1667 2829 1765 2874 est.
1817 2820 2047 2876 Veniant
2077 2823 2232 2889 mihi,

677 2917 880 2984 inquit,
914 2915 1018 2968 illa:
1056 2915 1433 2967 miserationes
1482 2920 1608 2978 tuae,
1655 2913 1782 2982 quia
1812 2913 2090 2988 deinceps,
2123 2928 2232 2984 pm

678 3007 889 3061 caeteris
917 3005 1190 3065 omnibus,
1224 3005 1306 3059 lex
1339 3016 1426 3058 tua
1459 3005 1562 3058 erit
1587 3005 1865 3059 meditatio
1889 3020 2030 3059 mea.

750 3097 915 3150 Vsus.
949 3097 1036 3150 78.
1068 3095 1480 3164 Confundnntur
1506 3095 1738 3164 superbi,
1766 3097 1888 3165 quia
1911 3096 2103 3166 injuste
2132 3097 2233 3150 ini-

2338 744 2581 814 Πνεῦμα,
2618 746 2686 798 δι’
2713 742 2786 802 ὧν
2806 747 2879 827 ,τὰ
2901 748 3079 801 πάντα
3101 747 3378 816 ἐποίησεν.

2411 1016 2476 1067 Οἱ
2506 1013 2862 1083 φοϐούμενοί
2884 1031 2956 1068 σε
2993 1015 3247 1082 ὄψον-ταί
3266 1033 3361 1083 με,
3403 1017 3497 1069 καὶ
3560 1017 3895 1087 εὐφρανθὴς

2337 1119 2565 1168 careat,
2629 1103 2719 1156 ὅτι
2779 1105 2865 1168 εἰς
2920 1104 3060 1168 τοὺς
3115 1106 3336 1172 ,λόγους
3381 1121 3497 1159 σου
3561 1106 3902 1172 ἐπήλπισα.

2342 1193 2601 1261 Ὄψονταὲ
2641 1210 2707 1256 με
2767 1192 3164 1262 προκόπτοντα,
3211 1197 3259 1248 ει
3319 1196 3600 1267 συνετίσῃς
3655 1214 3746 1266 με,
3804 1197 3902 1251 καὶ

2339 1283 2821 1353 εὐφρανθήσονται,
2851 1285 2934 1337 ὅτι
2965 1287 3042 1347 εις
3065 1288 3163 1348 τὰς
3195 1287 3412 1348 ἐντολάς
3442 1304 3538 1340 σου
3588 1289 3902 1358 ἐπήλπισε,

2339 1376 2431 1427 καὶ
2452 1375 2553 1427 οὐκ
2577 1376 2654 1438 εἰς
2682 1375 2859 1430 ἄλλοτι
2883 1376 3155 1446 βιωτικὸν.

2412 1463 2661 1528 Ἕγνων.
2679 1463 2872 1528 Κύριε,
2893 1462 2979 1515 ὅτι
3005 1463 3357 1529 δικαιοσύνη
3388 1465 3459 1516 τὰ
3482 1465 3728 1534 χρίματὰ
3759 1482 3902 1530 σου,

2337 1552 2436 1619 καὶ
2466 1552 2714 1618 ἀληθείᾳ
2741 1553 3141 1619 ἐταπείνωσὰς
3194 1571 3292 1624 με.
3332 1557 3541 1623 Ἐγνων
3597 1562 3662 1628 τῇ
3705 1559 3903 1628 πείρᾳ,

2337 1644 2419 1695 ὅτι
2446 1643 2652 1709 δίκαιαι
2683 1645 2738 1697 at
2770 1645 2978 1714 κρίσεις
3000 1661 3125 1707 -σου,
3155 1646 3248 1697 καὶ
3279 1645 3516 1714 εὐλόγως
3543 1648 3637 1700 καὶ
3672 1649 3904 1709 δικαίως

2339 1735 2706 1797 ὲταπείνωσάς
2727 1739 3162 1805 μεοπειρασμοτς,
3193 1736 3280 1792 ἵνα
3304 1739 3679 1807 σωφρονισθῶ·
3708 1741 3904 1810 Mup-

2271 1864 2312 1916 Β
2341 1841 2432 1877 τον
2471 1828 2599 1896 γάρ.

2409 1917 2728 1985 Γενηθήτω
2759 1919 2852 1986 ἃὴο
2872 1919 2937 1972 τὸ
2959 1919 3132 1986 ἔλεός
3165 1935 3281 1974 σου
3323 1920 3431 1975 τοῦ
3483 1920 3905 1988 παρακαλέσαι

2332 2023 2430 2074 με.
2479 2009 2768 2078 Γενηθήτω
2821 2027 2908 2080 μοι
2950 2013 3028 2081 τῷ
3072 2012 3242 2081 δούλῳ
3278 2029 3370 2065 σου
3394 2013 3454 2064 τὸ
3479 2012 3624 2074 ἔλεός
3652 2029 3774 2081 σου,
3807 2012 3905 2068 ἐπὶ

2341 2099 2418 2167 τῷ
2438 2099 2836 2170 ψυχαγωγῆσαί
2862 2118 2927 2170 με
2951 2102 3265 2176 κακωθέντα
3281 2120 3295 2134 ο
3328 2103 3609 2173 γενηθήτω
3713 2103 3903 2166 τοῦτο,

2339 2191 2481 2245 κατὰ
2532 2194 2628 2261 τήν
2681 2193 2969 2264 ὑπόσχεσιν
3009 2213 3126 2250 σου.
3184 2196 3526 2264 Ἐπηγγείλω
3567 2197 3677 2268 γὰρ
3720 2200 3780 2250 ὲν
3826 2197 3906 2266 τῷ

2336 2283 2483 2353 ιόμῳ
2512 2283 3001 2354 ἀντιλαμϐάνεσθαι
3024 2284 3130 2339 τῶν
3160 2285 3583 2355 μετανοούντων.

2403 2547 2770 2604 Ἐλθέτωσάν
2799 2569 2899 2620 μοι
2925 2555 2980 2606 οἱ
3011 2552 3296 2620 οἰκτιρμοί
3319 2566 3463 2618 σου,-
3486 2553 3584 2607 καὶ
3617 2554 3892 2625 ζήσομαι.

2337 2636 2478 2707 Ἤδη
2514 2641 2632 2702 ταῖς
2669 2639 2864 2704 λύπαις
2885 2641 3328 2712 ἀποπνιγομένῳ.

2406 2816 2532 2867 Ὀτι
2556 2818 2588 2868 ὀ
2620 2816 2803 2884 νόμος
2823 2833 2938 2871 σου
2953 2817 3176 2886 μελέτη
3203 2836 3320 2888 μου
3342 2819 3530 2876 ἐστίν.
3560 2822 3904 2878 Ἐλθὰωσάν

2337 2922 2445 2973 μοι,
2475 2906 2608 2961 διότι
2643 2911 2670 2962 ὁ
2699 2908 2857 2979 νόμος
2897 2927 2986 2964 σου
3017 2911 3210 2992 inisti;
3255 2929 3357 2981 μου
3399 2915 3571 2976 ἐστὶν.
3627 2915 3703 2978 ὡς
3735 2917 3899 2970 οὐδὲν

2331 2995 2415 3049 ἓτε
2426 3015 2537 3068 ρον.

2399 3093 2900 3159 Αἱσχυνθήτωσαγ
2921 3093 3306 3163 ὑπερήφανοι.
3330 3096 3417 3150 ὅτι
3441 3098 3651 3165 ἀδίκως
3666 3100 3868 3170 ήνόμη
3880 3130 3900 3142 ο

674 3187 1187 3267 quitatemfecernnt
1238 3187 1293 3239 in
1326 3203 1425 3240 me.
1482 3185 1841 3252 Erubescant,
1893 3191 2037 3256 quod
2091 3190 2228 3242 nihil

2337 3199 2454 3236 σαν
2484 3187 2570 3248 εις
2595 3185 2697 3252 ἐμέ
2749 3187 3225 3257 Αἰσχυνθήτωσαν,
3273 3189 3533 3260 τῷμηδὲν
3565 3192 3780 3257 ἀνύσαι,
3818 3194 3905 3264 τῷ

680 3289 970 3350 potuerunt
1001 3279 1282 3348 perﬁcere,
1314 3293 1378 3331 eo
1425 3278 1571 3346 quod
1603 3277 1845 3346 superati
1878 3287 1930 3330 et
1961 3277 2228 3345 proﬂigati

679 3379 827 3426 sunt.
858 3369 1012 3438 Ipsos
1038 3380 1221 3421 autem
1253 3370 1522 3421 daunoues
1553 3367 1826 3438 intelligit,
1881 3382 1976 3421 seu
2025 3369 2248 3423 divlnre-

676 3463 811 3532 legis
844 3468 1272 3528 contemptores,
1307 3467 1365 3517 ut
1405 3458 1667 3512 diximus.
1699 3457 1906 3526 lujuste
1932 3467 2113 3512 autem
2146 3459 2227 3513 fe-

679 3567 871 3610 cerunt
904 3554 1241 3621 iniquitatem
1280 3552 1333 3604 in
1370 3565 1475 3618 me,
1521 3551 1650 3620 quia
1693 3560 1914 3620 propter
1968 3552 2226 3606 invidiam

679 3663 765 3710 me
793 3644 1034 3713 aggressi
1062 3651 1216 3698 sunt.
2120 3645 2125 3650 '

751 3735 858 3804 Ego
887 3745 1059 3788 autem
1085 3732 1375 3786 meditabor
1421 3733 1476 3786 in
1509 3733 1775 3786 mandatis
1825 3733 1954 3787 tuis.
2007 3731 2082 3788 De
2127 3735 2227 3790 hoc

672 3827 784 3895 jam
817 3826 944 3878 alibi
977 3839 1121 3893 saepe
1153 3825 1358 3876 dictum
1392 3831 1496 3877 est.

747 3936 913 3990 Vens.
942 3935 1029 3989 79.
1055 3934 1373 3993 Convertant
1396 3950 1476 3986 me
1495 3933 1732 3987 timentes
1760 3945 1828 3996 te,
1855 3944 1905 3987 et
1932 3937 2020 4005 qui
2041 3954 2228 4006 cogno-

676 4037 826 4079 scunt
857 4027 1157 4080 testimonia
1192 4036 1302 4078 tua.
1347 4025 1408 4086 li,
1440 4025 1637 4092 inquit,
1666 4026 1756 4093 qui
1791 4027 1983 4080 timent
2017 4037 2068 4082 te
2099 4045 2230 4083 con-

676 4124 1035 4190 vertautnie,
1062 4116 1106 4167 si
1144 4103 1448 4182 'aliquando
1474 4112 1735 4166 seductus
1765 4127 1794 4164 a
1829 4114 2096 4172 mandatis
2121 4118 2228 4172 tuis

676 4207 1025 4259 aberravero.

746 4313 912 4368 Vens.
946 4314 1033 4368 80.
1070 4313 1192 4366 Fiat
1230 4329 1318 4366 cor
1344 4329 1513 4364 meum
1543 4314 2015 4382 irrepreltentibile,
2061 4320 2115 4371 in
2136 4319 2228 4388 ju-

673 4406 1082 4474 stiﬁeationibus
1125 4407 1246 4465 tuis,
1289 4417 1342 4458 ut
1380 4421 1481 4456 non
1514 4405 1834 4472 confundor.
1879 4408 2227 4475 lrreprehen-

2336 3276 2682 3346 ἡττηθῆναι·
2723 3277 2868 3344 λέγει
2917 3279 2972 3330 δὲ
3034 3281 3158 3341 τοὺς
3215 3282 3468 3350 ἀνωτέρω
3526 3283 3902 3352 δηλωθέντας.

2335 3362 2562 3427 ’Δὸίκως
2590 3365 2648 3418 δὲ
2678 3365 2958 3438 ήνόμησαν
2987 3368 3064 3430 εἰς
3091 3366 3212 3436 ἐμὲ,
3249 3367 3336 3421 διὰ
3367 3367 3527 3438 μόνον
3548 3371 3741 3438 φθόνον
3769 3371 3900 3422 ἔπι·-

2336 3456 2572 3526 θέμενοι.

2417 3757 2564 3825 Ἐγὼ
2590 3757 2652 3810 δὲ
2699 3759 3093 3831 ἀδολεσχήσω
3141 3761 3210 3814 ἐν
3255 3759 3382 3824 ταῖς
3431 3760 3704 3825 ἐντολαῖς
3749 3779 3894 3816 σου.

2337 3850 2410 3902 Πε
2421 3850 2472 3916 ρ).
2508 3849 2695 3900 τούτου
2721 3850 2953 3921 εἴρηται.

2401 3937 2969 4009 Ἐπιστρεψάτωσάν
2987 3960 3064 4012 με
3092 3946 3147 3996 οι
3182 3945 3547 4014 φοβούμενοί
3577 3959 3671 4006 σε.
3701 3943 3794 3998 και
3837 3946 3904 3999 οι

2334 4030 2732 4098 γινώσκοντες
2808 4035 2878 4088 τὰ
2914 4035 3201 4104 μαρτύριὰ
3267 4053 3403 4091 σου.
3457 4036 3903 4106 Ἐπιστρεψάτω-

2336 4124 2435 4175 σάν
2468 4140 2532 4175 ue
2559 4128 2607 4176 oi
2638 4126 2891 4194 τοιοῦτοι,
2925 4128 3108 4182 εἴποτε
3140 4129 3509 4199 ἁποπλανηθῶ
3533 4130 3639 4182 τῶν
3669 4127 3902 4182 ἐντολῶν

2337 4231 2450 4267 σου.

2405 4329 2719 4396 Γενηθήτω
2749 4331 2786 4397 ἡ
2810 4330 3017 4399 καρδία
3037 4349 3153 4399 μου
3183 4331 3415 4400 ἄμωμος
3441 4331 3509 4384 ἐν
3529 4322 3651 4397 τοῖς
3673 4330 3903 4384 δικαιώ-

2325 4419 2482 4485 ,μασί
2513 4433 2650 4482 σου,
2671 4419 2830 4485 ὅπως
2861 4421 2935 4474 ἂν
2955 4423 3037 4490 μὴ
3069 4422 3390 4490 αἱσχυνθῶ.
3413 4422 3702 4492 Γενηθήτω
3741 4423 3901 4492 ἄμω-

675 4498 829 4551 sibde
883 4498 973 4550 liat
1025 4512 1120 4549 cor
1173 4512 1374 4563 meum,
1441 4497 1570 4548 dum
1627 4497 1678 4549 in
1740 4498 2226 4565 justiﬁcatiouibus

2342 4525 2462 4578 μσς,
2492 4511 2845 4578 ὲμμελέτῶσα
2881 4515 2993 4575 τοῖς
3023 4512 3351 4582 δικαιώμασξ
3387 4529 3500 4576 σου,
3532 4516 3624 4566 καὶ
3645 4513 3724 4582 τῷ
3737 4502 3903 4584 ἷρόὸῳ

675 4588 783 4641 tuis
814 4587 1128 4648 meditatur,
1162 4594 1214 4638 et
1250 4587 1452 4638 utinam
1486 4587 1682 4641 timore
1711 4603 1902 4642 eorum
1933 4601 2220 4661 purgatus,

674 4691 780 4730 nou
813 4674 1136 4738 contundar,
1180 4684 1334 4744 turpe
1364 4676 1566 4744 aliquid
1590 4681 1967 4733 committens.

748 4783 912 4838 Vsus.
943 4783 1032 4836 8L
1080 4781 1268 4851 Deﬁcit
1315 4783 1370 4835 in
1412 4782 1648 4836 salutare
1690 4768 1836 4836 tuum
1885 4788 2063 4840 anima
2094 4805 2227 4842 mea.

673 4875 803 4929 Abit
837 4875 1260 4943 quodammodo,
1291 4883 1456 4943 atque
1505 4874 1828 4930 dissolvitur
1879 4881 2060 4932 anima
2090 4897 2229 4946 mea,

675 4969 937 5022 desiderii
1001 4968 1395 5023 vehementiam
1448 4968 1799 5026 non‘ferens.
1855 4969 1956 5025 Per
1994 4976 2236 5028 salutare

679 5070 860 5114 autem
890 5060 1180 5113 salutarem
1210 5059 1418 5115 Christi
1455 5061 1892 5115 incarnationem
1933 5063 2185 5134 intelligit
2216 5082 2232 5130 ;

679 5152 754 5203 ait
789 5150 951 5216 igitur
987 5165 1046 5204 se
1087 5149 1235 5202 illius
1267 5150 1526 5214 salutaris
1553 5148 1833 5204 desiderio
1859 5151 2104 5205 maxime
2147 5161 2234 5207 te-

679 5256 821 5297 neri.

752 5352 817 5407 In
846 5351 998 5406 verba
1023 5363 1113 5406 tua
1137 5355 1516 5420 supersperari.
1543 5345 1601 5410 In
1635 5357 1812 5412 verbis
1852 5359 1962 5414 tuis
1993 5361 2230 5425 conﬁdo,

684 5448 924 5500 futurum
989 5461 1109 5500 esse
1158 5448 1304 5517 quod
1357 5448 1562 5514 cupio:
1600 5448 1654 5502 in
1713 5449 1828 5519 ejus
1865 5451 1989 5506 dico
2025 5453 2230 5519 verbis,

2343 4599 2563 4670 τούτων,
2589 4602 2985 4674 καθαιρομένη,
3017 4605 3161 4667 ὅπως
3191 4605 3257 4657 ἂν
3292 4604 3367 4675 μὴ
3419 4603 3709 4676 αἱσχυνθῶ,
3757 4606 3902 4677 πρά.-

2340 4689 2436 4755 Ea;
2466 4691 2625 4759 ἔργον
2655 4694 2941 4764 αἰσχύνης.

2417 4803 2711 4858 Ἐκλειπει
2770 4808 2852 4871 εις
2882 4807 2952 4860 τὸ
2973 4807 3267 4874 σωτήριόν
3309 4825 3426 4861 σου
3460 4808 3498 4874 ἠ
3552 4809 3719 4877 ψυχή
3751 4827 3894 4876 μου.

2335 4893 2635 4962 Ἀποδημεῖ
2653 4896 2854 4965 τρόπον
2888 4897 3086 4967 τινὰ,ἢ
3114 4897 3390 4960 ικλύεται.
3425 4900 3499 4970 μὴ
3521 4900 3762 4970 φέρουσα
3794 4901 3895 4970 τὴν

2337 4983 2670 5054 σφοδρότητα
2692 4985 2786 5039 τοῦ
2819 4987 3007 5041 πόθου.
3035 4989 3311 5059 Σωτήριον
3353 4989 3409 5042 δὲ
3449 4990 3594 5058 λέγει
3646 4991 3745 5061 τὴν
3786 5008 3895 5044 σω-

2341 5076 2528 5145 τήριον
2555 5077 2711 5130 ὲνανθ
2723 5078 2967 5146 ρώπησιν
2992 5079 3085 5132 τοῦ
3104 5080 3338 5150 Χριστοῦ
3361 5096 3376 5110 °
3407 5083 3574 5152 φησιν
3611 5080 3705 5137 οὖν
3731 5099 3746 5113 ·
3778 5083 3895 5146 ὃτι,

2276 5230 2277 5233 η
2350 5164 2561 5234 Σφόδρα
2592 5167 2739 5219 ποθῶ
2766 5167 2826 5220 τὸ
2857 5170 3148 5240 σωτήρειον
3172 5172 3348 5226 τοῦτο.

2411 5366 2514 5429 Εἰς
2569 5364 2708 5430 τοὺς
2737 5367 2956 5436 λόγους
2985 5384 3100 5423 σου
3158 5367 3487 5435 ἐπήλπισα.
3538 5368 3661 5430 Τοῖς
3717 5333 3902 5440 λόγοις

2344 5471 2436 5506 σου
2465 5455 2651 5526 θαρρῶ
2679 5459 2760 5511 ὅτι
2794 5460 3080 5530 γενήσεται
3116 5460 3181 5528 ³⁸,
3212 5463 3321 5524 τοῖς
3343 5461 3518 5530 λόγοις
3541 5477 3634 5514 σου
3667 5463 3781 5527 τοῖς
3842 5462 3907 5516 ἓν

2006 5625 2206 5688 Varias
2235 5625 2560 5692 lectiones.
2592 5633 2599 5638 '

754 5720 863 5790 (51)
895 5719 1132 5775 Subaudi
1167 5720 1223 5774 τὸ
1258 5720 1541 5792 σωτήριον.
