4144 6296
668 413 807 477 Ηυξ)

1849 401 2234 498 ΕΗΤῌΥΜΙΙ
2271 396 2635 459 ZlGABENI

3759 388 3902 453 1161

661 525 1060 580 Concluserunt
1093 533 1179 575 me
1228 519 1285 574 in
1328 525 1494 582 terra,
1525 530 1623 572 seu
1669 515 1996 571 Everterunt
2039 529 2126 568 me
2177 514 2232 566 in

2345 507 2588 562 ἕκλεισᾶν
2626 523 2695 578 με
2728 507 2786 560 ἐν
2837 507 2904 576 τῇ
2933 506 3003 575 γῇ
3029 543 3044 570 ,
3093 503 3125 574 ἢ
3157 501 3550 573 Κατέπρεψάν
3586 518 3654 571 με
3683 501 3765 564 εἰς
3794 501 3902 570 τὴν

661 630 892 682 terram;
938 629 1038 685 ego
1073 623 1249 668 tamen
1283 629 1313 666 a
1346 611 1698 666 meditatione
1739 617 1832 662 aut
1863 607 1931 661 ab
1970 606 2231 662 observa-

664 711 812 762 tione
839 706 1220 761 mandatorum
1252 711 1471 758 tuorum
1508 715 1618 756 non
1650 698 1877 755 recessi.

739 801 898 854 Vens.
933 798 1021 851 88.
1064 795 1362 849 Secundum
1395 792 1815 848 misericordiam
1844 802 1987 844 tuam
2025 789 2231 857 vivi/ica

665 909 764 956 me,
790 903 835 945 et
856 889 1152 944 custodiant
1179 887 1476 941 testimonia
1507 886 1612 938 oris
1644 884 1741 937 tui.
1768 880 2230 937 ln'misericordia

669 995 757 1037 tua
789 984 995 1036 vivilica
1027 996 1132 1045 me,
1160 987 1420 1048 tanquam
1457 975 1786 1030 misericors.
1823 973 1890 1027 Et
1913 975 1978 1027 de
2004 973 2088 1026 his
2109 985 2232 1026 ver-

667 1074 751 1125 bis
782 1089 794 1124 :
846 1070 1060 1135 Viri/ica
1093 1083 1190 1131 me,
1250 1067 1359 1133 jam
1397 1064 1650 1134 superius
1675 1062 1876 1115 dictum
1905 1066 2007 1114 est.
2047 1056 2232 1112 Testi-

674 1163 855 1214 monia
883 1175 1010 1213 vero
1036 1159 1148 1212 oris
1180 1159 1280 1220 tui,
1311 1171 1372 1209 ea
1408 1157 1550 1221 dico,
1591 1171 1712 1223 quae
1735 1153 1905 1223 Moysi
1937 1153 2228 1207 mandasti.

739 1254 904 1306 Vens.
933 1251 1019 1304 89.
1055 1249 1114 1303 In
1142 1248 1416 1312 saxulum,
1445 1247 1679 1310 Domine,
1711 1245 1920 1298 verbum
1947 1255 2093 1297 tuum
2118 1260 2235 1312 per-

671 1354 844 1395 manet
876 1341 928 1395 in
957 1341 1115 1401 calo.
1146 1341 1450 1394 Mandatum
1495 1350 1646 1393 tuum
1693 1336 2142 1416 incommutabile
2177 1336 2230 1389 in

670 1433 809 1485 cmlo
840 1447 1057 1499 semper
1090 1439 1390 1498 permanet.
1427 1429 1584 1489 Illud,
1623 1429 1864 1498 inquam,
1896 1428 2231 1491 mandatum,

672 1535 780 1588 quo
810 1521 1008 1572 coelum
1044 1519 1098 1572 in
1134 1533 1235 1573 Suo
1263 1534 1477 1587 semper
1507 1517 1697 1572 ordine
1721 1518 2056 1571 continetur.
2208 1577 2210 1579 ι

748 1610 910 1672 Vens.
933 1609 1023 1662 90.
1061 1607 1123 1668 lu
1153 1609 1539 1674 generationem
1559 1619 1605 1660 et
1635 1607 2018 1677 generationem
2043 1607 2233 1660 veritas

674 1707 787 1748 tua.
828 1695 1039 1748 Veritas
1070 1695 1229 1762 hujus
1265 1696 1507 1748 mandati
1551 1694 1604 1746 in
1633 1695 1780 1747 omni
1823 1709 2037 1762 semper
2068 1708 2235 1762 gene-

678 1788 892 1840 ratione
919 1795 1180 1840 constans
1208 1795 1488 1854 permanet
1519 1799 1534 1835 :
1567 1795 1618 1838 et
1650 1786 1782 1840 ordo
1815 1785 1986 1839 semel
2027 1785 2235 1839 consti-

676 1887 846 1944 tutus,
880 1877 933 1930 in
966 1878 1180 1931 diversa
1216 1892 1319 1930 non
1347 1885 1609 1930 mutatur.

747 1969 911 2024 Vens.
947 1970 1034 2025 9|.
1071 1968 1339 2024 Fundasti
1376 1979 1592 2032 terram,
1621 1978 1671 2021 et
1711 1977 1978 2040 permanet
2018 1969 2237 2024 ordina-

675 2065 813 2116 tione
854 2073 966 2115 tua.
1021 2061 1146 2115 Haec
1195 2065 1355 2117 etiam
1416 2069 1696 2132 permanet
1729 2061 2073 2116 ordinatione
2118 2069 2234 2128 tua,

675 2157 778 2208 hoc
805 2165 907 2218 est,
944 2154 1403 2223 quemadmodum
1438 2165 1491 2207 tu
1519 2153 1862 2224 disposuisti.

752 2239 1061 2293 Perset'erat
1090 2239 1219 2304 dies,
1245 2242 1495 2310 quoniam
1517 2242 1692 2295 omnia
1709 2243 1937 2296 serviunt
1957 2241 2069 2296 tibi.
2107 2240 2238 2298 Per-

680 2341 862 2384 manet
891 2333 1029 2396 dies,
1074 2340 1132 2384 ut
1166 2333 1455 2386 ordinasti.
1490 2333 1786 2403 Antiquum
1822 2335 1968 2388 enim
2011 2343 2174 2406 atque
2205 2349 2236 2388 a

676 2429 729 2474 te.
761 2429 1022 2474 statutum
1066 2423 1309 2476 ordinem
1341 2432 1652 2478 conservat.
1686 2425 1859 2493 Hujus
1891 2411 2069 2478 autem
2112 2441 2237 2495 per-

679 2513 1001 2566 severantia:
1023 2527 1189 2566 causa
1211 2524 1314 2575 e5t,
1345 2517 1469 2584 quia
1499 2514 1633 2580 hinc,
1659 2523 1713 2570 et
1734 2517 1840 2569 alia
1865 2517 2043 2570 omnia
2077 2517 2237 2572 simul

645 2599 770 2653 tibi
804 2588 1072 2665 serviunt,
1104 2612 1155 2657 et
1197 2603 1455 2656 mandato
1485 2613 1602 2666 tuo,
1650 2619 1757 2658 non
1798 2619 1957 2659 secus
1987 2620 2051 2658 ac
2094 2605 2238 2659 servi

674 2687 897 2742 domino
950 2705 1076 2751 suo,
1132 2690 1537 2758 obtemperant.
1590 2693 1767 2746 Altius
1820 2694 1982 2747 etiam
2041 2692 2241 2749 intelli~

674 2773 892 2843 gendo:
926 2771 1158 2829 Verbum
1209 2783 1361 2829 tuum
1399 2777 1463 2834 in,
1507 2778 1644 2833 caelo
1684 2794 1898 2850 semper
1936 2790 2241 2850 permanet,

683 2867 824 2934 apud
859 2869 1101 2936 angelos.
1137 2866 1416 2922 Facientes
1453 2871 1597 2923 enim
1633 2871 1829 2950 inquit,
1867 2873 2078 2926 verbum
2106 2875 2245 2943 ejus.

683 2956 741 3010 In
775 2961 1185 3027 generationem
1222 2963 1382 3014 etiam
1426 2973 1479 3016 et
1517 2967 1920 3032 generationem
1950 2969 2158 3037 antiqui
2190 2953 2271 3025 et

681 3051 804 3101 novi
841 3050 1022 3117 populi
1054 3059 1136 3104 est
1179 3053 1383 3106 veritas
1413 3063 1501 3107 tua
1539 3071 1552 3107 :
1587 3055 1699 3119 illa,
1740 3056 1986 3132 inquam,
2017 3062 2243 3126 veritas,

679 3154 799 3209 qua:
822 3150 902 3194 est
931 3143 984 3195 in
1017 3143 1151 3212 lege.
1181 3145 1334 3213 Apud
1364 3155 1651 3216 utramque
1675 3149 1817 3202 enim
1841 3153 2242 3218 generationem

675 3231 901 3282 verbum
957 3239 1109 3284 tuum
1163 3250 1351 3289 verum
1404 3253 1526 3292 esse
1578 3240 1921 3308 praedicatur.
1983 3234 2242 3300 Fundasti

679 3322 844 3374 etiam
881 3320 1209 3388 Ecclesiam,
1255 3335 1308 3380 et
1341 3328 1393 3381 in
1435 3332 1747 3399 evangeliea
1780 3348 1897 3385 eam
1931 3335 2034 3388 [ide
2074 3339 2243 3391 stabio

678 3413 792 3466 iisti
825 3430 837 3464 :
875 3413 1171 3470 Ecclesiam
1197 3417 1341 3483 dico,
1379 3435 1500 3489 qua:
1532 3433 1689 3475 antea
1729 3431 1870 3476 terra
1903 3427 2096 3480 merito
2138 3429 2241 3483 dici

679 3510 915 3569 poterat,
949 3507 1075 3572 quia
1112 3514 1330 3559 terrena
1362 3511 1630 3578 sapiebat,
1667 3520 1721 3564 et
1762 3513 1816 3566 in
1859 3517 2093 3572 terrenis
2121 3532 2242 3573 ver-

679 3593 927 3646 sabatur.
963 3592 1198 3664 Ideoque
1229 3607 1529 3666 permanet,
1564 3610 1623 3653 ut
1652 3602 1939 3662 ordinasti.
1967 3605 2030 3659 Et
2056 3624 2244 3678 quan—

677 3699 841 3752 quam
873 3685 1042 3739 multa
1076 3691 1461 3757 tentationum,
1491 3707 1553 3746 ac
1577 3697 2016 3762 persecutionum
2049 3703 2241 3770 maria,

677 3779 737 3822 ut
769 3773 841 3824 ita
885 3774 1084 3837 dicam,
1134 3779 1290 3843 quasi
1347 3793 1584 3834 oceanus
1618 3781 1864 3849 quidam,
1899 3785 2140 3856 undique
2183 3791 2242 3843 in

675 3874 792 3912 eam
824 3863 1103 3928 irruerint,
1137 3880 1243 3918 non
1283 3875 1463 3922 tamen
1493 3870 1754 3925 adversus
1779 3888 1900 3927 eam
1937 3879 2240 3943 praevalue-

679 3962 826 4013 ,unt.
874 3953 1188 4009 Perseu-rat
1226 3958 1390 4012 etiam
1437 3961 1578 4025 dies,
1623 3961 1726 4017 hoc
1763 3975 1867 4028 est,
1912 3968 2130 4035 pietatis
2177 3988 2240 4029 ac

2333 603 2457 671 γῆν.
2506 598 2647 668 Ἐγὼ
2676 600 2733 652 δὲ
2764 598 2877 652 οὐδ’
2923 596 3096 659 οὕτως
3121 596 3366 667 ἀπέστην
3397 595 3498 665 τῆς
3529 593 3766 665 μελέτης
3800 594 3904 646 καὶ

2334 693 2584 763 φυλακῆς
2615 691 2722 745 τῶν
2751 689 2979 743 ὲντολῶν
3005 706 3120 743 σου.

2404 782 2570 838 Κατὰ
2619 784 2684 835 τὸ
2719 782 2894 846 ἔλεός
2944 795 3060 834 σου
3093 778 3280 848 (ἦσάν
3304 795 3397 845 με,
3421 777 3516 831 καὶ
3543 775 3795 845 φυλάξω
3821 771 3902 826 τὰ

2329 876 2622 944 μαρτύρια
2675 874 2782 928 τοῦ
2837 873 3135 942 στόματός
3187 888 3326 926 σου.
3371 870 3458 922 Ἐν
3488 869 3564 938 τῷ
3596 867 3734 920 ἐλέει
3798 882 3899 918 σου

2335 968 2500 1038 ζῆσόν
2528 984 2616 1036 με,
2643 967 2719 1029 ὡς
2753 965 3003 1035 ἐλεήμων
3034 965 3159 1032 περὶ
3195 962 3290 1016 τοῦ
3321 961 3527 1030 Ζῆσόν
3543 976 3620 1028 με
3639 955 3908 1028 προεῑρτῃ

2334 1071 2444 1113 ται.
2477 1058 2558 1111 Τὰ
2585 1058 2866 1128 μαρτύρια
2898 1056 2954 1108 δὲ
2991 1055 3084 1108 τοῦ
3122 1054 3392 1123 στόματός
3444 1069 3568 1117 σου,
3605 1049 3642 1104 ἃ
3682 1046 3900 1116 ὑπηγό-

2337 1165 2536 1219 ρευσας
2552 1149 2628 1216 τῷ
2656 1149 2906 1201 Μωῦσεῖ.

2408 1243 2512 1306 Εἰς
2540 1238 2648 1292 τὸν
2665 1239 2872 1302 αἰῶνα,
2897 1239 3093 1304 Κύριε,
3127 1239 3159 1290 ό
3187 1239 3366 1306 λόγος
3390 1250 3504 1289 σου
3534 1233 3794 1310 διαμένει
3831 1232 3905 1284 ἐν

2335 1333 2415 1398 τῷ
2445 1330 2698 1401 οὐρανῷ.
2753 1331 2864 1384 ’Λεὶ
2893 1329 2951 1382 τὸ
2977 1328 3306 1399 πρόσταγμά
3330 1345 3422 1379 σου
3458 1326 3750 1378 ἀσάλευτον
3779 1323 3904 1374 δια-

2341 1426 2496 1495 μένει
2543 1426 2602 1478 ἐν
2653 1423 2731 1493 τῷ
2773 1419 2990 1495 οὐρανῷ
3016 1437 3030 1451 °
3058 1420 3120 1473 τὸ
3154 1419 3282 1489 περὶ
3327 1420 3426 1487 τῆς
3468 1418 3676 1483 τάξεως
3705 1414 3902 1479 αὑτοῦ,

2338 1493 2558 1584 συνέχον
2591 1515 2753 1568 αὑτὸν
2777 1517 2835 1568 ὲν
2859 1493 3019 1582 ἀύτῇ.
3140 1559 3141 1562 η
3199 1506 3201 1508 ’
3436 1589 3438 1591 γ

2406 1610 2510 1672 Εἰς
2543 1606 2758 1674 γενεὰν
2785 1607 2882 1657 καὶ
2916 1604 3134 1671 γενεὰν
3185 1605 3217 1671 ἠ
3262 1601 3513 1671 ἀλήθειὰ
3541 1615 3679 1654 σου.
3724 1595 3837 1650 'As‘t
3869 1597 3904 1664 ἡ

2335 1700 2565 1769 ἀλήθεια
2595 1698 2688 1752 τοῦ
2721 1698 3140 1766 προστάγματός
3177 1714 3271 1748 σου
3305 1769 3310 1773 λ
3358 1694 3447 1746 sta
3491 1693 3672 1762 πάσης
3707 1689 3908 1756 γενεᾶς

2336 1791 2614 1862 ἀληθεύει,
2635 1790 2711 1862 μὴ
2734 1791 3191 1861 μετακινηοεισης
3214 1789 3312 1858 τῆς
3338 1786 3649 1858 ὁρισθείσης
3670 1783 3906 1847 τάξεως.

2422 1971 2857 2041 Ἐθεμελιιυσας
2885 1970 2999 2036 τὴν
3027 1963 3177 2038 τῆν,
3207 1966 3308 2021 καὶ
3339 1965 3603 2035 διαμένει
3652 1963 3727 2030 τῇ
3777 1962 3911 2014 δα-

2339 2063 2506 2129 τάξει
2527 2079 2664 2117 σου.
2698 2061 2977 2132 Διαμένει,
3005 2063 3100 2114 καὶ
3132 2061 3274 2130 αὕτη
3305 2060 3362 2111 ἐν
3389 2061 3454 2128 τῇ
3488 2055 3729 2120 διατάξει
3784 2070 3906 2122 σου,

2337 2157 2414 2220 ὡς
2435 2157 2687 2225 διετάγη.

2410 2249 2678 2316 Διαμένει
2708 2246 2745 2314 ἡ
2782 2246 2993 2316 ἡμέρα,
3027 2246 3114 2299 ὅτι
3136 2243 3208 2298 τὰ
3227 2230 3548 2312 σύμπαντα
3575 2239 3766 2292 δοῦλα
3798 2233 3908 2288 σά.

2341 2341 2601 2410 Διαμένει
2661 2341 2692 2408 ἡ
2733 2339 2935 2409 ἡμέρα,
2992 2336 3066 2400 ὡς
3104 2319 3466 2406 προσέταξας,
3523 2330 3770 2402 τηροῦσα
3800 2327 3907 2396 τὴν

2345 2430 2482 2482 ἰδίαν
2509 2430 2663 2496 τάξιν
2688 2469 2702 2483 .
2750 2430 2934 2483 Αἴτιον
2977 2427 3033 2480 δὲ
3065 2431 3162 2496 τῆς
3192 2421 3448 2492 τοιαύτης
3483 2422 3743 2492 διαμονῆς
3763 2461 3778 2483 ,
3823 2420 3912 2471 ὅτι

2330 2521 2437 2573 -καὶ
2463 2521 2636 2574 ταῦτα
2665 2521 2760 2573 καὶ
2782 2521 2917 2590 ὁμοῦ
2949 2522 3126 2572 πάντα
3152 2517 3319 2570 ’δοῦλα
3351 2516 3434 2569 σά.
3469 2514 3612 2566 Διότι
3660 2512 3753 2564 καὶ
3783 2511 3914 2563 πεί-

2346 2612 2529 2666 θονται
2563 2612 2640 2682 τῷ
2673 2612 3056 2682 προστάγματι
3080 2609 3173 2662 τοῦ
3211 2607 3506 2670 Δεσπότου,
3541 2603 3793 2673 καθάπερ
3827 2619 3912 2658 τι·

2344 2706 2431 2769 νὲς
2465 2705 2679 2760 δοῦλοι·
2721 2706 2862 2758 κατά
2890 2705 2946 2758 δὲ
2981 2704 3320 2773 ὑψηλοτέραν
3353 2700 3604 2770 θεωρίαν,
3657 2697 3745 2751 ἀεὶ
3781 2698 3914 2763 διει-

2350 2801 2498 2870 μένει
2536 2801 2591 2850 ὲν
2615 2800 2691 2868 τῷ
2718 2797 2934 2866 οὐρανῷ
2962 2785 3110 2865 παρὰ
3142 2797 3252 2856 τοῖς
3279 2793 3527 2861 ἀγγέλοις
3547 2793 3574 2842 ό
3604 2791 3760 2857 λόγος
3786 2806 3912 2843 σου.

2347 2885 2670 2951 Ποιοῦντες
2693 2886 2821 2954 γὰρ,
2866 2886 3019 2952 φησὶ,
3067 2883 3170 2936 τὸν
3198 2883 3383 2951 λόγον
3408 2880 3614 2933 αὐτοῦ.
3633 2880 3719 2959 Ἐν
3741 2878 3916 2948 γενεᾷ

2348 2977 2404 3029 δὲ
2467 2979 2560 3030 καὶ
2615 2979 2814 3046 γενεᾷ,
2875 2980 2940 3047 τῇ
3003 2994 3060 3028 τε
3131 2975 3223 3028 τοῦ
3290 2973 3520 3026 παλαιοῦ
3567 2973 3662 3026 καὶ
3703 2973 3770 3042 τῇ
3811 2970 3913 3023 to":

2349 3067 2491 3132 νέου,
2552 3069 2583 3136 ἡ
2646 3067 2877 3137 ἀλήθειά
2932 3085 3026 3120 σου
3075 3068 3108 3137 ἡ
3145 3068 3204 3118 ἐν
3247 3065 3326 3134 τῷ
3356 3066 3526 3135 νόμῳ.
3559 3063 3692 3133 Παρ¹
3726 3064 3916 3132 ἀμφο-

2348 3157 2530 3228 τέροις
2615 3159 2719 3229 γὰρ
2786 3159 2990 3229 ἀληθὴς
3052 3154 3200 3221 οὗτος
3262 3157 3620 3227 ὁμολογεῖται.
3683 3142 3910 3222 Ἐθεμε-

2349 3249 2550 3311 λίωσας
2587 3250 2642 3302 δὲ
2672 3250 2772 3320 τὴν
2817 3249 3145 3320 Ἐκκλησίαν
3185 3252 3280 3303 καὶ
3311 3249 3620 3320 ἡδραίωσας
3647 3246 3817 3314 αὐτὴν
3850 3246 3916 3294 ἐν

2351 3345 2414 3409 τῇ
2445 3341 2628 3394 πίστει
2653 3341 2746 3393 τοῦ
2772 3341 3106 3408 Εὑαγγελίου
3129 3359 3142 3371 ο
3170 3343 3275 3409 γῆν
3312 3341 3577 3410 πρότερον
3606 3337 3791 3399 οὖσαν,
3811 3335 3916 3388 καὶ

2352 3431 2515 3501 γήϊνα
2550 3431 2878 3500 φρονοῦσαν,
2908 3431 3002 3483 καὶ
3033 3430 3161 3500 περὶ
3185 3430 3253 3482 τὰ
3287 3424 3451 3499 γήϊνα
3482 3429 3808 3498 συρομένην·
3829 3424 3918 3478 διὸ

2354 3525 2445 3575 καὶ
2472 3523 2736 3592 διαμένει,
2781 3524 2855 3586 ὡς
2909 3523 3158 3586 διετάξω·
3205 3520 3416 3574 πολλῶν
3455 3520 3553 3590 μὲν
3583 3517 3917 3588 πειρασμῶν

2349 3617 2488 3686 αὐτῇ
2534 3617 2994 3685 προσρηξᾶιντων,
3065 3615 3279 3677 οὐδενὸς
3328 3615 3384 3666 δὲ
3415 3613 3617 3684 ταύτης
3647 3609 3917 3678 κατισχύ-

2351 3725 2566 3770 σαντος.
2597 3709 2853 3776 Διαμένει
2882 3709 2936 3760 δὲ
2963 3710 2996 3777 ἡ
3023 3708 3225 3778 ἡμέρα,
3255 3707 3529 3767 τουτέστι,
3565 3705 3625 3757 τὸ
3658 3703 3774 3771 φῶς
3805 3702 3916 3769 τῆς

2350 3799 2652 3862 εὐσεϐείας,
2683 3799 2819 3868 ὅπερ
2849 3798 3090 3850 ἀνέτειλε
3117 3837 3132 3861 ,
3176 3797 3265 3849 διὰ
3291 3796 3383 3849 τοῦ
3426 3793 3800 3864 κηρύγματος,
3833 3790 3918 3862 μὴ

2346 3889 2680 3957 τεμνόμενον
2729 3890 2760 3960 ἢ
2825 3889 3185 3958 σϐεννύμενον
3219 3888 3320 3942 ὑπὸ
3389 3889 3484 3958 τῆς
3531 3885 3924 3955 ἀντικειμένης

2345 3978 2651 4058 δυνέιμεως.
2689 3981 3048 4051 Προφητικῶς
3074 3980 3128 4033 δὲ
3157 3979 3348 4032 ταῦτα.

678 4043 954 4148 leligtonis
989 4046 1195 4114 lumen,
1229 4051 1374 4116 quod
1403 4052 1565 4107 simul
1598 4071 1661 4108 ac
1690 4072 1756 4109 ex
1788 4058 2068 4128 Evangelii
2101 4047 2489 4132 praedicatione
2526 4083 2705 4127 ortum
2736 4083 2901 4142 atque
2963 4090 3255 4129 accensum
3309 4079 3413 4135 est,
3480 4070 3548 4123 ab
3607 4069 3920 4122 adversarii

679 4146 918 4204 potentia
949 4155 1226 4208 nunquam
1261 4146 1533 4214 exstingui
1565 4153 1758 4216 potuit.
1786 4151 2106 4221 PrOpltetice
2134 4167 2326 4217 autem’
2353 4167 2468 4221 haec
2492 4168 2639 4222 dicta
2672 4178 2821 4224 sunt.

751 4229 913 4286 Vens.
944 4234 1034 4287 92.
1075 4234 1198 4290 Nisi
1241 4241 1379 4307 quod
1418 4240 1501 4293 lea:
1545 4253 1634 4296 tua
1667 4244 1939 4302 meditatio
1973 4268 2087 4306 mea
2142 4267 2240 4324 est,

678 4331 801 4415 tmte
829 4325 964 4388 forte
996 4327 1266 4392 periissem
1297 4330 1351 4404 in
1376 4331 1672 4387 humilitate
1697 4353 1830 4390 mea.
1860 4339 1999 4407 Nisi,
2041 4343 2239 4415 inquit,

677 4427 743 4465 ea
771 4413 838 4467 de
869 4428 1035 4467 causa
1071 4416 1296 4471 fuissem
1341 4419 1630 4486 liberatus,
1660 4426 1786 4493 quia
1822 4432 2043 4484 assidue
2067 4413 2244 4489 medi-

679 4516 765 4557 tor
809 4506 977 4575 legent
1017 4513 1190 4573 tuam,
1224 4511 1412 4589 procul
1457 4509 1623 4566 dubio
1665 4518 2066 4574 calamitatibus
2113 4534 2243 4578 tunc

678 4596 872 4662 majori
907 4599 960 4651 in
990 4616 1076 4654 me
1100 4617 1223 4655 cum
1255 4603 1456 4671 impetu
1490 4607 1844 4675 irruentibus,
1873 4615 2159 4680 periissem
2189 4619 2242 4669 in

680 4687 976 4741 afflictione
1002 4707 1140 4744 mea.

757 4777 915 4835 Vens.
953 4781 1043 4836 95.
1086 4784 1154 4838 1η
1183 4789 1438 4851 arculum
1467 4807 1567 4844 non
1594 4793 1878 4848 obliviscar
1901 4798 2270 4868 justi/icatia-'

681 4885 767 4923 nes
809 4885 979 4928 tuas:
1019 4877 1146 4943 quia
1197 4879 1249 4930 in
1288 4879 1416 4948 ipsis
1463 4881 1740 4949 vit'i/icasti
1783 4900 1884 4937 me.
1927 4883 2032 4939 Per
2075 4897 2246 4943 totum

682 4963 964 5024 sweulum,
1005 4965 1459 5032 justtﬁcationum
1511 4980 1728 5026 tuarum
1771 4977 2090 5030 memoriam
2141 4995 2249 5037 non

683 5054 930 5106 amittam
968 5061 1274 5123 :-quoniam
1321 5075 1417 5128 per
1449 5076 1511 5115 ea
1539 5070 1596 5115 tu
1630 5080 1713 5118 me
1749 5064 1862 5134 jam
1901 5083 2039 5137 pene
2070 5072 2255 5139 exspi-

684 5154 897 5196 rantem
931 5146 1244 5204 viviﬁcasti.
1275 5153 1402 5208 Ideo
1437 5162 1619 5208 autem
1659 5154 1918 5214 liberatus
1947 5175 2088 5227 sum,
2120 5164 2246 5231 quia

683 5235 856 5305 legem
890 5244 1038 5290 tuam
1079 5242 1402 5298 meditabar.
1986 5251 1996 5258 ’

756 5328 920 5383 Vens.
959 5332 1046 5384 94.
1086 5330 1226 5383 Tuus
1256 5350 1369 5386 sum
1399 5352 1512 5405 ego,
1548 5348 1595 5391 et
1626 5339 1828 5408 salvum
1871 5358 1950 5396 me
1984 5343 2091 5412 fac,
2122 5347 2246 5416 quia

677 5419 1090 5488 justiﬁcationes
1123 5434 1239 5476 tuas
1279 5428 1552 5493 exquisivi.
1591 5428 1866 5500 Scriptum
1901 5444 1985 5488 est
2019 5437 2162 5490 enim
2191 5439 2244 5491 in

686 5513 804 5580 lege
837 5520 950 5577 tua,
983 5518 1126 5581 quod
1154 5518 1248 5586 qui
1288 5518 1474 5572 fecerit
1507 5504 2071 5592 eas'justil‘tcationes,
2105 5529 2248 5582 vivet

685 5605 740 5656 in
773 5603 872 5656 eis.
905 5602 1175 5669 Quoniam
1225 5611 1387 5678 igitur
1417 5626 1516 5681 ego
1550 5623 1676 5666 tuus
1697 5629 1841 5680 sum,
1877 5619 2023 5672 salva
2065 5636 2151 5676 me
2180 5623 2248 5676 ab

687 5694 1109 5784 insidiatoribus
1151 5691 1309 5755 meis.
1345 5700 1496 5760 Tuus
1535 5714 1716 5758 autem
1763 5719 1905 5774 sum,
1937 5712 2104 5766 veluti
2153 5713 2245 5784 qui

685 5783 1105 5852 justificationes
1137 5797 1262 5847 tuas
1290 5797 1408 5848 toto
1432 5796 1597 5852 corde
1623 5798 1875 5866 exquiro.

2418 4265 2485 4317 El
2505 4262 2589 4332 μὴ
2616 4265 2704 4316 ὅτι
2745 4268 2777 4318 ὁ
2807 4267 2988 4333 νόμος
3016 4280 3131 4319 σου
3177 4265 3397 4334 μελέτη
3431 4281 3549 4332 μου
3582 4262 3732 4324 ἐστι,
3775 4262 3924 4315 τότε

2350 4359 2426 4413 ἂν
2459 4361 2787 4430 ἀπωλόμην
2817 4361 2886 4413 ἑν
2923 4359 2998 4428 τῇ
3032 4359 3385 4413 ταπεινώσει
3412 4375 3553 4426 μου.
3578 4359 3637 4409 Εἰ
3673 4355 3748 4427 μὴ
3778 4357 3924 4408 διότι

2350 4453 2377 4500 ό
2412 4451 2575 4516 νόμος
2618 4467 2712 4502 σου
2757 4452 2956 4521 μελέτη
3015 4469 3114 4519 μου
3150 4454 3296 4502 ἐστὶν
3319 4451 3661 4519 ἀπηλλάγην,
3694 4449 3812 4500 τότε
3847 4446 3925 4500 ἂν

2352 4539 2626 4591 ἀπέθανον
2665 4542 2722 4592 ὲν
2751 4543 2816 4610 τῇ
2851 4540 3192 4609 κακοπαθείᾳ
3221 4558 3345 4608 μου,
3413 4541 3767 4609 σφοδρότερον
3793 4540 3927 4590 ἐςτι-

2351 4630 2600 4699 θεμένων
2630 4648 2722 4700 μοι
2745 4633 2852 4686 τῶν
2883 4632 3230 4702 πειρασμῶν.

2409 4807 2513 4869 Εἰς
2540 4804 2646 4858 τὸν
2675 4805 2862 4860 αἰῶνα
2899 4807 2969 4858 οὐ
2990 4808 3077 4874 μὴ
3108 4806 3471 4872 ἐπιλάθωμαι
3505 4805 3624 4857 τῶν
3673 4804 3920 4857 omnia»

2341 4897 2547 4964 μάτων
2573 4913 2711 4962 σου,
2735 4898 2822 4951 ὅτι
2853 4899 2921 4950 ἐν
2950 4898 3146 4962 αὐτοῖς
3175 4895 3392 4961 ἕζησὰς
3416 4913 3510 4963 με.
3532 4897 3669 4963 Παρ’
3686 4896 3806 4947 ὅλον
3820 4896 3926 4947 τὶν

2348 4986 2519 5039 αἰῶνα
2549 4987 2609 5038 οὐ
2644 4987 2718 5057 μὴ
2747 4988 3094 5055 ἐπιλάθωμαι
3121 4986 3456 5038 αὐτῶν.“οτι
3488 4985 3553 5037 δι’
3580 4985 3720 5037 αὐτὰ
3746 4987 3921 5047 ἐξικο-

2353 5077 2582 5147 ποιησὰς
2612 5097 2679 5149 με
2705 5078 3168 5146 ἀποπνιγόμενον.
3193 5078 3340 5130 Διότι
3363 5078 3470 5146 γὰρ
3504 5077 3734 5148 μελέτην
3765 5073 3924 5144 εἶχον

2355 5172 2445 5222 τὸν
2476 5171 2641 5240 νόμον
2675 5189 2793 5235 σου,
2831 5169 3174 5240 ἀπηλλάγην.

2423 5349 2536 5414 Σός
2564 5355 2679 5420 ειμι
2703 5352 2838 5421 ἐγὼ,
2857 5349 3067 5404 σῶσόν
3080 5368 3175 5420 με,
3209 5351 3297 5408 ὅτι
3320 5354 3390 5407 τὰ
3407 5350 3766 5420 δικαιώματὰ
3791 5368 3919 5405 σου

2352 5440 2704 5510 ἐξεζιὶτησα.
2765 5443 3092 5510 Γέγραπται·
3130 5445 3238 5516 γὰρ
3303 5446 3360 5497 ὲν
3407 5444 3482 5509 τῷ
3528 5445 3698 5510 νόμῳ,
3758 5443 3838 5494 ὅτι
3883 5445 3921 5498 ὁ

2355 5535 2772 5610 ποιήσας-αὐτα,
2797 5535 3021 5603 ζήσεται
3053 5537 3108 5587 ὲν
3131 5537 3315 5599 αὐτοῖς
3336 5552 3350 5567 ο
3379 5536 3502 5587 ἐπεὶ
3525 5529 3619 5586 οὖν
3650 5533 3743 5597 σός
3767 5537 3914 5605 εἰμι,

2355 5625 2528 5680 σῶσόν
2551 5607 2618 5696 με
2640 5607 2748 5702 ἀπὸ
2774 5629 2880 5680 τῶν
2905 5629 3362 5682 ἐπιϐουλευόντων
3384 5628 3607 5699 μοι’,σὺς
3637 5629 3748 5702 γὰρ
3773 5631 3912 5704 ἐγὼ,

2353 5719 2427 5783 ὡς
2457 5719 2526 5774 τὰ
2557 5722 2624 5775 σει
2657 5720 3002 5792 δικαιώματα
3032 5721 3298 5793 ἐκζητῶν.
