4144 6296
676 356 806 421 1171

1869 357 2247 417 EU'I‘HYMII
2283 359 2641 421 ZIGABENI

3749 352 3891 417 illi

668 466 854 538 populi
886 466 951 519 ad
982 464 1153 521 Deum
1184 466 1478 537 supplicat,
1512 474 1699 535 petens
1732 465 1874 518 mitti
1921 465 2027 519 sibi
2075 465 2220 519 hunc

2339 471 2506 536 ε’ἧσαι.
2535 473 2605 524 Ἢ
2635 472 2730 524 καὶ
2752 469 3025 541 προσώπῳ
3048 469 3141 524 τοῦ
3164 469 3305 543 ,νέου
3331 468 3461 522 λαοῦ
3489 470 3726 522 ποιεῖται
3781 468 3890 536 τὴν

663 559 885 625 Filium,
914 570 965 615 et
999 559 1182 614 doceri
1218 566 1277 614 s‘e
1308 560 1377 614 ab
1408 575 1475 615 eo
1509 558 1931 630 justilicationes
1960 558 2117 630 legis.

738 732 899 789 Vens.
942 735 1063 791 156.
1094 736 1392 790 ‘Decnrsus
1443 753 1702 807 aquarum
1763 735 2031 790 subierunt
2084 737 2224 791 oculi

664 826 789 887 mei,
821 828 945 895 quia
975 843 1080 879 non
1119 828 1484 881 custodierunt
1516 827 1673 897 legent
1706 837 1873 882 tuam.
1911 825 2013 881 Per
2049 843 2221 897 aqua-

662 932 785 970 rum
831 918 1117 985 decursus,
1169 918 1465 971 cliaradras
1514 930 1568 972 et
1620 919 1783 975 valles
1832 918 2104 988 intelligit,
2156 933 2219 972 ac

662 1010 781 1061 toea
811 1022 1073 1073 concava,
1110 1024 1207 1077 per
1237 1026 1359 1078 quae
1388 1024 1543 1078 aquae
1581 1009 1749 1076 ﬂuere
1780 1010 1982 1064 solent.
2027 1010 2180 1064 Oculi
2204 1049 2219 1072 ,

663 1100 865 1167 inquit,
901 1100 1002 1154 mei
1034 1100 1385 1170 lacrymaudo
1415 1101 1638 1154 concavi
1684 1101 1858 1155 cll‘ecti
1910 1110 2061 1166 sunt,
2092 1104 2222 1157 cha-

663 1188 949 1258 radraeque
994 1205 1058 1245 ac
1095 1191 1256 1247 vallis
1291 1191 1575 1261 cujusdam
1612 1193 1847 1261 speciem
1894 1193 2219 1259 subierunt;

660 1283 747 1337 vel
786 1285 1188 1338 contabuerunt
1235 1283 1601 1354 lacrymarum
1652 1283 1804 1352 copia
1840 1326 1854 1345 ,
1887 1299 2051 1353 quam
2101 1283 2224 1337 ideo

661 1375 841 1442 emisi,
879 1377 1003 1444 quia
1028 1365 1463 1444 transgressores
1496 1392 1604 1430 non
1635 1375 2016 1431 custodierunt
2047 1378 2220 1448 legem

661 1475 811 1520 tuam
842 1482 857 1519 :
893 1476 1001 1521 tota
1031 1468 1233 1522 etenim
1266 1478 1426 1524 nocte
1456 1470 1731 1522 miseriam
1757 1483 1855 1538 ego
1882 1468 2095 1523 illorum
2123 1470 2223 1524 de-

661 1556 878 1613 ﬂebam.
921 1559 1155 1629 lutelligi
1184 1559 1350 1615 etiam
1384 1568 1611 1629 possunt
1650 1560 1762 1615 haec
1795 1561 1979 1625 verba,
2018 1572 2075 1615 ut
2107 1578 2221 1632 per-

2321 560 2524 630 δέησιν,
2552 561 2809 615 ἱκετεύων
2835 559 3314 629 ammonet“;
3325 561 3532 624 τοῦτον,
3556 562 3649 614 καὶ
3671 560 3887 625 διδάξαι

2321 650 2389 704 τὰ
2412 652 2742 719 εύαγγελικὰ
2768 651 3132 721 δικαιώματα.

2393 743 2707 810 Διεεόδους
2770 744 3006 799 ὑδάτων
3061 730 3419 800 κατέδυσακ
3449 745 3504 797 οι
3585 741 3888 810 ὀφθαλμοί

2314 853 2454 902 μου,
2487 835 2616 889 ἐπεὶ
2641 838 2751 890 οὐκ
2781 836 3091 905 ἐφύλαξαν
3109 835 3213 890 τὸν
3236 837 3425 903 νόμον
3483 850 3618 887 σου.
3650 832 3889 895 Διέξοεοι

2326 927 2533 981 ὑδάτων
2584 929 2639 980 αι
2666 929 2931 998 χαράδραι
2955 930 3047 982 καὶ
3070 930 3139 983 τὰ
3169 927 3481 995 κοιλώματα
3503 942 3517 957 ο
3564 926 3725 993 φησὶν
3766 921 3889 985 οὖν,

2325 1021 2407 1073 ὅτι
2432 1020 2762 1091 Κοιλώματα
2813 1020 3202 1090 ὲκοιλάνθησαν
3242 1021 3292 1073 oi
3340 1017 3608 1086 ὀφθαλμοί
3653 1009 3754 1084 μόυ
3789 1016 3887 1068 δα-

2328 1113 2607 1183 κρύοντες,
2637 1114 2803 1181 ἤγουν
2827 1112 3121 1183 ὲτὰκησαν,
3155 1111 3358 1179 πλῆθος
3401 1109 3653 1177 δακρύων
3701 1109 3888 1175 ἀτιορ-

2331 1204 2564 1272 ρέοντες,
2596 1205 2730 1257 διότι
2745 1206 2846 1258 οὐκ
2885 1203 3158 1274 ἐφύλαξαν
3182 1206 3274 1257 τδν
3310 1203 3473 1272 νόμον
3498 1217 3591 1253 σου
3622 1201 3672 1253 οι
3704 1187 3891 1268 παρα-

2337 1294 2649 1364 νομοῦντες·
2666 1297 2963 1366 παννύχιον
2986 1295 3096 1366 γὰρ
3114 1294 3493 1363 ἀπεκλαιόμην
3505 1293 3627 1354 τοὺς
3652 1291 3895 1351 ἀθλίους.

2330 1389 2553 1443 Νοεῖται
2580 1390 2637 1444 δὲ
2684 1390 2842 1442 τοῦτο
2861 1380 2964 1444 Ῑκαὶ
2989 1390 3119 1459 περὶ
3141 1389 3250 1442 τῶν
3291 1387 3581 1447 Ἰουδαίων,
3609 1385 3660 1437 οἳ
3695 1401 3885 1452 παρα-

2336 1479 2623 1548 νομοῦντες
2660 1480 2869 1535 ἀνεῖλον
2916 1479 3009 1533 τὸν
3062 1478 3300 1550 Χριστόν
3327 1493 3343 1511 ⁸
3376 1478 3605 1548 ἐδάκρυε
3652 1475 3760 1545 γὰρ
3791 1473 3897 1527 αύ-

2329 1572 2475 1635 τοὺς.
2509 1572 2585 1637 ὡς
2612 1575 2884 1644 όμογενεϊς
2896 1613 2909 1627 .
3398 1560 3417 1570 ’

666 1652 875 1705 tineant
913 1651 979 1705 ad
1019 1651 1252 1718 Judmos,
1304 1653 1397 1721 qui
1446 1652 1632 1721 inique
1677 1661 1899 1723 agentes
1946 1652 2227 1710 Christum
2268 1658 2695 1733 interemerunt;
2728 1667 3060 1736 laerymatus
3083 1663 3228 1719 enim
3268 1673 3355 1718 est
3402 1657 3666 1716 Dominus
3728 1664 3901 1727 super

662 1758 777 1808 ρος,
810 1753 1068 1813 tanquam
1101 1760 1266 1813 super
1294 1753 1581 1814 cognatos.
1617 1759 1680 1799 ac
1717 1742 1961 1813 ejusdem
2013 1748 2227 1813 generis
2266 1748 2538 1807 homines.

740 1834 900 1889 Vens.
952 1823 1305 1889 137.1ustus
1345 1852 1421 1900 et,
1458 1833 1706 1900 Domine,
1749 1845 1798 1890 et
1830 1844 1972 1889 recta
2012 1836 2223 1905 judicia

2401 1846 2640 1913 Δίκαιος
2677 1843 2752 1912 εἴ,
2803 1848 3001 1915 Κύριε,
3035 1845 3135 1899 καὶ
3162 1842 3357 1910 εὐθεῖς
3379 1844 3441 1896 αι
3462 1841 3691 1911 κρίσεις
3752 1854 3896 1894 σου’

671 1936 782 1980 tua.-
818 1925 931 1981 Hoc
954 1927 1174 1981 assidue
1204 1928 1467 1997 cogitare,
1502 1927 1705 1991 dicere,
1735 1926 1959 1982 credere
2011 1938 2066 1982 et
2093 1944 2227 1983 cono

668 2015 809 2069 titeri
836 2018 1100 2083 optimum
1124 2028 1228 2072 est.

737 2104 905 2160 Vens.
942 2107 1063 2163 158.
1093 2106 1367 2166 Mandasti
1386 2111 1659 2179 justitiam
1690 2108 1989 2162 testimonia
2036 2117 2149 2173 tua,
2182 2116 2232 2161 et

669 2199 943 2253 veritatem
972 2210 1117 2254 tuam
1146 2201 1316 2256 valde.
1357 2200 1624 2256 Maudasti
1655 2217 1719 2256 ea
1747 2200 1923 2265 valde,
1962 2201 2230 2270 justitiam

673 2290 930 2345 nimirum
958 2302 1011 2347 et
1045 2293 1349 2349 veritatem.
1377 2292 1494 2360 Vel,
1529 2293 1798 2348 mandasti
1829 2308 1892 2349 ea
1918 2280 2232 2349 testimonia

670 2386 971 2450 observari,
1003 2397 1061 2440 ut
1085 2385 1239 2442 valde
1263 2385 1434 2457 justa,
1457 2398 1510 2441 et
1535 2386 1691 2440 valde
1721 2400 1868 2440 vera.
1898 2383 2004 2438 Lex
2031 2383 2233 2439 etenim

671 2486 799 2542 tua,
835 2479 981 2547 quod
1021 2481 1228 2549 justum
1272 2491 1376 2543 est.
1423 2469 1678 2534 omnibus
1712 2477 1987 2543 retribuit,
2022 2487 2129 2532 tam
2167 2476 2235 2530 iis

672 2568 765 2637 qui
805 2579 949 2626 recte
977 2580 1164 2641 agunt,
1194 2588 1358 2642 quam
1398 2573 1463 2628 iis
1493 2573 1588 2643 qui
1620 2586 1730 2628 nou
1777 2582 1961 2636 recte;
1988 2578 2042 2625 et
2073 2581 2236 2623 verax

670 2663 947 2719 etiaui'est
975 2663 1026 2716 in
1058 2662 1509 2732 promissiouibus
1540 2664 1685 2719 suis.

745 2750 909 2807 Vens.
942 2752 1064 2807 159.
1099 2750 1380 2805 Tabescere
1418 2767 1499 2804 me
1544 2752 1663 2820 fecit
1710 2750 1852 2805 zelus
1897 2766 2040 2805 meus
2064 2791 2080 2814 ,
2112 2751 2237 2819 quia

675 2844 824 2898 obliti
861 2854 981 2897 sunt
1010 2844 1164 2897 verba
1187 2852 1281 2897 tua
1310 2843 1514 2896 inimici
1538 2843 1659 2896 mei.
1691 2840 1853 2897 Zelus
1881 2857 1989 2910 quo
2021 2851 2239 2921 propter

676 2945 729 2991 te
761 2936 1053 3001 accendor,
1087 2935 1233 3007 quod
1272 2937 1340 2993 ab
1370 2937 1449 2992 eis
1476 2935 1790 3005 spernat-is;
1824 2935 1906 2989 vel
1958 2933 2103 3002 justa
2134 2934 2235 2997 ira,

2329 1938 2499 1993 Τοῦτο
2522 1940 2619 1992 καὶ
2642 1943 2803 2005 νοεῖν,
2839 1941 2932 1994 καὶ
2953 1938 3133 2006 λέγειν
3155 1938 3244 1993 ἀεὶ
3266 1936 3452 2002 καλὸν,
3478 1934 3572 1989 καὶ
3593 1931 3899 1995 πιστεύειν,

2331 2033 2424 2085 καὶ
2461 2034 2763 2103 ὁμολογεῖν.

2416 2121 2723 2175 “Entella:
2746 2121 3142 2189 δικαιοσύνην
3178 2122 3250 2175 τὰ
3283 2117 3575 2190 μαρτύριά
3606 2134 3747 2180 σου,
3797 2115 3903 2167 καὶ

2331 2211 2622 2280 ἀλήθειαν
2676 2210 2931 2281 σφόδρα.
2991 2210 3269 2264 Ἐνετείλω
3320 2210 3484 2272 αὐτὰ,
3543 2204 3898 2272 δικαιοσύνην

2330 2305 2671 2375 αὐτόχρημα,
2700 2306 2795 2358 καὶ
2832 2303 3089 2373 ἀλήθειαν
3130 2303 3294 2357 πάνυ.
3328 2303 3426 2368 Ἦ,
3460 2299 3709 2354 ὲνετείλω
3731 2297 3903 2360 αὐτὰ,

2332 2395 2516 2449 δίκαια
2567 2395 2663 2449 καὶ
2715 2396 2892 2465 ἀληθῆ
2935 2396 3097 2452 πάνυ.
3130 2393 3187 2447 ὐ
3210 2394 3374 2463 νόμος
3424 2408 3521 2444 σου
3549 2391 3659 2461 γὰρ
3676 2388 3904 2451 δικαίως

2335 2485 2620 2556 ἀμείϐεται
2647 2488 2743 2539 καὶ
2798 2485 2889 2540 τὸν
2928 2485 3323 2555 κατορθοῦντα,
3354 2482 3560 2537 καὶτὸν
3591 2480 3905 2551 σφαλλόμε-

2336 2594 2447 2643 νον,
2481 2577 2574 2631 καὶ
2595 2577 2848 2648 ἀληθεύει
2876 2580 2998 2642 ταῖς
3025 2577 3401 2647 ἐπαγγελίαις.

2419 2755 2698 2823 Ἐξέτηξέ
2721 2771 2799 2825 με
2830 2758 2862 2810 ὀ
2892 2754 3070 2822 ζῆλός
3098 2770 3235 2819 σου,
3269 2753 3356 2806 ὅτι
3371 2751 3737 2805 ἐπελάθοντο
3781 2746 3908 2801 τῶν

2338 2851 2535 2917 λόγων
2588 2862 2705 2901 σου
2762 2848 2819 2900 οἱ
2863 2846 3065 2915 ἐχθροί
3114 2863 3254 2914 μου.
3307 2845 3364 2897 '0
3415 2843 3553 2911 ὑπὲρ
3600 2841 3695 2894 σοῦ
3739 2840 3907 2909 ζῆλος

2341 2939 2879 3011 καταφρονουμένουο
2915 2937 3118 3009 ἢύπὲρ
3167 2937 3261 2990 σοῦ
3309 2934 3494 2989 δικαία
3538 2933 3713 3002 ὀργή·
3767 2930 3907 2983 διότι

676 3043 788 3096 qua
814 3042 912 3097 pro
940 3037 993 3082 te
1022 3044 1392 3096 commoveor,
1424 3027 1571 3098 quod
1600 3028 1978 3083 mandatorum
2021 3036 2238 3081 tuorum

2340 3034 2662 3089 ἐπελάθοντο
2701 3032 2810 3087 τῶν
2867 3031 3097 3086 ἐντολῶν
3146 3047 3264 3094 σου,
3295 3031 3345 3081 οἱ
3392 3028 3483 3081 διὰ
3529 3024 3688 3078 τοῦτο
3718 3021 3907 3093 ἐχθροί

676 3120 833 3175 obliti
878 3129 1025 3181 sunt.
1065 3121 1320 3191 quodque
1350 3136 1380 3174 a
1415 3120 1585 3176 veteri
1618 3120 1967 3176 meditatione
2011 3134 2110 3175 sua
2149 3134 2235 3174 re-

2347 3143 2445 3196 μου
2466 3126 2801 3183 ἀποστάντες
2820 3119 2919 3193 τῆξ
2950 3123 3178 3193 μελέτης
3207 3119 3407 3174 αὐτῶν.

678 3220 964 3267 cesserunt
992 3212 1197 3267 inimici
1228 3213 1304 3265 illi
1351 3212 1477 3278 mei,
1514 3212 1607 3279 qui
1656 3212 1727 3267 ob
1768 3212 2017 3267 ardorem
2069 3210 2235 3264 animi
2265 3196 2309 3256 C

678 3303 734 3354 in
764 3310 815 3357 te
847 3304 1052 3366 meum,
1090 3301 1219 3355 mihi
1249 3300 1452 3356 infensi
1485 3309 1637 3356 sunt.
1744 3294 1745 3297 “
2208 3318 2213 3323 ·
3123 3365 3126 3367 Α
3610 3310 3619 3311 “

753 3390 916 3447 Vens.
952 3393 1074 3447 MO.
1120 3392 1351 3463 Ignitum
1393 3392 1658 3461 eloquium
1706 3399 1852 3443 tuum
1897 3392 2236 3458 uehementer,

2404 3385 2839 3454 Πεπυρωμένον
2862 3383 2929 3437 τὸ
2958 3382 3167 3451 λόγιόν
3193 3393 3311 3434 σου
3332 3372 3697 3446 σφόὸρὰ,καὶ
3718 3375 3750 3425 ό
3767 3369 3908 3425 δοῦ-

600 3504 608 3513 '
678 3494 728 3536 et
767 3500 940 3538 servus
973 3500 1091 3537 tuus
1115 3485 1299 3538 dilexit
1330 3484 1482 3537 illud.
1504 3483 1824 3545 Purissima,
1855 3481 2049 3552 inquit,
2077 3491 2238 3551 atque

2339 3479 2446 3543 λός
2472 3491 2589 3530 σου
2622 3475 2938 3545 ἠγάπησεν
2971 3474 3137 3528 αὑτό.
3163 3465 3909 3541 Καθαρώτατος,ἂμεμπτος·

680 3578 1029 3630 iuunaculata
1079 3587 1158 3631 cat
1209 3578 1293 3631 lex
1350 3587 1475 3639 tua,
1524 3575 1680 3645 quasi
1730 3591 1921 3629 aurutn
1972 3573 2238 3643 quoddam

2340 3571 2370 3621 6
2399 3570 2560 3637 νόμος
2595 3585 2721 3620 σου·
2750 3569 2988 3634 τοιοῦτον
3016 3568 3125 3637 γὰρ
3157 3566 3216 3619 τὸ
3247 3561 3637 3632 πεπυρωμένον
3661 3559 3911 3630 χρυσίον.
3980 3594 3985 3599 ι

682 3668 911 3737 ignitum
946 3675 1116 3737 atque
1163 3667 1286 3733 igne
1315 3666 1710 3720 examinatum.
1753 3663 1994 3718 Similem
2024 3670 2238 3718 senten-

2348 3658 2577 3728 Εἴρηται
2599 3658 2657 3711 δὲ
2689 3658 2785 3711 καὶ
2805 3659 2863 3711 ὲν
2888 3657 2964 3725 τῷ
2991 3654 3056 3710 ια’
3085 3656 3283 3725 ψαλμῷ
3307 3671 3320 3685 ·
3371 3654 3447 3709 Τὰ
3475 3646 3653 3721 λόγια
3680 3650 3913 3716 Κυρίου

669 3746 813 3813 'tiam
852 3761 1143 3815 habuimus
1179 3758 1231 3813 in
1279 3758 1488 3827 psalmo
1533 3755 1841 3821 undecimo,
1874 3755 1945 3810 ibi
1976 3773 1989 3810 :
2020 3754 2238 3825 Eloquia

2347 3750 2518 3821 ἁγνὰ,
2543 3750 2825 3820 ἀργύριον
2848 3749 3291 3818 πεπυρωμένον
3321 3748 3416 3800 καὶ
3441 3744 3725 3815 ⁴Ιιγάειιησεν
3776 3740 3918 3807 αὐτὸ

682 3850 918 3915 Domini,
962 3852 1169 3920 eloquia
1216 3859 1403 3914 casta,
1438 3855 1713 3918 argentum
1757 3846 1978 3915 ignitum
2030 3845 2238 3917 (eadem

683 3940 828 3990 enim
865 3939 1031 3993 dictio
1062 3940 1465 4007 utrobiqueest
1510 3937 1567 3992 in
1601 3935 1787 3991 Graeca
1831 3935 2084 3999 lectione,
2121 3950 2241 4003 qua:

2349 3843 2509 3913 μόνος
2541 3845 2568 3896 6
2590 3842 2773 3905 δοῦλός
2810 3859 2927 3908 σου,
2979 3843 3032 3894 el
3058 3842 3138 3905 τίς
3175 3844 3291 3894 ἐστι
3322 3837 3575 3908 θεράπων
3603 3851 3721 3896 σου,
3749 3831 3801 3884 tl
3826 3846 3917 3893 τις

2351 3933 2488 4003 μετὰ
2510 3934 2676 4000 φόϐου
2706 3934 2976 4002 λατρεύει.

683 4040 737 4085 «ιι
767 4031 987 4102 ignitum
1012 4029 1298 4100 signiﬁcat,
1326 4039 1378 4082 et
1404 4029 1521 4097 igne
1544 4027 1949 4089 exaininatum).
1979 4025 2091 4079 Hoc
2114 4040 2242 4080 vero
2279 4024 2556 4095 eloquium
2589 4040 2684 4077 seu
2722 4023 3035 4077 mandatum
3071 4030 3223 4076 tuum
3259 4022 3306 4076 is
3372 4020 3523 4076 solus
3582 4018 3780 4087 diligit,
3811 4019 3916 4087 qui

685 4144 877 4183 servus
909 4135 1035 4181 tuus
1062 4135 1167 4185 est.
1212 4123 1303 4193 qui
1341 4122 1438 4177 tibi
1487 4122 1690 4188 servit,
1727 4130 1780 4175 te
1818 4120 1949 4175 colit
1998 4128 2051 4174 et
2088 4135 2211 4175 cum
2249 4121 2441 4175 timore
2465 4126 2769 4176 veneratur.

758 4222 921 4275 Vsus.
958 4222 1075 4275 141.
1105 4218 1537 4275 Adulescentulus
1568 4234 1684 4271 sum
1705 4232 1797 4286 ego
1821 4226 1869 4269 et
1895 4224 2238 4284 contemptus,

2407 4214 2712 4288 Nea'rtepo'c
2734 4216 2871 4282 ,Slﬂt
2906 4212 3020 4281 ἐγὼ
3052 4212 3149 4265 καὶ
3176 4209 3672 4279 ἐξουδενωμένος,
3715 4206 3792 4260 τὰ
3817 4206 3922 4259 ϐι-

679 4315 1087 4383 justi/icationes
1120 4307 1239 4366 tua:
1272 4330 1375 4367 non
1398 4326 1511 4365 sum
1539 4308 1749 4363 utilitas.
1775 4304 1937 4362 Juxta
1963 4308 2243 4362 historiam

690 4405 882 4458 beatus
915 4401 1079 4456 David
1115 4401 1515 4458 adulescentior
1546 4410 1666 4453 erat
1702 4400 1845 4453 inter
1871 4405 2097 4452 caateros
2136 4397 2247 4449 ira-

687 4501 825 4558 trcs,
854 4500 909 4546 et
939 4500 1158 4559 propter
1187 4498 1407 4547 staturae
1440 4492 1738 4546 exilitatem
1776 4489 1876 4543 fuit
1908 4490 2070 4543 etiam
2112 4502 2246 4562 con-

688 4591 932 4654 temptus
963 4596 993 4637 a
1038 4590 1215 4651 patre,
1244 4580 1464 4651 quando
1495 4578 1715 4633 Samuel
1754 4580 2017 4647 propheta
2053 4589 2249 4633 unctu-

690 4687 789 4726 rus
818 4687 940 4727 eum
973 4673 1027 4726 in
1062 4686 1265 4742 regem,
1297 4668 1538 4724 advenit.
1573 4665 1700 4721 Fuit
1725 4666 1887 4721 etiam
1915 4664 2101 4732 junior
2129 4664 2250 4732 ipso

693 4759 822 4816 Sani
850 4772 906 4816 et
932 4758 1210 4832 neglectus
1261 4761 1331 4815 ab
1371 4774 1459 4825 eo,
1490 4773 1613 4813 eum
1658 4752 2060 4826 persecutiones
2094 4752 2162 4808 ab
2188 4766 2256 4807 eo

695 4854 877 4910 varias
919 4856 1257 4909 sustineret:
1289 4859 1658 4907 verumtamen
1708 4848 1795 4902 bie
1841 4845 2028 4916 junior
2066 4853 2120 4899 et
2155 4859 2255 4898 ne-

698 4950 906 5010 ulm'lus
934 4961 1097 5013 supra
1130 4947 1229 4999 hos
1256 4958 1469 5007 omnes,
1515 4940 1823 4994 divinorum
1871 4937 2253 5000 mandatorum

752 5036 969 5091 enauit.
1014 5037 1311 5090 Possumus
1342 5036 1506 5090 etiam
1540 5030 1843 5100 intelligere
1891 5032 2003 5085 haec
2049 5031 2212 5084 verba
2238 5068 2252 5093 ,

698 5143 755 5183 ut
787 5136 994 5199 prolata
1015 5127 1128 5183 sint
1162 5143 1224 5181 ex
1255 5142 1485 5196 persona
1511 5125 1636 5180 novi
1670 5123 1874 5194 populi,
1900 5122 1993 5193 qui
2022 5135 2257 5178 conteru-

2345 4302 2646 4372 καιώματά
2660 4317 2777 4356 σου
2797 4303 3199 4370 ἐπελαθόμην.
3232 4298 3372 4372 Καθξ
3403 4300 3640 4369 ἱστορίαν
3671 4300 3699 4351 ό
3747 4299 3923 4352 Δαϐὶδ

2345 4395 2606 4464 νεώτερος
2621 4389 2688 4463 ἦν
2701 4393 2810 4446 τῶν
2824 4392 3188 4461 ἀδελφῶν,καὶ
3203 4391 3534 4459 ὲξουδενωμέ
3543 4408 3629 4452 νος
3646 4407 3720 4441 πα
3730 4391 3797 4457 ρὰ
3811 4389 3918 4441 τοῦ

2347 4488 2554 4557 πατρὸς
2595 4484 2686 4539 διὰ
2732 4485 2831 4554 τὴν
2886 4484 3204 4555 βραχύτητα
3233 4483 3331 4552 τῆς
3373 4480 3610 4551 ἡλικίας,
3636 4482 3772 4533 acea
3809 4482 3931 4535 Σαο’

2350 4578 2520 4649 μουὴλ
2574 4578 2905 4647 παρεγένετο
2934 4578 3135 4649 χρισων
3165 4576 3325 4629 αὐτὸν
3348 4577 3426 4638 εἰς
3458 4574 3703 4645 βασιλέα.
3750 4560 3925 4627 Ἀλλᾶ

2347 4668 2563 4724 καὶτοῦ
2609 4671 2782 4725 Σαοϋλ
2839 4670 3103 4741 νεώτερος
3143 4665 3232 4740 ἦν,
3263 4669 3358 4723 καὶ
3384 4668 3726 4735 ὲξουδενοῦτο
3773 4667 3919 4737 παρ’

2352 4758 2540 4822 αὐτοῦ,
2571 4760 2667 4814 καὶ
2689 4760 2964 4815 ἐδιώκετοο
2996 4761 3090 4813 καὶ
3112 4760 3260 4829 ὅμως
3292 4758 3433 4828 ὑπὲρ
3459 4759 3665 4826 πάντας
3688 4757 3921 4821 τούτους

2351 4848 2691 4917 ὲμνημόνευε
2712 4847 2809 4918 τῆς
2831 4848 3051 4917 ἐντολῆς
3066 4848 3159 4900 τοῦ
3183 4846 3339 4900 Θεοῦ.
3364 4848 3585 4900 Νοεῖται
3609 4847 3668 4900 δὲ
3710 4848 3739 4899 6
3754 4847 3920 4912 λόγος

2353 4939 2448 4992 καὶ
2477 4940 2754 5011 προσώπῳ
2803 4939 2896 4992 τοῦ
2951 4939 3071 4991 νέου
3116 4937 3269 5002 λαοῦ,
3329 4939 3756 5009 ὲξουδενωμένου
3810 4937 3919 5007 μὲν

2354 5030 2459 5084 ὑπὸ
2480 5031 2573 5084 τοῦ
2626 5031 2877 5094 παλαιοῦ,
2923 5030 3015 5082 τὸν
3045 5029 3103 5082 δὲ
3136 5031 3301 5101 νόμον
3355 5031 3497 5103 ὑπὲρ
3550 5032 3756 5083 ἐκεῖνον
3814 5028 3920 5082 καὶ

2354 5122 2597 5198 νοοῦντος
2633 5123 2730 5176 καὶ
2758 5121 3144 5190 φυλάσσοντος.

699 5229 823 5287 ptus
845 5221 1060 5289 quidem
1083 5228 1138 5275 et
1167 5218 1447 5288 neglectus
1476 5218 1575 5273 fuit
1605 5217 1673 5273 ab
1700 5216 1920 5285 antiquo
1945 5212 2253 5270 Judazornm
2297 5214 2517 5283 pepulo,
2555 5223 2609 5269 et
2640 5227 2822 5269 tamen
2856 5227 3018 5281 supra
3050 5229 3174 5268 eum
3240 5214 3478 5268 divinam
3524 5212 3691 5281 legem
3745 5210 3921 5265 intel—

698 5312 833 5367 lexit
870 5321 1030 5381 atque
1060 5309 1388 5367 observavit.

768 5397 930 5453 Vsus.
972 5400 1090 5453 162.
1121 5399 1341 5454 Justitia
1374 5408 1485 5463 tua,
1525 5398 1743 5465 justitia
1775 5402 1827 5453 in
1858 5397 2129 5453 saxulum.
2162 5394 2255 5447 Di-

698 5495 827 5548 vina
863 5491 1072 5563 justitia
1104 5494 1319 5561 proprie
1345 5508 1408 5546 ac
1450 5505 1574 5544 vere
1599 5498 1683 5543 est
1709 5499 1761 5543 ct
1795 5487 2252 5558 dicitur-justitia;

701 5582 1084 5655 nuemcuuque
1113 5583 1254 5636 enim
1288 5585 1431 5637 Deus
1464 5580 1867 5652 justiﬁcaverit,
1900 5581 1945 5636 is
1989 5580 2135 5650 juste
2172 5586 2257 5630 at-

702 5692 808 5743 quo
827 5676 879 5728 in
907 5687 1166 5730 aeternum
1195 5674 1527 5743 justilicatur
1549 5694 1562 5727 :
1587 5673 1862 5728 lmtninum
1888 5688 2020 5725 vero
2040 5670 2255 5739 justitia

705 5767 1017 5838 hujusmodi
1054 5785 1158 5822 non
1192 5776 1295 5834 est,
1330 5767 1420 5822 sed
1458 5766 1769 5836 temporalis
1805 5773 1851 5818 et
1894 5778 2125 5834 persaepe
2160 5762 2257 5814 fal-

706 5857 851 5914 litus.

2438 5389 2506 5443 Ἦ
2539 5389 2892 5456 δικαιοσύνη
2918 5408 3033 5453 σου
3074 5392 3430 5454 δικαιοσύνη
3466 5388 3553 5451 εις
3574 5385 3682 5439 τὸν
3699 5384 3918 5441 αἰῶνα.

2352 5481 2682 5550 Δικαιοσύνη
2712 5481 2950 5548 αἰώνιος,
2976 5484 3292 5550 δικαιοσύνη
3341 5477 3547 5549 κυρίως
3574 5492 3589 5506 ‘
3612 5477 3680 5529 ὃν
3712 5478 3820 5548 γὰρ
3843 5478 3920 5533 ἂν

2352 5579 2603 5640 δικαιοῖς,
2666 5576 2898 5639 αἰωνίως
2939 5578 3034 5630 καὶ
3081 5575 3304 5635 δικαίως
3349 5572 3611 5634 δικαιοίςο
3660 5571 3772 5641 ἠδὲ
3800 5570 3921 5622 τῶν

2352 5668 2655 5737 ἀνθρώπων
2714 5669 2773 5719 ού
2824 5667 3067 5737 τοιαύτη,
3133 5662 3465 5734 πρόσκαιρός
3515 5679 3574 5717 τε
3627 5659 3760 5716 οὖσα
3818 5666 3921 5716 καὶ

2354 5760 2694 5831 σφαλλομένη
2723 5759 2790 5813 τὰ
2812 5758 3002 5813 πολλὰ.
