4144 6296
772 408 905 508 η75

748 616 914 680 Prope
953 626 1028 690 est
1077 616 1327 668 Dominus
1371 616 1609 668 omnibus
1655 615 2015 668 invocantibus
2069 630 2182 667 eum
2227 615 2293 664 ³⁸.

746 705 878 756 ltcnt
919 703 1043 758 alibi
1079 706 1337 772 scriptum
1365 693 1466 758 est
1503 721 1516 755 :
1565 703 1698 756 Deus
1747 704 2168 772 appropinquans
2205 718 2298 770 ego

747 809 884 854 sum,
924 802 972 848 et
1016 809 1116 846 non
1169 793 1303 846 Deus
1348 811 1377 846 a
1431 794 1579 862 longe
1610 794 1673 854 '°.
1714 794 1863 861 juxta
1903 792 2074 844 illud:
2115 789 2299 843 Nonne

755 884 934 938 (telum
973 894 1021 937 et
1066 894 1262 937 (errant
1293 899 1384 952 ego
1419 883 1646 951 impleo?
1697 885 1823 936 dicit
1860 882 2108 934 Dominus
2133 881 2200 932 ".
2234 880 2297 933 Et

749 991 934 1030 rursus
966 993 979 1028 :
1013 975 1193 1027 Adhuc
1225 975 1462 1043 loquente
1509 985 1554 1027 te
1603 975 1797 1039 dicam,
1827 974 1959 1028 Ecce
2009 975 2196 1028 adsum
2225 974 2294 1026 δ’.

661 1061 667 1066 ’
746 1067 1154 1136 Appropinquat
1187 1066 1348 1135 igitur
1376 1067 1515 1121 Deus
1545 1068 1609 1121 iis
1644 1069 1762 1136 qui,
1795 1083 1889 1136 per
1919 1067 2216 1136 profectum
2246 1074 2299 1119 et

748 1175 1056 1228 ascensum,
1103 1161 1151 1215 ei
1208 1163 1408 1230 pariter
1449 1161 1908 1232 apprOpinquant.
1977 1159 2298 1212 Peccatores

749 1263 879 1300 vero
911 1249 1229 1317 elongantur
1256 1264 1283 1300 a
1331 1249 1458 1313 Deo,
1492 1250 1559 1304 de
1598 1249 1678 1302 eis
1709 1249 1851 1302 enim
1888 1247 2147 1315 scriptum
2179 1251 2294 1297 est:

753 1334 883 1390 Ecce
913 1340 1000 1406 qui
1031 1355 1083 1391 se
1112 1339 1459 1409 clongavermt
1491 1357 1522 1391 a
1553 1350 1619 1402 te,
1655 1338 1894 1406 peribunt
1928 1336 1994 1389 δ’.

819 1514 884 1568 Et
908 1530 1083 1568 omnes
1119 1516 1215 1568 via:
1254 1525 1356 1568 tua:
1394 1518 1605 1569 veritas.
1640 1515 1754 1568 Tua
1793 1513 1971 1568 omnia
2018 1525 2142 1566 vera
2172 1518 2298 1564 sunt

747 1614 802 1658 et
841 1607 1011 1658 ﬁrma.
1043 1603 1134 1659 Vel
1165 1601 1354 1660 omnes
1379 1607 1736 1675 providentius
1759 1613 1865 1659 tua:
1888 1603 2152 1665 rationes.
2179 1602 2300 1670 qui-

751 1697 851 1751 bus
883 1695 1142 1750 mundum
1176 1698 1468 1765 gubernas,
1508 1711 1646 1750 verm
1677 1705 1805 1752 sunt
1830 1735 1844 1758 ,
1882 1703 2137 1759 tanquam
2173 1705 2300 1759 pro-

749 1787 983 1841 videntia
1009 1797 1098 1841 tua
1127 1802 1250 1842 vera
1280 1789 1351 1842 sit
1381 1787 1740 1858 providentia.
1765 1767 1864 1840 Vel
1890 1784 2070 1838 omnia
2094 1782 2297 1851 judicia

752 1889 842 1930 tua
881 1893 1006 1930 vera
1044 1886 1193 1940 sunt,
1224 1886 1480 1946 tanquam
1511 1886 1622 1930 tuta
1656 1888 1708 1931 et
1739 1884 1906 1930 recta.

819 1965 982 2020 Vens.
1011 1968 1129 2020 152.
1158 1965 1318 2020 Initio
1347 1969 1560 2031 cognovi
1591 1982 1652 2020 ea:
1676 1964 2136 2025 testimoniis‘tuis,
2161 1965 2296 2029 quod

745 2058 804 2112 in
833 2057 1081 2112 sreculum
1108 2057 1344 2126 fundasti
1374 2074 1456 2122 ea.
1489 2061 1529 2110 A
1573 2055 1859 2126 principio,
1887 2053 2088 2122 inquit,
2123 2067 2188 2106 ex
2214 2051 2299 2104 bis

749 2148 1000 2216 cognovi.
1029 2147 1172 2215 quod
1205 2157 1404 2200 aeterna
1439 2147 1527 2199 illa
1558 2161 1678 2200 esse
1704 2143 1978 2200 stabilisti.
2017 2141 2147 2194 Nam
2175 2155 2297 2193 cum

751 2251 816 2289 ea
851 2235 1148 2305 intelligere
1175 2235 1489 2304 inciperem,
1524 2234 1773 2303 cognovi,
1807 2236 1950 2302 quod
1981 2230 2154 2285 fecisti
2197 2229 2298 2281 im-

753 2327 967 2381 mobilia
1011 2342 1074 2382 ea
1117 2342 1259 2393 esse,
1311 2337 1474 2396 atque
1523 2323 2017 2388 incommutabilia,
2067 2329 2119 2376 et
2155 2321 2296 2388 quod

751 2417 931 2470 nullus
959 2432 1019 2470 ea
1048 2418 1350 2472 aboliturus
1375 2426 1536 2482 esset;
1563 2417 1708 2483 quod
1733 2416 1778 2469 si
1810 2415 1965 2481 plura
1999 2428 2062 2466 ex
2090 2411 2177 2464 liis
2208 2425 2300 2478 per

753 2508 1102 2576 Evangelium
1136 2508 1336 2562 aboleri
1376 2508 1644 2571 videntur,
1689 2521 1876 2562 revera
1931 2516 2108 2558 tamen
2146 2502 2298 2571 juxta

753 2599 1062 2655 interiorem
1091 2608 1254 2668 atque
1302 2599 1640 2654 reconditum
1674 2597 1894 2651 sensum
1927 2592 2035 2649 non
2078 2595 2300 2647 abolen-

755 2697 866 2749 tur,
922 2687 1192 2753 sedjuxta
1239 2686 1561 2741 exteriorem
1609 2684 1894 2753 quamdam
1931 2681 2300 2750 apparentiam

754 2785 808 2829 et
835 2777 1007 2846 ipsius
1031 2776 1220 2831 litterae
1252 2777 1516 2842 umbram,
1546 2784 1604 2829 ut
1625 2777 1735 2843 jam
1768 2772 2101 2831 declartuum
2133 2779 2239 2825 est.

823 2888 990 2944 Vnus.
1026 2890 1148 2944 155.
1189 2890 1315 2943 Vide
1347 2891 1695 2943 humilitatem
1728 2903 1897 2941 meam
1929 2896 1978 2939 et
2003 2885 2142 2951 eripe
2185 2901 2265 2937 me
2286 2925 2298 2948 ,

755 2979 879 3046 quia
907 2980 1066 3049 legem
1091 2990 1235 3032 tuam
1263 2995 1365 3033 non
1389 2995 1504 3034 sum
1532 2979 1744 3035 oblitus.
1771 2978 1924 3040 Vide,
1951 2977 2144 3047 inquit,
2173 2977 2304 3031 afﬂi-

757 3069 987 3121 ctionem
1017 3082 1212 3130 meam,
1240 3075 1293 3121 et
1322 3083 1385 3121 ex
1413 3067 1723 3135 ltujusmodi
1751 3081 1835 3120 me
1857 3067 2008 3134 eripe
2029 3064 2302 3118 calamita-

1982 411 2361 473 EUTHYMII
2403 372 2763 472 ZIGABEN’I

815 524 976 576 Vens.
1013 523 1130 580 151.
1169 522 1333 590 Prope
1361 541 1410 576 es
1444 525 1772 587 tu,Domine.
1810 524 1948 577 Alibi
1983 523 2145 576 etiam
2176 523 2245 574 ait
2278 538 2292 571 :
2327 526 2370 578 Α

2478 523 2690 590 Ἐγγυς
2722 521 2777 577 εἶ
2798 525 2899 588 σὺ,
2933 526 3127 592 Κύριε.
3161 527 3267 578 Καὶ
3302 526 3533 594 ἀλλαχοῦ
3567 543 3730 594 φησιν
3760 544 3774 558 ο
3829 525 3958 591 Ἔγ-

2401 613 2506 680 γὺς
2559 616 2768 681 Κύριος
2812 615 2961 669 πᾶσι
3010 615 3131 679 τοῖς
3181 617 3676 681 ἐπικαλουμένοις
3732 618 3954 671 abadr-

2400 706 2490 754 καὶ
2535 705 2592 755 ἐν
2622 705 2793 773 ἑτέρῳ
2830 705 3133 774 γέγραπται
3162 723 3185 776 ἠ
3226 706 3368 770 Θεὸς
3399 705 3639 774 ἑγτίζων
3666 706 3780 774 ἐγώ
3815 708 3956 772 ειμι,

2400 793 2494 845 καὶ
2527 796 2598 848 οὐ
2623 796 2768 860 Θεὸς
2792 795 3118 864 πόρῤωθεν,
3140 796 3278 848 κατὰ
3305 795 3384 861 ἀπὸ,
3411 797 3554 862 Οὐχὶ
3575 797 3679 849 τὸν
3693 797 3960 862 οὐρανὸν

2400 882 2495 934 καὶ
2545 883 2659 950 τὴν
2710 885 2828 953 γῆν
2879 885 3090 952 πληρώ
3135 887 3392 954 Κύριοςς
3439 887 3532 938 καὶ
3565 887 3768 939 πάλινο
3828 889 3959 940 Ἔτι

2398 972 2732 1038 λαλοῦντός
2766 992 2886 1028 σου
2917 975 3049 1044 ἐρῷ.
3085 975 3239 1029 ’Idc-i)
3280 975 3536 1044 πάρειμι.
3579 978 3818 1044 Ἑγγίζει
3858 977 3958 1044 μὲν

2399 1061 2537 1117 οὗνό
2571 1065 2720 1130 Θεὸς,
2757 1066 2890 1119 ἀλλὰ
2923 1069 3035 1129 τοῖς
3083 1069 3428 1134 ἐγγίζουσιν·
3481 1070 3527 1121 οἱ
3578 1069 3677 1134 μὲν
3723 1071 3834 1137 γὰρ
3880 1069 3961 1120 δί-

2400 1171 2542 1206 καιοι
2609 1155 2915 1222 ἐγγίζουσιν
2961 1157 3108 1226 αὖτῷ
3175 1158 3262 1211 διὰ
3294 1159 3576 1228 προκοπῆς
3623 1159 3714 1210 καὶ
3746 1159 3959 1210 ἀναϐά-

2402 1259 2573 1306 σεωςο
2613 1246 2664 1295 οἱ
2709 1247 2766 1298 δὲ
2813 1247 3125 1315 ἁμαρτωλοὶ
3187 1247 3558 1317 μακρύνουσιν
3599 1248 3695 1300 ἀπ’
3747 1247 3914 1300 αὐτοῦ
3940 1263 3958 1280 ’

2404 1336 2531 1402 περὶ
2565 1327 2637 1387 ὧν
2669 1335 2882 1404 εῐρηται
2914 1351 2930 1364 '
2985 1336 3138 1390 Ἰδοὺ
3165 1340 3218 1389 οἱ
3253 1337 3660 1405 μακρύνοντες
3701 1335 3962 1401 ἑαυτοὺς

2401 1423 2518 1474 ἀπὸ
2545 1424 2660 1477 σοῦ
2695 1425 3081 1480 ἀπολοῦνται.

2471 1513 2579 1566 Kal
2611 1511 2801 1568 πᾶσαι
2833 1518 2892 1567 αὶ
2923 1515 3052 1568 ὁδοί
3082 1533 3198 1569 σου
3235 1519 3508 1584 ἀλήθεια.
3559 1517 3742 1570 Πάντα
3783 1518 3855 1568 τὰ
3893 1517 3961 1568 σὲ

2399 1601 2626 1672 ἀληθινὰ
2643 1605 2735 1656 καὶ
2766 1604 2976 1673 βέϐαια,
3003 1607 3035 1675 ἦ
3066 1610 3237 1659 πᾶσαι
3271 1610 3325 1658 αἱ
3360 1607 3606 1678 πρόνοιαί
3629 1625 3720 1660 σου
3744 1609 3872 1659 καθ’
3893 1608 3962 1668 ἃς

2402 1696 2623 1758 διοικεῖς
2655 1697 2763 1761 τὸν,
2789 1698 3011 1766 κόσμον,
3050 1698 3288 1767 ἀληθεῖς.
3335 1700 3607 1761 ὡς·6ντως
3659 1701 3906 1768 πρόνοιαι
3942 1715 3961 1732 ο

2401 1787 2432 1854 ἢ
2477 1787 2644 1838 πᾶσαι
2689 1789 2744 1839 αἰ
2778 1790 2984 1855 κρίσεις
3037 1806 3127 1840 σου
3172 1789 3408 1859 ἀληθεῖς.
3442 1791 3516 1852 ὼς
3555 1770 3816 1868 depulsi;
3863 1789 3963 1842 καὶ

2401 1876 2576 1942 ὀρθαί.

2472 1970 2608 2022 Κατ’
2646 1969 2832 2036 ἀρχὰς
2869 1970 3056 2037 ἔγνων
3081 1971 3148 2023 ἐκ
3191 1970 3310 2024 τῶν
3324 1972 3661 2039 μαρτυρίων
3697 1967 3840 2030 σου.
3871 1969 3962 2024 ὅτι

2400 2062 2485 2122 εις
2508 2057 2613 2110 τὸν
2641 2057 2823 2110 αἰῶνα
2868 2059 3264 2126 ἐθεμελίωσας
3294 2059 3463 2112 αὑτά.
3523 2060 3608 2110 Ἐν
3651 2057 3962 2124 προοιμίοις

2401 2147 2572 2215 ἔγνων
2604 2151 2667 2200 ἐκ
2702 2151 2807 2200 τῶν
2852 2133 3164 2220 μαρτυρίων
3209 2167 3324 2213 σου,
3357 2151 3438 2202 ὅτι
3483 2149 3672 2201 αἰώνια
3717 2149 3962 2221 ἡδρασεις

2404 2239 2562 2293 αὑτά.
2611 2239 2937 2307 Ἀρξάμενος
2966 2245 3205 2295 συνιέναι
3253 2240 3456 2303 ταῦτα,
3492 2240 3662 2308 ἔγνων
3705 2241 3787 2292 ὅτι
3831 2239 3963 2290 ἀσά-

2403 2331 2566 2382 λευτα
2591 2332 2898 2400 πεποίηκας
2929 2332 3086 2395 αὐτὰ,
3135 2333 3228 2384 καὶ
3262 2332 3436 2393 οὐδεὶς
3461 2331 3598 2383 αὐτὰ
3637 2327 3958 2380 καταλύσει.

2403 2420 2463 2471 Ei
2484 2419 2591 2489 γὰρ
2615 2421 2709 2473 καὶ
2737 2421 2954 2473 δοκοῦσι
2987 2421 3052 2473 τὰ
3083 2421 3252 2474 πλείω
3285 2422 3650 2490 καταλυθῆναι
3679 2419 3833 2490 παρὰ
3862 2419 3960 2471 τοῦ

2405 2511 2758 2579 Εὖαγγελεου,
2794 2513 2908 2565 ἀλλ’
2937 2514 2997 2566 οὐ
3029 2516 3168 2566 κατὰ
3199 2514 3288 2566 τὸν
3334 2512 3776 2582 ἐγκεκρυμμένον
3805 2510 3954 2572 νοῦν,

2408 2601 2545 2655 ἀλλὰ
2581 2603 2720 2654 κατὰ
2763 2601 2822 2655 τὸ
2857 2603 3179 2673 φαινόμενον
3208 2605 3301 2657 καὶ
3332 2604 3576 2667 σκιῶδες,
3611 2603 3685 2664 ὡς
3719 2599 3962 2670 προδιεί-

2403 2691 2625 2758 ληπται.

2477 2889 2588 2942 Ἴδε
2610 2891 2725 2953 τὴν
2744 2890 3099 2942 ταπείνωσιν
3116 2908 3254 2954 μου,
3272 2889 3366 2942 καὶ
3383 2888 3593 2953 ἐξελοῦ
3609 2904 3705 2956 με,
3736 2887 3824 2939 ὅτι
3853 2885 3960 2940 τοῦ

2405 2979 2594 3048 νόμου
2643 2997 2758 3033 σου
2812 2983 2922 3033 οὐκ
2961 2982 3358 3049 ἐπελαθόμην.
3420 2981 3523 3032 Ἴδε
3574 2979 3669 3049 τὴν
3713 2976 3963 3030 κακοπάο

2407 3071 2558 3122 θειάν
2586 3087 2707 3138 μου,
2751 3071 2842 3126 καὶ
2870 3070 3050 3134 ἐξελοῦ
3084 3089 3150 3139 με
3184 3071 3290 3122 τῶν
3334 3068 3672 3137 πειρασμῶν,
3715 3069 3825 3131 ὅτι,
3873 3065 3961 3117 διὰ

757 3160 903 3214 tibus
938 3176 953 3211 :
986 3141 1291 3226 quia,licet
1347 3169 1566 3226 propter
1615 3158 1781 3226 legem
1829 3165 1974 3210 tuam
2015 3153 2301 3224 allligerer,

2407 3162 2495 3212 τὸν
2520 3162 2682 3227 νόμον
2728 3177 2820 3213 σου
2875 3161 3217 3227 κακοπαθῶν,
3259 3161 3355 3214 οὐκ
3393 3159 3730 3226 ἐπελαθόμην
3769 3155 3960 3216 αὑτοῦ,

758 3249 877 3317 ejus
905 3259 1082 3302 tamen
1118 3248 1316 3302 oblitus
1347 3265 1454 3302 non
1484 3263 1626 3311 sum,
1659 3263 1758 3301 nec
1784 3246 2021 3301 sustinui
2053 3247 2298 3315 iniquum

758 3337 963 3406 aliquid
996 3351 1155 3404 agere
1193 3343 1286 3388 aut
1335 3336 1517 3390 odisse
1563 3334 1908 3389 insidiatores
1961 3348 2133 3388 meos.
2167 3335 2260 3388 Vel
2286 3375 2299 3395 .

761 3425 890 3480 Vide
921 3425 1237 3479 ltuiiiilitatis
1262 3440 1393 3478 mere
1417 3426 1695 3486 virtutem,
1731 3434 1788 3479 et
1833 3423 1987 3493 eripe
2035 3437 2141 3487 me,
2174 3423 2303 3492 quia

2407 3248 2516 3299 οὐδ’
2551 3248 2857 3317 ἠνεσχόμην
2883 3248 3291 3317 παρανομῆσαι,
3315 3249 3432 3300 οὐδὲ
3463 3245 3803 3317 μιμήσασθαι
3835 3244 3962 3306 τοὺς

2407 3339 2872 3401 ὲπιὸονλεύοντας.
2929 3342 3019 3404 "ll,
3055 3340 3158 3392 Ἴδε
3197 3341 3293 3408 τὴν
3343 3341 3590 3409 ἐνάρετον
3634 3335 3962 3391 ταπείνωσίν

2409 3445 2530 3497 μου,
2567 3429 2661 3481 καὶ
2686 3428 2871 3494 ἐξελοῦ
2907 3446 2993 3497 με,
3019 3429 3099 3480 ὅτι
3124 3427 3218 3480 τοῦ
3249 3427 3410 3492 νόμου
3443 3443 3535 3478 σου
3576 3426 3675 3478 οὐκ
3699 3424 3964 3478 ὲπελαθό·

758 3515 891 3584 legis
933 3527 1036 3568 tua:
1078 3514 1281 3568 oblitus
1327 3530 1434 3569 non
1472 3530 1590 3568 sum
1613 3555 1626 3574 ,
1660 3515 1825 3578 illius,
1861 3515 2082 3582 inquam
2105 3553 2119 3577 .
2151 3512 2303 3581 legis,

2402 3537 2536 3588 μην,
2563 3519 2653 3570 τοῦ
2695 3517 3004 3579 κελεύοντος
3035 3519 3501 3586 ταπεινοφρονεῖν.

759 3619 878 3674 qua:
913 3605 1261 3658 humilitatem
1297 3603 1451 3673 jubet
1488 3619 1608 3659 esse
1637 3604 1974 3659 sectandam.

829 3715 995 3770 Vens.
1020 3718 1142 3771 154.
1171 3717 1367 3770 Judica
1393 3717 1651 3784 judicium
1681 3731 1873 3807 meum,
1897 3727 1947 3769 et
1985 3695 2180 3770 redime
2206 3733 2302 3772 me.

759 3807 1029 3860 Iudicium
1061 3822 1238 3860 meum
1297 3808 1443 3864 dico.
1473 3806 1614 3874 quod
1655 3820 1780 3858 cum
1814 3805 1881 3859 iis
1916 3806 2044 3860 mihi
2076 3816 2180 3871 est,
2209 3807 2303 3874 qui

765 3911 850 3950 me
876 3908 1212 3965 oppugnant.

831 4006 1051 4076 Propter
1083 4007 1290 4061 verbum
1336 4017 1480 4058 tuum
1507 4003 1706 4072 vivi/ica
1741 4021 1838 4058 me.
1880 3976 2108 4073 Propter
2137 4005 2304 4072 legem

663 4130 666 4136 ι
767 4107 935 4160 tuam,
966 4106 1187 4166 propter
1214 4110 1377 4163 quam
1411 4094 1467 4147 in
1498 4096 1689 4148 mortis
1716 4094 1956 4162 periculo
1979 4097 2308 4151 constitutus

766 4188 1256 4249 sum,vivilica.me
1285 4200 1314 4238 a
1341 4185 1658 4240 saevissimis
1688 4183 1936 4239 hostibus
1967 4199 2306 4254 oppressum.

835 4303 1001 4360 Vens.
1041 4305 1161 4358 I55.
1185 4302 1353 4371 Longe
1376 4317 1408 4353 ιι
1431 4299 1787 4370 peccatoribus
1824 4300 1989 4363 salus,
2014 4302 2133 4370 quia
2148 4299 2312 4367 justi-

766 4398 1032 4465 ﬁcationes
1063 4406 1178 4448 tuas
1224 4411 1324 4448 non
1365 4393 1767 4463 exquisiverunt.
1811 4391 1995 4460 Longe
2035 4398 2119 4445 est
2162 4391 2310 4445 salus

2481 3721 2696 3786 Kpi'ror
2723 3719 2835 3786 τὴν
2878 3720 3075 3786 κρίσιν
3095 3734 3235 3784 μου,
3265 3715 3360 3768 καὶ
3400 3716 3700 3781 λύτρα)σαί
3722 3731 3822 3782 με.
3854 3714 3962 3781 Τὴν

2410 3811 2590 3877 κρίσιν
2624 3826 2722 3876 μου
2756 3807 2891 3875 μετὰ
2922 3807 3028 3858 τῶν
3061 3806 3436 3874 πολεμούντων
3470 3821 3580 3871 μοι.

2479 4007 2579 4058 Διὰ
2599 4007 2702 4058 τὸν
2728 4005 2912 4071 λόγον
2937 4019 3055 4056 σου
3083 4002 3267 4069 ζῆσόν
3283 4017 3378 4068 με.
3409 4001 3507 4052 Διὰ
3534 3999 3625 4051 τὸν
3667 3999 3835 4065 νόμον
3871 4017 3960 4052 σου

2414 4095 2744 4163 ζωοποίησόν
2778 4111 2872 4163 με,
2903 4094 2970 4146 δι’
2992 4093 3052 4146 ὃν
3079 4091 3370 4144 ἀποθανεῖν
3393 4090 3699 4152 κινδυνεύω,
3731 4089 3836 4159 ἥδη
3868 4107 3965 4143 κα-

2413 4183 2814 4253 ταπονούμενος
2845 4168 2948 4236 ὖπδ
2974 4183 3081 4235 τῶν
3107 4180 3336 4258 ἐχθρῶν.

2484 4295 2728 4364 Μακρὰν
2776 4295 2895 4348 ἀπὸ
2927 4291 3285 4362 ἁμαρτωλῶν
3326 4293 3602 4357 σωτηρία,
3644 4292 3730 4344 ὅτι
3762 4293 3840 4344 τὰ
3887 4291 3964 4343 δι-

2415 4386 2713 4454 καιώματά
2741 4401 2857 4439 σου
2896 4387 3004 4438 οὐκ
3044 4383 3424 4450 ἐξεζήτησαν.
3454 4383 3682 4452 Μακρὰν
3714 4384 3828 4436 ἀπὸ
3860 4383 3963 4435 τῶν

769 4490 838 4542 ab
867 4487 1084 4555 iniquis.
1116 4486 1174 4539 ln
1208 4483 1444 4554 periculo
1462 4483 1603 4536 enim
1635 4493 1782 4545 sunt,
1808 4482 1897 4551 qui
1927 4480 2183 4535 mandata
2216 4490 2305 4534 tua

2417 4475 2804 4548 παρανόμωνῄ
2837 4475 3078 4542 σωτηρεα
3118 4473 3520 4527 ’κινδυνεύουσι
3561 4474 3688 4541 γὰρ,
3737 4476 3824 4527 ὅτι
3862 4475 3963 4527 τῶν

771 4583 1142 4636 contemnunt,
1185 4589 1368 4628 verum
1400 4573 1624 4626 mihiea
1667 4573 1815 4627 salus
1877 4585 2040 4640 prope
2069 4579 2170 4625 est.
2214 4571 2308 4624 Li-

770 4668 1000 4723 berabor
1032 4666 1228 4721 etenim
1268 4665 1334 4718 ab
1370 4664 1582 4716 illorum
1625 4663 1864 4735 insidiis,
1897 4661 2022 4730 quia
2059 4663 2309 4718 mandata

773 4770 862 4811 tua
899 4771 997 4826 ego
1025 4755 1313 4824 exquisivi.
1348 4753 1444 4808 Vel
1473 4754 1719 4809 docentis
1755 4767 1931 4808 sermo
1966 4762 2069 4815 est.
2101 4755 2313 4816 dicens.

773 4849 916 4916 quod
945 4845 1074 4899 nulli
1105 4837 1415 4913 peccatores
1446 4845 1817 4905 salvabuntur,
1859 4841 2074 4896 tametsi
2115 4843 2169 4894 in
2213 4843 2314 4896 hac

772 4936 884 4987 vita
916 4932 1174 4988 fortunati
1209 4949 1269 4986 ac
1303 4933 1487 4988 felices
1514 4947 1636 4987 esse
1664 4932 1969 4985 videantur.
1999 4929 2093 4985 Vel
2125 4943 2315 4999 pecca—

774 5033 939 5086 tores,
980 5037 1008 5075 a
1045 5022 1153 5078 Deo
1190 5023 1446 5076 auxilium
1479 5037 1583 5076 non
1619 5031 2038 5089 consequentur,
2073 5035 2140 5074 eo
2166 5019 2315 5091 quod

773 5113 916 5168 illius
943 5113 1362 5182 iustiﬁcationes
1402 5119 1868 5180 contempserunt.
2158 5111 2165 5120 '

843 5221 1005 5276 Vens.
1041 5224 1160 5277 {56.
1188 5221 1558 5277 Misericordia:
1583 5229 1685 5273 tua:
1717 5221 1912 5282 multa,
1961 5219 2194 5282 Domine,
2229 5235 2314 5273 se-

775 5315 996 5367 cundum
1016 5315 1276 5380 judicium
1305 5322 1451 5366 tuum
1481 5312 1682 5379 viviﬁca
1723 5327 1822 5364 me.
1849 5310 1926 5363 Tu
1959 5310 2114 5365 valde
2153 5312 2314 5366 misev

775 5405 950 5458 ricors
975 5421 1053 5458 es.
1085 5403 1192 5458 Fac
1222 5404 1384 5472 igitur
1425 5412 1483 5456 ut
1525 5401 1578 5455 in
1613 5401 1906 5455 universali
1947 5399 2152 5469 judicio
2189 5402 2313 5455 bea-

778 5505 1014 5564 tam,ego
1048 5496 1209 5548 vitam
1251 5495 1448 5559 vivam,
1476 5493 1690 5564 quando
1717 5493 1842 5546 boui
1874 5508 1934 5546 ac
1963 5493 2092 5560 justi
2139 5493 2190 5546 in
2231 5493 2311 5546 vi-

851 5731 894 5763 ”
921 5732 1059 5786 Psal.
1092 5748 1265 5792 cxuv.
1299 5737 1384 5788 14.

2415 4569 2640 4621 ἐντολῶν
2670 4583 2759 4619 σου
2786 4566 3193 4634 κατεφρόνησαν
3219 4580 3232 4594 ⁸
3277 4564 3437 4632 ἐγγὺς
3461 4565 3516 4616 δὲ
3547 4565 3677 4632 ἐμοῦ
3706 4581 3721 4594 ·
3760 4567 3961 4638 ρυσθή-

2418 4675 2581 4727 σομαι
2615 4656 2722 4726 γὰρ
2749 4656 2845 4725 τῆς
2869 4654 3158 4721 ἐπιϐουλῆς
3197 4653 3394 4720 αὐτῶν,
3417 4655 3501 4708 ὅτι
3529 4654 3667 4706 αὐτὰ
3697 4655 3961 4724 ἐξεζήτηο

2416 4769 2504 4804 σα.
2530 4752 2598 4801 Ἢ
2625 4750 2715 4800 καὶ
2747 4745 3120 4799 διδασκαλικὸς
3153 4748 3181 4798 ὁ
3208 4745 3383 4813 λόγος,
3430 4747 3510 4798 ὅτι
3537 4747 3597 4798 οὐ
3630 4746 3961 4814 σωθήσονται

2419 4844 2467 4891 οἱ
2513 4838 2842 4907 ἁμαρτωλοὶ,
2881 4836 2979 4887 κᾶν
3011 4833 3353 4904 εὐημερῶσιν
3387 4834 3615 4890 ἐνταῦθα
3640 4850 3656 4865 ⁸
3683 4837 3714 4905 ἢ
3756 4837 3843 4888 ὅτι
3872 4837 3962 4906 οἰχ

2418 4930 2602 4995 ἕξουσι
2631 4927 2782 4995 παρὰ
2808 4923 2940 4976 Θεοῦ
2973 4922 3238 4993 βοήθειαν,
3283 4922 3356 4986 ὡς
3395 4923 3692 4994 ὑπερόπται
3737 4925 3851 4978 τῶν
3889 4927 3962 4978 δι-

2419 5018 2747 5088 καιωμάτων
2770 5014 2952 5070 αὑτοῦ.

2491 5225 2554 5274 0i
2586 5222 2867 5288 οικτιρμοι
2895 5238 3009 5272 σου
3037 5220 3274 5283 πολλοὶ,
3306 5220 3500 5286 Κύριοι
3535 5218 3680 5271 κατὰ
3709 5219 3781 5292 τι)
3848 5216 3960 5285 κρῖ.

2411 5313 2496 5380 μά
2514 5307 2629 5367 σοὺ
2661 5311 2852 5380 ζῆσόν
2877 5328 2973 5381 με.
3015 5312 3306 5374 Πολυέλεος
3335 5308 3401 5364 εἴ.
3440 5311 3591 5364 Κατὰ
3635 5311 3732 5378 τὴν
3777 5310 3958 5379 ’κρίσιν

2419 5421 2512 5455 σου
2562 5405 2659 5472 τὴν
2714 5404 3062 5471 παγκόσμιον
3088 5404 3185 5471 ζῇν
3213 5419 3278 5470 με
3308 5403 3527 5469 ποίησον
3563 5400 3658 5466 τὴν
3689 5401 3957 5470 μακαρίαν

2422 5495 2582 5564 ζωὴν,
2615 5496 2701 5546 ὅτε
2725 5494 3110 5548 ἀπελεύσονται
3136 5495 3184 5546 οἱ
3207 5493 3401 5545 δίκαιοι
3431 5495 3510 5556 εἰς
3538 5492 3680 5562 ζωὴν
3700 5483 3917 5545 αἰώνιώ
3941 5503 3955 5518 ⁶

1487 5737 1528 5766 "-'
1552 5735 1747 5788 Jercm.
1782 5735 2025 5797 κπιιιρἒ.
2103 5730 2144 5761 ³⁸
2174 5731 2310 5784 Ibid-

2402 5733 2431 5784 ι.
2511 5732 2548 5761 ⁴¹
2581 5732 2681 5784 lsa.
2717 5747 2860 5797 ινιιι,
2893 5733 2943 5786 9.
3023 5734 3064 5765 δ’
3097 5731 3236 5787 Psal.
3297 5748 3464 5796 ιχςιι,
3505 5731 3589 5784 27.
