4144 6296
170 356 327 422 1185

1341 358 1722 418 COMMENT.
1767 357 1846 415 iN
1885 354 2242 414 PSALMOS.

3246 357 3384 421 “86

164 472 392 544 ψαλμῷ
441 472 771 543 γέγραπται,
835 472 959 527 ἔνθα
1023 473 1084 525 τδ
1112 472 1347 524 Ἀδικίαν
1395 473 1472 533 εἰς
1523 471 1583 521 τὸ
1613 469 1742 537 ὕψος

1846 476 1950 522 tem
1998 465 2220 532 injusta,
2274 478 2333 517 ea
2366 462 2631 532 intelligit,
2698 478 2816 532 qua:
2848 461 3170 530 iniustitiam
3204 466 3258 518 in
3284 469 3392 518 alto

168 563 486 631 ἐλάλησαν,
520 565 614 617 καὶ
639 564 707 616 τὰ
735 561 845 616 τῶν
867 564 1245 632 συκοφαντῶν,
1277 563 1370 614 καὶ
1423 560 1608 623 ἁπλῶς
1635 560 1741 612 τῶν

172 653 528 723 παρανόμων
558 653 794 708 πάντων.
824 653 1044 706 Γλῶσσα
1068 654 1123 707 δὲ
1151 653 1296 706 δολία
1328 653 1359 722 ἦ
1391 651 1569 705 αὐτῶν
1616 650 1741 704 τού-

171 758 320 809 των,
351 742 508 814 ἦτῶν
525 741 779 794 επιϐουλε
789 742 1010 796 υόντων.

260 1003 330 1054 Τί
350 1001 550 1070 δοθείη
567 987 684 1067 σοι,
703 1003 802 1056 καὶ
823 1003 882 1057 τί
905 1004 1255 1071 προστεθείη
1271 1017 1369 1066 σοι
1385 1003 1532 1070 πρὸς
1552 1004 1747 1070 γλῶσ-

172 1108 312 1145 σαν
339 1088 590 1157 δο.ιίαν;
622 1093 849 1162 Ἕτερος
874 1095 933 1148 δέ
966 1111 1130 1165 φησιν
1159 1093 1528 1164 ἑρμηνευτὴς,
1567 1094 1628 1147 Τί
1649 1093 1747 1147 60-

175 1167 447 1245 θήσετὲιὶ
513 1197 630 1242 σοι,
676 1182 774 1234 καὶ
823 1183 882 1235 τι
935 1179 1408 1250 προστεθήσεται
1444 1197 1545 1235 σοι
1599 1181 1748 1248 πρὸς

178 1272 486 1338 γλῶσσαν
507 1271 758 1335 δολίαν;
786 1273 927 1342 Πρὸς
953 1273 1061 1341 γὰρ
1089 1273 1178 1325 τὺν
1201 1273 1506 1325 ἱκετεύοντα
1533 1273 1562 1324 ὁ
1609 1289 1746 1340 προ-

180 1361 372 1428 φήτης
400 1363 749 1433 ἀποκρίνεται
782 1362 1182 1433 πυνθανόμενος
1214 1363 1277 1416 ΤΞ
1336 1363 1616 1433 δοθήσεταί
1666 1381 1748 1416 σοι

179 1453 284 1502 καὶ
315 1452 818 1523 τίπροστεοήσεταί
867 1471 950 1507 σοι
997 1454 1331 1524 ἀμυντήριον
1377 1452 1512 1524 πρὸς
1570 1453 1744 1520 γλῶσ-

181 1557 293 1592 σαν
317 1543 498 1595 δολίαν
524 1562 538 1609 ;
581 1545 861 1613 Ἐμφαίνει
891 1544 947 1597 δὲ
967 1545 996 1597 ὁ
1029 1544 1181 1612 λόγος
1228 1545 1261 1612 ἢ
1293 1547 1374 1598 ὅτι
1401 1539 1744 1608 δυσκαταγώ-

181 1649 378 1696 νιστος
441 1634 578 1702 αὕτη
623 1635 710 1688 διὰ
774 1635 1034 1705 πονηρίας
1092 1633 1488 1703 ὑπερ6ο>.ὴν,ἢ
1540 1634 1620 1684 ὅτι
1685 1632 1746 1682 οὐ

184 1725 354 1791 γρεὲα
417 1743 496 1778 σοι
542 1726 911 1796 ἀμυντηρίου·
949 1725 1082 1791 αὕτη
1137 1727 1242 1794 γὰρ
1290 1726 1321 1791 η
1361 1723 1598 1790 δολιὸτης
1647 1722 1742 1790 ἀρ-

182 1813 369 1864 κοῦσα
394 1814 485 1866 τοῦ
515 1814 687 1867 δολίου
719 1817 992 1884 τιμωρία.,

267 1995 348 2048 Τὰ
399 1993 556 2061 ,βέλη
624 1993 729 2046 τοῦ
778 1992 1037 2045 δυνατοῦ
1087 1989 1428 2060 ἠκονημένα
1459 1988 1582 2043 σὺν
1631 1987 1753 2053 τοῖς

185 2083 448 2149 ἄνθραξι
480 2082 600 2146 τοῖς
650 2081 964 2150 ἐρημικοῒς.
1019 2083 1125 2135 Καὶ
1167 2081 1325 2132 τοῦτο
1391 2081 1522 2148 πρὸς
1575 2096 1752 2146 παρη-

190 2173 392 2239 γορίαν
419 2172 511 2224 τοῦ
546 2171 898 2234 ἱκετεύοντος,
927 2171 1001 2239 μὴ
1059 2171 1284 2239 ἀθυμεῖν
1343 2170 1748 2236 ὑποτιθέμενον.

191 2264 315 2315 Καὶ
347 2264 455 2330 γὰρ
491 2263 556 2320 τὰ
616 2262 742 2331 βέλη
793 2261 888 2314 τοῦ
941 2262 1166 2314 δυνατοῦ
1227 2260 1362 2314 Θεοῦ
1442 2260 1753 2329 ἠκονημένα

187 2351 342 2404 κατὰ
381 2352 703 2422 παρανόμων
760 2351 854 2404 καὶ
883 2350 1072 2417 δολίων
1122 2351 1258 2418 μετὰ
1309 2349 1591 2416 ἀνθράκων
1624 2352 1754 2418 ἐρη-

195 2442 483 2510 μοποιῶν,
514 2442 653 2495 ὥστε
682 2444 918 2512 τέμνειν,
949 2442 1044 2495 καὶ
1071 2442 1263 2505 καίειν,
1323 2440 1417 2493 καὶ
1476 2440 1754 2508 ἁφανξζειν

190 2533 422 2594 αὐτούς.
451 2533 587 2603 Βέλη
623 2532 680 2585 δὲ
737 2518 831 2585 καὶ
873 2531 1148 2601 ἄνθρακας
1196 2531 1293 2593 τὰς
1329 2531 1617 2599 διαφόρους
1669 2548 1753 2583 τι-

195 2623 419 2704 μωρίας
451 2623 748 2692 ὠνόμασεν.
799 2622 1054 2690 Ἑνόησαν
1083 2621 1136 2674 δέ
1187 2637 1322 2684 τινες
1373 2621 1594 2673 δυνατὸν
1656 2622 1754 2688 μὲν

191 2715 296 2766 τὸν
336 2713 599 2778 διάϐολον,
652 2712 727 2774 ὡς
775 2712 1136 2781 κατισχύοντα
1183 2711 1290 2764 τῶν
1346 2711 1751 2782 ῥᾳθυμούντων

199 2803 338 2872 βέλη
367 2805 421 2856 δὲ
451 2802 615 2857 αὐτοῦ
646 2802 955 2871 ἠκονημένα
986 2802 1101 2871 μετ’
1136 2803 1424 2872 ἀνθράκων
1468 2804 1722 2871 ἀφανιστι
1741 2831 1752 2838 -

198 2894 323 2946 κῶν
369 2896 495 2955 τοὺς
545 2893 813 2960 ἐμπαθεῖς
853 2895 1160 2964 λογισμοὺς,
1197 2893 1362 2958 ὀξέως
1396 2893 1753 2956 εἰσδύνοντας,

197 2989 304 3039 καὶ
327 2983 789 3054 ὲμπιμπρῶντας,
837 2983 929 3034 καὶ
974 2981 1335 3050 ἀφανίζοντας
1389 2982 1488 3051 τὴν
1534 2982 1752 3050 ἀρετήν·

1845 558 2156 625 loquuntur,
2213 554 2670 623 quemadmodum
2719 556 2770 606 in
2842 569 2989 608 Lxxn
3021 556 3228 622 psalmo
3253 557 3393 610 scri-

1844 658 1992 717 ptum
2031 655 2150 712 est;
2187 646 2267 699 vel
2327 646 2795 713 calumniantium,
2830 656 2884 701 et
2923 649 3234 716 iniquorum
3295 650 3395 701 ho-

1845 739 2044 790 tninntn
2074 737 2232 791 labia.
2291 735 2556 804 Lihguam
2596 738 2758 791 etiam
2807 740 3048 793 dolnsam
3080 737 3392 792 earumdem

1845 828 2076 897 linguam

1844 918 2081 984 linguam

1921 1003 2086 1057 Vens.
2114 1005 2167 1056 5.
2211 1004 2347 1070 Quid
2369 1005 2521 1058 detur
2544 1004 2638 1056 tibi
2654 1011 2701 1058 et
2728 1007 2854 1073 quid
2879 1016 3174 1074 apponatur
3204 1006 3298 1060 tibi
3329 1021 3394 1057 na

1847 1094 2078 1164 linguam
2101 1095 2379 1151 dolosam?
2435 1097 2586 1150 Alius
2623 1096 2886 1164 interpres
2936 1098 3165 1150 reddidit
3203 1113 3219 1152 :
3254 1096 3393 1162 Quid

1846 1188 2060 1240 dabitur
2084 1188 2197 1252 tibi,
2217 1200 2264 1242 et
2286 1189 2410 1258 quid
2439 1197 2731 1256 apponatur
2749 1190 2775 1241 ἵ
2799 1189 2877 1242 Ad
2902 1189 3076 1257 ipsum
3099 1188 3246 1242 enim
3266 1202 3400 1256 sup-

1847 1278 2130 1347 plicantem
2149 1281 2410 1349 Propheta
2424 1293 2729 1335 sermonem
2745 1279 3012 1334 convertit
3026 1279 3395 1347 interrogans,

1847 1378 2091 1433 quasnam
2123 1363 2173 1417 ei
2203 1364 2476 1429 defensio,
2505 1379 2600 1419 seu
2635 1379 2880 1434 qua-nam
2913 1366 3131 1420 dabitur
3158 1364 3397 1418 vindicta

1849 1453 2110 1506 adversus
2167 1451 2410 1506 dolosam
2461 1453 2701 1522 linguam
2755 1455 2921 1508 illam.
2971 1453 3035 1506 Et
3071 1453 3403 1523 ,signiiicare

1850 1542 2008 1597 nobis
2035 1543 2250 1596 videtur
2279 1543 2381 1596 hoc
2430 1557 2718 1606 sermone,
2763 1545 2847 1598 vel
2897 1546 3038 1613 quod
3088 1541 3399 1612 huiusmodi

1852 1635 2029 1703 lingua
2062 1633 2129 1686 ob
2155 1648 2422 1686 summam
2477 1647 2631 1686 suam
2661 1635 3050 1702 malignitatem
3089 1635 3402 1688 diliicillimc

2173 827 2424 896 appellat,
2515 827 2596 880 wl
2673 829 2953 896 speciatim
3016 827 3391 882 insidiatorum

1854 1725 2048 1793 potel'it
2073 1725 2319 1792 superari
2344 1761 2358 1785 ,
2398 1724 2480 1776 vel
2510 1723 2651 1791 quod
2683 1725 2824 1776 nulla
2859 1725 2904 1776 ci
2951 1723 3269 1778 defensione
3305 1736 3396 1776 aut

1782 1791 1823 1844 Β
1857 1815 2084 1868 vindicta
2126 1815 2391 1866 adversus
2428 1813 2588 1867 talem
2639 1815 2875 1881 linguam
2925 1829 3062 1882 opus
3109 1823 3230 1866 cst:
3276 1828 3395 1864 cum

1855 1905 2043 1957 doloso
2071 1904 2269 1958 homini
2305 1906 2460 1956 dolus
2495 1904 2608 1971 ipse
2638 1903 2770 1956 satis
2799 1904 2976 1972 ampla
3008 1905 3075 1956 sit
3107 1917 3288 1970 pmna.

1935 1994 2094 2048 Vsus.
2129 1996 2180 2048 τι,
2210 1993 2428 2063 Sagitta:
2468 1996 2686 2062 potentis
2732 2004 2899 2047 acuta:
2928 2010 3044 2047 cum
3090 1994 3398 2048 carbonibus

1853 2086 2206 2138 desolatoriis.
2245 2087 2356 2138 lloc
2386 2089 2548 2139 etiam
2574 2101 2603 2138 a
2633 2085 2894 2152 Propheta
2924 2087 2988 2138 ad
3035 2087 3398 2154 supplicantis

1854 2177 2030 2242 pepuli
2055 2175 2482 2228 consolationem
2534 2176 2739 2228 dictum
2790 2186 2866 2228 est
2897 2215 2931 2251 ,_
2963 2176 3049 2228 cui
3087 2177 3170 2230 his
3221 2177 3400 2231 verbis

1838 2264 2081 2318 .snadcrc
2108 2264 2318 2328 nititur,
2357 2264 2681 2318 tristandnm
2712 2264 2758 2317 ei
2790 2265 3029 2330 minime,
3054 2280 3176 2320 csse
3199 2304 3214 2327 ,
3279 2281 3399 2319 cum

1856 2355 2087 2422 potentis
2122 2353 2212 2406 Dei
2253 2354 2464 2420 sagitta:
2502 2363 2677 2406 acutae
2727 2352 2932 2408 effecta:
2977 2357 3085 2409 sint
3137 2357 3402 2412 adversus

1856 2445 2073 2512 iniquos
2165 2453 2218 2497 ct
2247 2441 2468 2497 dolosos
2494 2483 2507 2505 ,
2535 2452 2589 2496 ct
2631 2459 2753 2497 cum
2809 2442 3152 2497 desnlatorits
3196 2446 3402 2512 pariter

1854 2534 2180 2588 carbonibus
2207 2542 2430 2602 parate,
2501 2533 2572 2584 ila
2607 2540 2664 2584 ut
2699 2532 2867 2600 iniqui
2923 2533 3065 2587 ferro
3121 2535 3399 2594 caedendi.

1854 2633 2016 2693 atque
2043 2626 2160 2691 igne
2210 2622 2471 2677 exurendi
2499 2662 2513 2687 ,
2571 2631 2626 2675 et
2656 2624 2868 2690 penitus
2898 2623 3109 2677 delendi
3137 2625 3265 2678 sint.
3301 2624 3402 2678 Per

1855 2714 2077 2782 sagittas
2106 2721 2282 2765 autem
2316 2720 2368 2765 et
2402 2711 2667 2764 carbones
2700 2711 2845 2763 varia
2883 2711 3272 2780 suppliciorum
3338 2727 3400 2766 ac

1855 2818 2138 2874 pcenarum
2175 2813 2368 2869 genera
2399 2801 2668 2870 intelligit.
2713 2800 2943 2866 Quidam
2985 2817 3113 2856 vero
3162 2817 3256 2870 per
3305 2819 3398 2872 po-

1856 2902 2056 2948 tentem
2093 2895 2193 2945 hoc
2223 2893 2273 2943 in
2311 2891 2430 2942 loco
2489 2891 2764 2943 diabolum
2798 2892 3097 2961 signiﬁcari
3128 2892 3405 2957 dixerunt,

1857 2996 2110 3050 tanquam
2141 2981 2554 3034 invalesecntem
2576 2981 2835 3035 adversus
2860 2969 3208 3050 negligentes.
3242 2997 3413 3053 atque-

198 3073 509 3138 ob;,xat’6
553 3071 878 3134 Ἀπόστολος
921 3070 1048 3140 βέλη
1074 3072 1438 3141 πεπυρωμένα
1483 3071 1751 3124 ἐκάλεσεν;

1863 3076 2080 3136 inertes,
2100 3082 2154 3126 et
2178 3088 2271 3141 per
2291 3071 2512 3141 sagittas
2537 3086 2658 3124 cum
2682 3071 3010 3126 carbonibus
3029 3073 3394 3135 desolatoriis,

198 3162 342 3218 Εἶτα
360 3164 523 3218 πάλιν
549 3165 577 3216 ὁ
602 3164 757 3232 λόγος
775 3162 881 3216 ἀπὸ
913 3161 1004 3213 τοῦ
1025 3160 1378 3225 ἱγετεῦοντος.

1865 3166 2216 3237 cogitationes
2269 3179 2622 3233 quascunque
2681 3165 2992 3232 passionum
3054 3174 3216 3234 atque
3279 3167 3407 3219 οπο.

196 3265 394 3311 ctuum
424 3255 630 3325 plenas.
693 3257 826 3310 Nam
855 3265 908 3310 et
937 3257 1046 3309 cito
1079 3259 1396 3326 sagittarum
1437 3259 1612 3314 instar
1661 3271 1962 3331 penetrant,
1993 3273 2044 3316 et
2067 3262 2386 3338 carbonum,
2435 3262 2537 3314 hoc
2596 3269 2700 3323 est,
2757 3260 3058 3314 ardentium
3113 3277 3406 3328 prunarum

198 3348 382 3403 instar
408 3348 725 3414 incendunt,
752 3355 806 3401 et
839 3349 1088 3402 virtutem
1113 3349 1294 3402 delent
1320 3367 1332 3402 :
1365 3352 1742 3420 quasqueipse
1780 3354 1944 3406 etiam
1976 3352 2276 3420 Apostolus
2297 3351 2561 3406 carbones
2590 3350 2727 3418 ignis
2765 3350 3051 3417 appellavit
3080 3347 3150 3404 “.

3205 3351 3408 3405 Deinde

199 3457 398 3498 rursus
430 3453 609 3495 sermo
630 3450 712 3493 est
744 3454 806 3493 ex
844 3455 1071 3509 persona
1117 3441 1472 3507 supplicantis
1525 3443 1707 3508 pepuli
1749 3441 2030 3508 (sequitur
2068 3439 2256 3499 enim)
2295 3456 2307 3490 :

277 3533 567 3600 αμοι,ὅτι
606 3534 647 3599 ἢ
694 3535 969 3599 παροικιά
1009 3549 1128 3600 μου
1183 3533 1539 3602 ἑμακρύνθη.
1600 3535 1660 3586 'H
1702 3535 1759 3585 ὲν

204 3623 516 3688 Βαϐυλῶνι,
558 3621 593 3693 ἢ
645 3623 702 3675 ὲν
759 3622 1134 3692 αἰχμαλωσίᾳ·
1168 3623 1493 3692 ἀποδύρεται
1543 3625 1650 3694 γὰρ
1701 3623 1762 3676 τὸ

163 3748 172 3755 -
207 3713 473 3775 πολυετὲς
500 3712 690 3781 αὐτῆς.
1255 3701 1257 3703 ’

283 3801 726 3870 Κατεσκήνωσα
753 3803 899 3870 μετὰ
939 3801 1053 3855 τῶν
1095 3805 1496 3872 σκηνωμάτων
1540 3804 1757 3872 Κηδὰρ.

210 3897 398 3951 Μέσον
423 3896 531 3947 τῶν
557 3896 930 3962 σκηνωμάτων
974 3895 1194 3964 Κηδάρ·
1250 3896 1600 3949 ἀποκλαίεται
1654 3897 1760 3964 γὰρ

212 3987 312 4041 καὶ
361 3985 539 4038 τοῦτο.
568 3985 760 4055 Κηδάρ
802 3985 857 4037 δὲ
907 3983 1058 4054 χώρα
1103 3985 1183 4049 τις
1231 3987 1345 4038 ἐστι
1387 3985 1758 4056 παρακειμένη

209 4079 602 4145 Βαϐυλωνίοις,
633 4079 922 4147 οἰκήτορας
959 4078 1156 4146 ἔχουσα
1207 4077 1524 4149 βδεὶυρούςο
1581 4078 1636 4128 ὲν
1683 4069 1762 4134 οἷς

214 4171 312 4225 καὶ
333 4165 529 4234 αὐτοὺς
555 4171 604 4223 οἱ
633 4169 960 4222 Βαϐυλώνιοι
996 4167 1228 4236 σκηνοῦν
1252 4168 1465 4232 ἔταξαν.
1508 4166 1659 4218 Ἐπεὶ
1703 4166 1758 4216 δὲ

217 4256 415 4332 Κηδὰρ
441 4261 786 4328 σκοτασμὸς
809 4258 1191 4329 ἑρμηνεύεται,
1224 4259 1446 4320 εἰκότως
1477 4256 1764 4327 θρηνοῦσιν
1790 4268 1792 4270 ⁷

214 4359 264 4410 οἱ
322 4351 782 4422 κατασκηνῶν-τες
844 4351 901 4405 ἐν
951 4353 1059 4412 τοῖς
1129 4349 1443 4420 σκηνώμασι
1498 4349 1588 4402 τοῦ
1639 4366 1764 4402 σκο-

217 4444 453 4514 τατμοῦ.
486 4442 822 4512 Σκηνώματα
851 4443 907 4494 δὲ
933 4442 1237 4510 σκοτασμοῦ
1292 4445 1322 4510 ἡ
1352 4444 1408 4494 ὲν
1431 4444 1540 4503 τοῖς
1575 4441 1765 4493 πάθεσι

217 4536 492 4607 διατριϐὴ,
514 4537 623 4598 τοῖς
648 4535 949 4598 σκοτίζουσι
983 4533 1070 4585 τὸν
1091 4531 1247 4585 νοῦν.

218 4797 224 4803 ’
292 4794 500 4849 Πολλὰ
520 4791 876 4860 παρῴκησεν
906 4795 945 4861 ἠ
997 4791 1162 4861 ψυχή
1215 4808 1354 4859 μου.
1419 4791 1595 4844 Πολλὰ
1649 4790 1766 4861 ετη,

223 4886 393 4938 πολὺν
419 4882 743 4954 παρῴκησεν
771 4884 958 4953 καιρὸν
993 4887 1050 4936 ὲν
1077 4885 1141 4954 τῇ
1171 4881 1534 4952 αἰχμαλωσίᾳ.

299 4968 606 5029 Μετὰντῶν
623 4975 961 5042 μισούντων
981 4974 1091 5038 τὴν
1121 4974 1384 5042 ειρήνην,
1414 4973 1572 5041 ἤμην
1613 4973 1768 5040 ειρη-

223 5065 414 5138 νικός,
479 5065 633 5118 Μετὰ
673 5065 782 5118 τῶν
830 5063 1142 5132 φιλονείκων
1195 5067 1442 5125 ἐκείνων,
1503 5064 1609 5117 τῶν
1671 5065 1771 5133 τῆς

226 5157 416 5227 Κηδὰρ
473 5156 768 5226 εἰρηνευον,
811 5156 912 5208 οὐκ
952 5157 1338 5226 ἀνθιστάμενος
1399 5157 1579 5217 αὐτοῖς
1643 5159 1771 5227 περὶ

141 5300 151 5306 ,
228 5245 483 5315 βιωτικοῦ
533 5259 676 5307 τινος
705 5245 1045 5315 πράγματος,
1095 5245 1244 5316 ἀλλά
1281 5244 1642 5316 παραχωρῶν,
1694 5245 1768 5307 ὡς

230 5308 594 5404 αἰχμάλωτος.
623 5308 872 5388 nam;
899 5334 952 5386 δὲ
985 5308 1081 5387 κει
1111 5308 1264 5404 ἠρῶ
1304 5308 1528 5402 (1&0;
1593 5308 1769 5386 τοιού-

228 5441 355 5488 τους
376 5425 640 5492 γίνεσθαι,
673 5427 766 5478 καὶ
790 5425 925 5495 μετὰ
954 5427 1169 5480 πάντων
1196 5473 1199 5478 ,
1221 5424 1522 5497 εἰρηνεύειν
1539 5439 1555 5455 ⁸
1588 5415 1637 5476 εἰ
1663 5424 1774 5494 γὰρ

233 5514 503 5584 μετὰτῶν
555 5516 852 5584 μισούντων
901 5518 997 5588 τὴν
1050 5517 1289 5589 εἰρήνην,
1349 5516 1522 5586 πολλῷ
1579 5516 1776 5586 μᾶλλον

308 5694 355 5726 ⁸⁸
382 5690 544 5748 Rom.
587 5708 687 5758 xu,
717 5692 806 5747 ΞΟ.

1935 3534 2092 3586 Vens.
2122 3534 2173 3585 ὅ.
2201 3531 2311 3584 Hea
2343 3532 2486 3594 mibi,
2517 3529 2638 3598 quia
2663 3529 3010 3598 peregrinatio
3050 3546 3162 3584 mea
3199 3532 3412 3598 prolon-

1858 3633 1981 3696 gata
2011 3633 2106 3677 cst.
2145 3623 2202 3674 In
2239 3621 2511 3690 Babylone
2547 3621 2821 3682 nimirum,
2854 3637 2947 3676 seu
2975 3623 3026 3675 in
3078 3624 3408 3692 captivitate,

1859 3715 2012 3782 cnjns
2037 3727 2181 3766 nunc
2212 3711 2621 3765 diuturnitatem
2652 3709 2918 3776 deplorat.

1931 3802 2178 3855 Habitari
2205 3815 2320 3852 cum
2361 3799 2712 3851 tabernaculis
2751 3795 2943 3852 Cedar.
2995 3797 3242 3852 Hahitavi
3275 3841 3289 3862 ,
3326 3803 3410 3854 in-

1862 3895 2000 3962 quit,
2027 3893 2078 3944 iu
2113 3891 2290 3944 medio
2313 3889 2782 3942 tabernaculorum
2817 3888 3010 3944 Cedar.
3036 3889 3185 3945 lianc
3204 3891 3405 3945 etenim

1862 3981 2137 4038 miseriam
2169 3981 2328 4034 etiam
2353 3979 2618 4048 deplorat.
2655 3979 2829 4034 Cedar
2859 3988 3038 4034 autem
3087 3981 3235 4050 regio
3264 3995 3410 4050 qna:-

1861 4073 1984 4126 dam
2011 4084 2092 4125 est
2143 4070 2395 4139 Babyloni
2429 4071 2693 4138 proxima,
2719 4084 2837 4134 qua
2859 4069 3195 4124 habitatores
3213 4086 3411 4138 pravos

1864 4163 2116 4216 habebat.
2151 4162 2295 4215 luter
2345 4162 2444 4213 hos
2473 4175 2596 4212 vero
2623 4159 2900 4226 Babylonii
2921 4156 3136 4212 Iudaeos
3160 4159 3409 4227 habitare

1864 4259 2184 4309 statuerant.
2209 4252 2271 4303 Et
2291 4249 2413 4318 quia
2430 4249 2601 4301 Cedar
2647 4248 3026 4314 interpretatur
3040 4248 3417 4312 obteucbratio,

1871 4344 2060 4397 merito
2091 4342 2126 4394 ii
2159 4340 2251 4394 uui
2285 4342 2422 4392 inter
2465 4339 2803 4392 tenebrarum
2860 4339 3208 4391 tabernacula
3263 4340 3416 4391 habi-

1871 4438 2007 4492 iant,
2043 4431 2423 4484 lamentantur.
2477 4429 2772 4481 Possumus
2833 4437 3008 4480 autem
3064 4429 3418 4481 tenebrarum

1868 4519 2275 4576 tabernaculum
2305 4519 2595 4586 appellare,
2631 4502 2836 4570 moram
2871 4519 3013 4571 illam
3041 4559 3055 4580 ,
3084 4532 3148 4571 ac
3189 4533 3418 4571 consuc-

1870 4613 2129 4688 tudiuem,
2164 4626 2326 4686 quam
2362 4610 2483 4678 quis
2515 4611 2654 4663 inter
2696 4609 2862 4662 animi
2915 4608 3135 4665 aﬂ'ertus
3191 4616 3245 4662 ct
3292 4624 3420 4676 pas-

1817 4759 1824 4766 ,
1872 4704 2055 4758 siones
2085 4702 2258 4763 ducit,
2291 4715 2412 4771 qua:
2446 4707 2675 4753 mentem
2708 4700 3089 4754 obtenebraut.

1945 4792 2170 4846 Multum
2196 4791 2522 4859 peregrinata
2561 4797 2638 4841 est
2669 4790 2848 4841 anima
2867 4805 3003 4841 mea.
3033 4788 3216 4843 Multis
3261 4789 3422 4840 annis

1871 4900 1935 4938 ac
1965 4885 2122 4952 longo
2146 4891 2386 4950 tempore
2421 4879 2473 4932 in
2501 4879 2811 4945 captivitate
2846 4879 3130 4948 peregrina
3159 4869 3283 4930 fuit.
3373 4941 3380 4946 Α
3456 4882 3459 4883 ⁷

1943 4974 2101 5028 Vens.
2124 4971 2177 5025 6.
2197 4971 2323 5027 Cum
2346 4971 2409 5022 iis
2425 4969 2514 5038 qui
2534 4967 2753 5022 oderant
2773 4983 3130 5036 pacem,erant
3149 4967 3416 5035 paciﬁcus.

1870 5066 2004 5122 Cum
2033 5061 2387 5119 contentiosis
2404 5060 2511 5113 illis
2537 5059 2848 5114 hominibus
2872 5058 3063 5119 Cedar,
3086 5072 3270 5126 pacem
3294 5069 3422 5124 age-

1873 5159 2016 5222 bam,
2042 5168 2144 5209 nec
2166 5167 2262 5222 pro
2289 5153 2558 5207 mundana
2600 5156 2695 5202 aut
2745 5148 3028 5217 temporali
3078 5162 3135 5200 re
3184 5144 3289 5199 ulla
3343 5151 3424 5199 cls

1873 5247 2232 5304 advorsabar:
2264 5243 2530 5313 quinimo,
2562 5250 2621 5294 ut
2649 5239 2891 5309 captivus
2937 5237 3119 5293 omnia
3167 5237 3274 5290 illis
3301 5252 3426 5307 per-

1877 5339 2176 5394 mittebam.
2207 5336 2468 5388 Docemur
2489 5341 2670 5388 autem
2698 5333 2786 5387 his
2821 5332 3003 5386 verbis
3024 5324 3168 5385 tales
3220 5329 3330 5382 ﬁeri
3366 5334 3423 5381 rt

1879 5440 1979 5483 nos
2005 5466 2021 5490 ,
2047 5439 2167 5479 cum
2196 5424 2449 5478 omnibus
2479 5421 2688 5476 scilicet
2717 5435 2900 5490 pacem
2949 5415 3164 5470 habere.
3207 5415 3337 5467 Nam
3373 5413 3423 5465 si

1879 5531 2003 5574 cum
2033 5514 2100 5570 iis
2127 5514 2313 5576 etiam,
2343 5513 2434 5582 qui
2468 5527 2654 5580 pacem
2683 5512 2852 5580 ipsam
2884 5507 3136 5572 oderunt,
3171 5502 3426 5566 paciﬁcos
