4144 6296
725 349 860 415 1187
1924 345 2304 405 EUTHYMII
2355 345 2361 402 ἶ

2285 345 2304 403 [
2355 343 2713 406 ZIGABENI
3171 369 3174 372 ί
3779 351 3921 416 1188

719 475 820 519 nos
843 475 962 515 esse
993 459 1164 521 decet,
1186 467 1390 528 quanto
1422 456 1593 527 magis
1637 471 1761 511 cum
1807 456 1874 510 iis
1928 459 2018 525 qui
2069 472 2255 526 pacem
2290 465 2331 518 Α

2290 465 2331 518 Α
2363 465 2502 528 μετὰ
2531 463 2638 514 τῶν
2664 463 3001 529 ἀγαπώντων
3031 463 3220 534 αὐτήν.
3258 463 3522 533 Ἐσόμεοα
3551 464 3609 518 δὲ
3665 469 3921 530 τοιοῦτοι.

721 549 1024 604 amaverint
1055 551 1069 601 !
1105 549 1315 603 Erimus
1345 555 1524 601 autem
1550 547 1722 613 tales,
1753 547 1798 602 si
1828 548 1988 602 veluti
2017 549 2262 618 hospites

2362 551 2456 603 ἐὰν
2481 551 2556 614 ὡς
2579 551 2718 617 ξένοι
2755 553 3139 623 διατρίϐωμεν,
3181 556 3277 608 ἐὰν
3318 550 3410 618 ’ὡς
3455 556 3714 626 πάροικοι
3765 557 3923 611 πολτ-

723 646 884 707 atque
907 639 1072 693 exteri
1106 638 1158 692 in
1185 639 1289 693 hoc
1337 637 1540 691 inundo
1587 639 1896 700 vixerimus,
1932 641 1974 694 si
2007 649 2261 708 tanquam

2366 642 2671 710 τευὼμεθα,
2708 645 2782 713 μὴ
2822 645 3027 714 σφόδρα
3076 645 3184 698 τῶν
3212 647 3493 717 παρόντων
3545 649 3918 717 ἀντεχόμενοι,

723 729 985 797 peregrini
1032 730 1513 792 conversabimur,
1566 743 1676 782 non
1721 715 2114 783 c8ntendentes
2162 744 2261 798 pro

2078 745 2114 782 rs
2162 744 2261 798 pro
2365 733 2498 802 μηδ’
2533 733 2607 796 ὡς
2629 737 3004 805 παραμένουσι
3032 738 3454 806 προστρέχοντες
3483 738 3714 800 τούτοις.

723 820 1072 886 pra-sentibus
1103 819 1262 888 bujus
1293 820 1475 873 s:eculi
1506 819 1688 882 rebus,
1727 833 1898 888 neque
1929 818 2168 873 animum
2206 821 2260 871 In
2300 820 2379 874 eis
2409 825 2566 892 quasi
2594 825 2647 879 in
2676 826 3115 894 permanentibus
3179 842 3243 881 ac
3278 829 3550 897 perpetuis
3591 828 3756 884 rebus
3810 843 3919 900 po-

719 925 819 963 ttett
828 918 931 963 tes.

785 999 917 1052 Cum
967 999 1211 1065 loquebar
1257 999 1387 1061 illis,
1429 1000 1798 1068 oppugnabant
1833 1015 1914 1054 me
1958 1000 2149 1066 gratis.
2195 1028 2259 1039 —

2434 1002 2620 1058 Ὅταν
2641 1001 2907 1054 ἐλάλουν
2929 1003 3151 1067 αὐτοις,
3185 999 3524 1070 ἐπολέμουν
3557 1017 3634 1070 με
3663 1002 3919 1071 δωρεάν.

725 1093 900 1146 Gratis
925 1093 1060 1146 dixit
1085 1107 1181 1161 pro
1214 1093 1323 1147 sine
1359 1109 1523 1148 causa
1546 1133 1563 1158 ,
1595 1094 1800 1148 nullam
1854 1095 2111 1149 nimirum
2162 1109 2257 1149 oc-

2364 1094 2533 1148 Ὅταν
2557 1092 2779 1148 ιλάλουν
2796 1093 2976 1157 αὐτοῖς
2999 1094 3276 1164 εἰρηνικὰ,
3302 1093 3600 1162 ἐπολέμουν
3623 1109 3690 1163 με
3714 1094 3918 1163 μάτην,

714 1185 984 1237 casionem
1016 1182 1294 1244 habentes,
1320 1183 1413 1238 sed
1448 1191 1649 1240 temere
1670 1185 1854 1239 omnia
1874 1186 2259 1240 administran-

2367 1185 2633 1255 μηδεμίαν
2659 1184 2912 1256 ἀφορμὴν
2948 1184 3184 1256 ιχοντες,
3205 1184 3302 1242 καὶ
3332 1183 3453 1238 οῠόδ
3480 1183 3600 1238 τότε
3620 1183 3917 1254 ἐφείδοντο·

713 1285 795 1328 tes
829 1289 844 1326 :
873 1273 1014 1342 quod
1046 1288 1110 1328 ex
1135 1287 1200 1328 eo
1243 1275 1550 1342 perspicere
1591 1275 1756 1338 licet,
1805 1277 1948 1345 quod
2001 1291 2097 1330 nec
2132 1285 2260 1329 tunc

2132 1285 2260 1329 tunc
2363 1277 2474 1343 ἐγὼ
2508 1276 2563 1328 δὲ
2601 1277 2696 1328 καὶ
2724 1275 2896 1337 οὕτως
2920 1276 3220 1345 εἰρήνευον.

713 1364 1003 1432 parcebant
1044 1364 1196 1425 mihi,
1229 1363 1446 1431 quando
1479 1379 1578 1434 ego
1617 1366 1839 1435 paciﬂce
1859 1366 2084 1437 agebam
2131 1379 2253 1419 cum

715 1471 819 1508 ets.

1097 1567 1110 1579 “
1171 1571 1446 1624 Canticum
1481 1587 1807 1625 ascensuum.

2779 1560 2914 1632 ᾨόὴ
2944 1559 3051 1614 τῶν
3099 1559 3494 1629 Ἀνασαθμῶν.

1225 1679 1540 1736 [‘SALMUS
1579 1680 1740 1736 CXX.
2157 1703 2163 1714 ε

1730 1721 1740 1736 ,
2157 1703 2163 1714 ε
2905 1669 3208 1729 ’ΨΔΛΜΟΣ
3234 1675 3366 1727 PK’.

796 1787 950 1844 v’ans.
983 1793 1033 1844 i.
1065 1791 1247 1846 Levavi
1284 1791 1459 1846 oculos
1490 1809 1628 1847 meos
1659 1795 1712 1847 in
1749 1805 1944 1849 montes
1968 1835 1984 1859 ,
2014 1798 2150 1851 unde
2179 1814 2258 1851 ve-
2289 1830 2333 1889 Β

2289 1830 2333 1889 Β
2433 1787 2586 1857 Ἦρα
2621 1788 2762 1852 τοὺς
2793 1786 3135 1853 ὀφθαλμούς
3153 1801 3273 1852 μου
3316 1785 3437 1889 sic“
3459 1782 3535 1836 τὰ
3583 1783 3712 1851 ὅρη,
3751 1784 3919 1889 ’ὅθεῖ

712 1881 813 1932 niet
849 1881 1103 1933 auxilium
1141 1881 1288 1936 mihi.
1333 1880 1444 1934 lloc
1491 1884 1702 1936 cantico
1746 1897 1806 1938 ea
1844 1885 2006 1937 verba
2058 1886 2253 1952 prmdi-
2289 1871 2332 1889 ”’

2289 1871 2332 1889 ”’
2363 1882 2493 1949 ἣξει
2525 1877 2831 1944 ήβοήθειὰ
2858 1894 2996 1944 μου.
3044 1873 3192 1942 Αὕτη
3249 1875 3283 1943 ἡ
3494 1871 3824 1944 προφητεύει
3879 1873 3920 1928 δ

711 1980 908 2023 cuntur
934 1985 965 2024 a
999 1968 1264 2038 Propheta
1287 2008 1303 2033 ,
1347 1984 1466 2040 quae
1513 1970 1713 2024 dicturi
1755 1982 1911 2025 erant
1942 1971 2251 2028 indecorum

2359 1975 2563 2038 ελεγον,
2591 1971 2884 2038 ἀρξάμενοι
2931 1965 3257 2020 ἀναϐαίνειν.
3302 1967 3440 2034 Ὀρη
3465 1964 3522 2016 δὲ
3589 1964 3734 2032 λέγει
3788 1967 3919 2033 τοὺς

713 2057 911 2127 captivi
940 2097 955 2120 ,
988 2073 1201 2111 cuuch
1254 2057 1520 2127 Babylone
1565 2059 1864 2113 discessuri
1911 2071 2096 2114 essent
2128 2101 2144 2126 ,
2201 2071 2256 2117 et

2359 2062 2618 2130 οὐρανοὺς
2672 2059 2760 2111 διὰ
2789 2058 2850 2110 τὸ
2873 2057 3028 2123 ὕψος.
3071 2054 3309 2108 Ἐκεῖθεν
3337 2055 3446 2124 γὰρ
3466 2052 3692 2122 ἦλπιζον
3739 2052 3920 2108 nam

691 2151 990 2221 ,ascensuri
1022 2152 1073 2203 in
1100 2149 1417 2204 Jerusalem.
1453 2149 1553 2204 Per
1605 2161 1816 2204 montes
1860 2161 2039 2205 autem
2084 2151 2253 2206 caelos

2361 2153 2542 2211 αὐτοῖς
2626 2149 2723 2218 τὴν
2797 2148 2999 2218 συνήθη
3074 2146 3361 2215 tellecta»,
3439 2144 3919 2214 παραπέμπουσαν

635 2227 689 2304 /
713 2238 958 2310 intelligit
984 2278 999 2296 .
1026 2239 1096 2294 ob
1118 2254 1382 2294 summam
1419 2240 1627 2295 scilicet
1659 2255 1846 2295 eorum
1889 2243 2253 2296 altitudinem.

1972 2243 2253 2296 itudinem.
2303 2287 2311 2295 .
2362 2235 2642 2296 ἀσλαϐεἶς.
2682 2228 2831 2287 Ἐἶτα
2875 2236 2968 2286 καὶ
2996 2231 3282 2302 σαφηνίζει
3302 2231 3394 2283 τὸν
3429 2229 3605 2296 λόγον.

711 2333 863 2388 Illinc
886 2333 1083 2387 etenim
1118 2331 1405 2401 sperabant
1425 2332 1784 2386 adventorum
1834 2335 1936 2389 sibi
1972 2350 2093 2389 esse
2119 2343 2438 2388 consuetum
2465 2331 2556 2385 Dei
2587 2328 2869 2390 auxilium,
2897 2341 3005 2395 quo
3062 2327 3297 2381 ducente
3355 2324 3505 2380 illmsi
3569 2325 3625 2380 in
3682 2320 3918 2394 patria

716 2430 1076 2498 pervenirent.
1136 2425 1334 2480 Deinde
1375 2440 1679 2480 sermonem
1724 2442 1882 2481 suum
1941 2429 2112 2497 magis
2165 2429 2428 2492 declarat,
2458 2426 2697 2480 dicens:
3152 2497 3160 2504 υ
3402 2479 3409 2485 ,

784 2515 947 2572 Vsus.
975 2517 1030 2570 2.
1061 2516 1331 2570 Auxilium
1359 2533 1524 2570 meum
1553 2536 1585 2571 a
1617 2520 1857 2586 Domino,
1880 2522 1968 2590 qui
1997 2522 2119 2591 fecit
2137 2539 2241 2576 ca:-

2443 2521 2514 2574 'H
2535 2516 2786 2584 ,βοήθειά
2817 2535 2935 2586 μου
2959 2520 3118 2585 παρά
3148 2517 3366 2585 Κυρίου
3403 2515 3511 2570 τοῦ
3545 2515 3919 2590 ποιήσαντος

714 2610 823 2662 lum
875 2619 923 2662 et
945 2617 1156 2662 terram.
1191 2608 1270 2661 Ab
1298 2622 1362 2662 co
1390 2608 1480 2676 qui
1530 2624 1653 2664 rere
1692 2612 1954 2665 Dominus
1992 2621 2094 2666 est.
2123 2613 2255 2668 Pro-

2361 2613 2468 2665 τὸν
2503 2610 2761 2674 οὐρανὸν
2791 2609 2886 2661 καὶ
2928 2609 3042 2675 τὴν
3093 2607 3227 2676 γῆν.
3271 2607 3380 2661 T06
3426 2607 3641 2678 ἀληθῶς
3686 2611 3911 2680 Κυρίου.

715 2699 890 2767 prium
919 2699 1060 2752 enim
1091 2697 1180 2751 Dei
1220 2706 1337 2764 est,
1380 2706 1440 2752 υι
1488 2700 1730 2753 omnium
1776 2709 1990 2755 creator
2022 2703 2254 2766 dicatur,

2366 2703 2525 2754 Ἷδιον
2552 2701 2660 2770 γὰρ
2689 2700 2754 2765 τὸ,
2779 2699 3170 2769 δημιουργικὸν
3193 2701 3284 2752 τοῦ
3315 2699 3473 2753 θεοῦ.
3503 2701 3615 2754 Καὶ
3643 2703 3775 2772 ἡμῖν
3799 2697 3913 2768 06v,

716 2804 839 2842 cum
869 2789 985 2857 ipsc
1016 2789 1167 2844 solus
1198 2788 1290 2852 sit,
1329 2787 1421 2858 qui
1458 2789 1630 2857 possit
1653 2803 1857 2843 creare.
1897 2789 1961 2842 Et
2014 2805 2112 2845 nos
2156 2792 2260 2860 igi-

2366 2793 2460 2844 ὲὰν
2486 2793 2704 2861 ἄρωμεν
2728 2791 2855 2852 τοὺς
2885 2778 3195 2858 ὀφθαλμοὺς
3218 2789 3314 2858 τῆς
3345 2787 3526 2870 ψυχῆς
3551 2793 3634 2856 si;
3678 2792 3768 2844 τὸν
3823 2795 3913 2846 οὗ·

716 2890 804 2933 ιιιι·
833 2880 874 2933 si
903 2879 1094 2932 animae
1119 2879 1306 2934 oculos
1339 2881 1392 2932 in
1428 2880 1626 2932 cmlum
1657 2881 2036 2944 Ievaverimus,
2055 2897 2259 2951 eosque

2365 2883 2762 2952 ρινὸν,ἀποστή
2772 2899 2957 2943 σαντες
2982 2882 3177 2944 αὐτοὺς
3197 2881 3305 2936 τῶν
3328 2882 3526 2953 γηΐνων
3549 2885 3909 2954 πραγμάτοιν,

715 2985 744 3022 a
772 2971 999 3024 terrenis
1042 2969 1203 3023 rebus
1241 2969 1494 3025 omnibus
1545 2968 1969 3036 dimoverimus,
2017 2972 2258 3027 divinum

1631 2970 1933 3028 noverimus
1953 3012 1969 3036 ,
2017 2972 2258 3027 divinum
2363 2975 2396 3042 ὴ
2426 2972 2647 3042 βοήθεια
2677 2972 2825 3042 παρὰ
2856 2972 3058 3040 Κυρίου
3093 2971 3267 3028 ἔσται.

716 3060 880 3114 simili
913 3059 1068 3115 modo
1090 3073 1488 3129 consequemur
1523 3061 1809 3116 auxilium.
1878 3132 1879 3135 η
2231 3053 2245 3066 ’
3275 3067 3280 3070 ’

785 3171 946 3225 Vsus.
979 3171 1030 3224 5.
1070 3172 1146 3224 Ne
1183 3171 1270 3224 des
1315 3171 1369 3224 in
1417 3173 1810 3226 commotionem
1844 3174 2020 3236 pedem
2071 3182 2214 3228 tuum
2239 3218 2255 3241 ,

2421 3168 2516 3236 Μὴ
2551 3167 2704 3234 δῴης
2731 3171 2816 3232 εις
2840 3169 3033 3221 σάλον
3047 3168 3150 3220 τόν
3173 3168 3325 3222 πόδα
3350 3180 3486 3233 σου,
3511 3171 3665 3239 μηδὲ
3691 3174 3911 3226 νυστὰ-

715 3279 871 3332 neque
903 3262 1258 3331 dormitet.qui
1307 3263 1530 3316 custodit
1571 3273 1638 3318 te.
1686 3263 1797 3319 lloc
1841 3266 1907 3319 ad
1960 3265 2256 3321 fraternum
2289 3263 2330 3319 C

2289 3263 2330 3319 C
2364 3260 2437 3326 ξῃ
2470 3263 2502 3312 ό
2531 3258 2867 3327 φυλάσσων
2896 3273 2987 3311 σε.
3026 3257 3195 3310 Τοῦτο
3255 3259 3628 3328 φιλαδελφίαςέ,
3682 3264 3909 3317 ἕκαστον

715 3367 952 3405 amorem
988 3351 1253 3420 pertinet,
1288 3359 1346 3404 ut
1394 3352 1768 3421 unusquisque
1825 3367 1935 3422 pro
1965 3355 2134 3408 altero
2183 3357 2262 3410 ef-

2363 3349 2589 3403 ὲκάστου
2649 3348 3062 3418 ὕπερεύχεσθαι.
3101 3349 3189 3419 Μὴ
3231 3350 3368 3418 δῲης
3419 3353 3500 3413 εἰς
3559 3354 3907 3423 παρατροπὴν

719 3443 940 3498 fundere
976 3447 1041 3495 ad
1077 3443 1240 3496 Deum
1270 3459 1457 3511 preces
1485 3445 1750 3499 addiscat.
1796 3445 1870 3498 Ne
1899 3445 1996 3500 des
2017 3485 2030 3508 ,
2064 3446 2258 3514 inquit,

2363 3441 2451 3491 τὸν
2492 3440 2624 3493 πόδσ
2657 3456 2773 3506 σου,
2839 3440 2969 3509 μηδὲ
2997 3503 3000 3507 η
3026 3441 3440 3510 παρατρππειης
3507 3441 3604 3510 τῆς
3675 3443 3904 3508 εὐθείας,

718 3538 901 3604 pedem
933 3545 1080 3588 tuum
1119 3534 1170 3586 in
1201 3535 1644 3597 commotionem,
1671 3537 1773 3589 hoc
1804 3544 1904 3597 est,
1941 3537 1993 3588 in
2026 3537 2225 3589 ﬂuctus

2363 3531 2480 3597 ἥτις
2508 3530 2652 3580 ἐστὶν
2680 3532 2712 3597 ἡ
2743 3531 2990 3596 ἐνάρετος
3022 3531 3137 3591 ὁδός
3162 3547 3176 3560 ·
3209 3531 3342 3600 μηδὲ
3385 3531 3473 3583 διὰ
3520 3532 3677 3584 τοῦτο
3718 3537 3907 3588 νυστά-

717 3627 915 3678 tionem
950 3641 963 3677 :
995 3640 1167 3693 neque
1196 3638 1223 3676 a
1258 3635 1404 3679 recta
1442 3627 1704 3680 virtutum
1737 3629 1821 3680 via
1865 3628 2160 3690 avcrtaris,
2197 3643 2263 3681 nc

2367 3623 2452 3685 ξαι
2483 3621 2510 3670 ὁ
2537 3621 2820 3688 φυλάσσων
2861 3639 2919 3672 σε
2943 3621 3093 3682 Θεὸς,
3255 3622 3342 3674 διὰ
3387 3622 3543 3675 τοῦτο
3598 3625 3906 3695 ῥᾳθυμήσαι

719 3716 920 3767 idcirco
958 3714 1070 3784 ipse
1106 3718 1266 3768 etiam
1308 3716 1445 3769 Deus
1469 3758 1481 3779 ,
1517 3717 1607 3785 qui
1639 3725 1688 3769 te
1714 3716 1991 3768 custodire
2024 3717 2225 3770 solebat
2251 3757 2264 3778 ,

2368 3729 2431 3764 πε
2441 3711 2607 3782 ρὶτὴν
2628 3712 2876 3782 φυλακήν
2899 3729 3014 3782 σου,
3047 3712 3121 3773 ὡς
3154 3711 3210 3765 ἐξ
3237 3711 3567 3780 ἀπροσεξεσς
3588 3715 3904 3785 ὀλισθῆσαν.

717 3805 991 3866 dormitet,
1035 3805 1135 3858 hoc
1164 3813 1268 3866 est,
1300 3821 1367 3858 ne
1397 3807 1511 3873 ipse
1561 3805 1723 3858 etiam
1773 3804 2052 3874 negligens
2096 3806 2264 3859 videri

2365 3823 2475 3866 τος.
2503 3805 2593 3870 "ﬂ,
2629 3806 2702 3875 μὴ
2727 3802 2868 3872 δώῃς
2891 3805 2968 3866 εἰς
2998 3803 3326 3872 σαλευόμενα
3344 3804 3436 3856 καὶ
3451 3803 3714 3874 ὀλισθηρὰ
3734 3807 3905 3876 πράγ-

720 3897 888 3962 possit
927 3895 978 3947 in
1009 3896 1077 3948 iis
1111 3911 1227 3962 qmc
1263 3895 1328 3948 ad
1382 3895 1681 3949 custodiam
1730 3902 1877 3948 tuam
1933 3896 2208 3962 pertinent
2246 3912 2260 3946 :

2371 3912 2512 3962 ματα
2541 3896 2637 3964 τὴν
2663 3896 2882 3965 πορείαν
2912 3910 3025 3958 σου,
3048 3892 3174 3945 ἀλλ’
3208 3893 3502 3956 ὲπιόαίνοις
3523 3895 3710 3964 τρίϐου
3740 3898 3905 3962 ἀσφαο

715 3999 778 4036 eo
816 3983 955 4049 quod
989 3983 1393 4037 inadvertentcr
1428 3983 1505 4038 sis
1537 3983 1739 4052 lapsus.
1777 3981 1892 4048 Vel,
1923 3999 1990 4037 ne
2023 3985 2118 4039 des
2161 3985 2266 4039 iter

2369 3985 2512 4048 λοῦς,
2571 3985 2692 4054 ἥτις
2744 3985 2890 4038 ἐστὶν
2934 3987 2967 4054 ἠ
3011 3983 3249 4052 ἔννομος,
3299 3985 3613 4055 εὐθυπορεῖν
3674 4003 3732 4039 σε
3802 4003 3905 4040 πα-

717 4084 864 4127 tnum
895 4075 948 4128 in
981 4075 1298 4128 ﬂuctuantia
1337 4083 1388 4129 et
1422 4075 1628 4129 lubrica
1663 4075 1880 4144 negotia
1902 4116 1915 4138 ,
1952 4075 2044 4129 scd
2089 4084 2262 4129 tutam

1167 4075 1298 4128 mtia
1337 4083 1388 4129 et
1422 4075 1628 4129 lubrica
1663 4075 1880 4144 negotia
1902 4116 1915 4138 ,
1952 4075 2044 4129 scd
2089 4084 2262 4129 tutam
2372 4075 2803 4146 ρασκευάζουσα.

719 4165 848 4235 legis
901 4179 962 4218 ac
1011 4165 1384 4219 mandatorum
1441 4167 1685 4220 semitam
1766 4168 2105 4229 conscende,
2149 4183 2269 4237 qua:

719 4262 923 4311 re‘ctum
955 4260 1058 4310 iter
1084 4259 1464 4313 incedentibus
1492 4269 1731 4329 praestat.
2348 4242 2354 4248 ’

792 4367 953 4420 Vens.
996 4370 1046 4421 ιι.
1083 4367 1214 4421 Ecce
1240 4387 1342 4422 non
1369 4371 1694 4432 dormitabit.
1728 4388 1885 4440 neque
1914 4375 2267 4440 soporabitur,
2407 4413 2409 4415 ι

2407 4364 2590 4418 ,Ἰδοὺ
2631 4365 2702 4417 οὐ
2744 4363 3052 4427 νυστὰξει,
3099 4364 3242 4447 οὐδὲ
3281 4364 3545 4419 ὑπνώσει
3581 4368 3614 4418 ὀ
3676 4369 3908 4434 φυλάσ-

718 4457 1052 4522 quirnstodit
1102 4457 1297 4511 Israel.
1347 4458 1487 4513 Deus
1536 4476 1656 4514 cum
1710 4477 1814 4515 non
1858 4463 2082 4532 negliget
2111 4503 2126 4526 ,
2173 4479 2270 4518 nec

2265 4481 2270 4516 ε
2369 4473 2494 4509 σων
2514 4454 2904 4521 τὸν-Ἰσραήλ.
2932 4457 2994 4506 Εἰ
3039 4456 3301 4524 ἀπέχεται
3337 4455 3576 4522 δηλονότι
3641 4458 3746 4509 τῶν
3793 4457 3901 4510 ὀλι-

721 4544 1046 4612 negligenter
1077 4546 1282 4615 aliquid
1307 4562 1434 4615 erga
1461 4549 1610 4600 illum
1640 4558 1782 4616 aget,
1814 4551 1905 4617 qui
1947 4565 2040 4618 per
2071 4558 2262 4610 tutam,
2301 4589 2342 4643 ο

2301 4589 2342 4643 D
2373 4545 2603 4614 σοηρῶν,
2644 4547 2691 4596 εἰ
2729 4544 2982 4612 ἀσφαλῶς
3007 4536 3198 4612 βαίνει,
3245 4543 3366 4596 οὔτε
3417 4545 3736 4618 ρᾳθυμήσει,
3782 4547 3904 4599 οὓτι.

719 4647 878 4697 quam
920 4632 1175 4695 diximus,
1212 4635 1349 4688 viam
1375 4636 1678 4702 incesserit,
1701 4647 1753 4692 et
1792 4654 1818 4690 a
1849 4640 2058 4692 lubrico
2084 4640 2266 4698 saeculi
2302 4632 2336 4643 ⁷

2302 4632 2336 4643 ⁷
2370 4637 2629 4704 ἀμελήσει
2651 4636 2783 4704 (52).
2822 4637 3030 4705 Ἰσραὴλ
3053 4637 3107 4688 δὲ
3136 4637 3228 4690 καὶ
3274 4638 3432 4705 ἡμεῖς
3489 4639 3626 4701 νέος,
3658 4638 3730 4701 ὡς
3777 4637 3902 4689 πο).-

719 4721 853 4772 rallc
884 4722 1226 4776 abstinuerit.
1258 4723 1554 4780 Possumus
1585 4734 1639 4780 et
1680 4741 1780 4781 nos
1812 4727 1994 4782 ﬁdeles
2034 4741 2224 4781 omnes
2252 4769 2266 4793 ,

2264 4772 2266 4785 ,
2371 4727 2525 4790 λάκις
2552 4729 2868 4796 εἰρήκαμεν.
2913 4728 3150 4797 Ζήτησον
3193 4729 3286 4780 καὶ
3335 4730 3393 4781 ἐν
3436 4729 3513 4797 τῷ
3539 4730 3630 4798 μετ’
3686 4731 3900 4800 ψαλμῷ,

720 4808 823 4858 diri
858 4822 1026 4860 novus
1066 4808 1252 4870 Israel,
1285 4811 1738 4878 quemadmodum
1773 4828 1914 4882 smpe
1949 4814 2075 4866 alibi
2130 4814 2270 4867 dixi-

1852 4828 1914 4882 pe
1949 4814 2075 4866 alibi
2130 4814 2270 4867 tlixi-
2378 4819 2763 4886 Ἐξεγέρμητι,
2797 4820 2897 4871 ἵνα
2928 4819 2982 4871 τι
3005 4817 3240 4884 ὑπνοῒς,
3271 4819 3443 4885 Κύριε
3469 4835 3487 4882 ;

721 4914 858 4959 mus.
893 4902 1159 4968 przecipuc
1197 4902 1249 4953 in
1288 4902 1493 4970 psalmo
1515 4918 1665 4969 XLIII,
1693 4907 1765 4960 ibi
1795 4925 1807 4960 :
1832 4906 2089 4974 Exsurge,
2109 4923 2268 4975 quare

711 4989 998 5052 obdormis,
1038 4991 1301 5047 Domine?

796 5101 955 5155 Vens.
988 5103 1037 5154 ii.
1076 5103 1323 5159 Dominus
1353 5109 1604 5160 custodiet
1643 5117 1710 5171 te,
1740 5107 1995 5162 Dominus
2017 5108 2269 5176 protectio

2262 5125 2269 5154 ι
2441 5101 2648 5166 Κύριος
2676 5100 2929 5169 φυλάξει
2955 5117 3047 5160 σε,
3083 5103 3288 5168 Κύριος
3312 5102 3508 5169 σκέπη
3532 5119 3647 5168 σοι,
3676 5101 3771 5156 ἐπὶ
3792 5104 3898 5172 zei-

727 5198 815 5239 tna
871 5192 936 5240 (ιει
972 5205 1182 5242 manum
1228 5193 1497 5246 dexteram
1545 5205 1711 5250 tuam.
1773 5197 2031 5253 Dominus
2077 5205 2128 5250 te
2174 5197 2275 5250 hoc

2260 5212 2275 5249 ι
2363 5209 2442 5259 pa
2465 5192 2667 5255 δεξιάν
2690 5209 2826 5246 σου.
2860 5193 3054 5256 Κύριος
3080 5193 3302 5262 φυλάξει
3333 5211 3390 5247 σε
3414 5196 3579 5256 οὓτως
3605 5196 3896 5266 ῥοδίζοντα,

729 5289 883 5344 pacto
939 5280 1271 5334 incedentem
1320 5286 1625 5352 custodiet,
1683 5286 1941 5340 Dominus
2014 5287 2274 5355 protectio

2263 5303 2274 5339 ι
2374 5288 2572 5354 Κύριος
2593 5287 2764 5356 σκέπη
2804 5303 2885 5339 σοι
2928 5289 3077 5357 παρὰ
3102 5288 3198 5357 τὴν
3226 5286 3403 5348 δεξιάν
3428 5304 3518 5339 σου
3568 5290 3742 5356 χεῖρὰ,
3787 5303 3899 5338 του·

733 5367 825 5418 tibi
854 5369 974 5428 erit,
1015 5369 1165 5436 juxta
1214 5387 1428 5425 manum
1478 5378 1750 5428 dexteram
1797 5389 1940 5428 tuam
1966 5416 1980 5441 ,
2012 5378 2114 5429 hoc
2154 5386 2232 5430 est
2258 5417 2272 5442 ,

2261 5417 2272 5442 ,
2373 5378 2520 5430 τέστι
2590 5379 2970 5450 παραστάτης,
3023 5381 3348 5448 σκεπαστὴς,
3403 5381 3615 5432 σκέπων
3653 5395 3710 5431 σε
3739 5374 3897 5445 πράτ-

2036 5549 2228 5609 Varia:
2256 5547 2582 5610 lectiones.

799 5687 911 5757 (3‘2)
945 5688 1204 5743 Nimirum
1235 5692 1382 5755 Θεὸς,
1417 5694 1460 5745 εἰ
1493 5695 1752 5764 ἁπέχετχι
1783 5697 2020 5768 Ἰσραήλ.
