4144 6296
212 336 367 402 1189

205 463 382 502 τοντα
435 451 612 518 ἀγαθά
642 471 656 486 ο
691 453 746 524 ἢ,
784 457 959 527 σκέπη
1025 474 1104 510 σοι
1152 457 1236 510 διὰ
1296 455 1522 526 πράξεις

207 537 362 605 ξιάς.

297 809 546 880 Ἡμέρας
576 816 609 866 d
638 813 809 880 ἣλιος
845 815 916 867 οὐ
946 814 1278 881 συγκαύσει
1304 827 1398 877 σε,
1427 810 1570 866 οὐδὲ
1597 811 1636 878 ἠ
1671 826 1778 863 σε-

203 899 382 967 λήνη
408 902 522 968 τὴν
541 903 749 956 νύκτα.
771 902 1049 973 Τοσαύτην
1079 920 1171 955 σου
1195 903 1478 972 ποιήσεται
1501 900 1779 972 πρόνοιαν,

1382 349 1762 414 (ΣΟΜΜΕΝΤ.
1809 348 1890 407 ΙΝ
1948 347 2305 408 PSALMOS.

3273 363 3413 429 1190

1573 473 1665 507 σου
1703 454 1786 506 δε-
1816 461 1856 514 Α
1888 453 2100 521 adjutor
2134 455 2228 507 tibi
2261 454 2364 508 erit
2396 453 2447 506 in
2477 454 2636 510 bello.
2657 457 2862 526 (Solent
2885 461 3048 526 enim,
3070 465 3162 534 qui
3190 467 3423 538 aliquem

1883 553 2168 610 protegunt
2204 543 2348 597 illius
2381 544 2614 600 dextera:
2637 549 2942 620 assistere.)
2978 553 3111 608 Vel:
3151 555 3429 615 Pretectio

1886 644 1973 686 tua
2002 634 2067 686 ad
2092 634 2344 687 dexteras
2380 637 2624 693 actiones
2655 647 2772 694 tuas
2812 656 2827 692 :
2859 650 3150 711 protegens
3171 647 3429 704 nimirum

1885 732 1936 776 te
1963 722 2102 776 bona
2125 737 2292 791 opera
2327 724 2630 781 facientem.

1961 807 2125 864 Vsus.
2149 811 2203 864 6.
2237 811 2337 865 Per
2370 813 2504 866 diem
2533 815 2614 868 sol
2641 833 2740 870 iter.
2770 831 2882 872 uret
2917 829 2984 886 te,
3015 839 3172 893 neque
3192 827 3316 881 luna
3336 845 3430 898 per

1886 910 2107 954 noctem.
2142 901 2366 956 Tantam
2398 905 2472 958 tui
2523 921 2710 961 curam
2766 911 3001 977 habebit,
3028 925 3085 968 ut
3125 933 3301 988 neque
3340 937 3429 976 so-

201 989 288 1053 ὡς
330 992 464 1062 μηδὲ
490 992 661 1046 ταῦτα
687 995 844 1047 ἐᾶσαι
877 993 1278 1064 παρενοχλῆσαί
1305 1010 1407 1046 σοι.
1436 992 1576 1062 Πρὸς
1608 990 1784 1059 ἔμφα-

209 1098 307 1133 σιν
343 1083 400 1136 δὲ
429 1082 587 1136 τοῦτο
625 1079 747 1137 εἷπε
803 1085 901 1154 τῆς
946 1085 1122 1155 ἄκρας
1161 1083 1495 1153 ἐπιμελείας.
1534 1081 1695 1143 Εἰκὸς
1726 1079 1782 1132 δὲ

208 1175 425 1234 αὐτοὺς
481 1176 573 1228 καὶ
609 1177 862 1246 τοιαύτης
889 1176 1190 1229 ἀπολαῦσαι
1225 1176 1462 1245 χάριτος.
1491 1172 1782 1240 Συγκαίειν

210 1261 272 1312 δὲ
332 1264 550 1330 λέγουσι
609 1265 701 1318 καὶ
745 1267 842 1335 τὴν
887 1265 1118 1333 σελήνην
1152 1264 1220 1316 τὰ
1251 1263 1500 1333 σώματα,
1528 1263 1590 1314 οὐ
1630 1261 1788 1330 μόνον

216 1351 406 1422 ὑγρὰν
434 1350 618 1417 οὖσαν,
653 1354 789 1406 ἀλλὰ
831 1355 925 1408 καὶ
955 1353 1169 1422 θερμήν
1189 1370 1202 1382 ·
1227 1353 1284 1422 ἢ,
1308 1355 1337 1405 ὁ
1373 1352 1521 1421 ἣλιος
1563 1352 1621 1402 οὐ
1654 1365 1786 1415 συγο

1884 1351 2022 1404 lianc
2075 1357 2302 1420 gratiam
2345 1373 2374 1410 a
2430 1357 2536 1412 Deo
2578 1359 2745 1415 luisse
2799 1374 3170 1419 consecutum.
3223 1365 3428 1422 Lunam

214 1443 424 1496 καύσει
453 1461 533 1506 σε,
553 1447 673 1498 οὐδὲ
702 1448 734 1515 ὴ
770 1446 985 1515 σελήνη,
1017 1444 1209 1514 βλάψει
1237 1443 1501 1511 δηλονότι.

1890 1450 2070 1495 autem
2097 1461 2255 1499 urere
2288 1447 2444 1510 dixit,
2473 1450 2624 1517 juxta
2652 1453 2879 1522 aliquos,
2913 1471 2977 1510 co
3005 1461 3149 1526 quod
3195 1475 3300 1514 non
3329 1461 3431 1514 hu-

215 1539 376 1593 mida
427 1542 498 1596 sit
549 1550 782 1607 tantum,
822 1541 914 1596 sed
965 1540 1125 1595 etiam
1173 1540 1369 1592 calida.
1416 1536 1511 1591 Vel
1557 1536 1636 1590 sol
1672 1549 1778 1587 non
1822 1543 1942 1589 uret
1975 1547 2045 1600 te,
2082 1556 2252 1610 neque
2278 1542 2435 1596 etiam
2463 1545 2587 1598 luna
2619 1548 2771 1602 laedet
2812 1559 2886 1604 te.
2953 1551 3116 1607 L'rcre
3149 1555 3291 1610 enim
3351 1557 3433 1610 di-

1834 1037 1842 1044 .
1887 988 2012 1053 lem,
2045 998 2139 1042 aut
2182 991 2366 1044 lunam
2399 995 2675 1061 permittat
2699 998 2796 1052 tibi
2824 1003 3287 1067 perturbationem
3333 1011 3433 1064 ali-

1886 1094 2046 1148 quam
2079 1081 2277 1136 inlerre
2318 1100 2333 1138 :
2364 1084 2506 1154 quod
2530 1085 2685 1150 dixit,
2712 1099 2768 1142 ut
2805 1105 3078 1148 summum
3113 1110 3238 1167 erga
3263 1098 3432 1152 liomié

1891 1187 2011 1225 rtem
2050 1171 2139 1227 Dei
2179 1175 2417 1230 studium
2463 1193 2585 1231 esse
2636 1179 3058 1239 demonstraret.
3125 1186 3431 1247 Verisimile

1885 1270 1968 1316 est
2008 1263 2189 1318 autem
2243 1267 2522 1336 antiquum
2560 1272 2818 1336 populum
2869 1277 3128 1342 prtediclo
3188 1288 3429 1349 tempore

217 1638 307 1690 xit
350 1651 449 1705 pro
481 1637 699 1693 laulere.

297 1731 513 1795 Κύριος
535 1729 788 1798 φυλάξει
818 1745 890 1782 σε
915 1728 1033 1782 ἀπὸ
1056 1728 1280 1794 παντὸς
1296 1725 1499 1792 κακοῦ,
1528 1722 1783 1794 φυλάξει

1963 1720 2125 1778 Vens.
2161 1724 2211 1775 7.
2249 1725 2497 1779 Dominus
2530 1731 2782 1781 custodiet
2813 1741 2858 1784 te
2890 1734 2951 1785 ab
2983 1738 3125 1787 omni
3155 1739 3310 1801 malo,
3338 1755 3432 1791 cu-

219 1815 348 1882 τὴν
375 1817 590 1884 ψυχήν
624 1835 749 1872 σου
773 1820 804 1870 ὁ
835 1818 1072 1884 Κύριος.
1103 1817 1379 1880 Πολλάκις
1418 1815 1575 1869 τοῦτο
1611 1814 1782 1880 λέγει,

1891 1816 2077 1868 stodiet
2135 1818 2365 1868 animum
2401 1825 2544 1871 tuum
2597 1819 2872 1877 Dominus.
2934 1825 3188 1882 liamdem
3233 1832 3430 1896 sa‘pius

224 1908 471 1977 βεϐαιῶν
496 1909 586 1961 τὸν
631 1911 790 1978 λόγον
822 1910 914 1962 καὶ
943 1910 1383 1980 ὁποι-ρεπόμενος
1406 1911 1483 1970 εἰς
1498 1909 1558 1960 τὸ
1585 1907 1787 1978 βαίνειν

219 1998 407 2066 ὀρθῶς
459 1998 609 2070 πόθῳ
655 2001 752 2069 τῆς
805 2000 867 2052 ἐκ
903 1999 1036 2053 Θεοῦ
1070 2000 1346 2069 φυλακῆςο
1377 1999 1436 2068 ἢ,
1466 1997 1689 2067 φυλάξει
1729 1997 1790 2048 τὸ

224 2089 398 2159 σῶμα
427 2105 520 2142 σου
550 2089 658 2143 ἀπὸ
679 2091 880 2154 παντὸς
902 2089 1166 2156 κινδύνου,
1199 2091 1290 2143 καὶ
1311 2091 1408 2160 τὴν
1425 2091 1602 2160 ψυχήν
1635 2106 1746 2141 σου.

304 2356 518 2424 Κύριος
540 2355 793 2425 φυλάξει
822 2354 936 2424 τὴν
961 2353 1202 2410 εἴσοδόν
1225 2369 1340 2409 σου
1396 2353 1493 2408 καὶ
1525 2353 1637 2422 τὴν
1663 2353 1792 2415 ἕξε-

225 2447 347 2503 δόν
368 2466 504 2502 σου.
543 2449 652 2518 Τὴν
693 2448 1038 2517 ἀναστροφήν
1071 2463 1189 2510 σου,
1218 2447 1316 2516 τὴν
1362 2445 1635 2498 πολιτείαν
1669 2460 1784 2506 σου,

214 2524 328 2591 ’τῖν
359 2538 472 2608 βίον
499 2556 590 2592 σου
613 2553 628 2566 ⁶
660 2539 694 2607 ἦ
721 2538 813 2592 καὶ
847 2538 1043 2602 ἄλλως,
1076 2539 1177 2606 τήν
1212 2554 1270 2588 τε
1297 2538 1375 2599 εἰς
1409 2536 1499 2589 τὸν
1524 2535 1638 2604 βίον
1662 2534 1788 2586 τοῦ·

224 2647 326 2682 τον
355 2630 578 2690 εἴσοδον,
608 2627 704 2680 καὶ
733 2629 831 2698 τὴν
859 2625 916 2691 ἐξ
945 2626 1105 2680 αὑτοῦ
1137 2626 1314 2692 ἔξοδον
1344 2641 1356 2653 '
1401 2625 1433 2696 ἢ
1478 2625 1571 2678 καὶ
1612 2623 1790 2677 πάντα

224 2721 328 2772 τὸν
360 2720 495 2788 βίον.
536 2717 625 2773 Ἐν
654 2721 877 2782 εἰσόδοις
915 2718 1020 2788 γὰρ
1073 2713 1229 2782 οὗτος
1265 2717 1354 2769 καὶ⁸
1397 2715 1595 2787 ἐξόδοις
1636 2715 1791 2768 καθο-

229 2829 421 2882 ραται.

319 2903 453 2959 Ἀπὸ
497 2905 600 2958 τοῦ
628 2904 744 2958 νῦν
798 2903 892 2958 καί
933 2903 1044 2968 ἓως
1069 2900 1174 2955 τοῦ
1203 2899 1435 2966 αἰῶνος.
1468 2897 1576 2952 Καὶ
1623 2898 1702 2960 εἰς
1729 2895 1790 2948 τὸ
1833 2905 1854 2911 "

227 2994 367 3066 ἑξῆς
391 3013 406 3027 ⁶
451 2995 485 3064 ἢ
515 2995 609 3049 καὶ
632 2996 737 3058 ἕως
765 2995 856 3049 τοῦ
891 2995 1087 3058 αἰῶνος
1118 2995 1214 3063 τῆς
1243 2993 1386 3062 ζωῆς
1422 3007 1538 3044 σου.

664 3087 802 3156 ’ῼδὴ
826 3084 943 3140 τῶν
972 3083 1366 3154 Ἀναϐαθμῶν.

774 3178 1064 3231 ΨΑΛΜΟΣ
1093 3177 1268 3232 PKA'.

249 3323 254 3326 .
309 3268 660 3338 Εὐφράνθην
687 3268 784 3321 ἐπὶ
803 3270 921 3334 τοῖς
951 3271 1212 3337 εἰρηκόσι
1229 3283 1348 3338 μοι,
1368 3271 1470 3333 Εἰς
1493 3263 1658 3322 οἶκον
1675 3269 1788 3320 Κυ-

219 3363 370 3430 ρίου
386 3358 990 3430 πορευσόμεθα.Τοῦτο
1012 3360 1194 3428 ἔλεγον
1212 3360 1507 3425 ὁδεύοντες,
1531 3359 1626 3412 καὶ
1651 3374 1789 3427 προ-

227 3453 531 3516 κόπτοντες
567 3453 706 3522 μετᾶ
742 3451 1120 3522 περιχαρείας.

317 3650 608 3717 Ἔστῶτες
639 3665 802 3722 ησαν
826 3652 877 3705 ol
907 3649 1086 3716 πόδες
1124 3648 1294 3720 ήμῶν
1320 3648 1392 3703 ἐν
1415 3648 1544 3714 ταῖς
1571 3646 1784 3712 αὐλαῖς

227 3757 376 3809 σου,
416 3744 829 3812 Ἰερουσαλήμ.
856 3743 1221 3796 Ἀκουσάντων
1238 3738 1413 3808 ἡμῶν,
1432 3739 1592 3801 εὐθὺς
1619 3737 1789 3791 ἑστῶ-

228 3857 328 3902 τες
352 3835 492 3910 ἦσαν
522 3837 580 3888 ἐν
606 3837 725 3894 ταῖς
768 3833 956 3896 αὐλαῖς
1012 3849 1104 3885 σου
1145 3835 1209 3902 τῇ
1237 3832 1474 3901 δοκήσειο
1501 3831 1653 3894 ἔδοξα
1688 3829 1788 3899 μὲν

236 3934 355 4003 γὰρ
386 3929 604 3984 ἑστάναι
627 3928 684 3979 ὲν
710 3926 920 3988 αὐταῖς,
945 3922 1086 3977 οὓτω
1101 3922 1197 3992 τῆς
1227 3921 1460 3992 σφοδρᾶς
1487 3919 1785 3990 ’ἐπιθυμίας

236 4019 805 4095 παρασκευασθείσης.

318 4222 716 4292 Ἰερουσαλὴμ
765 4215 1227 4286 οἰκοδομουμένη
1318 4216 1398 4281 ὠς
1460 4216 1653 4282 πόλις.
1717 4209 1788 4268 Ὦ

245 4313 602 4387 Ἰερουσαλὴμ
650 4310 1076 4379 οἰκοδομουμένη
1152 4305 1228 4370 ὡς
1274 4306 1427 4368 πόλις
1469 4306 1638 4361 πάλαι
1685 4322 1784 4358 κυ-

237 4409 389 4481 ρίως.

1891 1904 2078 1972 repetit
2102 1909 2446 1969 sententiam.
2472 1925 2771 1964 sermonem
2792 1916 3140 1978 confirmans,
3165 1931 3219 1972 et
3237 1922 3432 1974 divina:

1891 1994 2246 2061 protectionis
2286 1996 2559 2052 desiderio
2589 2016 2688 2054 nos
2733 2003 3050 2067 exhortans,
3102 2018 3162 2059 ut
3204 2025 3298 2077 per
3343 2025 3431 2066 re-

1887 2095 2053 2150 ctam,
2081 2101 2239 2154 quam
2267 2087 2520 2152 diximus,
2545 2090 2802 2146 virtutum
2824 2095 3074 2149 semitam
3095 2097 3428 2154 iuccdamus.

1890 2174 1984 2228 Vel
2022 2194 2047 2232 ε,
2072 2164 2355 2231 Custodiet
2389 2194 2585 2249 corpus
2622 2192 2771 2236 tuum
2821 2193 2876 2238 et
2902 2187 3138 2242 animam
3178 2197 3326 2244 tuam
3365 2192 3434 2245 ab

1889 2267 2035 2318 outni
2074 2268 2331 2334 periculo.

1962 2357 2126 2412 Vens.
2161 2361 2216 2414 8.
2259 2362 2514 2417 Dominus
2552 2366 2804 2421 custodiet
2853 2369 3122 2425 introitum
3183 2385 3331 2427 tuum
3383 2387 3434 2429 et

1888 2452 2088 2502 exitum
2131 2462 2299 2504 tuum.
2335 2451 2447 2506 Hoc
2498 2462 2600 2518 est,
2646 2458 3120 2515 conversationem
3179 2472 3232 2517 ct
3268 2465 3432 2519 vitam

1891 2547 2059 2592 tuam.
2104 2540 2195 2594 Vel
2236 2541 2536 2610 ingressum
2578 2543 2632 2596 in
2674 2545 2810 2599 hanc
2849 2549 3028 2612 vitam,
3063 2560 3116 2603 et
3140 2554 3340 2606 exitum
3369 2570 3431 2606 ex

1890 2645 1974 2684 ea.
2015 2629 2106 2684 Vel
2139 2647 2351 2686 omnem
2398 2633 2586 2700 vitam,
2621 2651 2743 2705 quae
2784 2638 2836 2690 iu
2889 2637 3135 2708 ingressu
3184 2651 3340 2713 atque
3381 2647 3435 2700 in

1889 2721 2033 2776 exitu
2064 2722 2407 2792 perspicitur.

1957 2899 2042 2952 Ea:
2079 2917 2214 2953 nunc
2248 2911 2296 2954 et
2331 2918 2489 2973 usque
2514 2904 2565 2957 in
2583 2907 2853 2961 sn'eulum.
2889 2907 2999 2964 Hoc
3022 2920 3103 2966 cst
3135 2923 3186 2967 et
3217 2913 3266 2966 in
3293 2913 3435 2968 futu-

1889 3007 2006 3046 rum
2065 2993 2147 3046 vel
2180 3009 2350 3063 usque
2391 2995 2443 3047 in
2477 3000 2732 3050 smculum
2773 3000 2892 3055 vitae
2919 3001 3045 3057 ulle.

2344 3086 2618 3140 Canticum
2651 3106 2980 3147 ascensuum.

2396 3179 2710 3235 PSALhiUS
2741 3181 2922 3238 CXXI.
3091 3181 3124 3224 κ

1964 3269 2125 3323 Vsus.
2160 3270 2213 3324 l.
2245 3269 2481 3323 La'tatus
2501 3287 2613 3323 sum
2635 3274 2688 3325 in
2715 3274 2814 3334 liis,
2836 3290 2952 3342 qua:
2976 3287 3117 3331 meta
3141 3290 3258 3332 sunt
3288 3283 3436 3345 milis,

1894 3358 1958 3412 In
1988 3360 2198 3413 domum
2229 3359 2438 3414 Domini
2476 3362 2686 3418 ibimus.
2733 3364 3051 3434 Huiusmodi
3091 3372 3246 3424 verba
3292 3374 3437 3428 dicc-

1897 3453 2047 3510 Iiant,
2109 3465 2232 3504 cum
2292 3452 2625 3515 incederent,
2679 3462 2732 3510 et
2782 3457 3259 3524 proﬁciscerentur
3311 3480 3437 3518 eum

1894 3540 2112 3606 gaudio.

1967 3649 2125 3707 Vnus.
2157 3654 2213 3708 9..
2251 3653 2460 3708 Stantes
2483 3668 2629 3709 erant
2666 3659 2818 3726 pedes
2850 3661 3018 3715 nostri
3049 3661 3100 3714 in
3145 3664 3280 3716 aulis
3309 3664 3437 3732 tuis,

1891 3741 2206 3797 Jerusalem.
2237 3744 2372 3799 Cum
2405 3747 2656 3813 praediola
2688 3745 3033 3806 audissemus
3059 3753 3240 3815 verba,
3275 3753 3438 3821 pedes

1895 3833 2066 3887 nostri
2136 3834 2283 3887 illico
2341 3843 2549 3890 stantes
2599 3845 2753 3890 erant
2807 3836 2860 3890 in
2923 3838 3063 3892 aulis
3117 3836 3438 3902 Jerusalem,

1892 3926 2152 3995 opinione
2179 3925 2409 3991 scilicet,
2459 3941 2552 3980 seu
2605 3928 2943 3997 reputatione
3004 3937 3212 3983 nostra.
3281 3928 3438 3984 Visus

1892 4017 2036 4071 enim
2071 4017 2199 4070 mihi
2226 4032 2346 4072 sum
2386 4017 2497 4073 illic
2520 4019 2836 4084 consistere,
2864 4022 2939 4074 ita
2973 4021 3155 4075 animo
3177 4022 3438 4091 imagina-

1895 4117 2007 4171 tus,
2033 4107 2104 4161 ob
2133 4108 2426 4163 vehemens
2452 4106 2640 4175 patria:
2663 4106 3017 4162 desiderium.

1965 4213 2128 4268 Vens.
2162 4214 2216 4266 3.
2259 4212 2553 4267 Jerusalem
2592 4212 2886 4280 adiﬁcata,
2933 4223 2987 4265 ut
3039 4213 3244 4268 civitas.
3274 4212 3318 4268 0
3349 4213 3438 4267 Je-

1893 4307 2167 4369 rusalem,
2221 4321 2341 4374 qure
2403 4305 2572 4370 olim,
2631 4316 2690 4358 ιιι
2749 4320 2873 4359 t'era
2927 4305 3121 4359 civitas
3177 4317 3430 4361 constra-

1891 4409 1974 4452 cta
2012 4413 2092 4453 es.

307 4516 413 4586 Ἦς
447 4521 483 4588 ἡ
510 4516 734 4586 μετοχὴ
775 4514 962 4582 αὐτῆς
999 4513 1094 4565 ἐπὶ
1125 4512 1190 4564 τὸ
1221 4510 1385 4563 αὐτό.
1433 4509 1568 4563 Καθ’
1603 4478 1785 4576 ἕτερον

1862 4503 1868 4537 ⁵
1927 4477 2132 4581 ψδιιίιη
2173 4511 2510 4582 participatio
2572 4510 2685 4579 ejus
2731 4510 2783 4563 in
2833 4511 3080 4578 idipsum.
3139 4510 3230 4564 Vel
3280 4481 3469 4581 juxta”

231 4612 293 4664 δὲ
324 4608 681 4680 ὲρμηνευτὴν,
711 4601 823 4669 ἰΙς
853 4605 891 4672 ἠ
935 4600 1234 4671 συνάφεια
1276 4598 1449 4668 ὁμοῦ,
1488 4599 1787 4662 τουτέστιν,

231 4694 343 4762 Ἧς
360 4699 429 4752 τὰ
464 4698 708 4767 μετόχια.
739 4695 807 4746 τὰ
832 4695 1043 4762 συναφῆ
1067 4691 1472 4760 οἰκοδομήματα
1511 4688 1666 4759 ὁμοῦ,
1701 4687 1788 4740 διὰ

235 4794 295 4848 τὸ
325 4791 530 4862 πλῆθος
554 4790 662 4842 τῶν
697 4787 1006 4842 οἰκούντων.

316 5075 477 5132 Ἔκεῖ
521 5075 630 5144 γὰρ
676 5074 980 5140 ἀνέϐησαν
1008 5075 1067 5125 al
1089 5072 1296 5141 φυλαὶ,
1326 5072 1512 5140 φυλαὶ
1547 5071 1784 5138 Κυρίου.

237 5169 409 5225 Τοῦτο
445 5167 699 5238 μέγιστον
733 5167 1004 5236 ἐγκώμιον
1041 5166 1201 5221 αὐτοῦ
1231 5171 1485 5222 ποιεῖται.
1515 5167 1624 5234 Οὐχ
1649 5164 1789 5218 οὕτω

238 5262 350 5333 γὰρ
399 5260 682 5328 ἐκοσμεῖτο
710 5257 787 5327 τῷ
819 5259 1040 5326 μεγέθει
1075 5259 1170 5312 καὶ
1198 5260 1307 5320 τοϊς
1346 5258 1787 5328 οἰκοδομήμασιν,

235 5353 313 5416 ὡς
341 5353 417 5422 τῷ
448 5353 627 5413 πάσας
650 5349 748 5412 τὰς
779 5349 949 5418 φυλὰς
977 5349 1194 5421 Ἰσραὴλ
1239 5348 1358 5419 τρὶς
1382 5349 1498 5402 ἐκεῖ
1515 5346 1788 5414 ’συλλέγε-

247 5445 372 5498 σθαι
426 5445 656 5497 ἑκάστου
711 5443 863 5504 ἐτους
902 5444 959 5494 ἐν
995 5444 1112 5504 ταῖς
1183 5440 1498 5512 δημοτελέσι
1547 5441 1790 5510 πανηγύ-

239 5550 410 5608 ρεσιν,
450 5535 509 5586 ἐν
546 5533 623 5604 τῷ
657 5536 868 5604 Πάσχα,
904 5533 962 5585 ὲν
989 5533 1056 5602 τῇ
1094 5532 1458 5601 Πεντηκοστῇ,
1500 5530 1594 5582 καὶ
1635 5531 1693 5582 ἐν
1721 5532 1785 5601 τῇ

239 5627 606 5696 Σκηνοπηγίᾳ.
626 5627 772 5678 Ἐκεῖ
793 5625 921 5695 γὰρ,
950 5640 1111 5694 φησν
1133 5661 1148 5687 ,
1181 5622 1446 5690 ἀνέϐησαν
1489 5620 1653 5673 πάλαι
1685 5622 1788 5690 πρὸ

237 5721 332 5790 τῆς
355 5714 730 5787 αἰχμαλωσίας
745 5752 764 5781 ,
785 5717 900 5769 ἐκεῖ
919 5715 1280 5783 συνελέγοντο.
1300 5714 1474 5776 Φυλὰς
1500 5713 1554 5767 δὲ
1577 5712 1782 5782 Κυρίου

1890 4606 2056 4658 alium
2088 4605 2433 4672 interpretem
2473 4619 2486 4655 :
2531 4601 2693 4670 Cujus
2741 4603 3058 4672 contiguitas
3116 4602 3281 4654 simul
3337 4614 3433 4665 est,

1892 4699 1992 4750 hoc
2021 4705 2123 4759 est,
2152 4693 2321 4764 Cujus
2378 4693 2827 4764 participationes
2876 4704 3039 4760 atque
3071 4692 3436 4748 habitationes

1887 4793 1956 4846 ob
1987 4789 2404 4845 inhabitantium
2433 4785 2834 4840 multitudinem
2871 4787 3138 4854 contigua:
3193 4785 3433 4854 atquein

1891 4894 2057 4933 unum
2092 4892 2348 4932 connexze
2379 4885 2529 4932 sunt.
2568 4875 2719 4943 (Nam
2761 4875 2902 4944 quod
2936 4875 3010 4927 ait
3040 4889 3054 4927 :
3103 4874 3156 4926 in
3186 4875 3432 4941 idipsum,

1891 4971 2030 5024 idem
2063 4976 2168 5034 est,
2198 4969 2339 5037 quod
2372 4983 2498 5032 una,
2541 4978 2632 5020 aut
2661 4966 2866 5031 simul.)

1963 5081 2126 5137 Vsus.
2153 5080 2207 5135 4.
2241 5079 2378 5134 Illuc
2415 5081 2549 5133 enim
2611 5080 2956 5132 ascenderunt
3014 5081 3182 5132 tribus
3211 5117 3225 5142 ,
3267 5079 3432 5130 tribus

1893 5174 2122 5228 Domini.
2156 5173 2269 5226 Hoc
2299 5173 2365 5226 2d
2409 5173 2696 5223 maximam
2745 5170 3046 5225 Jerusalem
3099 5170 3307 5223 laudem
3349 5169 3432 5222 di—

1889 5273 2035 5318 ctum
2075 5271 2178 5318 est.
2213 5263 2402 5330 Neque
2430 5261 2573 5314 enim
2605 5263 2737 5315 adeo
2770 5261 3137 5331 magnitudine
3192 5276 3309 5322 sua,
3340 5269 3432 5313 aut.

1889 5354 2239 5418 aediﬁciorum
2294 5355 2588 5408 structuris
2619 5362 2808 5405 ornata
2862 5364 2997 5411 erat.
3034 5361 3292 5418 quantum
3328 5366 3432 5408 una

1891 5447 1992 5501 hac
2018 5461 2096 5510 re,
2136 5444 2280 5515 quod
2310 5446 2574 5500 universa:
2610 5443 2788 5498 tribus
2820 5443 2999 5513 populi
3039 5443 3225 5501 Israel.
3263 5451 3343 5495 ter
3376 5444 3430 5495 in

1891 5553 2057 5604 anno,
2079 5539 2210 5591 illnc
2239 5536 2727 5606 congregabantur,
2759 5535 2977 5604 quando
3026 5544 3171 5588 tctus
3204 5533 3432 5602 populus

1892 5631 1944 5683 in
1978 5644 2143 5682 unum
2189 5627 2590 5689 conveniebat;
2635 5627 2686 5679 in
2735 5623 3002 5680 Pascliate
3062 5625 3340 5680 nimirum.
3378 5624 3432 5675 iu

1891 5721 2224 5782 Pentecoste,
2255 5727 2410 5786 atque
2444 5718 2495 5771 iu
2531 5717 2906 5789 Scenopegiis.
2945 5714 3070 5769 Illuc
3110 5716 3272 5785 igitur
3297 5714 3430 5768 olim
3504 5793 3508 5797 _
