4144 6296
629 404 769 473 1215
1841 415 2217 475 ΕΗΤΗΥΜΙΙ
2249 416 2607 476 ΖΙΟΛΒΕΝΙ
3698 417 3847 482 1216

630 529 859 596 aliqua,_
892 535 988 582 aut
1021 528 1310 582 temeraria
1358 511 1763 581 existimatione
1795 543 1809 592 ;
1847 541 2023 595 neque
2048 526 2180 578 oculi

2292 527 2488 595 χᾶςθαι
2546 530 2656 593 τοῖς
2709 531 3127 603 κατορθώμασιν
3148 549 3161 563 ·
3195 532 3323 585 ὅταν
3357 532 3431 603 μὴ
3456 531 3526 587 δι’
3554 532 3844 598 ἐπίδειξιν.

625 620 730 671 mei
762 618 1033 688 superbia:
1083 621 1276 674 morbo
1336 618 1532 673 elevati
1582 626 1730 673 sunt.
1774 618 1880 671 Sed
1908 619 2051 673 dicet
2089 618 2180 670 ali-

2301 618 2436 670 ἀλλὰ
2462 620 2530 672 δι’
2562 620 2831 688 ὠφέλειαν
2854 624 2963 677 τῶν
2996 616 3368 697 ἀκροωμένων
3389 623 3451 676 τὸ
3486 625 3718 693 πρᾶγμα
3748 622 3842 689 γε·

570 760 573 763 λ
623 708 747 777 quis
776 727 791 765 :
822 710 1011 766 Nonne
1046 710 1151 765 hoc
1180 711 1232 763 in
1264 710 1384 765 loco
1411 710 1681 781 Propheta
1711 710 2009 780 gloriatur?
2039 708 2180 777 quod

2287 726 2467 773 νεται,
2508 711 2647 778 πρὸς
2689 712 2922 784 μίμησιν
2952 717 3146 784 ὲνάγον
3175 714 3390 778 αὐτούς.
3447 712 3627 768 Εἰπὼν
3656 715 3713 767 δὲ
3752 714 3842 766 ὅτι

620 801 873 858 elationis
891 819 954 859 ac
974 793 1237 872 superbire
1263 804 1452 858 vitium
1482 812 1587 858 est.
1629 802 1877 857 Profecto
1898 802 2180 871 gloriatur.

2279 803 2401 871 Οὐχ
2451 803 2659 871 ὑψώθη
2713 805 2751 873 ὴ
2796 805 3008 874 καρδία
3032 824 3171 876 μου,
3229 806 3324 860 καὶ
3373 807 3649 876 προσθεὶς,
3681 803 3843 859 Οὐδὲ

621 890 844 959 Verum,
896 896 1141 965 exigente
1165 897 1217 950 id
1275 906 1543 964 tempore,
1598 894 1821 963 gloriari
1882 892 2046 947 etiam
2085 905 2180 945 nos

2279 899 2777 965 μετεωρίσθηααν
2795 900 2851 951 al
2877 898 3175 967 ὀφθαλμοί
3194 916 3337 967 μου.
3367 896 3569 960 ἔδειξεν
3593 897 3675 949 ὅτι
3700 894 3844 947 ταύ-

622 984 781 1038 decet
805 987 873 1041 de
924 988 1124 1041 virtute
1158 1006 1173 1042 :
1203 989 1420 1058 quando
1466 979 1723 1041 nimirum
1749 1001 1857 1040 non
1906 986 1971 1040 ad
1999 991 2180 1038 osten-

2283 1001 2381 1052 της
2410 985 2630 1055 πρῶτον
2671 988 2981 1059 ὑψουμένης
3003 1029 3018 1053 ,
3049 984 3167 1042 εἶτα
3188 976 3351 1043 οὗτοι
3385 987 3836 1057 μετεωρίζονται.

621 1075 879 1131 tationem
926 1080 1243 1146 gloriamur,
1294 1080 1387 1133 sed
1433 1080 1498 1134 ad
1530 1079 1863 1134 audientium
1922 1074 2290 1135 commodum,
2321 1074 2424 1129 hoc
2478 1086 2583 1139 est,
2630 1082 2869 1149 quando:
2910 1082 2988 1136 illi
3052 1081 3427 1151 hujuscemodi
3490 1078 3837 1148 gloriatione-

622 1169 687 1223 ad
732 1173 986 1225 virtutum
1018 1174 1370 1229 imitationem
1422 1176 1739 1230 invitantur.
1769 1174 1836 1228 Et
1862 1188 1985 1227 cum
2009 1170 2243 1225 dixerit:
2278 1168 2399 1224 Non
2460 1175 2754 1229 exaltatum
2809 1187 2886 1231 est
2922 1194 3013 1231 cor
3050 1194 3267 1241 meum,‘
3301 1184 3466 1247 atque
3524 1175 3791 1230 addiderit
3818 1189 3838 1225 :

622 1258 803 1328 Neque
842 1260 1028 1315 elevati
1090 1272 1211 1315 sunt
1271 1262 1410 1315 oculi
1472 1264 1591 1329 mei,
1646 1264 1899 1319 docuisse
1949 1262 2163 1316 videtur
2199 1259 2341 1327 quod
2375 1261 2464 1316 ubi
2496 1264 2734 1333 primum
2801 1281 2895 1322 cor
2945 1269 3237 1323 exaltatum
3285 1266 3343 1321 in
3411 1266 3571 1320 nobis
3617 1263 3839 1322 -l'uerit.

620 1348 762 1403 oculi
811 1350 972 1404 etiam
1006 1351 1265 1419 deinceps
1296 1353 1598 1407 elevantur.

692 1442 872 1514 Neque
921 1444 1186 1498 ambulavi
1222 1446 1277 1498 in
1310 1447 1534 1513 magnis,
1576 1461 1734 1515 neque
1765 1446 1820 1499 in
1854 1444 2185 1499 mirabilibus

621 1550 776 1600 super
807 1551 905 1587 me.
954 1533 1070 1588 Non
1114 1535 1408 1611 ambulavi,
1439 1535 1636 1607 inquit,
1692 1552 1815 1590 cum
1869 1536 2184 1591 hominibus

621 1627 945 1695 majoribus,
979 1636 1033 1681 et
1086 1643 1246 1696 supra
1268 1644 1353 1683 me
1387 1630 1743 1684 admirandis.
1808 1612 1942 1683 Cum
1991 1629 2186 1699 liuius-

619 1718 829 1771 cemodi
879 1718 1021 1772 enim
1045 1720 1179 1774 viris
1210 1727 1561 1775 conversatus
1586 1736 1693 1775 non
1723 1736 1867 1784 sum,
1901 1720 2180 1789 indignum

619 1803 707 1864 me
740 1811 958 1864 illorum
995 1812 1410 1866 conversatione
1457 1828 1581 1867 esse
1636 1824 1935 1882 reputans;
1966 1813 2072 1866 nlsi
2105 1811 2181 1865 illi

2352 1441 2506 1495 Οὐδὲ
2533 1426 2867 1510 exoptating
2888 1445 2958 1499 ἐν
2975 1444 3263 1515 μεγάλοις
3284 1483 3299 1507 ,
3327 1442 3470 1497 οὐδὲ
3507 1442 3578 1496 ἐν
3614 1446 3845 1514 ﬂatura-

2277 1533 2436 1597 σίοις
2487 1533 2639 1600 ὑπὲρ
2694 1534 2817 1603 ἐμέ,
2873 1533 3010 1590 Οὐδὲ
3062 1535 3365 1607 ἐπορεύθην
3423 1534 3562 1604 μετὰ
3618 1534 3839 1603 ἀνδρῶν

2277 1623 2535 1693 μειζόνων
2548 1625 2640 1677 καὶ
2663 1624 3125 1696 θαυμασιωτέρων
3146 1643 3247 1695 μου
3263 1641 3277 1657 ·
3302 1625 3364 1679 ού
3390 1626 3841 1695 συνανεστράφην

2275 1716 2385 1775 τοῖς
2414 1712 2553 1781 ὑπὲρ
2588 1713 2711 1783 ἐμὲ,
2742 1715 2959 1781 ἀνάξιον
2991 1715 3217 1769 ἐκείνων
3247 1713 3486 1785 ἐμαυτὸν
3512 1711 3837 1783 ἡγούμενος·

2275 1805 2326 1856 εἰ
2354 1806 2426 1874 μή
2456 1821 2558 1855 που
2596 1802 2797 1858 ἄκοντα
2851 1806 3295 1875 κατηνάγκασαν.
3330 1804 3401 1856 Ἦ
3432 1802 3704 1875 μεγάλους
3742 1803 3841 1856 καὶ

620 1902 869 1957 fortassis
911 1918 994 1957 me
1031 1903 1257 1957 invitum
1324 1906 1651 1974 coegissent.
1716 1902 1806 1959 Vel
1842 1920 1936 1973 per
1956 1917 2180 1973 magnos

2282 1896 2620 1967 θαυμασίους
2674 1898 2825 1965 λέγει
2879 1897 3007 1960 τοὺς
3057 1896 3353 1960 δοκοῦντας
3400 1896 3673 1960 τοιούτους
3703 1891 3841 1966 παρ’

617 2003 671 2050 et
700 1994 1072 2061 admirandos,
1104 2010 1199 2050 eos
1248 1993 1389 2050 forte
1441 1996 1715 2066 intelligit,
1767 1996 1859 2065 qui
1900 1995 2004 2049 sibi
2047 1996 2179 2064 ipsis

618 2085 799 2153 magni
848 2094 1010 2154 atque
1052 2085 1400 2140 admirabiles
1462 2099 1585 2140 esse
1663 2086 2007 2150 videbantur,
2077 2087 2181 2139 hoc

616 2182 720 2239 est,
769 2160 861 2243 qui
906 2174 1091 2251 animo
1120 2174 1245 2228 elati
1304 2184 1505 2241 essent,
1538 2185 1591 2230 et
1635 2177 1877 2245 superbi.
1916 2177 1999 2230 .Ac
2025 2178 2069 2233 si
2099 2175 2181 2229 oi-

618 2275 766 2320 ceret
807 2282 821 2318 :
862 2265 982 2319 Non
1044 2274 1253 2321 tantum
1317 2281 1418 2336 ego
1463 2266 1773 2335 superbiam
1818 2266 2041 2330 evitari,
2082 2265 2177 2320 sed

617 2360 744 2407 “cum
794 2353 1104 2409 hominibus
1142 2368 1209 2409 eo
1257 2355 1387 2409 vitio
1441 2354 1818 2409 laborantibus
1876 2356 2041 2410 etiam
2070 2370 2179 2409 non

616 2445 1002 2500 conversabar.
1504 2434 1507 2435 ν

693 2537 852 2592 Vens.
874 2539 928 2593 2.
964 2538 1021 2593 Si
1050 2555 1151 2603 non
1184 2538 1451 2607 [inutiliter
1512 2539 1817 2605 sentiebam,
1857 2538 1945 2594 sed
1972 2539 2181 2594 exalta-

616 2629 665 2682 υἱ
712 2630 944 2681 animam
975 2646 1163 2694 meam,
1198 2632 1328 2684 sicut
1358 2630 1653 2685 ablactatus
1688 2631 1741 2685 in
1771 2640 2178 2695 matremsuam,

615 2723 693 2773 ita
743 2720 994 2774 retribues
1033 2721 1224 2775 animm
1254 2738 1401 2775 mem.
1457 2721 1513 2775 Si
1543 2722 1789 2789 humilia,
1845 2724 2042 2793 inquit,
2069 2738 2178 2777 non

616 2828 735 2867 sum
785 2820 1050 2877 sectatus,
1124 2813 1220 2868 sed
1294 2814 1477 2868 animo
1551 2815 1791 2869 elevatus
1852 2830 1996 2879 sum,
2057 2829 2177 2868 cum

618 2903 835 2958 humilis
899 2915 1079 2960 tamen
1137 2911 1299 2972 atque
1345 2886 1611 2973 ,abjectus
1654 2920 1851 2969 essem,
1910 2914 1964 2958 et
2017 2904 2180 2957 veluti

617 2990 818 3056 infans,
876 2994 969 3063 qui
1018 3009 1048 3048 a
1102 2993 1294 3050 matris
1341 2993 1537 3064 papilla
1587 2994 1871 3049 abstinuit.
1905 2994 2023 3057 Vel,
2054 2998 2180 3065 quia

622 3078 807 3135 Graeca
842 3084 1150 3159 dictio,¢bg.
1185 3101 1292 3139 non
1325 3071 1502 3141 solum
1549 3087 1648 3150 ita,
1682 3086 1777 3141 sed
1808 3087 1959 3141 valde
2016 3088 2178 3142 etiam

618 3171 914 3241 signiﬁcat,
950 3173 1059 3226 alio
1091 3172 1250 3226 modo
1302 3189 1515 3243 expono
1565 3192 1579 3228 :
1621 3174 1701 3229 Tu
1731 3177 1883 3231 valde
1912 3162 2177 3233 retribues

617 3264 831 3347 animas
865 3279 1016 3319 meae.
1064 3263 1247 3319 Utitur
1276 3265 1437 3318 etiam
1488 3265 1677 3319 hocin
1730 3267 1848 3321 loco
1907 3268 2176 3340 Pmpheta

2278 3275 2451 3328 πολλά
2482 3276 2594 3347 γὰρ
2623 3275 2850 3330 τοιαῦτα
2870 3277 2983 3340 τοῖς
3013 3274 3289 3338 παλαιοῖς.
3316 3276 3385 3328 Ἦ
3420 3274 3590 3337 ὅντως
3616 3273 3835 3328 ἀποδῶ-
3948 3320 3951 3321 ν

608 3341 831 3409 ’Ῑυιιιτο
872 3355 1174 3420 indicativi,
1241 3371 1341 3425 pro
1398 3359 1660 3427 optativo,
1722 3361 2177 3435 quemadmodum

617 3461 759 3513 saepe
798 3447 1177 3514 hujuscemodi
1232 3449 1612 3520 abusus'apud
1646 3450 1983 3520 Scripturam
2021 3469 2179 3523 repe-

614 3531 807 3587 rimus.
859 3532 950 3589 Vel
986 3551 1112 3591 vere
1172 3538 1459 3598 retribues.
1519 3540 1932 3595 retributionem
1970 3543 2180 3597 scilicet

2280 1989 2518 2053 ἑαυτοῖς,
2581 1991 2699 2059 ἦτοι
2756 1989 2882 2049 τοὺς
2936 1986 3277 2057 ἐπηρμένους
3325 1988 3420 2041 καὶ
3501 1985 3838 2056 ύψαύχενας.

2279 2077 2484 2131 ὡσανεὶ
2513 2079 2685 2146 λέγων
2705 2120 2720 2143 ,
2751 2079 2833 2131 ὅτι
2862 2078 2922 2129 ού
2957 2078 3114 2147 μόνον
3144 2077 3376 2145 ἔφευγον
3403 2077 3467 2130 τὸ
3495 2077 3707 2147 νόσημα
3735 2076 3841 2147 τῆς

2286 2171 2691 2243 ὑπερηφανίας,
2709 2170 2823 2225 ἀλλ’
2848 2170 2969 2224 οὐδὲ
2998 2168 3428 2241 συνεδιαιτὼμην
3449 2170 3561 2234 τοῖς
3586 2170 3843 2223 νοσοῦσιν»

2280 2258 2429 2313 αὐτό.

2348 2544 2417 2596 ει
2435 2540 2520 2611 μὴ
2555 2541 3118 2613 ἐταπεινοφρὸνουν.
3141 2544 3300 2600 ἀλλὰ
3322 2545 3540 2613 ὕψωσα
3567 2543 3683 2611 τὴν
3715 2550 3837 2614 ψυ-

2277 2632 2398 2704 χήν
2421 2653 2562 2704 μου,
2628 2637 2709 2701 ὡς
2743 2638 2809 2689 τὸ
2840 2637 3510 2707 ἀπογεγαλακτισμένον
3575 2638 3677 2691 ἐπι
3720 2638 3844 2705 τὴν

2272 2728 2498 2798 μητέρα
2525 2728 2733 2794 αὐτοῦ,
2768 2729 2848 2795 ὡς
2871 2728 3319 2794 ἀνταποδώσως
3349 2730 3445 2783 ἐπὶ
3472 2731 3588 2799 τὴν
3616 2730 3835 2801 ψυχήν

2274 2837 2413 2889 μου.
2460 2819 2532 2893 Εἰ,
2580 2819 2656 2888 μὴ
2694 2821 3220 2890 ἑταπεινοφρόνουν,
3270 2821 3408 2874 ἀλλὰ
3460 2804 3707 2891 ἐπήρθην
3759 2821 3839 2884 ὡς

2279 2912 2556 2974 ταπεινὸς,
2584 2902 2862 2976 καὶὼφετδ
2886 2914 3080 2984 νήπιον
3104 2913 3267 2977 εὐθὺς
3289 2913 3351 2968 τδ
3366 2912 3745 2984 ἀποσχόμενον
3771 2913 3837 2981 δὴ

2279 3001 2382 3071 τῆς
2414 3000 2588 3070 θηλῆς
2618 3001 2771 3071 παρὰ
2794 3004 2861 3073 τῇ
2898 3002 3067 3074 μητρὶ
3097 3001 3286 3066 αὐτοῦ,
3317 2999 3491 3065 οὕτως
3518 3002 3838 3055 ἀνταποδώ-

2281 3112 2419 3159 σεις.
2451 3094 2523 3147 Ἥ
2569 3093 2693 3148 λίαν
2738 3093 3141 3159 ἀνταποδὼσεις
3194 3095 3277 3157 si;
3318 3093 3418 3165 τὴν
3466 3092 3649 3164 ψυχήν
3681 3110 3833 3163 μου.

2280 3185 2546 3238 Μέλλοντι
2576 3185 2633 3237 δὲ
2665 3185 2939 3254 ἐχρήσατο
2980 3184 3241 3253 εὐκτικὴν
3297 3183 3476 3253 ιχοντι
3517 3184 3796 3253 σημασίαν
3818 3198 3833 3213 ο

2277 3385 2391 3431 σεις
2442 3366 2677 3449 ἀμοιϐὴν
2729 3368 2831 3436 τῆς
2906 3366 3307 3439 ὑπερηφανίας.
3362 3364 3520 3429 Τινὲς
3571 3363 3629 3417 δὲ
3690 3363 3835 3418 οὕτω

2279 3452 2643 3513 συνάπτουσιν
2666 3474 2680 3489 ·
2707 3461 2776 3513 El
2793 3458 2877 3527 μὴ
2900 3457 3460 3526 ἐταπεινοφρόνουν,
3489 3455 3571 3523 ὡς
3592 3455 3657 3509 τὸ
3682 3455 3835 3510 dao-

2277 3547 2824 3615 τεταλακτισμένον
2842 3547 2939 3599 ἐπὶ
2970 3546 3083 3614 τὴν
3098 3548 3323 3616 μητέρα
3348 3545 3554 3600 αὐτοῦ.

606 3627 1141 3695 ειψετιιίω.ριιίιιειη
1171 3648 1297 3687 vero
1324 3635 1397 3686 ita
1426 3642 1752 3699 construunt
1786 3655 1797 3690 :
1835 3635 1893 3690 Si
1925 3655 2025 3691 non
2061 3640 2329 3694 humiliter
2389 3644 2696 3707 ientirbam,
2746 3651 2999 3712 tanquam
3070 3644 3369 3698 ablactatm
3423 3658 3547 3714 erga
3614 3650 3833 3697 matrem

612 3732 786 3780 suam,
816 3726 919 3773 etc.

685 3806 847 3862 Vens.
876 3809 929 3863 5.
965 3808 1148 3877 δρα-ει
1210 3808 1382 3865 Israel
1418 3812 1471 3865 in
1532 3812 1753 3880 Domino
1798 3831 1862 3868 ex
1922 3833 2079 3882 nunc,
2122 3826 2171 3872 et

614 3912 777 3965 usque
802 3900 859 3952 in
902 3902 1179 3957 circulum.
1232 3902 1316 3958 Me
1346 3904 1555 3960 scilicet
1586 3907 1827 3963 imitatus
1858 3911 1949 3978 qui
1997 3912 2047 3964 in
2084 3927 2176 3967 ca-

618 3986 971 4053 lamitatibus,
1006 3992 1059 4044 in
1105 3994 1215 4045 otio
1242 4002 1296 4046 et
1353 3994 1555 4061 quiete,
1584 4006 1638 4050 et
1674 4000 1726 4051 in
1761 4001 1906 4075 omni
1942 4002 2177 4073 denique

615 4086 857 4147 tempore
883 4080 936 4134 iu
973 4079 1134 4134 Deum
1185 4098 1364 4161 spero.
1407 4087 1670 4155 Cougruit
1723 4093 1884 4143 etiam
1919 4092 2005 4147 hic
2035 4095 2180 4162 psal-

616 4174 737 4225 tnus'
770 4185 911 4225 novo
952 4174 1148 4242 populo
1213 4176 1395 4231 Israel.
1467 4176 1718 4234 Fortasse
1770 4180 1931 4236 etiam
1988 4184 2178 4242 beatus

617 4258 784 4316 David
816 4273 871 4316 et
900 4276 1215 4334 praesentem
1245 4275 1301 4322 et
1335 4271 1577 4339 proxime
1609 4272 1999 4339 praecedentem
2032 4276 2176 4345 psal-

619 4366 769 4404 mum
810 4370 874 4408 ex
931 4371 1119 4411 eorum
1152 4374 1382 4428 persona
1443 4360 1806 4434 conscripsit,
1855 4366 1969 4435 qui,
2034 4369 2177 4424 inter

618 4457 871 4499 reversos
915 4461 946 4501 e
1002 4447 1324 4519 Babylonica
1405 4455 1734 4522 captivitate,
1782 4456 1853 4526 pii
1898 4459 2071 4527 magis
2122 4449 2179 4515 et

616 4533 854 4603 religiosi
886 4547 1039 4591 erant
1078 4556 1093 4596 :
1148 4555 1374 4601 narrans
1432 4545 1642 4601 scilicet
1677 4562 1813 4616 quas
1844 4549 1984 4603 inter
2039 4552 2177 4605 allii-

2362 3815 2694 3873 Ἔλπισάτω
2723 3818 2959 3893 Ἰσραὴλ
2987 3819 3084 3873 ἐπὶ
3132 3819 3240 3874 τὸν
3289 3820 3504 3886 Κύριον
3556 3817 3673 3872 ἀπὸ
3690 3841 3709 3852 ο
3726 3816 3842 3872 τοῦ

2278 3913 2396 3987 νῦν
2428 3911 2527 3967 καὶ
2564 3910 2673 3976 ἕως
2699 3913 2806 3967 τοῦ
2833 3913 3068 3979 αἰῶνος.
3116 3910 3245 3981 Ἐμὲ
3271 3909 3602 3983 μιμούμενος
3629 3912 3724 3965 τὸν
3752 3911 3843 3961 ἐτι

2283 4002 2465 4069 θλίψει
2501 4000 2596 4054 καὶ
2654 4003 2711 4052 ὲν
2733 4002 2935 4064 ἀνέσει,
2959 4002 3053 4055 καὶ
3085 4002 3221 4054 κατὰ
3243 4000 3419 4054 πάντα
3448 3999 3654 4069 καιρὸν,
3686 3999 3839 4052 ὲλπε-

2285 4089 2447 4153 ζοντα
2484 4092 2577 4141 ἐπὶ
2608 4089 2836 4161 Κύριον.
2905 4091 3165 4161 Ἃρμόζει
3194 4091 3248 4144 δὲ
3275 4092 3368 4146 καὶ
3395 4084 3550 4155 οὗτος
3578 4095 3606 4144 ό
3625 4090 3840 4160 ψαλμδς

2283 4180 2361 4251 τῷ
2386 4181 2489 4252 νέῳ
2522 4181 2758 4253 Ἰσραήλ.
2805 4180 2962 4246 Ἴσως
2990 4183 3047 4238 δὲ
3078 4182 3173 4237 καὶ
3199 4182 3289 4237 τὸν
3327 4184 3666 4255 προλαϐόντα
3698 4180 3839 4247 ψαλ-

2277 4270 2375 4340 μὸν
2406 4274 2503 4325 καὶ
2561 4270 2654 4347 τὸν
2694 4275 2935 4343 παρόντα
2969 4274 3247 4345 προσώπῳ
3305 4274 3401 4327 τοῦ
3447 4271 3838 4341 εὐσεϐεστέρου

2276 4364 2483 4435 μέρους»
2499 4363 2612 4417 τῶν
2636 4360 3060 4429 ἐπανελθόντων,
3096 4365 3439 4437 συνέγραψεν
3464 4367 3493 4418 ὁ
3519 4364 3837 4435 Προφήτης-

2272 4452 2585 4517 διεξιόντος,
2615 4450 2707 4508 οἷα
2736 4453 2833 4524 μὲν
2858 4452 3207 4533 προσηύχετο
3249 4456 3308 4510 ἐν
3336 4457 3687 4529 πειρασμοῖς,
3713 4455 3838 4509 οταν

2272 4546 2331 4599 δὲ
2363 4546 2827 4617 μετριοφροσύνην
2852 4543 2999 4618 εἶχεν
3052 4550 3111 4602 ὲν
3161 4549 3448 4621 ἀπαλλαγῇ
3482 4547 3828 4618 πειρασμῶν,

617 4625 827 4681 ctiones
864 4627 1173 4683 emitterent
1220 4630 1286 4684 ad
1345 4626 1510 4684 Deum
1566 4648 1778 4703 preces,
1825 4645 1878 4691 et
1935 4640 2174 4705 qualem,

2280 4639 2361 4700 εἰς
2388 4636 2656 4707 ὠφέλειαν
2677 4638 2770 4692 καὶ
2793 4640 3079 4695 παίδευσιν
3110 4641 3269 4713 ἡμῶν
3287 4639 3401 4694 τῶν
3417 4642 3483 4693 ικ
3510 4639 3611 4710 τῆς
3632 4640 3841 4711 αἰχμα-

616 4729 903 4786 postquam
934 4720 1001 4774 ab
1027 4719 1107 4775 eis
1160 4721 1370 4776 liberati
1414 4729 1563 4789 sunt,
1633 4725 1800 4778 animi
1851 4728 2181 4781 moderatio-

2282 4729 2479 4791 λωσίας
2514 4731 2621 4783 τῶν
2644 4732 2913 4801 δαιμόνων
2940 4731 3360 4811 ἐπανελθόντων.

616 4824 737 4863 nem
786 4811 1084 4867 haberent:
1118 4824 1278 4883 atque
1340 4815 1443 4871 hoc
1486 4816 1551 4870 ad
1598 4816 1884 4872 utilitatem
1938 4826 1991 4874 et
2040 4816 2400 4876 eruditionem
2468 4829 2709 4878 nostram
2769 4822 2864 4894 qui
2928 4837 2957 4876 a
3024 4821 3234 4877 εδιτιοτί
3286 4820 3589 4878 daemonum
3625 4824 3837 4895 'capti-

614 4900 783 4955 vitate
813 4897 1022 4957 liberati
1059 4917 1270 4959 sumus.

964 5039 966 5041 .
1075 4990 1351 5047 Canticum
1390 5011 1723 5052 ascensuum.

1114 5085 1434 5143 PSALMUS
1459 5087 1690 5145 CXXXI.

684 5175 851 5230 Vsus.
919 5175 969 5239 l,
1023 5172 1304 5240 Hemento,
1359 5178 1597 5244 Domine,
1659 5177 1849 5244 David,
1895 5189 1944 5235 et
2008 5170 2177 5236 evntis

618 5265 1037 5319 mansuetudinis
1054 5263 1190 5334 ejus.
1225 5262 1381 5319 llunc
1401 5268 1564 5322 etiam
1597 5268 1865 5337 psalmum
1904 5270 2171 5336 Propheta

619 5370 683 5408 ex
713 5355 895 5424 populi
939 5368 1168 5426 persona
1233 5355 1552 5425 conscripsit
1598 5360 1953 5429 supplicantis
1984 5362 2169 5432 templi

618 5446 1080 5503 constructionem
1158 5460 1472 5515 exsurgere,
1558 5456 1721 5517 atque
1774 5450 1827 5505 id
1883 5452 2175 5521 impetrare

616 5537 881 5602 optantis,
929 5537 975 5591 si
1006 5553 1112 5592 non
1160 5550 1377 5610 propter
1418 5551 1499 5602 se,
1537 5539 1726 5593 saltem
1769 5553 1991 5612 propter
2041 5542 2175 5598 illud

619 5631 886 5697 studium,
917 5630 1061 5701 quod
1075 5644 1259 5684 eorum
1286 5630 1597 5702 progenitor
1618 5628 1689 5685 Da
1702 5632 1781 5689 vid
1800 5649 1889 5690 rex
1924 5636 1976 5690 in
2010 5636 2179 5691 Deum

623 5723 886 5779 habuisse
944 5722 1319 5795 perspicitur:
1354 5732 1540 5795 utpote
1610 5725 1705 5793 qui
1770 5716 1895 5784 ante
1950 5730 2177 5805 primam
2227 5735 2241 5743 ‘

633 5813 815 5883 templi
853 5813 1335 5883 constructionem,
1372 5815 1547 5872 locum
1600 5816 1651 5873 ei
1717 5815 1966 5875 idoneum
2014 5821 2179 5874 multa

2856 4998 2995 5069 ’ρδὴ
3026 4998 3239 5067 δμοίως

2806 5090 3099 5145 ΨΑΛΜΟΣ
3136 5092 3307 5145 PAA'.

2350 5183 3046 5253 Mrﬁaoqct,KtipIs,.zoﬁ
3093 5184 3289 5250 Διιόὶὸ,
3320 5182 3415 5238 καὶ
3475 5181 3677 5246 πάσης
3724 5175 3837 5247 τῆς

2281 5278 2607 5350 πραότητος
2650 5276 2855 5332 αὐτοῦ.
2898 5275 3182 5347 Προσὼπῳ
3228 5275 3325 5330 τοῦ
3389 5275 3646 5346 ῥηθέντος
3696 5272 3831 5327 λαοῦ

2282 5368 2376 5420 καὶ
2418 5369 2509 5423 τὸν
2561 5368 2800 5440 παρόντα
2843 5368 3056 5441 ψαλμὸν
3111 5369 3411 5440 ἀνέγραψε,
3468 5366 3830 5436 ἱκετεύοντος,

2284 5460 2580 5530 ἀναστῆναι
2603 5462 2694 5514 τὸν
2722 5460 2850 5514 ναόν
2871 5478 2884 5491 ·
2920 5464 2967 5515 ει
2997 5466 3089 5515 καὶ
3119 5463 3193 5532 μὴ
3227 5462 3291 5513 δι’
3320 5457 3551 5524 αὐτοὺς,
3591 5460 3726 5514 ἀλλὰ
3760 5476 3831 5526 γε

2274 5546 2361 5600 διὰ
2385 5549 2483 5617 τὴν
2508 5548 2761 5619 σπουδὴν,
2789 5549 2856 5622 ῆν
2881 5546 2995 5622 εἶχε
3035 5552 3062 5602 ὁ
3088 5549 3273 5611 Δασὶδ,
3309 5548 3338 5601 ὁ
3379 5549 3643 5619 πρόγονος
3665 5551 3825 5618 βασι-

2275 5639 2399 5698 λεὺς
2429 5640 2625 5706 αὐτῶν,
2661 5641 2902 5711 ἐκζητῶν
2937 5642 3043 5711 πρὸ
3071 5641 3168 5707 τῆς
3199 5636 3487 5711 οἰκοδομῆς
3519 5641 3610 5694 τὸν
3659 5641 3831 5693 τόπον

2277 5731 2371 5782 τοῦ
2401 5732 2641 5786 τοιούτου
2672 5734 2801 5787 ναοῦ
2822 5732 3116 5801 ἐπιμελῶς.
3142 5728 3428 5801 Πραότητα
3450 5732 3503 5785 δὲ
3530 5732 3675 5799 λέγει
3724 5730 3829 5800 τὴν
3851 5768 3855 5770 γ

2282 5822 2649 5892 ἀνεξικακίαν,
2708 5828 2769 5898 ἢν
2836 5820 3167 5877 ἐνεδεξκνυτο
3224 5822 3311 5906 εἰς.
3349 5823 3438 5878 τὸν
3502 5823 3692 5889 Σαοὺλ,
3732 5824 3825 5875 καὶ
