4144 6296
338 275 480 342 1211
603 331 606 334 .
1502 283 1885 343 COMMENT.
1920 284 2004 344 1N
2042 285 2398 346 PSAIMOS.
3081 248 3101 252 “
3420 295 3560 360 tete

235 399 242 404 ”
325 399 462 458 τοὺς
495 394 623 465 περὶ
676 394 873 449 αὐτόν·
910 395 988 450 ἔτι
1037 397 1091 450 δὲ
1150 396 1244 450 καὶ
1288 397 1366 460 εις
1395 398 1485 448 τὸν
1535 400 1749 468 Σεμεεὶ,
1798 399 1871 451 «an

1919 406 1958 461 Α
1991 415 2113 454 cum
2144 401 2424 472 diligentia
2507 405 2843 473 perquisivit.
2897 407 3002 460 Per
3084 411 3555 466 mansuetudinem

332 486 630 556 ὑϐρίζοντα
658 487 840 550 αὐτὸν,
875 488 968 540 καὶ
1000 489 1080 552 εἰς
1112 488 1341 551 πολλοὺς
1371 487 1583 554 ἄλλους.
1619 491 1751 558 Περὶ
1784 489 1884 557 μό-

1990 501 2154 550 vero,
2208 487 2523 556 patientiam
2593 492 2881 560 intelligit,
2933 509 3095 562 quam
3141 495 3330 552 beatus
3395 499 3560 554 David

329 593 436 643 νης
475 576 530 628 δὲ
556 577 652 645 τῆς
684 578 998 646 πραότητος
1041 578 1206 632 αὑτοῦ
1258 579 1529 647 λέγουσιν,
1569 581 1644 642 ὡς
1689 579 1896 649 ταύτην
1934 582 1943 587 ’

1934 582 1943 587 ’
1988 594 2114 648 erga
2144 579 2360 634 Saulem
2414 592 2469 635 et
2501 583 2703 645 socios.
2739 598 2866 654 erga
2913 584 3090 640 Semei
3130 587 3225 656 qni
3277 599 3561 645 contume-

332 666 706 736 διαφερόντως
751 668 1231 739 κατορθώσαντος·
1277 672 1308 738 ἢ
1351 671 1441 722 καὶ
1464 671 1539 734 ὼς
1580 671 1666 723 διὰ
1695 671 1896 738 ταύτης

1991 670 2062 722 lia
2118 665 2242 724 eu'm
2283 669 2562 736 all‘eeerat,
2600 681 2760 741 atque
2806 689 2928 743 erga
2981 690 3171 731 omnes
3197 677 3335 732 alios
3364 679 3561 734 hostes

331 755 685 824 δηλουμένων
715 757 808 809 καὶ
843 760 953 809 τῶν
989 760 1210 812 λοιπῶν.
1260 759 1540 830 Μνήσοητι
1567 759 1660 812 τοῦ
1702 760 1888 824 Δαὸὶδ,

1994 776 2124 815 suos
2155 776 2424 816 summam
2473 766 2738 819 ostendit.
2802 745 2986 819 Solius
3045 775 3563 823 autemmausuetu-

333 846 436 898 τοῦ
470 850 804 919 πραοτάτου,
833 849 930 902 τοῦ
985 851 1073 905 διὰ
1123 852 1221 922 τῆς
1255 853 1559 922 πραότητος
1608 852 1904 920 εὐαρεστή-

1995 851 2142 904 dinis
2173 835 2439 912 me'minit,
2490 853 2616 921 quia
2675 855 2728 906 in
2795 855 2896 908 hac
2953 858 3153 912 virtute
3187 874 3294 926 prie
3354 860 3560 913 cit-teris

334 939 532 1000 σαντός
568 955 672 992 σοι.
1995 940 2274 995 excelluit.
2321 939 2417 995 Vel
2452 958 2546 1009 per
2591 943 2729 997 hanc
2782 942 3063 999 virtutem'
3087 955 3312 1004 caeteras
3339 965 3562 1018 qucque,

339 1028 633 1085 intellexit.
692 1031 986 1098 Memento,
1045 1031 1237 1104 inquit,
1291 1031 1454 1087 David
1514 1031 1788 1086 mitissimi
1823 1020 2078 1095 hominis,
2141 1040 2305 1101 atque
2378 1033 2450 1087 ob
2503 1035 2978 1089 mansuetudinem
3043 1051 3198 1090 suam
3258 1039 3353 1093 tibi
3434 1040 3564 1095 ozim

340 1120 677 1175 eharissimi.
1811 1169 1818 1175 .
2563 1129 2567 1136 '

423 1216 520 1278 Ὦς
545 1213 744 1284 ὤμοσε
781 1213 863 1279 τῷ
901 1217 1126 1283 Κυρίῳ,
1157 1214 1382 1279 ηὔξατο
1406 1215 1486 1280 τῷ
1514 1215 1634 1280 Θεῷ
1671 1216 1895 1269 Ἰακώϐ.

2075 1213 2236 1268 Vens.
2276 1213 2332 1268 ‘2.
2375 1213 2648 1279 Quomodo
2673 1214 2877 1283 juravit
2927 1214 3167 1281 Domino,
3213 1229 3262 1272 et
3295 1220 3427 1273 vovit
3457 1220 3566 1276 Deo

340 1304 628 1374 Μνήσθητι
654 1305 969 1368 αὐτοῦπῶς
1001 1305 1270 1376 ὲνὼμοσος
1307 1305 1570 1375 ὑπέσχετο
1597 1307 1786 1376 Κυρίῳ
1819 1305 1896 1376 τῷ

1996 1305 2182 1360 Jacob.
2224 1303 2493 1358 Memento
2536 1305 2676 1374 ejus,
2708 1305 2903 1374 inquit,
2937 1307 3390 1373 quemadmodum
3440 1325 3563 1364 cum

339 1394 463 1465 Θεῷ
487 1395 555 1449 τὰ
577 1396 947 1467 ῥηθησόμενα.
1455 1397 1460 1402 ’

1993 1395 2308 1477 iuramento
2339 1409 2401 1448 ea
2447 1393 2556 1448 Deo
2617 1396 2892 1463 pollicitus
2928 1397 3019 1464 sit,
3054 1411 3173 1466 quae
3204 1397 3432 1454 inferius
3482 1400 3566 1454 di-

1999 1492 2211 1540 centur.

405 1571 476 1623 El
524 1571 945 1640 εισελεύσομαι
989 1587 1074 1638 εις
1107 1587 1396 1640 σκηνωμα
1451 1573 1623 1625 οἴκου
1668 1579 1818 1640 μου,“
1845 1574 1898 1624 εὶ

2077 1575 2242 1630 Vens.
2271 1575 2385 1630 3~.'i.
2439 1574 2512 1630 Si
2541 1575 2768 1628 introibo
2829 1576 2881 1628 in
2942 1576 3337 1631 tabernaculum
3379 1580 3567 1635 domus

340 1660 719 1728 ἀναϐήσομαι
752 1661 850 1713 ἐπὶ
883 1662 1099 1727 κλίνης
1137 1661 1458 1728 στρωμνῆς
1487 1678 1624 1728 μου,
1653 1664 1701 1713 εἰ
1727 1657 1900 1713 δώσω

2003 1677 2149 1729 mete,
2189 1665 2236 1717 si
2265 1665 2546 1718 ascendam
2589 1679 2741 1730 super
2787 1663 2974 1715 lectum
3025 1665 3186 1717 strati
3215 1666 3331 1726 mei,
3361 1668 3406 1717 si
3431 1667 3567 1720 dabo

343 1750 540 1803 ὕπνον
565 1751 688 1816 τοῖς
711 1751 1040 1820 ὀφθαλμοῖς
1087 1767 1229 1818 μου,
1293 1750 1389 1804 καὶ
1421 1750 1543 1816 τοῖς
1563 1749 1786 1818 βλεφάλ
1807 1769 1898 1817 ou;

1999 1770 2242 1809 somnum
2290 1754 2455 1806 oculis
2521 1767 2668 1815 mets,
2701 1761 2747 1803 et
2788 1752 3052 1818 palpebris
3082 1755 3207 1806 meis
3229 1753 3568 1806 dormitatio-

335 1860 458 1913 μου
494 1843 860 1910 νυστατμὸν,
895 1840 993 1895 καὶ
1022 1841 1366 1894 ἀνάπαυσιν
1410 1839 1534 1905 τοῖς
1581 1841 1897 1908 κροτάφοις

1997 1861 2136 1915 nem,
2181 1853 2230 1896 et
2262 1843 2488 1910 requiem
2532 1840 2848 1908 temporibus
2891 1842 3040 1907 meis,
3109 1843 3272 1895 donec
3326 1844 3567 1898 invenero

337 1951 478 2000 μου,
509 1933 616 1998 ἕως
645 1929 716 1988 οὗ
744 1933 894 1999 εὕρω
925 1931 1111 1984 τόπον
1143 1927 1221 1994 τῷ
1250 1930 1462 1997 Κυρίῳ,
1501 1931 1788 1997 σκήνωμα
1821 1929 1898 1993 τῷ

1995 1940 2171 1992 locum
2215 1931 2456 1995 Domino,
2490 1931 2889 1984 tabernaculum
2911 1931 3014 1983 Deo
3047 1929 3236 1986 Jacob.
3272 1932 3563 1998 Memento,

347 2023 470 2088 Θεῷ
507 2023 712 2078 Ἰακώϐ
732 2023 865 2093 (55).
913 2021 1034 2084 Πῶς
1075 2037 1204 2072 ποτε
1235 2020 1482 2090 ζηλώσας
1515 2021 1654 2088 ὑπὲρ
1683 2020 1774 2072 τοῦ
1808 2023 1898 2086 φέ-

2001 2024 2204 2092 inquit,
2288 2020 2742 2091 quemadmodum
2802 2022 2916 2089 ipse
2973 2023 3102 2075 olim
3157 2025 3274 2078 zelo
3329 2026 3563 2092 quodam

347 2116 693 2187 ρεσθαιτῇδε
724 2116 946 2167 κάκεῖσε
994 2113 1094 2180 τὴν
1156 2111 1407 2176 κιόωτδν,
1444 2113 1730 2182 ἐνωμότως
1777 2111 1902 2165 ὺπέ-

1999 2125 2286 2185 correptus
2333 2123 2437 2178 est,
2469 2127 2592 2166 cum
2645 2112 2860 2165 Domini
2903 2118 3083 2168 arcam
3119 2114 3221 2168 huc
3243 2111 3410 2184 atque
3441 2117 3567 2172 illuc

348 2223 526 2276 σκετο,
562 2207 642 2260 ὅτι
673 2205 749 2258 Οὐ
803 2206 1016 2274 ποιήσω
1059 2203 1092 2274 ἧ
1128 2203 1246 2256 τόδε
1280 2205 1312 2273 ἢ
1343 2205 1458 2256 τόδε
1483 2245 1500 2268 ,
1541 2203 1645 2266 ἕως
1672 2198 1731 2256 οὗ
1758 2201 1904 2272 εὕρω

1997 2206 2364 2263 errabundam
2388 2220 2450 2260 ac
2479 2219 2670 2275 vagam
2713 2205 3056 2260 circumferri
3093 2207 3320 2271 videret,
3355 2215 3409 2261 et
3441 2223 3571 2262 cum

346 2299 442 2350 τὸν
468 2297 631 2350 τόπον
680 2296 754 2366 τῷ
784 2295 975 2365 Κυρίῳ
1002 2294 1172 2359 ἄξιον,
1205 2294 1372 2362 ἤγουν
1420 2294 1751 2362 οἰκητήριον,
1783 2281 1905 2344 τὸυ-

1993 2297 2303 2364 juramentu
2345 2297 2620 2364 pollicitus
2656 2296 2748 2358 sit,
2804 2295 2992 2350 dicens
3025 2315 3039 2351 :
3087 2296 3201 2352 Non
3237 2297 3430 2353 faciam
3463 2315 3566 2366 ego

347 2387 497 2440 τὲστι
529 2388 690 2440 τόπον
716 2384 845 2438 ναοῦ
889 2401 904 2416 ·
937 2385 1032 2438 καὶ
1059 2384 1158 2438 οὐκ
1188 2384 1549 2447 ἀνεπαύσατο,
1596 2383 1698 2445 in);
1728 2385 1906 2453 εὑρεῖν

2003 2390 2131 2452 hoc,
2180 2403 2354 2457 neque
2390 2387 2544 2451 illud,
2589 2388 2762 2441 donec
2817 2388 3075 2443 invenero
3103 2391 3279 2444 locum
3343 2392 3570 2446 Domino

347 2477 484 2547 ὼςὴ
520 2477 698 2546 βίϐλος
742 2475 850 2528 τῶν
876 2473 1172 2527 Βασιλειῶν
1215 2476 1248 2542 ἡ
1281 2473 1473 2542 πρώτη
1523 2473 1904 2541 διαλαμϐάνει.

2002 2479 2249 2547 dignum,
2292 2479 2394 2533 hoe
2419 2488 2524 2544 est,
2585 2479 2764 2533 locum
2820 2480 3030 2548 templi,
3077 2489 3130 2534 et
3180 2481 3566 2543 habitationem

349 2571 428 2625 Τὸ
455 2573 507 2623 εὶ
546 2570 623 2633 δὲ,
648 2569 708 2621 τὸ
733 2570 803 2623 οὐ
837 2567 1115 2637 σημαίνει,
1167 2566 1240 2629 ὡς
1273 2567 1366 2620 καὶ
1391 2570 1446 2619 ὲν
1471 2567 1648 2630 ἄλλοις
1681 2570 1903 2638 εἰρήκα-

2003 2587 2146 2628 arcae
2176 2586 2238 2626 ac
2276 2571 2630 2626 tabernaculi.
2679 2569 2742 2624 Et
2772 2586 2956 2623 revera
2995 2573 3154 2624 etiam
3187 2589 3294 2626 non
3334 2575 3567 2643 quievit,

351 2681 477 2735 μεν.
508 2663 775 2732 Σκήνωμα
801 2660 857 2713 δὲ
891 2660 983 2712 καὶ
1015 2655 1161 2723 οἶκος
1191 2659 1287 2712 τοῦ
1315 2658 1449 2712 Θεοῦ
1479 2659 1710 2726 λέγοιτο,
1735 2661 1822 2712 διὰ
1846 2662 1906 2713 τὸ

2004 2665 2178 2718 donec
2222 2663 2372 2716 illum
2432 2663 2720 2727 invenerit,
2777 2661 3230 2730 quemadmodum
3297 2663 3350 2716 in
3395 2663 3569 2732 prino

349 2755 563 2808 ἐκεῖοεν
593 2752 955 2822 χρηματίζειν
986 2753 1080 2805 καὶ
1108 2752 1318 2821 ὁμιλεῖν
1338 2753 1450 2814 τοῖς
1493 2751 1689 2817 ἀξίοις,
1716 2751 1790 2815 ὼς
1813 2753 1906 2807 καὶ

2005 2754 2214 2822 Regum
2253 2753 2391 2807 libro
2451 2753 2709 2808 traditur.
2761 2753 2933 2806 Dictio
3007 2763 3188 2806 autem
3249 2755 3315 2816 si,
3351 2757 3453 2807 huc
3516 2755 3569 2806 in

352 2844 712 2917 προλαϐόντες
741 2845 1068 2913 εἰρήκαμεν.
1553 2871 1564 2880 κ

2007 2845 2150 2908 loco,
2187 2841 2329 2896 idem
2388 2842 2660 2911 signiﬁcat
2717 2843 2863 2910 quod
2914 2859 3017 2895 non
3049 2880 3064 2902 .
3114 2843 3568 2910 quemadmodum

355 2953 503 3007 saepe
543 2938 668 2992 alibi
731 2938 991 2991 diximus.
1054 2933 1483 2989 Taberuaculum
1537 2948 1665 2987 vero
1695 2944 1743 2986 et
1784 2934 1980 2988 domus
2021 2934 2132 3014 Dei,
2185 2933 2468 2986 dicebatur
2526 2933 2681 2986 locus
2759 2933 2872 2996 ille,
2933 2931 3024 2986 ubi
3090 2947 3349 3001 responsa
3408 2941 3573 3002 atque

355 3033 576 3088 oracula
630 3034 899 3086 dabantur
937 3046 966 3083 a
1023 3031 1168 3093 Deo;
1219 3030 1307 3082 ubi
1353 3029 1516 3082 etiam
1589 3030 1654 3081 ad
1707 3028 1905 3095 probos
1945 3035 1997 3081 et
2027 3029 2093 3082 ad
2130 3029 2330 3082 virtute
2361 3029 2618 3097 praeditos
2669 3028 2915 3080 homines
2979 3028 3315 3096 loquebatur,
3395 3039 3454 3083 ut
3520 3031 3572 3082 in

352 3121 728 3191 superioribus
789 3121 1047 3176 diximus.
1099 3117 1252 3190 (Nam
1306 3118 1505 3187 alioqui
1567 3118 1709 3172 Deus
1765 3118 1909 3171 nulla
1950 3119 2283 3174 habitatione
2331 3135 2424 3173 seu
2465 3118 2623 3172 domo
2680 3117 2902 3186 indiget,
2969 3125 3061 3172 aut
3110 3119 3504 3190 tabernaculo.)

427 3211 574 3266 Ἰδοὺ
609 3212 957 3281 ἠκούσαμεν
998 3211 1191 3276 αὐτὴν
1240 3209 1310 3261 ἐν
1352 3207 1653 3276 Εὐφραθᾶ.
1696 3201 1911 3279 Ἐπειδῆ
1939 3213 1982 3272 C

1939 3213 1982 3272 C
2085 3209 2252 3264 Vens.
2287 3209 2339 3264 6.
2392 3205 2526 3263 Ecce
2556 3210 2848 3262 audivimus
2877 3225 2990 3262 eam
3021 3211 3076 3262 in
3114 3209 3371 3277 Ephrata.
3429 3211 3575 3277 Quo-

362 3303 518 3372 παρὰ
567 3302 676 3353 τῶν
727 3305 980 3370 πατέρων
1041 3300 1218 3368 ἡμῶν,
1272 3298 1306 3359 ἦ
1361 3299 1511 3366 παρὰ
1559 3299 1666 3349 τῶν
1719 3298 1913 3367 plcxum

2013 3301 2181 3364 niam,
2210 3301 2408 3369 inquit,
2439 3315 2468 3352 a
2518 3300 2760 3367 patribus
2793 3300 3014 3364 nostris,
3049 3301 3128 3354 vel
3155 3301 3317 3354 etiam
3353 3303 3573 3358 aliunde

352 3395 668 3461 ⁴Ιζκιιύσαμεν
704 3393 986 3461 ἐνεχθῆναι
1035 3391 1132 3458 τὴν
1163 3388 1414 3452 κιϐωτὸν,
1460 3391 1520 3440 ὲν
1551 3388 1626 3456 τῷ
1655 3389 1802 3458 τόπῳ
1833 3389 1912 3457 τῷ

2012 3406 2075 3444 ex
2117 3391 2289 3445 sacris
2320 3389 2502 3444 Libris
2552 3389 2858 3442 audivimus
2891 3404 3032 3449 eam,
3074 3405 3254 3443 arcam
3315 3393 3569 3448 nimirum

354 3476 678 3554 καλουμένῳ
734 3483 1012 3552 Εὑφραθᾶ.
1065 3483 1173 3536 Καὶ
1226 3480 1325 3553 τὴν
1357 3481 1558 3551 Ῥαχὴλ
1610 3480 1666 3533 δὲ
1717 3481 1911 3534 Θάπτει

2017 3481 2073 3534 in
2109 3478 2360 3550 Ephrata:
2437 3480 2612 3532 locum
2687 3477 2914 3532 delatam
2989 3478 3178 3533 luisse.
3239 3467 3330 3532 Est.
3389 3490 3566 3534 autem

365 3572 563 3627 Ἰακὼό
623 3575 682 3626 ἐν
729 3573 808 3643 τῷ
867 3571 1185 3641 ἱπποδρόμῳ
1229 3569 1324 3624 τοῦ
1379 3570 1669 3640 Εὑφραϐἇο
1705 3571 1908 3638 Αὕτη,

2013 3570 2248 3638 Ephrata
2281 3572 2492 3632 eadem,
2543 3582 2660 3637 quae
2717 3576 2768 3620 et
2815 3567 3108 3623 Bethleem.
3147 3568 3400 3638 Legimus
3425 3575 3567 3626 enim

355 3647 546 3732 φησιν,
579 3663 714 3717 ἐστὶ
744 3662 1047 3731 Βηθλεέμ’
1081 3661 1242 3731 ἔφερε
1271 3663 1378 3729 γὰρ
1407 3664 1434 3713 ὁ
1464 3663 1628 3722 τόπος
1656 3658 1750 3712 τοῦ
1775 3675 1906 3728 προσ

2014 3659 2143 3711 alibi
2175 3658 2316 3725 apud
2343 3657 2680 3724 Scripturam
2708 3674 2722 3709 :
2747 3655 3005 3709 Bethleem
3034 3657 3220 3711 domus
3243 3657 3476 3725 Ephrata
3501 3660 3583 3716 ".\

355 3755 589 3824 κατόχου
614 3755 675 3806 τὺ
700 3753 922 3824 δνομαέ-

2008 3748 2139 3802 Item
2191 3747 2362 3802 Jaeob
2405 3762 2628 3800 uxorem
2663 3746 2868 3798 Rachel
2899 3747 3149 3814 sepelivit
3174 3749 3227 3800 in
3261 3747 3569 3817 Hippodro-

261 3875 270 3888 ε
356 3861 450 3919 uno
501 3845 750 3914 Ephrata:
782 3863 797 3900 :
834 3843 987 3912 Ha’c,
1021 3842 1214 3914 inquit,
1286 3855 1364 3898 est
1413 3841 1693 3897 Bethleem.
1746 3842 2133 3913 Appellabatur
2182 3855 2415 3908 namque
2476 3839 2603 3892 olim
2633 3839 2804 3905 locus
2874 3838 2965 3891 ille
3007 3837 3165 3906 primi
3235 3842 3572 3909 possessoris

356 3951 597 3990 vultune.
909 3977 926 3982 ..
1639 3988 1642 3990 γ

431 4028 701 4096 Εὕρομεν
743 4027 936 4094 αὐτὴν
968 4014 1038 4082 ἐν
1063 4029 1181 4093 τοῖς
1227 4029 1456 4094 πεδίοις
1506 4028 1612 4080 τοῦ
1656 4027 1905 4095 δρυμοῦ.

2081 4023 2382 4079 Invenimus
2423 4033 2535 4073 eam
2566 4019 2618 4072 in
2650 4020 2848 4086 campis
2881 4019 3048 4073 silum.
3088 4018 3395 4072 Invenimus
3426 4035 3569 4075 eam:

355 4117 608 4188 Εὖρομεν
648 4118 956 4187 αὐτὴνὲἁπὸ
982 4119 1092 4171 τῶν
1120 4117 1428 4188 εἰρημένων
1448 4133 1462 4147 ⁶
1512 4117 1662 4185 παρὰ
1698 4118 1906 4170 τούτων

2011 4115 2112 4167 hoc
2137 4122 2239 4174 est,
2269 4126 2335 4163 eo
2383 4112 2542 4162 modo
2579 4107 2891 4168 didicimus,
2931 4116 2989 4159 ut
3027 4122 3192 4174 supra
3223 4107 3427 4160 dictqu
3456 4120 3563 4171 est,

357 4210 634 4279 ἐμάθομεν
667 4209 848 4278 αὐτὴνο
889 4209 1250 4278 αὑλιζομένην
1294 4211 1352 4261 ὲν
1386 4211 1497 4271 τοῖς
1553 4208 1756 4271 πεδίοις
1811 4207 1904 4260 τοῦ

2008 4219 2040 4256 a
2085 4202 2385 4269 majoribus
2413 4198 2664 4251 nimirum
2696 4198 2922 4258 nostris,
2986 4213 3082 4251 seu
3128 4213 3192 4251 ex
3242 4198 3443 4252 divinis
3500 4199 3571 4252 li-

354 4298 587 4370 δρυμοῦ,
649 4303 948 4362 τουτέστιν,
986 4294 1100 4352 ιῶδε
1159 4300 1382 4352 κάκεῖσε
1445 4297 1904 4370 περιφερομένην,

2009 4294 2120 4347 bris
2145 4309 2162 4346 :
2192 4290 2515 4356 didicimus,
2576 4289 2822 4356 inquam,
2848 4303 2966 4341 eam
2992 4298 3376 4342 commoratam
3405 4289 3573 4344 fuisse

357 4391 515 4462 παρὰ
539 4389 600 4444 τὺ
627 4390 702 4462 μὴ
729 4391 874 4462 ἔχειν
903 4391 1066 4444 τόπον
1097 4390 1498 4460 ἀφωρισμένον.
1544 4389 1726 4443 Ταῦτα
1747 4389 1803 4441 δὲ
1829 4389 1909 4441 λι.
1945 4458 1967 4462 Ᾱ

2009 4383 2063 4436 in
2103 4381 2308 4450 campis
2362 4380 2532 4443 silvte,
2601 4379 2704 4433 hoc
2735 4389 2838 4442 est,
2878 4379 2981 4431 hue
3010 4391 3171 4447 atque
3236 4380 3361 4432 illuc
3387 4395 3575 4433 erran-

356 4458 518 4546 γουσι
578 4458 938 4542 συνιστῶντες
967 4480 1048 4532 ὅτι
1099 4458 1413 4544 ἀναγκαίως
1444 4479 1736 4548 ἐζήλωσεν,
1767 4479 1907 4547 ὑπὲρ
1941 4458 1983 4512 θ

1941 4458 1983 4512 θ
2012 4476 2078 4531 tis
2110 4477 2162 4528 in
2193 4487 2398 4527 morem
2454 4472 2793 4535 circumlata,
2837 4479 3024 4540 utpote
3084 4488 3204 4542 quae
3266 4482 3475 4526 certum
3509 4489 3572 4527 ac

357 4566 532 4636 αὐτῆς
559 4569 586 4619 ό
611 4569 792 4636 Δασὶδ,
831 4570 926 4621 καὶ
956 4568 1062 4636 τὸν,
1085 4567 1245 4618 τόπον
1301 4558 1479 4635 εὗρεν,
1527 4568 1664 4636 ὑπὲρ
1709 4563 1769 4620 οὗ
1808 4567 1906 4620 καὶ

2005 4565 2331 4619 destinatum
2361 4562 2538 4617 locum
2561 4563 2796 4631 aliquem
2833 4577 2936 4614 non
2969 4561 3210 4613 haberet.
3250 4559 3361 4614 Hoc
3387 4570 3566 4614 autem

361 4655 464 4708 νῦν
499 4657 854 4712 ἱκετεύουσιν.
880 4728 891 4730 _
1534 4689 1545 4695 -
1991 4678 1997 4684 -

1991 4657 2216 4722 dicunt,
2266 4653 2644 4708 demonstrare
2691 4650 3107 4730 contendentes,
3167 4649 3313 4717 quod
3379 4651 3568 4706 beatus

359 4748 530 4802 David
568 4728 898 4822 necessario.
917 4750 1205 4806 admodum
1253 4765 1350 4821 pro
1391 4766 1454 4805 ea
1487 4748 1600 4804 zelo
1626 4754 1910 4817 correptus
1948 4761 2050 4816 εει,
2084 4761 2142 4804 ut
2180 4751 2356 4804 locum
2388 4749 2537 4802 illum
2559 4745 2848 4806 inveniret,
2884 4757 2982 4811 pro
3013 4756 3121 4810 quo
3154 4741 3254 4808 ipsi
3323 4742 3375 4794 in
3438 4758 3568 4812 pne-

295 4829 305 4833 ’
361 4834 535 4896 scntia
565 4844 630 4897 ad
663 4843 827 4896 Deum
859 4844 1184 4914 supplicant.
3446 4913 3449 4914 ν
3552 4890 3560 4897 .

427 4931 904 4998 Εἰσελευσόμεθα
965 4934 1051 4995 εις
1117 4933 1190 4984 τὰ
1260 4931 1618 4999 σκηνώματα
1655 4922 1907 4994 ἀύτοῦ,

2076 4921 2660 4986 Vens.7._lntroeamus
2707 4921 2764 4974 iu
2809 4914 3147 4971 tabernacula
3194 4914 3329 4980 ejus,
3382 4913 3567 4966 adore-

359 5020 878 5090 προσκυνήσωμεν
919 5025 1008 5087 εἰς
1037 5022 1143 5075 τὸν
1174 5011 1379 5086 τόπον,
1421 5019 1492 5077 οὗ
1549 5024 1820 5087 ἔστησαν
1856 5024 1910 5072 ol

2009 5035 2122 5072 mus
2157 5020 2210 5070 in
2244 5017 2378 5077 loco,
2427 5015 2516 5067 ubi
2543 5018 2816 5066 ’steterunt
2858 5009 3009 5074 pedes
3056 5006 3191 5075 ejus.
3229 5004 3349 5057 ΙΙωο
3404 5006 3562 5055 verba

361 5111 546 5177 πόδες
603 5112 808 5166 αὑτοῦ.
857 5111 1044 5164 Ταὺτα
1097 5113 1373 5182 προσώπῳ
1431 5112 1541 5164 τῶν
1603 5113 1660 5162 ἐν
1720 5113 1910 5173 αὐτοῖς

2008 5126 2072 5165 ex
2105 5117 2418 5163 sanctorum
2476 5116 2709 5174 persona
2741 5099 2885 5154 dicta
2926 5105 3076 5160 sunt,
3134 5095 3224 5163 qui
3261 5091 3460 5160 populo
3496 5107 3558 5144 ex

367 5202 565 5268 ἁγίων,
617 5204 1069 5274 προφητευόντων
1102 5204 1302 5264 αὐτοῖς,
1354 5205 1433 5256 ὅτι
1483 5203 1844 5270 ἀναστήσεται
1883 5204 1910 5252 ὁ

2006 5201 2315 5268 captivilate
2347 5199 2398 5250 in
2463 5195 2688 5264 patriam
2756 5189 3011 5251 restituto
3059 5188 3302 5239 aderant.
3358 5179 3561 5234 Prwdi-

362 5293 515 5355 ναὸς,
550 5296 644 5348 καὶ
675 5295 1069 5347 εἰσελεύσονται
1099 5293 1189 5345 καὶ
1222 5296 1653 5346 προσκυνήσουσι
1687 5295 1777 5342 καὶ
1813 5291 1908 5342 λα-

2006 5292 2153 5343 citur
2183 5295 2364 5342 autem
2424 5285 2511 5339 his
2560 5279 2762 5345 verbis,
2811 5275 3261 5350 quemadmodum
3298 5273 3557 5341 templum

463 5468 678 5526 ‘Mit‘b.
734 5486 764 5523 ν
831 5471 886 5523 Ξ.

1690 5554 1886 5619 Varia:
1912 5554 2235 5617 lectiones.

432 5667 542 5738 (33)
567 5663 766 5734 Sttpple
799 5663 918 5735 Μνή
927 5662 1104 5732 σθητι.
