4144 6296
635 343 670 383 -’
712 332 848 396 1223

1924 329 2300 390 summu
2333 314 2686 409 ztGAnENt

3773 271 3948 403 122i

713 448 877 502 tionis
909 446 1327 516 progenitorem,
1361 441 1524 496 veluti
1553 439 1822 510 quoddam
1851 439 2028 492 lumen
2062 417 2260 493 futuris

2361 440 2393 508 ἦ
2421 439 2611 509 λύχνον
2665 442 2764 512 τὴν
2793 444 3151 514 λαμπρότητα
3185 446 3278 499 τοῦ
3313 446 3501 516 γένους
3534 438 3720 510 αὐτοῦ,
3765 447 3923 512 λάμ·

710 537 1146 611 generationibus
1178 536 1400 589 illucere
1442 533 1588 587 facit.
1642 530 1739 585 Vel
1781 544 1899 600 per"
1931 531 2206 584 lucernam
2237 569 2252 592 ,

711 631 926 696 generis
957 631 1038 683 sui
1061 627 1402 696 splendorem
1423 623 1547 678 ideo
1571 623 1844 691 intelligit,
1867 621 1992 691 quia
2015 618 2262 689 splendet

2362 546 2568 584 πουσαν
2617 534 2675 586 ἐν
2711 534 2824 596 τοῖς
2867 533 3100 590 ἔθνεσιν.
3153 536 3312 590 Ἀλλὰ
3357 537 3530 591 ταῦτα
3577 537 3774 598 πάντα.
3819 535 3924 588 ἐὰν

2367 621 2706 690 φυλάξωνται
2736 623 2835 694 τὴν
2864 624 3230 695 δικαιοσύνην,
3255 628 3328 689 ὡς
3353 627 3568 698 εἴρηται

710 725 850 776 inter
879 731 1082 791 gentes.
1122 721 1316 775 Verum
1343 719 1457 774 lucc
1483 717 1664 774 omnia
1701 731 1763 771 ea
1789 713 2099 770 conditione
2135 713 2242 768 illis
2284 715 2553 783 promissa
2579 721 2744 781 sunt,
2789 716 2836 772 si
2875 725 3261 772 testamentum
3333 719 3428 773 Dei
3495 717 3921 774 custodiret-intr

710 824 766 869 ut
791 816 992 871 dictum
1022 823 1124 871 est.
1664 883 1670 889 ἢ
1833 884 1836 888 ι

781 909 940 962 Vens.
975 908 1058 961 18.
1112 906 1357 962 Inimicos
1394 906 1506 975 ejus
1536 893 1755 959 induam
1793 889 2114 973 confusione.
2150 901 2258 956 lni-

678 1048 685 1054 .
712 1001 882 1054 unicos
921 1000 1127 1055 scilicet
1160 998 1325 1052 David
1360 1002 1452 1051 aut
1479 997 1691 1067 generis
1722 997 1865 1066 ejus.

780 1092 948 1160 Super
979 1093 1145 1160 ipsum
1183 1099 1354 1143 autem
1385 1089 1626 1160 eﬁiorebit
1658 1089 2008 1157 sanctiﬁcatio
2049 1101 2255 1140 mea.—

710 1181 874 1252 Super
905 1173 1084 1248 ipsum
1109 1182 1295 1247 David,
1336 1197 1430 1236 seu
1458 1196 1622 1250 super
1657 1181 1779 1250 ejus
1827 1195 2034 1234 semen.
2080 1177 2256 1248 Super

625 1279 627 1282 ‘
709 1273 877 1340 ipsum
907 1282 1110 1333 autem,
1151 1273 1251 1326 hoc
1287 1281 1392 1335 cst,
1447 1279 1686 1340 tempore
1732 1270 1901 1339 ipsius
1943 1269 2130 1333 David,
2172 1268 2256 1322 vel

711 1373 948 1430 tempore
974 1362 1199 1421 seminis
1225 1362 1360 1429 ejus,
1391 1377 1499 1430 quo
1516 1370 1758 1429 tempore
1789 1363 2045 1429 templum
2076 1376 2251 1415 meum

709 1466 920 1506 summo
949 1440 1071 1504 cum
1123 1451 1409 1520 splendore
1456 1451 1691 1516 tlorebit,
1753 1452 1853 1506 hoc
1908 1459 2012 1513 est.
2055 1466 2118 1507 eo
2177 1465 2260 1503 re-

711 1551 932 1610 gnante.
967 1541 1194 1606 Quidam
1233 1557 1357 1595 vero
1393 1558 1487 1612 per
1513 1557 1703 1606 cornu,
1732 1550 1785 1596 et
1822 1557 1918 1611 per
1953 1541 2258 1610 lucernam,

710 1648 885 1702 regem
934 1634 1237 1703 intelligunt
1287 1634 1626 1698 Zorobabel,
1673 1633 1830 1701 cujus
1881 1633 2062 1687 hostes
2108 1633 2262 1684 aiunt

711 1721 877 1777 fuisse
909 1723 1190 1786 confusos,
1218 1733 1270 1776 et
1304 1737 1412 1792 quo
1453 1731 1708 1792 regnante
1740 1724 1997 1792 templum
2024 1723 2257 1783 Domini.

2438 895 2588 960 Τοὺς
2640 894 3113 964 ἐχθροὺς·ιαύι-οῦ
3141 893 3377 948 ἐνδύσω
3417 902 3736 963 ιιισχυνην.
3768 893 3920 955 Τοὺς

2366 989 2594 1061 ὶχθροὺς
2619 987 2807 1051 αὐτοῦ,
2838 988 2956 1057 ἦτοι
2984 985 3079 1040 τοῦ
3107 989 3293 1054 γένους
3321 985 3509 1039 αὑτοῦ.

2442 1080 2573 1134 Ἐπί
2614 1079 2682 1132 δὲ
2741 1079 2945 1156 αὑτὸν¹
2989 1073 3308 1144 ἐξανθήσει
3362 1077 3428 1130 τὸ
3469 1075 3725 1146 ἁγίασμά
3757 1091 3914 1142 μου.

2373 1171 2496 1223 Ἐπὶ
2529 1169 2710 1234 Δαόὶδ,
2739 1170 2905 1240 ἤγουν
2938 1170 3029 1222 ἐπὶ
3055 1170 3117 1222 τὸ
3144 1169 3364 1240 σπέρμα
3397 1168 3557 1221 αὑτοῦ
3577 1167 3919 1238 φαιδρυνυή-

2364 1278 2512 1313 σεται
2557 1259 2763 1313 θάλλων
2791 1263 2818 1312 ό
2848 1261 2970 1323 ναός
3013 1278 3134 1332 μου.
3181 1261 3253 1314 Τὸ
3293 1259 3416 1314 Ἐπ’
3446 1261 3628 1313 αὑτὸν
3670 1260 3748 1322 δὲ,
3785 1257 3930 1339 ἀντὶ

2360 1351 2454 1405 τοῦ
2480 1351 2613 1404 Κατ’
2640 1349 2827 1414 αὐτὸν,
2865 1351 2982 1420 ἦτοι
3046 1350 3184 1403 κατὰ
3238 1351 3334 1420 τὴν
3377 1348 3567 1418 γενεὰν
3616 1347 3798 1410 αὐτοῦ,
3856 1347 3918 1397 ὲν

2359 1445 2423 1511 τῇ
2460 1441 2707 1512 βασιλείᾳ
2770 1439 2957 1507 αὐτοῦ.
3000 1439 3155 1504 Τινὲς
3181 1441 3236 1493 δὲ
3258 1441 3426 1510 κέρας
3461 1439 3555 1493 καὶ
3587 1438 3771 1508 λύχνον
3815 1439 3919 1487 τὸν

2360 1533 2663 1604 Ζοροόἁσελ
2699 1533 2835 1602 φασί
2861 1547 2876 1561 ⁸
2937 1533 3031 1585 καὶ
3059 1532 3248 1586 τούτου
3277 1533 3494 1601 λέγουσι
3531 1533 3653 1593 τοὺς
3683 1529 3919 1598 ἐχθροὺς

2357 1631 2732 1701 αἰσχυνθῆναι,
2775 1627 2870 1681 καὶ
2913 1628 3004 1680 ἐπὶ
3034 1628 3130 1693 τῆς
3165 1627 3437 1698 βασιλείας
3467 1625 3628 1679 αὑτοῦ
3678 1622 3918 1690 ἑξανθῆο

2361 1740 2448 1774 σαι
2479 1722 2568 1774 τὸν
2600 1719 3050 1792 ἀπομαρανθέντα
3074 1719 3241 1774 πάλαι
3272 1719 3395 1771 ναόν
3425 1734 3439 1747 ·
3468 1717 3644 1786 ἕτεροι
3667 1715 3722 1768 δὲ
3749 1712 3919 1766 πάλιν

705 1815 850 1882 quod
888 1814 978 1866 ditt
1010 1815 1138 1866 olim
1173 1814 1547 1884 profanatum,
1584 1816 1845 1878 dirutum,
1880 1824 2038 1880 atque
2067 1814 2147 1884 (ut
2185 1814 2256 1865 ita

2361 1815 2414 1864 τὸ
2444 1814 2530 1865 ὅτι
2563 1811 2882 1877 ἐξελέξατο
2913 1813 3124 1880 Κύριος
3154 1811 3269 1880 τὴν
3296 1810 3466 1876 Σιὼν,
3501 1810 3685 1865 καὶτὰ
3711 1807 3918 1876 ἐφεξῆς

710 1902 911 1973 dicam)
971 1903 1298 1957 labefactum
1334 1904 1524 1967 fuerat,
1552 1904 1802 1957 ellioruit.
1841 1903 2068 1967 Quidam
2096 1902 2256 1956 etiam

2361 1904 2576 1956 ἅπαντα
2609 1903 2764 1974 ῥητὰ,
2811 1901 3143 1973 προφητείαν
3181 1899 3320 1955 εῖναι
3347 1901 3562 1960 λέγουσι
3607 1901 3715 1952 τῶν
3745 1902 3802 1950 ἐν
3836 1897 3918 1966 τῷ

715 1997 874 2051 verba
907 1998 994 2060 illa
1031 2016 1044 2049 :
1079 1997 1215 2060 Quia
1237 1996 1388 2064 elegit
1423 1995 1677 2048 Dominus
1722 1996 1884 2059 Sion,
1927 2002 1981 2066 et
2015 2010 2133 2062 qua:
2168 2007 2258 2046 se-

710 2100 951 2162 quuntur
987 2089 1167 2142 omnia
1243 2090 1578 2158 prophetiam
1616 2087 1894 2139 continere
1934 2084 2158 2146 dicunt,
2192 2082 2260 2136 de

709 2183 775 2235 iis
803 2182 894 2249 qui
923 2181 976 2234 in
1011 2179 1319 2235 .Indaeorum
1353 2180 1551 2249 populo
1586 2177 1731 2248 digni
1769 2179 2006 2240 fuerunt,
2035 2183 2093 2228 ut
2120 2187 2260 2250 pro-

712 2257 974 2340 pheticum
1047 2271 1272 2338 gratiam
1326 2275 1812 2337 consequerentur.
1873 2265 1940 2318 Et
1998 2264 2256 2334 quoniam

702 2363 858 2429 juxta
895 2361 1138 2415 historiae
1168 2375 1388 2415 sensum
1437 2359 1701 2429 psalmum
1745 2358 1855 2425 jam
1884 2354 2257 2426 exposuimus,

705 2465 878 2508 restat
918 2464 976 2508 ut
1002 2455 1282 2508 tradamus
1317 2453 1476 2506 etiam
1509 2467 1845 2522 quaecunque
1873 2450 1940 2505 de
1982 2449 2260 2505 Salvatore

709 2553 894 2596 no.~tro
923 2544 975 2596 in
1015 2558 1080 2597 eo
1113 2551 1440 2596 tractantur.
1470 2540 1835 2604 Introibimus,
1871 2539 2071 2609 inquit,
2094 2539 2146 2592 iu
2179 2547 2260 2591 ta-

707 2634 986 2686 bernacula
1021 2634 1172 2699 eius,
1228 2635 1565 2687 adarabimus
1613 2635 1666 2687 in
1713 2633 1824 2686 loco
1872 2633 1958 2685 ubi
2004 2642 2258 2686 steterunt

706 2726 856 2789 pede’s
883 2725 1034 2794 ejus;
1075 2727 1192 2780 haec
1243 2726 1406 2780 verba
1451 2737 1515 2779 ex
1569 2723 1801 2777 ﬁdelium
1854 2737 2081 2792 persona
2134 2737 2258 2790 pro-

708 2817 921 2885 phetico
947 2817 1089 2870 dicta
1114 2825 1264 2882 sunt,
1286 2817 1376 2886 qui
1413 2824 1602 2870 mutuo
1621 2815 1760 2869 inter
1783 2828 1900 2868 sese
1924 2813 2254 2875 consultant,

706 2908 961 2977 quidnam
1004 2904 1198 2962 facturi
1235 2908 1364 2961 sint.
1391 2906 1455 2960 Et
1493 2921 1588 2976 per
1616 2906 1986 2981 tabernacula,
2019 2906 2136 2959 loca
2171 2904 2255 2957 in-

707 2995 975 3064 telligunt,
1021 3009 1141 3063 qua:
1168 2992 1221 3048 in
1248 2992 1536 3048 Palaestina
1568 3003 1714 3055 sunt,
1753 2993 1843 3045 ubi
1874 2991 2142 3046 habitavit
2164 3002 2256 3048 aut

705 3095 1057 3138 conversatus
1105 3091 1187 3138 est
1224 3082 1498 3139 Christus.
1548 3082 1651 3138 Per
1698 3084 1870 3137 locum
1945 3090 2125 3137 autem
2171 3083 2256 3135 ubi

2358 1991 2645 2060 δηλωθέντι
2673 1991 2785 2062 ναῷ
2815 1991 3156 2060 προφητικοῦ
3189 1990 3525 2060 χαρίσματος
3571 1988 3915 2057 ἠξιωμένων.

2373 2083 2522 2134 Ἐπεὶ
2548 2081 2602 2134 δὲ
2636 2083 2754 2134 καθ’
2786 2081 3021 2151 ἱστορίαν
3043 2083 3070 2134 ό
3089 2081 3299 2150 ψαλμδς
3343 2081 3677 2152 ἡρμήνευται
3698 2120 3712 2142 ,
3745 2094 3918 2147 μεταο

2360 2171 2660 2243 χειριστέον
2694 2172 2793 2242 ἠδη
2854 2174 2948 2224 καὶ¹
2987 2173 3086 2225 ὅσα
3139 2173 3328 2224 τούτου
3377 2170 3622 2242 περὶτοῦ
3662 2167 3918 2237 Σωτῆρος

2365 2261 2525 2332 ἡμῶν
2562 2262 2801 2332 Χριστοῦ
2860 2262 3352 2332 διαλαμὸἀνουσιν’
3405 2260 3916 2326 Είσελευσόμεθα,

2359 2355 2548 2423 φησὶν,
2565 2355 2651 2418 είς
2686 2353 2755 2408 τὰ
2782 2353 3141 2422 σκηνώματα
3162 2353 3366 2415 αὐτοῦ,
3395 2350 3918 2421 προσκυνήσωμεν

2358 2444 2444 2508 εἰς
2495 2444 2680 2496 τόπον
2725 2439 2796 2500 οὗ
2846 2443 3114 2512 ἔστησαν
3174 2447 3228 2498 ot
3290 2444 3470 2509 πόδες
3521 2441 3726 2495 αὑτοῦ.
3775 2441 3919 2509 Προ-

2358 2533 2554 2604 φητεία
2621 2532 2774 2586 τοῦτο
2856 2536 2981 2604 περὶ
3053 2533 3162 2588 τῶν
3229 2533 3598 2607 Χριστιανῶν,
3663 2530 3919 2598 ἀλλήλοις

2359 2623 2528 2678 ταῦτα
2550 2641 2612 2677 συ
2621 2624 3038 2694 μϐουλευόντων,
3065 2627 3158 2680 καὶ
3186 2627 3448 2696 σκήνωμα
3475 2626 3572 2695 μὲν
3601 2623 3868 2692 λεγόντων
3893 2637 3927 2688 ο,

2363 2717 2489 2778 τοὺς
2518 2717 2575 2769 ὲν
2607 2715 2939 2786 Παλαιστίνῃ
2977 2715 3198 2782 τόπους,
3234 2715 3361 2768 ἔνθα
3402 2715 3782 2784 ἀνεστρέφετο,
3822 2711 3916 2763 καὶ

2361 2804 2598 2875 κατῴκει
2624 2821 2638 2835 ’
2679 2807 2842 2859 τόπον
2890 2807 2945 2859 δὲ
2993 2808 3126 2859 ὅπου
3180 2807 3413 2877 ἔστησαν
3447 2806 3493 2858 oi
3527 2805 3682 2868 πόδες
3721 2789 3928 2864 αὑτοῦ,

2360 2895 2394 2967 ἢ
2422 2897 2562 2950 αὐτὰ
2599 2897 2668 2949 τὰ
2697 2897 3026 2967 σκηνώματα
3054 2897 3181 2951 ἔνθα
3208 2897 3541 2966 περιεπάτει,
3565 2895 3597 2965 ἦ
3631 2894 3722 2947 τὸν
3750 2909 3918 2945 σταυο

2362 2989 2471 3059 ρὺν,
2493 2981 2536 3055 ᾧ
2559 2972 2989 3059 προσηλὼθησαν
3013 2989 3063 3042 oi
3086 2989 3243 3054 πόδες
3282 2988 3464 3053 αὐτοῦ,
3487 2987 3546 3040 ὃν
3568 2988 3661 3039 καὶ
3683 2984 3915 3041 ὑποπό-

2359 3079 2492 3132 διον
2523 3079 2802 3150 ὠνόμασεν
2848 3082 2906 3133 ὲν
2935 3079 3011 3148 τῷ
3041 3080 3147 3148 υιη⁹
3174 3079 3390 3149 ψαλμῷ.
3425 3077 3529 3131 Καὶ
3563 3077 3744 3148 μέντοι
3777 3091 3916 3132 mu-

707 3183 959 3228 stelerunt
989 3175 1140 3242 pedes
1163 3174 1300 3242 ejus,
1327 3175 1410 3228 vel
1433 3173 1622 3228 eadem
1649 3174 1888 3244 inlellige
1912 3175 2256 3231 tabernacula

2359 3171 2587 3240 ταχόθεν
2661 3172 2984 3242 συρρέοντες
3030 3172 3370 3242 εἰσέρχονται
3423 3171 3503 3233 εἰς
3558 3171 3686 3231 τοὺς
3714 3168 3915 3230 τόπους

704 3276 761 3320 et
807 3267 921 3320 loca
953 3268 1007 3320 in
1047 3266 1244 3335 quibus
1289 3264 1549 3321 Dominus
1593 3267 1920 3333 ambulavit;
1952 3269 2035 3322 vel
2084 3268 2256 3335 ipsam

2363 3260 2626 3326 ἐκείνους,
2662 3262 2756 3314 καὶ
2806 3261 3207 3328 προσκυνοῦσιν
3241 3261 3519 3313 ἑκάστοτε.
3568 3259 3913 3324 Ἀνάστηθι,

705 3363 947 3419 crucem,
978 3359 1065 3411 cui
1089 3357 1289 3412 Christi
1329 3359 1491 3425 pedes
1520 3358 1716 3413 conﬁxi
1747 3367 1895 3423 sunt,
1924 3368 1977 3414 et
1997 3375 2178 3428 quam,
2205 3360 2258 3414 in

2361 3352 2514 3421 φησὶ,
2561 3352 2756 3418 Κύριε,
2806 3354 2891 3416 εἰς
2943 3351 3058 3418 τὴν
3091 3350 3437 3434 ᾀνὰπαυσίν
3472 3367 3611 3417 σου,
3650 3349 3733 3403 σὺ
3762 3349 3913 3416 καὶὴ

704 3451 915 3520 psalmo
952 3464 1142 3512 xcvm,
1179 3449 1460 3504 scabeltum
1488 3453 1671 3516 pedum
1697 3452 1812 3520 ejus
1843 3451 2145 3521 appellavit.
2180 3450 2260 3506 Ex

705 3541 974 3596 universis
1009 3541 1280 3610 siquidem
1315 3542 1500 3596 mundi
1531 3541 1778 3611 partibus
1807 3542 1936 3595 illuc
1977 3541 2261 3595 conﬂuunt

704 3629 978 3698 homines,
1011 3639 1172 3700 atque
1209 3633 1262 3685 in
1301 3647 1363 3686 ea
1395 3647 1578 3686 sancta
1613 3636 1727 3688 loca
1769 3633 2171 3703 ingrediuntur,
2203 3641 2260 3689 et

712 3723 934 3780 adorant
969 3724 1078 3777 illic
1127 3723 1436 3778 Dominum.
1492 3723 1745 3794 Exsurge,
1777 3724 1984 3793 inquit,
2020 3724 2258 3790 Domine,

710 3819 763 3870 in
785 3817 1007 3886 requiem
1041 3826 1207 3882 tuam,
1233 3825 1286 3869 tu
1311 3825 1361 3869 et
1397 3833 1520 3869 arca
1545 3815 1978 3884 sanctiﬁcationis
2001 3824 2125 3879 tute,
2158 3816 2261 3870 hoc

706 3917 810 3974 est,
859 3919 964 3964 tuae
1015 3909 1320 3964 divinitatis
1371 3909 1803 3974 tabernaculum,
1853 3919 2006 3963 tuum
2054 3909 2260 3964 scilicet

683 3999 1139 4078 sacratissimum
1177 4016 1397 4069 corpus.
1439 4000 1904 4065 Quemadmodum
1929 3999 2085 4054 enim
2133 4013 2258 4054 arca

707 4088 794 4144 illa
828 4098 1016 4144 sancta
1054 4091 1144 4146 Dei
1175 4106 1238 4145 ex
1287 4091 1793 4161 incorruptibilibus
1819 4086 2260 4158 lignis’fabricata

705 4192 844 4245 erat,
870 4192 923 4238 et
959 4184 1252 4252 purissimo
1289 4185 1514 4252 insuper
1538 4197 1671 4238 auro
1696 4183 1967 4247 inaurata,
2003 4184 2074 4236 ita
2095 4181 2258 4238 etiam

709 4279 985 4336 assumpta
1044 4271 1249 4326 Christi
1297 4271 1606 4327 humanitas
1657 4288 1740 4343 ex,
1773 4275 2086 4343 incorrupto
2139 4273 2258 4343 ejus

705 4371 931 4439 corpore
957 4370 1071 4412 erat
1102 4369 1402 4430 compacta,
1433 4377 1499 4416 ex
1531 4363 1756 4432 ipsaque
1783 4379 1909 4417 vera
1938 4377 2002 4418 ac
2027 4366 2256 4421 sanctis—
2301 4430 2304 4434 ,

707 4446 844 4499 sima
879 4447 1163 4504 divinitate
1198 4451 1279 4521 (ut
1335 4452 1409 4505 ita
1458 4451 1660 4523 dicam)
1697 4463 1814 4509 erat
1848 4455 2120 4521 deiﬁcata,
2163 4471 2259 4526 per

709 4539 960 4593 unionem
999 4541 1254 4594 nimirum
1291 4542 1437 4595 illam
1489 4533 1810 4600 ineﬁ'abilem
1862 4547 1974 4602 veri
2008 4547 2121 4603 Dei.
2156 4545 2258 4603 Sa-

706 4629 938 4684 cerdotes
971 4630 1048 4683 tui
1079 4630 1618 4702 iudueuturjustitia,
1643 4636 1953 4703 evangelica
1980 4638 2256 4700 nimirum,

706 4722 787 4774 vel
821 4722 967 4775 omni
996 4723 1257 4776 virtutum
1281 4739 1480 4795 genere
1502 4727 1841 4779 ornabuntur
1865 4742 1879 4790 ;
1907 4736 1957 4779 et
1986 4729 2155 4780 sancti
2184 4729 2260 4782 tui

705 4810 1070 4878 exsultabant,
1109 4823 1164 4867 et
1202 4815 1512 4883 quieunqne
1545 4832 1667 4869 cum
1701 4815 2078 4870 sacerdotibus
2109 4829 2262 4869 ama-

708 4913 855 4957 tores
885 4901 1086 4957 fuerint
1126 4905 1414 4972 virtutum,
1445 4908 1744 4976 angelicam
1784 4917 2099 4978 peragentes
2131 4921 2262 4962 con-

708 4995 1091 5056 versationem,
1117 4994 1332 5052 illorum
1359 4998 1522 5052 etiam
1556 5014 1702 5051 more
1727 5000 2095 5055 cxsultahunt.
2127 4999 2263 5052 Pio-

706 5097 820 5156 pter
851 5085 1017 5139 Dauid
1054 5102 1257 5141 servum
1299 5100 1468 5155 tuum,
1499 5106 1560 5141 ne
1603 5099 1808 5143 avertas
1848 5091 2033 5157 {aciem
2067 5092 2259 5146 Christi

709 5181 807 5234 tui.
855 5177 911 5233 Si
955 5180 1160 5232 nullatu
1202 5182 1364 5234 aliam
1408 5183 1477 5236 ob
1502 5198 1750 5244 causam,
1781 5192 2001 5250 propter
2037 5172 2119 5236 me
2149 5183 2258 5236 Sul-

710 5279 813 5321 lcm
846 5285 1064 5324 servum
1095 5279 1246 5323 tuum
1273 5311 1286 5335 ,
1319 5287 1525 5341 quaeso,
1559 5291 1626 5329 nc
1655 5274 1856 5328 Christi
1905 5274 1980 5327 tui
2015 5289 2256 5344 praesen-

713 5361 836 5412 tiam
860 5372 1098 5429 avertas,
1127 5364 1218 5432 qui
1251 5378 1346 5432 per
1376 5365 1804 5420 incarnationem
1838 5381 1991 5421 suam
2026 5366 2258 5420 homini-
2293 5360 2295 5363 ’

709 5449 811 5504 bus
846 5440 1158 5520 apparéhit;
1191 5455 1436 5524 quinimo
1473 5470 1601 5525 rogo
1631 5467 1682 5509 te
1725 5466 1781 5511 ut
1815 5458 1924 5512 cito
1977 5465 2255 5527 appareat.

709 5539 923 5595 Veritas
952 5542 1115 5595 etiam
1150 5562 1268 5612 qua:
1289 5545 1478 5614 'jurata
1511 5544 1611 5599 fuit
1638 5547 1740 5614 ipsi
1773 5547 1938 5601 David
1969 5548 2110 5617 quod
2139 5549 2259 5617 ejus

704 5640 897 5686 semen
946 5646 1333 5690 consessurunt
1383 5646 1527 5692 esset
1578 5651 1744 5705 super
1802 5639 2051 5693 thronum
2107 5638 2256 5707 regni

703 5723 847 5792 ejus,
875 5725 941 5779 ad
969 5724 1143 5795 ipsum
1167 5725 1327 5782 etiam
1355 5729 1627 5786 Christum
1654 5730 1906 5798 pertinet.
1938 5727 2030 5784 Hic
2056 5731 2254 5785 ctenim

2360 3441 2606 3508 κιϐωτὸς
2659 3441 2764 3494 τοῦ
2805 3441 3168 3511 ἁγιάσματός
3203 3458 3347 3497 σου⁶
3379 3440 3670 3508 ἀνάστηθι
3703 3442 3789 3494 ,ὲκ
3817 3455 3917 3493 νε-

2361 3532 2537 3599 κρῶν,
2566 3533 2661 3586 καί
2690 3531 2937 3601 ἀνάϐηθι
2967 3537 3051 3598 εἰς
3077 3535 3182 3587 τὸν
3220 3536 3434 3602 θρόνον
3456 3533 3562 3602 τῆς
3583 3535 3650 3587 ὲν
3676 3529 3913 3602 οἱφανῷ

2356 3623 2677 3687 βασιλείας
2701 3621 2838 3688 σου,
2859 3624 2940 3677 σὺ
2957 3627 2989 3683 ό
3013 3626 3178 3692 Θεὸς,
3196 3627 3369 3680 καὶτὸ
3388 3627 3748 3699 πρόσλημμά
3770 3639 3911 3681 σου.

2361 3713 2530 3768 Τοῦτο
2575 3714 2685 3786 γὰρ
2740 3714 2967 3779 κιϐωτὸς
2995 3717 3093 3786 τῆς
3121 3703 3608 3790 ἁγιωσύνης,’ήτοι
3645 3719 3916 3785 σκήνωμα

2359 3808 2458 3878 τῆς
2501 3805 2748 3877 θεότητος
2768 3822 2782 3838 ·
2823 3808 3012 3879 ὥσπερ
3050 3809 3156 3879 γὰρ
3189 3810 3221 3879 ἠ
3272 3808 3497 3872 κιϐωτὸς
3522 3810 3587 3862 ἐκ
3609 3808 3779 3873 ξύλων
3812 3809 3918 3879 μιν

2364 3899 2625 3961 ἀσήπτων
2652 3901 3077 3965 κατεσκεύαστο,
3111 3901 3421 3972 κεχρύσωτο
3444 3901 3501 3954 δὲ
3533 3885 3756 3970 καθαρῷ
3780 3918 3916 3971 χρυ-

2363 3992 2459 4060 σῷ,
2477 3989 2619 4044 οὕτω
2637 3992 2730 4043 καὶ⁵
2749 3991 2810 4044 τδ
2827 3992 3154 4061 πρόσλημμα
3173 3994 3235 4045 ὲκ
3266 3991 3514 4062 σώματος
3532 3993 3631 4060 μὲν
3657 3991 3915 4060 sataque.
3960 3981 3962 3983 ’

2362 4098 2456 4152 pou
2496 4080 2876 4152 συμπέπηκτο.
2894 4081 3180 4134 Ἐτεθέωτο
3207 4081 3263 4134 δὲ
3294 4083 3358 4134 ἐκ
3385 4081 3634 4152 θεότητος
3653 4083 3913 4152 φυσικῆς,

2365 4172 2566 4245 κυρίως
2596 4172 2868 4246 θεότητος,
2911 4174 3076 4245 ῆγουν
3120 4176 3183 4228 ὲκ
3212 4174 3312 4244 τῆς
3345 4173 3590 4239 ἐνώσεως
3617 4174 3710 4228 τοῦ
3742 4174 3918 4239 όντως

2360 4264 2514 4319 Θεοῦ.
2571 4266 2635 4320 Ol
2666 4266 2862 4334 ίερεῒς,
2904 4265 3090 4336 φησὶν,
3138 4266 3495 4321 ἐνδύσονται
3519 4267 3920 4334 δικαιοσύνην

2360 4356 2631 4428 τὴνκατὰ
2670 4358 2730 4408 τὸ
2753 4357 3106 4424 Εὑαγγέλιον,
3134 4359 3251 4427 ἦτοι
3278 4357 3714 4429 κοσμηθήσονται
3742 4359 3918 4428 ἀρετῇ

2361 4450 2532 4518 πάσῃ·
2556 4448 2652 4501 καί
2681 4451 2734 4501 οἱ
2758 4447 2914 4500 ὅσιοι
2941 4463 3056 4502 σου
3075 4439 3558 4517 ἀχαλλιάσονται·
3580 4449 3673 4502 καὶ
3691 4446 3741 4502 οί
3770 4451 3918 4518 μετὰ

2360 4539 2488 4602 τοὺς
2515 4541 2680 4610 ἱερεῖς
2695 4556 2786 4592 σου
2809 4539 3092 4608 φιλάρετοι
3109 4540 3914 4614 ἀγαλλιάσονται,πολιτευόμε·

2361 4646 2440 4682 νοι
2469 4629 2795 4699 ἀγγελικῶς.
2823 4630 3097 4698 Ἕνεκεν,
3128 4632 3280 4703 φησὶ,
3329 4633 3504 4688 Δαόὶδ
3528 4632 3635 4701 τοῦ
3679 4633 3912 4690 δούλου

2360 4740 2493 4788 σου,
2533 4711 2628 4793 ’μὴ
2661 4723 3050 4804 ἀποστρέψας
3076 4726 3141 4778 τό
3166 4726 3486 4794 πρόσωπον
3515 4727 3620 4782 τοῦ
3652 4730 3913 4797 Χριστοῦ

2359 4829 2495 4871 σου.
2551 4817 2611 4869 Et
2674 4816 2769 4868 καὶ
2821 4819 2896 4886 μὴ
2944 4816 3010 4870 δι’
3058 4818 3301 4882 ἄλλοστι,
3349 4818 3482 4874 ἀλλά
3502 4837 3564 4889 γε
3593 4820 3661 4874 δι’
3692 4823 3792 4892 ἐμὲ
3818 4841 3914 4878 τον

2361 4907 2547 4960 δοῦλόν
2575 4925 2694 4980 σου,
2725 4907 2799 4977 μῆ
2829 4906 3288 4978 ἀποστρέψῃςιτὴν
3311 4911 3628 4978 ἐπιφάνειαν
3653 4914 3747 4968 τοῦ
3773 4917 3915 4986 Χρι-

2365 4995 2486 5048 στοῦ
2511 5013 2627 5059 σου,
2695 4995 2976 5064 μέλλοντος
3006 4996 3245 5067 ἐπιφανῆ
3256 5015 3342 5052 ναι
3371 5003 3478 5064 τοῖς
3506 5001 3813 5074 ἀνθρώποις
3841 5006 3913 5060 δι’

2360 5089 2829 5163 ὲνανθρωπήσεως
2857 5100 2870 5114 ⁸
2908 5085 3023 5139 ἀλλ’
3076 5087 3410 5161 ἐπιφανήτω.
3447 5080 3510 5144 'H
3535 5095 3826 5164 ὁμοσθεὶσα
3853 5098 3911 5152 δὲ

2357 5176 2435 5245 τῷ
2490 5175 2654 5230 Δαϐὶδ
2705 5175 2955 5246 ἀλήθεια,
3017 5178 3135 5248 ἢτοι
3169 5180 3228 5234 τδ
3275 5185 3338 5236 ἐκ
3381 5186 3692 5256 σπέρματος
3739 5190 3908 5243 αὐτοῦ

2360 5269 2583 5321 καθίσαι
2640 5271 2720 5330 εἰς
2770 5268 2862 5320 τὸν
2913 5267 3100 5340 θρόνον
3124 5275 3220 5344 τῆς
3269 5276 3546 5346 βασιλείας
3600 5281 3783 5345 αὐτοῦ,
3814 5285 3909 5339 τὸν

2360 5358 2595 5430 Χριστὸν
2641 5360 2902 5430 ᾐνίττετο.
2934 5359 3103 5428 Οὗτος
3133 5368 3241 5437 γάρ
3287 5369 3435 5421 ἐστιν
3459 5373 3486 5423 ό
3523 5371 3729 5440 κυρίως
3757 5375 3916 5446 βασι-

2361 5450 2486 5515 λεῦς
2528 5453 2622 5506 τοῦ
2665 5453 2904 5526 Ἰσραὴλ,
2934 5459 2998 5510 ἐκ
3027 5459 3338 5530 σπέρματος
3370 5462 3462 5515 τοῦ
3487 5463 3652 5518 Δασὶδ
3681 5468 3779 5537 μὲν
3808 5470 3919 5538 ὣν,-

2361 5544 2503 5597 κατὰ
2554 5545 2651 5616 τὴν
2713 5549 2925 5620 μητέρα
2971 5554 3034 5604 ἐκ
3078 5554 3270 5620 γένους
3313 5554 3474 5607 Δαὸὶδ
3504 5562 3911 5633 καταγομένην,
3959 5537 3964 5540 ἱ

2364 5634 2611 5704 βασιλεὺς
2634 5638 2688 5692 δὲ
2731 5642 2868 5694 κατὰ
2891 5644 2950 5696 τὸ
2978 5646 3282 5714 νομοθετεῖν
3301 5649 3411 5709 τοῖς
3431 5647 3688 5720 ὑπηκόοις
3703 5655 3909 5717 αὑτοῦ,

2362 5733 2458 5786 καὶ
2491 5734 2800 5805 ῥυθμίζειν,
2831 5739 2922 5791 καὶ
2944 5737 3246 5808 περιέπειν,
3279 5739 3373 5794 καὶ
3403 5740 3941 5819 ὑπεραποθνήσκειυ-
