4144 6296
588 417 606 481 1
621 415 711 480 2‘27

1047 529 1318 583 Crtttlii‘ttm
1359 541 1689 579 asrrnsnunt.

1055 618 1371 675 PSALMUS
1409 614 1667 671 CXXXII.

651 694 880 770 Vensi.
916 710 1045 764 Ecce
1080 725 1206 763 sane
1244 706 1368 776 quid
1400 693 1612 783 bontTnt,
1658 712 1747 756 aut
1788 698 1910 770 quid
1954 700 2144 764 iucun-

581 810 727 873 dum,
768 821 927 873 quam
959 804 1198 857 habitare
1232 799 1424 867 fratres
1457 799 1510 850 in
1538 811 1720 850 unum.
1754 792 2027 862 lntegram
2060 798 2147 844 at-‘

584 915 691 970 quc
723 899 934 968 plenam
967 895 1304 964 captivorUm
1354 888 1757 944 restitutionem
1804 883 2146 954 prospiciens

586 995 775 1045 beatus
814 984 1001 1049 David,
1029 993 1083 1038 ct
1106 981 1378 1049 quomodo
1402 996 1429 1034 a
1460 976 1963 1049 perturbationibus
1985 984 2149 1045 atque

585 1084 653 1135 ab
690 1078 947 1133 a-rumnis
984 1074 1193 1131 liberati
1217 1113 1231 1136 ,
1263 1071 1521 1142 templum
1553 1081 1604 1125 ct
1635 1070 1910 1124 civitatem
1948 1068 2146 1121 iterum

584 1170 899 1227 mditicaturi
932 1176 1107 1231 erant,
1135 1173 1189 1220 ct
1214 1165 1316 1220 sub
1341 1177 1449 1217 uno
1483 1161 1732 1232 principe
1757 1160 1920 1214 vitam
1947 1157 2148 1221 acturi,

586 1260 841 1315 admouet
872 1272 987 1322 eos,
1030 1270 1097 1309 ne
1136 1269 1328 1310 rursus
1353 1252 1690 1316 dividantur,
1721 1266 1791 1305 ne
1821 1250 1874 1304 in
1903 1250 2150 1304 diversas

588 1367 651 1403 ac
675 1348 853 1402 varias
888 1346 1210 1403 scindantur
1237 1352 1441 1422 partes,
1476 1351 1534 1396 ut
1578 1348 1765 1406 antea,
1803 1337 2022 1409 quando
2053 1339 2153 1394 de-

587 1458 702 1496 cem
739 1444 913 1495 tribus
950 1439 1228 1509 proprium
1258 1435 1530 1491 habebant
1561 1432 1752 1488 ducem
1783 1473 1797 1498 ,
1839 1441 1893 1488 et
1930 1431 2155 1502 reliqua:

589 1528 709 1580 tina:
744 1527 975 1579 alterum
1006 1525 1391 1594 imperatorem
1425 1538 1438 1575 :
1475 1536 1594 1593 quae
1635 1535 1724 1576 res
1760 1521 2154 1589 transgressio-

590 1634 718 1671 num
749 1617 883 1686 legis
929 1615 1475 1684 eoutentionuntque,
1519 1621 1571 1669 et
1621 1613 2001 1667 calamitatum
2034 1627 2156 1680 per-

592 1726 734 1780 saepe
770 1709 875 1765 illis
913 1723 1081 1763 causa
1118 1707 1241 1762 fuit.
1287 1706 1565 1762 Admonet,
1590 1704 1752 1774 igitur
1781 1718 1892 1765 eos,
1925 1711 1981 1755 ut
2014 1716 2155 1767 una,

592 1810 752 1868 atque
784 1802 888 1853 sub
937 1798 1129 1854 eodem
1175 1793 1375 1866 degant
1427 1791 1694 1862 principe,
1742 1791 1980 1844 dicens:
2021 1789 2159 1842 Ecce

1720 406 2101 468 EUTllYMli
2149 403 2511 467 ZIGABENI

3673 397 3822 463 1928

2808 518 2953 594 ᾨδῖι
3014 520 3249 588 ὁμοίως.

2800 611 3099 665 ΨΑΛΜΟΣ
3138 611 3308 664 PAB’.

2328 700 2577 768 Ἰδοὺ’δή
2608 718 2661 755 τι
2691 702 2899 763 καλὸν,
2932 701 2971 771 ἢ
2995 703 3052 755 τί
3069 701 3557 769 τῳπνὸνβλϊῆ
3584 702 3650 756 τὸ
3676 718 3833 754 κατ-

2247 793 2433 848 οικεῖν
2472 784 2774 862 ἀδελφοῦς
2803 794 2901 847 ἐπὶ
2925 794 2993 847 τὸ
3020 793 3200 858 αὑτό;
3231 793 3343 864 Τὴν
3392 793 3603 848 τελείαν
3637 793 3831 846 αὐτῶν

2248 885 2697 939 ἀποκατάστασιν
2718 882 2952 955 προϊδὼν
2968 889 2995 938 δ
3019 886 3204 952 Δαϐὶδ,
3233 885 3383 949 ὅπως
3410 883 3829 953 ἀπαλλαγέντες

2248 975 2361 1028 τῶν
2381 976 2743 1045 ἐνοχλούντων
2773 975 3137 1046 ᾠκοδόμησαν
3171 975 3268 1031 καὶ⁵
3296 975 3400 1029 τὸν·
3415 976 3564 1041 ναὸν,
3595 977 3693 1031 καὶ
3718 975 3833 1043 τὴν

2254 1067 2436 1129 πόλιν,
2471 1069 2565 1120 καὶ
2599 1068 2690 1136 ὑφ’
2726 1067 2823 1121 ἕνα
2855 1070 3100 1139 ἀρχηγὸν
3130 1067 3527 1131 ἐπολιτεύοντο,
3562 1069 3832 1138 παραινεῖ

2258 1160 2332 1230 μὴ
2391 1159 2798 1230 διασχισθῆναι,
2852 1161 3106 1230 καθάπερ
3139 1162 3200 1215 τὺ
3230 1162 3495 1232 πρότερον
3516 1179 3529 1193 ·
3562 1163 3726 1232 ἡνίκα
3765 1162 3830 1213 αἱ

2255 1251 2384 1303 δέκα
2420 1252 2519 1319 μὲν
2553 1251 2722 1318 φυλαὶ
2749 1250 2879 1305 ἴδιον
2913 1248 3059 1322 εἶχον
3089 1253 3331 1323 ἡγεμόνα
3351 1269 3366 1284 ⁸
3395 1254 3452 1307 αἱ
3499 1253 3592 1306 δύο
3619 1252 3677 1306 δὲ
3714 1253 3834 1305 πᾶν

2254 1341 2343 1394 λαι
2376 1340 2528 1406 ἴδιον,
2553 1341 2581 1394 ὃ
2604 1341 2803 1412 πολλῆς
2824 1341 3007 1406 αὐτοῖς
3033 1344 3402 1412 παρανομίας,
3432 1343 3525 1397 καὶ
3554 1343 3829 1404 στάσεως,

2257 1437 2355 1489 καὶ
2379 1436 2683 1507 συμφορῶν
2715 1438 2895 1490 αἴτιον
2933 1437 3186 1505 ἐγένετο·
3229 1435 3346 1491 ἀλλ’
3371 1434 3505 1507 ὁμοῦ
3553 1437 3835 1489 κατοικεῖν

2257 1528 2353 1582 καὶ
2385 1528 2477 1598 ὑφ’
2508 1528 2605 1582 ἕνα
2658 1516 2903 1598 ἡγερόνα
2928 1527 3246 1583 τάττεσθαι.
3279 1529 3409 1583 Ἰδοὺ
3450 1527 3535 1599 δὴ,
3562 1528 3615 1580 τί
3636 1528 3833 1592 καλὸν,

2258 1618 2291 1687 ἥ
2323 1618 2372 1671 τε
2396 1618 2628 1689 τερπνὸν
2660 1618 2855 1682 οὕτως,
2888 1621 2936 1672 εἰ
2973 1620 3048 1689 μὴ
3079 1622 3357 1672 κατοικεῖν
3374 1619 3636 1688 ἀδελφοὺς
3666 1618 3832 1690 ἃμα;

2258 1710 2292 1780 ἦ
2324 1709 2402 1779 τῷ
2431 1710 2580 1782 τόπῳ
2613 1710 2644 1780 ἢ
2677 1712 2743 1782 τῇ
2776 1710 3006 1782 ὁμονοία
3041 1726 3056 1741 ο
3088 1710 3259 1764 πολλὰ
3289 1712 3398 1780 γὰρ
3443 1710 3587 1763 καλὰ
3615 1711 3735 1778 μὲν,
3761 1710 3834 1763 οὐ

2259 1801 2469 1868 τερπνὰ
2503 1802 2560 1854 δέ
2589 1819 2602 1832 ·
2638 1802 2732 1855 καὶ
2763 1798 2923 1866 αὖθις
2961 1803 3175 1873 τερπνὰ
3209 1803 3328 1873 μὲν,
3353 1804 3414 1855 οὐ
3441 1801 3583 1855 καλὰ
3631 1801 3687 1855 δέ
3713 1818 3728 1831 ⁸
3794 1803 3832 1871 ἠ

592 1905 670 1943 sai
694 1906 725 1943 e
750 1890 878 1959 quid
914 1898 1022 1945 tam
1050 1890 1272 1952 bonum,
1298 1894 1388 1938 aut
1419 1883 1548 1953 quid
1578 1893 1684 1936 tam
1717 1881 2022 1953 jucundum
2050 1889 2154 1948 est,

2268 1891 2313 1944 δὲ
2377 1893 2681 1963 ὁμοσκηνία
2736 1896 2830 1948 καὶ
2862 1896 3091 1964 ὁμόνοια
3123 1894 3233 1947 τῶν
3262 1893 3507 1963 ἀδελφῶν
3540 1893 3835 1964 ἀμφότερα

592 1997 753 2050 quam
792 1989 846 2033 ut
875 1979 1068 2034 fratres
1103 1975 1292 2034 eodem
1326 1975 1571 2051 babitent
1593 1974 1648 2028 in
1685 1973 1827 2040 loco,
1857 1983 2018 2043 atque
2046 1974 2152 2027 eis-

594 2072 713 2124 dem
739 2070 961 2133 animis,
987 2084 1199 2124 summa
1217 2083 1339 2122 cum
1370 2065 1665 2121 concordia
1693 2074 1748 2121 et
1772 2068 2073 2123 consensu?
2094 2066 2157 2122 Et

599 2163 760 2216 multa
788 2163 1003 2232 quidem
1042 2162 1181 2216 bona
1214 2170 1360 2226 sunt,
1388 2173 1508 2228 qum
1531 2172 1637 2212 non
1665 2157 2075 2226 suntjucundu,
2104 2169 2158 2215 ct

2262 1984 2546 2053 κέκτηται,
2579 1987 2722 2057 ειπερ
2781 1987 2919 2058 ὁμοῦ
2955 1986 3234 2047 σιινελθεϊν
3302 1987 3378 2051 ὠς
3430 1987 3636 2055 σφόδρα
3666 1985 3839 2038 εὔπο-

2268 2092 2383 2147 ρον.
2435 2070 2568 2129 Εἶτα
2627 2078 2786 2131 τοῦτο
2837 2079 2899 2131 τὸ
2949 2077 3154 2146 ἀγαθὸν
3194 2077 3523 2149 παρεικάζει
3568 2074 3839 2145 παραδεί-

2267 2182 2460 2235 γματι.

597 2270 810 2308 rursum
854 2253 1089 2323 jucunda
1143 2254 1332 2315 multa,
1383 2266 1503 2320 quae
1548 2264 1653 2304 nou
1704 2249 1886 2304 bona:
1929 2249 2154 2305 fratrum
2212 2267 2393 2310 autem
2472 2261 2765 2315 concordia
2837 2270 2891 2315 et
2937 2260 3247 2316 communis
3304 2273 3493 2314 eorum
3546 2258 3839 2319 habitatio.

599 2360 889 2418 utrumque
926 2349 1029 2403 lioe
1060 2349 1115 2402 in
1149 2362 1207 2403 se
1244 2348 1444 2400 bonum
1474 2329 1739 2398 continet.
1763 2341 1981 2397 Nemini
2008 2344 2153 2399 enim
2188 2347 2412 2403 dubium
2439 2366 2561 2407 esse
2588 2360 2739 2422 puto,
2772 2351 2914 2423 quod
2980 2352 3228 2409 fraterno
3276 2351 3566 2406 consensui
3623 2359 3842 2403 utrum-

596 2456 700 2510 que
734 2434 855 2493 'hoc
894 2440 1179 2494 conveniat
1231 2436 1453 2490 bonum.
1517 2433 1722 2488 Deinde
1776 2433 2154 2502 lmjuseemodi
2186 2436 2791 2504 bonum,similitudine
2813 2452 2975 2515 atque
3005 2440 3269 2514 ,cx’cmplo
3323 2443 3560 2511 quodam
3621 2442 3845 2499 descri-

598 2538 695 2600 bit,
725 2538 913 2592 dit‘ens
944 2551 957 2588 :

666 2633 833 2687 Vens.
866 2634 921 2688 2.
947 2629 1097 2687 Sicut
1129 2605 1446 2699 unguentum
1477 2628 1530 2681 in
1558 2628 1749 2697 capite,
1781 2628 1920 2697 quod
1953 2626 2166 2682 descen-

600 2725 674 2778 dit
708 2724 761 2776 in
790 2722 1044 2786 barbam,
1089 2720 1309 2774 barbam
1338 2721 1540 2773 Aaron.
1578 2717 1692 2772 lloc
1726 2716 1869 2787 quod
1905 2717 2165 2784 diximus,

599 2812 734 2869 adeo
764 2813 963 2867 bonum
997 2820 1080 2867 est
1110 2821 1163 2866 et
1184 2808 1510 2881 jucundum,
1538 2809 1681 2863 sicut
1712 2807 1880 2879 legale
1907 2807 2035 2861 illud
2065 2823 2168 2861 un-

600 2910 883 2973 guentum,
945 2919 1053 2973 quo
1115 2902 1432 2959 sacerdotes
1481 2901 1845 2969 ungebantur,
1907 2897 2167 2968 quodque

599 3009 765 3065 super
791 3009 978 3049 eorum
1009 2994 1187 3063 capita
1218 2988 1422 3047 etl‘undi
1455 2992 1686 3047 solebat.
1727 2989 1860 3043 Nam
1900 2989 2166 3060 quemad-

599 3089 817 3144 modum
848 3086 1214 3157 hujuscemodi
1241 3093 1577 3157 unguentum
1603 3085 1807 3139 bonum
1842 3093 1947 3150 est,
1976 3089 2165 3152 utpote

601 3187 869 3242 sanctum,
901 3188 957 3233 et
990 3179 1293 3248 jucundum
1327 3178 1489 3232 etiam
1519 3218 1532 3243 ,
1570 3176 1737 3231 veluti
1771 3174 2108 3231 odoriferum
2150 3192 2163 3228 :

2350 2632 2448 2700 Ὠς
2499 2636 2698 2704 μύρον
2745 2633 2847 2690 ἐπὶ
2903 2632 3179 2704 κεφαλῆς
3238 2634 3302 2688 τὸ
3335 2634 3698 2688 καταϐαῖνον
3734 2634 3844 2688 ἐπὶ

2272 2724 2545 2795 πώγωνα,
2576 2727 2687 2781 τὸν
2710 2726 2962 2797 πώγωνα
2992 2726 3101 2781 τὸν
3121 2727 3367 2794 Ἀαρών.
3416 2726 3601 2790 Οὕτως
3632 2727 3750 2782 ἐστὶ
3778 2728 3846 2780 τδ

2273 2818 2504 2889 πρᾶγμα
2538 2816 2703 2872 καλὸν
2763 2818 2859 2871 καὶ
2908 2817 3160 2889 τερπνδν,
3195 2816 3270 2879 ὡς
3300 2816 3361 2868 τὸ
3384 2816 3607 2886 νομικὸν
3660 2817 3843 2870 ἐκεῖνο

2274 2907 2468 2977 μύρον,
2501 2906 2566 2960 τὸ
2619 2905 2773 2979 χρεον
2808 2907 2935 2970 τοὺς
2990 2908 3158 2978 ἱερεῖς
3180 2944 3195 2971 ,
3254 2905 3314 2958 τὸ
3341 2906 3439 2960 ἐπὶ
3470 2905 3711 2976 κεφαλῆς
3741 2906 3841 2961 τοῦ
3892 2936 3915 2948 ο

2272 2997 2466 3068 ἱερέως
2513 2992 2797 3066 χεόμενον.
2842 2995 3117 3065 Καθάπερ
3150 2995 3312 3049 τοῦτο
3340 2995 3501 3050 καλὸν
3546 2995 3647 3065 μέν
3691 2995 3843 3050 ἐστιν

2392 3064 2568 3154 ἅγιον,
2594 3064 2832 3158 τερπνὸν
2860 3084 2917 3140 δὲ
2941 3085 3017 3150 ὡς
3057 3064 3275 3154 εὗῶδες,
3310 3083 3455 3140 οὕτω
3491 3064 3587 3139 καὶ
3620 3086 3841 3139 ἐκεῖνο·

2274 3176 2439 3231 καλὸν
2456 3178 2577 3247 μὲν,
2628 3177 2707 3243 ὡς
2751 3176 2913 3246 φύσει
2942 3178 3039 3232 καὶ
3065 3178 3213 3248 νόμῳ
3241 3178 3671 3248 ἀπαιτούμενον*
3708 3194 3840 3249 τερ-

602 3269 675 3324 ita
707 3274 761 3324 et
787 3269 876 3323 illa
908 3258 1214 3325 communis
1248 3268 1478 3322 fratrum
1513 3268 1799 3331 habitatio,
1831 3276 1994 3337 atque
2027 3280 2159 3320 con-

2268 3270 2399 3322 πνδν
2441 3269 2517 3332 δὲ,
2557 3268 2633 3332 ὡς
2656 3268 2953 3338 ὠφέλιμονο
3000 3270 3125 3329 ἐπεὶ
3143 3269 3200 3323 δὲ
3223 3269 3331 3323 ἀπὸ
3354 3270 3452 3340 τῆς
3475 3273 3718 3341 κεφαλῆς
3748 3266 3847 3325 ἐπὶ

600 3361 806 3423 cordia,
836 3374 1107 3413 summum
1136 3360 1407 3429 quoddam
1440 3363 1646 3413 bonum
1672 3368 1775 3422 est,
1807 3358 1969 3412 veluti
1996 3355 2165 3426 quod,

600 3459 655 3505 et
690 3462 878 3505 natura
912 3452 1050 3522 ipsa,
1086 3459 1140 3506 et
1171 3452 1288 3521 lege
1321 3450 1485 3505 etiam
1523 3450 1706 3503 divina
1731 3450 2167 3505 commendatur.

603 3543 668 3597 Et
691 3537 992 3611 jucundum
1022 3545 1221 3599 bonum
1248 3550 1353 3608 est,
1382 3557 1447 3597 eo
1485 3542 1612 3612 quia
1642 3542 1774 3597 utile
1806 3548 1911 3606 est,
1942 3549 1997 3596 et
2028 3555 2171 3597 com-

605 3635 843 3689 modum.
873 3634 938 3688 Et
973 3636 1231 3703 quoniam
1274 3649 1303 3688 a
1335 3632 1679 3688 sacerdotqu
1714 3633 1893 3701 capite
1921 3646 2169 3701 unguen-
2206 3618 2213 3625 ’

604 3732 715 3777 tum
761 3723 816 3776 in
876 3723 1097 3777 barbam
1153 3722 1555 3787 descendebat,
1595 3721 1804 3777 addidit
1843 3736 1859 3775 :
1897 3721 2051 3787 Quod
2083 3721 2171 3775 de-

602 3815 799 3867 scendit
837 3814 889 3867 in
922 3812 1163 3879 barbam,
1199 3823 1252 3868 et
1280 3811 1476 3868 deinde
1496 3853 1511 3875 ,
1546 3813 1597 3866 in
1625 3811 1918 3880 cujusnam
1946 3810 2166 3866 barbam

603 3905 993 3988 descenderet,
1051 3904 1320 3976 expressit
1369 3903 1561 3959 dicens
1592 3920 1605 3957 :
1644 3901 1709 3957 In
1746 3904 1967 3958 barbam
1999 3903 2165 3966 ipsius

2272 3359 2364 3412 τὸν
2389 3358 2630 3427 πώγωνα
2652 3359 2710 3411 τὺ
2736 3357 2909 3429 μύρον
2932 3359 3247 3423 κατέϐαινε,
3268 3360 3421 3430 φησὶ,
3460 3359 3522 3411 τὸ
3554 3359 3844 3413 Κατασαῖ-

2275 3466 2387 3502 νον
2450 3449 2547 3503 ἐπὶ
2577 3448 2853 3519 πώγωνα,
2905 3446 3022 3503 εἶτα
3053 3451 3400 3521 προστίθησι,
3423 3451 3521 3504 καὶ
3546 3452 3692 3515 τίνος
3722 3452 3842 3503 πώς

2276 3559 2448 3610 γωνασ
2478 3542 2582 3608 ὃτι,
2610 3543 2718 3595 τὸν
2740 3541 2846 3595 τοῦ
2876 3543 3111 3610 Ἀαρών.
3138 3537 3302 3606 Οὗτος
3323 3538 3430 3615 γάρ
3458 3541 3674 3615 πρῶτος
3693 3542 3845 3611 αὑτῷ

2278 3630 2531 3701 ἔχρισθη.
2584 3631 2653 3682 Ἦ
2672 3631 2770 3683 καὶ
2797 3629 3014 3707 Ἀαρὼν
3041 3632 3212 3701 λέγει,
3242 3633 3419 3687 πάντα
3453 3634 3624 3705 ἱερέα,
3658 3633 3732 3696 ὡς
3777 3635 3844 3686 ἐκ

2277 3717 2372 3770 τοῦ
2418 3716 2631 3788 Ἀαρὼν
2679 3719 3086 3788 καταγόμενον·
3152 3722 3275 3774 ἐπεὶ
3332 3722 3390 3774 δὲ
3449 3724 3557 3776 ἀπὸ
3586 3723 3680 3776 τοῦ
3729 3722 3844 3775 πώ-

2276 3822 2471 3874 γωνος,
2500 3807 2595 3859 καὶ
2647 3806 2740 3860 ἐπὶ
2764 3807 2864 3879 τὴν
2897 3805 3011 3861 ὥαν
3065 3809 3160 3862 τοῦ
3218 3811 3493 3881 ἱερατικοῦ
3543 3813 3844 3883 ἐνδύματος

2274 3894 2431 3960 αὖθις
2468 3897 2627 3952 τοῦτο
2652 3900 2999 3965 κατέϐαινεν,
3034 3903 3280 3974 ἐπήγαγε
3312 3904 3605 3972 καὶτοῦτο,
3642 3905 3839 3973 λέγων.

604 3998 800 4052 Aaron.
827 3996 925 4054 Hie
945 4000 1143 4055 etenim
1177 3997 1521 4054 sacerdotum
1554 3998 1797 4053 omnium
1835 4000 2062 4068 primus,
2087 4002 2365 4066 unguento
2399 4004 2597 4050 unctus
2622 4006 2727 4051 est.
2760 3995 2851 4050 Vel
2909 4011 3005 4063 per
3052 4000 3258 4064 Aaron,
3316 4013 3695 4069 quemcunque
3754 4013 3849 4052 sa—

604 4091 874 4148 cerdotem
910 4092 1183 4162 intelligit,
1216 4102 1477 4162 tanquam
1523 4107 1714 4147 omnes
1750 4094 1817 4146 ab
1851 4108 1944 4146 κου
1975 4088 2400 4150 descenderent,
2448 4096 2501 4140 et
2547 4087 2805 4155 quoniam
2883 4090 3225 4158 unguentum
3279 4091 3383 4145 boe
3456 4106 3485 4144 a
3536 4089 3703 4146 barba
3785 4069 3843 4145 in

603 4184 954 4241 sacerdotalis
1003 4183 1306 4238 indumenti
1363 4188 1513 4236 cram
1563 4197 1754 4238 rursus
1783 4163 2171 4244 descendebat,
2207 4179 2404 4233 lterum
2439 4176 2669 4244 addidit,
2694 4179 2881 4234 dicens
2912 4197 2926 4233 :

675 4276 828 4340 Quod
876 4275 1140 4329 descendit
1188 4276 1242 4329 in
1283 4291 1435 4329 oram
1486 4275 1779 4330 vestimenti
1824 4275 1959 4345 ejus.
2008 4273 2170 4329 Oram

603 4384 698 4421 seu
747 4366 1046 4434 marginem
1102 4367 1432 4430 \‘estimenti,
1476 4367 1668 4437 reliqui
1719 4367 2046 4431 interpretes
2098 4362 2170 4417 Os

604 4458 895 4513 uestimenti
947 4454 1322 4510 reddiderunt.
1377 4455 1452 4509 Eo
1514 4472 1686 4525 usque
1750 4458 1892 4509 enim
1942 4457 2173 4509 descen-

605 4542 788 4605 debat.
1332 4548 1335 4553 ’

680 4640 840 4694 Vens.
861 4639 914 4693 5.
947 4637 1098 4695 Sicut
1125 4654 1212 4692 ros
1251 4637 1503 4700 .Ermon,
1530 4638 1619 4708 qui
1642 4635 1908 4692 descendit
1932 4639 1985 4692 in
2018 4655 2167 4692 mon-

608 4743 681 4785 tes
714 4728 863 4786 Sion.
904 4726 1136 4783 Ermon
1171 4744 1326 4782 mons
1387 4737 1473 4783 est
1524 4727 1731 4783 Libano
1766 4728 2045 4797 adiacens,
2081 4730 2171 4785 ubi

611 4824 776 4874 multa
813 4820 1019 4874 nivium
1045 4817 1199 4889 copia
1232 4828 1612 4879 conservatur,
1645 4817 1791 4871 unde
1824 4833 2049 4888 vapores
2080 4835 2173 4889 ge-

609 4921 893 4976 nerantur,
950 4913 1040 4981 qui
1096 4926 1276 4966 aerem
1327 4912 1595 4965 montium
1651 4908 1782 4963 Sion
1842 4909 2169 4965 crassiorem

608 5012 769 5073 atque
804 5001 1134 5056 liebetiorem
1175 5002 1431 5066 reddunt,
1478 5015 1541 5056 ac
1571 5015 1750 5056 rorem
1795 5003 1999 5057 :estatis
2038 4998 2176 5056 tem-

609 5109 737 5162 pure
773 5107 877 5146 non
913 5091 1185 5145 modicum
1220 5090 1461 5146 alliciunt
1486 5108 1501 5145 :
1526 5106 1686 5162 quem
1719 5091 1924 5147 bonum
1956 5094 2173 5164 quidem

607 5202 729 5241 esse
763 5185 1032 5245 dicemus,
1060 5182 1227 5237 veluti
1260 5193 1418 5238 terra)
1460 5184 1733 5240 arescenti
1761 5185 2173 5250 necessarium,

603 5275 904 5344 jucundum
964 5289 1093 5329 vero
1136 5289 1201 5326 eo
1233 5274 1374 5341 quod
1426 5274 1766 5345 aequabiliter
1793 5285 1848 5329 et
1904 5290 2029 5330 cum
2080 5279 2175 5331 de-

611 5369 901 5419 lectatione
932 5364 1248 5436 supernein
1298 5375 1497 5419 terram
1530 5364 1794 5440 defertur.
1840 5367 1980 5434 Quia
2009 5369 2177 5440 igitur

613 5474 696 5511 ros
731 5458 833 5511 iste
862 5473 1079 5511 causam
1118 5468 1283 5527 atque
1331 5457 1596 5527 originem
1656 5461 1818 5529 liabet
1873 5478 1939 5516 ex
1991 5471 2176 5517 monte

610 5550 862 5613 Airmon,
898 5549 1104 5603 idcirco
1133 5566 1311 5605 rorem
1337 5547 1562 5602 Airmon
1599 5566 1723 5604 eum
1754 5554 2065 5621 appellavit.

683 5643 947 5708 Quoniam
997 5639 1107 5693 illi;
1153 5642 1423 5696 mandarit
1457 5638 1717 5695 Dominus
1743 5644 2172 5699 benedictionem.

609 5729 750 5793 illic,
777 5732 826 5783 id
864 5739 969 5796 est,
994 5730 1046 5785 in
1080 5734 1355 5786 cmnmuui
1388 5731 1745 5795 habitatione,
1774 5735 1829 5787 in
1852 5737 2174 5803 concordia,

612 5820 667 5876 in
720 5836 904 5878 amore
960 5824 1220 5887 fraterno,
1276 5831 1438 5892 atque
1492 5823 1546 5879 in
1585 5822 1896 5894 dilectione,
1942 5842 2063 5897 qua:
2092 5835 2175 5883 est

2202 4505 2254 4563 D

2352 4270 2429 4327 Τὸ
2491 4273 2855 4330 καταϐαῖνον
2893 4275 2993 4329 ἐπὶ
3036 4277 3153 4344 τὴν
3189 4276 3312 4331 ὢαν
3361 4277 3468 4333 τοῦ
3514 4277 3850 4351 ἐνδύματος

2277 4365 2488 4419 αὐτοῦ.
2521 4367 2634 4436 Τὴν
2660 4367 2775 4420 ῶαν
2802 4370 2849 4421 οἱ
2877 4368 3026 4422 ἄλλοι
3060 4369 3413 4441 ἐρμηνευταὶ,
3449 4371 3641 4439 στόμα
3674 4373 3852 4427 ἐνδύ-

2273 4472 2481 4522 ματος,
2513 4456 2786 4521 ἐξέδωκαν
2809 4473 2822 4486 ·
2859 4456 2985 4527 ἄχρι
3016 4460 3123 4529 γὰρ
3151 4460 3343 4513 τούτου
3374 4463 3697 4529 κατήρχετο.

2361 4638 2455 4705 Ὡς
2500 4637 2721 4707 δρόσος
2757 4639 3034 4710 Ἀερμὼν,
3065 4625 3123 4707 ἡ’
3155 4642 3603 4697 καταϐαίνουσα
3638 4641 3737 4695 ἐπὶ
3777 4647 3853 4697 τὰ

2280 4730 2386 4798 ὅρη
2445 4730 2613 4787 Σιὼν,
2686 4731 2932 4802 Ἀερμὼν
2974 4732 3097 4804 ὅρος
3140 4734 3278 4797 ἐστὶ,
3334 4735 3738 4806 παρακείμενον
3766 4735 3851 4806 τῷ

2279 4822 2518 4893 Λιϐάνῳ,
2559 4824 2713 4894 χιόνα
2746 4824 2951 4895 πολλὴν
3002 4826 3258 4893 συνάγον,
3301 4826 3395 4879 καὶ
3427 4826 3716 4896 φυλάττον,
3751 4826 3851 4894 ἀφ’

2279 4908 2347 4984 ἦς
2400 4915 2568 4986 ἀτμοὶ
2613 4899 2989 4986 ἀναδιδόμενοι
3024 4916 3118 4970 καὶ
3153 4918 3244 4971 τὸν
3273 4920 3410 4977 ἀέρα
3439 4918 3530 4971 τὸν
3592 4917 3849 4987 ὑπεράνω

2280 5005 2375 5075 τῆς
2400 5006 2537 5060 Σιὼν
2566 5007 2913 5078 παχύνοντες,
2952 5009 3143 5077 δρόσον
3166 5009 3519 5063 ἀποτελοῦσιν
3546 5011 3604 5063 ὲν
3674 5008 3847 5078 θέρει.

2281 5095 2455 5167 καλὴν
2502 5099 2623 5169 μὲν,
2657 5098 2733 5162 ὡς
2788 5099 3096 5167 ἀναγκαίαν
3119 5102 3185 5172 τῇ
3219 5104 3290 5174 γῇ
3321 5142 3336 5166 ,
3366 5094 3604 5172 τερπνὴν
3636 5101 3716 5170 δὲ,
3772 5101 3851 5163 ὠς

2283 5182 2453 5255 ἡδέως
2477 5193 2569 5244 καὶ
2597 5192 2813 5262 ὁμαλῶς
2841 5195 3294 5266 καταφερομένην
3352 5196 3503 5249 Ἐπεὶ
3529 5193 3625 5248 οὖν
3656 5197 3687 5264 ἡ
3721 5192 3852 5260 δρό-

2285 5296 2376 5342 σος
2426 5281 2561 5353 αὕτη
2595 5285 2658 5336 ὲκ
2709 5285 2804 5337 τοῦ
2851 5283 3104 5355 ’Λερμὼν
3136 5286 3247 5357 ἔχει
3272 5289 3373 5357 τὴν
3420 5288 3622 5342 αἰτίαν.
3660 5283 3852 5354 δρόσον

2282 5369 2376 5424 τοῦ
2420 5373 2671 5444 Ἀερμὼν
2700 5373 2867 5444 αὐτὴν
2898 5376 3177 5433 ἐκάλεσεν.

2354 5649 2484 5702 Ὀτι
2528 5648 2661 5703 ἐκεῖ
2709 5650 3049 5711 ἐνετείλατο
3109 5654 3323 5722 Κύριος
3374 5649 3491 5720 τὴν
3544 5652 3851 5721 εὐλογίαν.

2294 5737 2459 5791 Ἕκεῖο
2484 5736 2624 5807 ποῢ;
2671 5738 2759 5792 Ἔν
2784 5742 2849 5812 τῇ
2868 5742 3193 5810 ὁμοσκηνεᾳ,
3226 5743 3282 5791 ὲν
3314 5742 3379 5810 τῇ
3418 5738 3757 5809 φιλαδελφίᾳ,
3792 5739 3857 5791 ἐν

2285 5833 2351 5903 τῇ
2373 5830 2582 5903 ἀγάπη.
2615 5832 2733 5896 ἥτις
2777 5833 2896 5887 ἐστὶ
2921 5830 2981 5885 τὸ
3015 5829 3311 5901 κεφάλαιον
3341 5831 3447 5887 τῶν
3478 5830 3685 5904 ἀρετῶν
3705 5846 3721 5863 ·
3750 5830 3849 5883 εὑ-
