4144 6296
215 547 366 612 129.9

1364 505 1748 604 comttax'r.
1787 541 1864 600 ιν
1901 542 2256 603 PSALMOS.

3292 543 3428 612 I230

205 668 374 733 Λογῐα
424 665 480 718 δὲ
524 663 672 734 παρὰ
716 661 851 717 Θεοῦ
890 662 988 732 μὲν
1013 661 1092 720 εἰς
1138 658 1459 730 ἀνθρώπους
1514 661 1549 728 ἡ
1595 658 1772 749 χᾴρις,

1880 659 2136 712 virtutum
2170 657 2413 712 omnium
2445 665 2628 726 caput.
2660 656 2932 714 Caeterum
2980 659 3072 714 Dei
3121 661 3425 717 benedictio

211 757 372 825 παρὰ
399 755 457 809 δὲ
487 753 786 826 ἀνθρώπων
809 755 888 816 εἰς
917 751 1048 805 Θεὸν
1078 751 1111 820 ὴ
1143 749 1434 821 ὐμνολογία
1463 751 1555 802 καὶ
1600 747 1771 816 εὐφη-

213 847 338 916 μία,
371 847 519 914 παρὰ
548 846 605 899 δὲ
637 843 941 916 ἀνθρώπων
964 844 1040 907 εἰς
1062 842 1376 914 ἀνθρώπους
1422 842 1454 910 ἡ
1481 839 1620 910 ὑπὲρ
1646 839 1772 891 τού-

213 953 332 990 των
358 937 512 1006 εὐχή.

294 1207 466 1274 Ζωήν
489 1205 728 1272 ἕωςτοῦ
751 1205 984 1271 αἰῶνος.
1010 1205 1118 1257 Καὶ
1145 1203 1294 1265 αὖθις
1316 1202 1432 1256 ἐκεῖ
1457 1203 1780 1272 ἐνετείλατο,

214 1300 319 1353 καὶ
367 1297 654 1352 ἀπέστειλε
700 1296 843 1367 ζωὴν
887 1296 1102 1366 μακρὰν
1157 1293 1259 1356 ἕως
1323 1292 1420 1347 τοῦ
1475 1293 1779 1362 ὡρισμένου

214 1391 422 1454 αἰῶνος
448 1429 464 1456 ,
524 1391 658 1460 παρ’
719 1390 837 1442 ὅλον
904 1387 995 1440 τὸν
1058 1387 1588 1457 ἀποκεκληρωμένον
1649 1385 1781 1454 βίον.

216 1483 441 1552 Ὠσπερ
471 1481 580 1552 γὰρ
608 1484 642 1552 η
683 1484 872 1543 στάσις
902 1478 1162 1541 θανάτους
1187 1474 1501 1546 ἐργάζεται,
1540 1475 1711 1540 οὕτως
1749 1478 1782 1546 ή

216 1574 418 1644 εἰρήνη
459 1571 628 1642 ζωὴν,
655 1569 774 1626 οὔτε
804 1569 1064 1640 ἀλλήλους
1094 1568 1482 1640 ἀναιρούντων,
1510 1567 1634 1620 οὔτε
1651 1568 1781 1638 παρ’

219 1661 437 1732 ἑχθρῶν
488 1662 883 1732 φθειρομένων,
943 1660 1031 1713 διὰ
1093 1660 1153 1714 τὸ
1218 1658 1641 1730 συμπεφράχθαι
1686 1659 1778 1710 καὶ

217 1753 576 1824 ὠχυρῶσθαι.
635 1751 888 1824 Ἀρμόζει
921 1752 978 1806 δὲ
1011 1751 1102 1806 καὶ
1131 1753 1259 1821 ἡμῖν
1285 1754 1312 1804 6
1337 1751 1568 1820 ψαλμὸς.

1861 764 2006 818 erga
2028 749 2273 805 homines
2293 749 2437 805 idem
2469 759 2572 814 est,
2587 751 2727 818 quod
2741 751 2920 806 divina
2938 752 3127 821 gratia,
3141 762 3193 807 et
3209 752 3425 818 bent-di-

1877 844 1984 895 ctio
2004 841 2074 895 ab
2097 841 2406 897 hominibus
2426 841 2481 896 in
2519 843 2683 897 Deum
2714 842 2894 896 divina
2918 843 3034 896 laus
3049 851 3150 906 est,
3170 860 3264 899 seu
3302 859 3427 912 gra-

1877 937 2071 989 tiarum
2093 937 2255 988 actio.
2281 933 2590 988 Benedictio
2613 950 2736 989 vero
2760 935 2827 988 ab
2849 935 3155 990 hominibus
3178 936 3231 989 in
3254 935 3430 990 homi-

1878 1041 1992 1088 nes,
2030 1026 2261 1078 humana
2299 1041 2423 1080 esse
2462 1026 2664 1079 dicitur
2694 1026 2758 1079 ad
2788 1026 2956 1080 Deum
2985 1027 3179 1087 oratio,
3210 1026 3428 1094 quando

1877 1116 2132 1168 nimirum
2163 1130 2258 1184 pro
2285 1117 2405 1169 aliis
2436 1131 2623 1184 preces
2645 1115 2970 1172 eﬂ‘undimus
3003 1116 3067 1169 ad
3099 1117 3284 1170 Deum.

1963 1202 2136 1257 Vitam
2167 1221 2324 1274 usque
2368 1206 2422 1258 in
2468 1207 2744 1262 amulum.
2804 1206 2867 1259 Et
2919 1222 3114 1262 rursus
3169 1206 3428 1260 Dominus

1885 1295 2159 1349 mandavit
2185 1305 2238 1350 et
2266 1295 2411 1350 misit
2440 1297 2492 1355 in
2528 1297 2830 1352 concordes
2852 1299 3099 1352 homines
3115 1299 3424 1351 dittturnam

1886 1384 2048 1436 vitam
2078 1398 2249 1452 usque
2276 1385 2342 1438 ad
2381 1386 2641 1440 steculum
2673 1386 2742 1440 ab
2763 1402 2828 1440 eo
2859 1386 3298 1449 determinatum,
3326 1387 3431 1441 hoc

1882 1480 1988 1538 est,
2031 1488 2124 1541 per
2164 1475 2499 1541 universum,
2530 1490 2593 1529 ac
2625 1484 2987 1544 prazstttutum
3021 1476 3144 1530 vita:
3193 1485 3426 1546 tempus.

1881 1561 2015 1616 Nam
2065 1567 2519 1634 quemadmodum
2565 1568 2840 1623 contentio
2890 1578 3090 1624 mortes
3154 1578 3428 1637 operatur,

1884 1658 1955 1711 ita
1985 1667 2040 1713 et
2090 1672 2193 1727 pax
2225 1658 2410 1725 vitam,
2437 1673 2558 1712 cum
2605 1659 2910 1726 unanimes,
2969 1675 3033 1714 ac
3088 1659 3297 1728 paciﬁci
3336 1661 3432 1711 bo-

1885 1751 2059 1805 mines
2087 1764 2260 1818 neque
2299 1757 2486 1804 mutuo
2531 1764 2653 1804 sese
2697 1750 2967 1812 occidant,
3007 1765 3182 1818 neque
3225 1749 3292 1802 ab
3343 1751 3434 1802 bo-

218 1846 402 1900 stibus
435 1844 554 1900 laedi
591 1847 825 1916 possint,
859 1847 990 1914 quia
1038 1844 1318 1914 conjuncti
1368 1853 1516 1909 sunt,
1552 1853 1606 1898 et
1682 1843 1896 1925 muniti.
1964 1841 2226 1913 Congruit
2255 1844 2416 1897 etiam
2448 1842 2536 1897 hic
2588 1842 2827 1910 psalmus
2883 1841 3128 1896 ﬁdelibus
3177 1841 3432 1895 omnibus

220 1937 576 1994 Christianis.

785 2031 929 2103 ᾮδὴ
983 2036 1216 2103 ὁμοίως.

750 2125 1044 2180 ΨΑΛΜΟΣ
1093 2125 1260 2180 PAI".

310 2215 464 2272 Ἰδοὺ
499 2217 798 2288 εὐλογεῖτε
831 2218 935 2273 τὸν
965 2220 1202 2288 Κύριον,
1234 2219 1455 2285 πάντες
1488 2221 1541 2273 οι
1577 2218 1781 2274 δοῦλοι

219 2307 466 2373 Κυρίου.
521 2306 782 2362 Ἐνταῦθα
813 2307 1071 2361 κατέλυσε
1104 2308 1202 2371 τὰς
1243 2309 1386 2379 ᾠδὰς
1421 2309 1528 2362 τῶν
1573 2308 1782 2363 ἀναὸἀο

224 2398 394 2469 θρων,
433 2400 467 2471 ἢ
517 2399 865 2471 ἀναϐαθμῶν,
910 2403 988 2463 εἰς
1031 2401 1378 2472 εὐχαριστίαν
1423 2399 1781 2463 κατακλείσας

224 2488 324 2541 τὸν
363 2488 539 2556 λόγον.
588 2490 817 2544 Κελεύει
863 2490 972 2558 γὰρ
1014 2490 1351 2560 εὐχαριστεῖν
1392 2489 1468 2558 τῷ
1511 2487 1650 2557 Θεῷ,
1684 2490 1781 2557 τῆς

227 2582 608 2652 αῑχμαλωσίας
638 2583 1034 2650 ἀπαλλάξαντι,
1087 2584 1178 2636 καὶ
1204 2583 1292 2636 διὰ
1317 2581 1584 2635 τοσούτων
1613 2581 1780 2636 ἐθνῶν

226 2673 490 2736 ἁϐλαόεῖς
540 2674 859 2728 ἐπανελθεῖν
909 2675 990 2737 εις
1035 2673 1135 2744 τὴν
1165 2673 1397 2744 πατρίδα
1430 2674 1780 2744 παρασκευά-

227 2777 421 2828 ortv-rt"
440 2761 534 2814 καὶ
578 2761 672 2814 τοῦ
705 2762 959 2832 συνεχοῦς
995 2762 1229 2830 πολέμου
1257 2762 1363 2816 τῶν
1392 2763 1781 2834 πλησιοχώρων

224 2850 678 2923 ιλευθερὼσαντι,
710 2853 917 2908 καὶτὸν
944 2855 1068 2908 ναὸν
1099 2856 1192 2907 καὶ
1215 2854 1316 2925 τὴν
1339 2853 1489 2908 πόλιν
1519 2854 1782 2925 ἀνοικοδοο

2321 2032 2611 2097 ,(ῖαιιιὶειιηι
2648 2051 2976 2090 ascensuum.

2231 2128 2638 2184 PSALMUS
2697 2131 3075 2188 CXXXIII.

1953 2219 2114 2275 Vens.
2152 2222 2198 2277 I.
2238 2220 2368 2275 Ecce
2413 2239 2538 2275 sane
2591 2222 2872 2276 benedicite
2925 2225 3204 2278 Dominum
3253 2244 3428 2280 omnes

1880 2311 2012 2364 servi
2059 2309 2285 2364 Domini.
2335 2311 2554 2365 Cantica
2606 2316 3007 2380 ascensionum,
3041 2333 3135 2371 seu
3176 2321 3256 2385 (ut
3291 2319 3432 2372 dixi-

1881 2401 2021 2467 mus)
2042 2417 2361 2455 ascensuum
2379 2403 2431 2455 in
2449 2405 2546 2457 hoc
2565 2405 2770 2473 psalmo
2787 2406 2942 2460 linem
2961 2408 3250 2477 accipiunt:
3271 2427 3427 2480 quem

1884 2489 2151 2558 Propheta
2185 2493 2236 2544 in
2268 2493 2560 2562 gratiarum
2619 2494 2889 2548 actionem
2934 2496 3182 2552 desinere
3237 2500 3425 2556 voluit.

1883 2579 2045 2636 Jubet
2074 2584 2216 2635 enim
2268 2583 2353 2636 hic
2383 2584 2681 2653 condignas
2711 2584 2822 2639 Deo
2853 2587 3064 2654 gratias
3091 2590 3196 2658 agi,
3245 2591 3339 2658 qui
3375 2600 3428 2645 et

1884 2672 2197 2742 captivitate
2225 2673 2480 2742 populum
2517 2673 2862 2738 liberaverat,
2896 2685 2952 2731 et
3005 2680 3053 2732 ei
3104 2683 3430 2748 praestiterat

1885 2772 1943 2816 ut
1972 2779 2069 2833 per
2100 2771 2180 2817 tot
2210 2763 2458 2819 inimicas
2484 2773 2670 2832 gentes
2716 2765 2918 2822 illa-sus
2973 2780 3136 2838 atque
3179 2779 3326 2827 tutus
3374 2773 3426 2827 in

1885 2858 2114 2926 patriam
2147 2857 2374 2924 rediret,
2415 2867 2469 2912 ct
2503 2859 2572 2912 ab
2619 2860 2855 2916 assiduis
2901 2861 3256 2918 ﬁnitimarum
3299 2881 3430 2934 gen-

227 2945 406 3014 μῆσαι
431 2941 594 3007 δόντι,
622 2945 716 2998 καὶ⁵
747 2948 1021 3000 κατοικεῖν
1047 2945 1214 3010 ἀδεῶς
1233 2945 1356 3017 ἠδη,
1387 2946 1482 3000 καὶ
1504 2944 1778 2999 πολιτεύε-

1882 2947 2019 3003 tium
2053 2936 2232 3003 ‘hellis
2287 2950 2650 3020 quiescerem,
2686 2951 2778 3020 qui
2836 2953 2996 3007 etiam
3051 2954 3321 3010 civitatem
3374 2967 3429 3012 et

227 3034 359 3088 σθαι
411 3037 786 3107 χαρισαμένῳ.
828 3036 1029 3091 Λοιπὸν
1073 3038 1467 3108 εὐχαριστεῖτε,
1515 3037 1699 3106 φησὶν,
1727 3037 1778 3090 οἱ

1886 3036 2142 3106 templum
2171 3053 2388 3093 rursum
2437 3039 2688 3095 aediﬁcari
2733 3043 3070 3109 permiserat,
3119 3044 3430 3116 feceratque

222 3125 429 3192 δοῦλοι,
460 3127 510 3180 oi
538 3127 885 3198 θεράποντες.
913 3126 1107 3191 Δοῦλος
1137 3128 1194 3182 δὲ
1246 3127 1378 3181 Θεοῦ
1407 3128 1435 3181 6
1465 3127 1778 3198 πειθόμενος

1885 3135 1946 3181 ut
1969 3129 2146 3184 securi
2167 3129 2278 3198 jam
2311 3143 2786 3199 conversarentur,
2819 3143 2985 3200 atque
3018 3135 3324 3192 habitarent
3373 3140 3426 3193 in

224 3218 344 3279 τοῖς
370 3219 784 3288 προστάγμασιν
816 3218 1005 3281 αὐτοῦ,
1037 3219 1130 3272 καὶ
1163 3217 1478 3288 θεραπεύων
1510 3217 1691 3273 αὐτόν.

1882 3223 2080 3292 patria.
2136 3221 2209 3278 De
2263 3232 2460 3280 caetero
2507 3226 2676 3293 enim,
2733 3228 2932 3300 inquit,
2963 3244 3059 3284 vos
3099 3245 3130 3285 ο
3181 3233 3322 3286 servi
3375 3243 3429 3288 et

225 3313 473 3367 cultores
503 3310 616 3377 Dei,
647 3309 944 3381 condignas
992 3311 1102 3366 Deo
1134 3310 1339 3383 gratias
1381 3311 1542 3379 agite.
1577 3311 1779 3368 Servus
1810 3319 1988 3368 autem
2067 3312 2163 3370 Dei
2228 3317 2451 3384 dicitur,
2503 3318 2595 3388 qui
2656 3335 2776 3375 eum
2836 3323 2983 3388 colit,
3037 3331 3199 3394 atque
3281 3324 3433 3382 illius

226 3418 383 3473 paret
409 3405 696 3461 mandatis.

307 3501 369 3556 οι
417 3494 674 3562 ἑστῶτες
699 3494 771 3550 ἐν
797 3494 943 3562 οἴκῳ
986 3495 1229 3563 Κυρίου,
1269 3495 1338 3548 ἐν
1367 3494 1582 3562 αὐλαῖς
1611 3494 1780 3550 οικου

1955 3495 2238 3566 ραὶειαιὶε
2268 3495 2322 3547 in
2358 3497 2512 3548 domo
2558 3495 2793 3562 Domini,
2819 3499 2872 3551 in
2914 3499 3050 3554 aulis
3103 3500 3286 3555 domus
3334 3501 3432 3557 De;

233 3591 387 3646 Θεοῦ
433 3586 618 3658 ἡμῶν.
673 3588 735 3639 Ol
782 3585 968 3638 λοιπὸν
997 3585 1230 3646 ἑστῶτες
1253 3585 1310 3637 ὲν
1335 3585 1414 3657 τῷ
1441 3584 1574 3656 ναῷ,
1602 3587 1650 3638 οἱ
1678 3585 1783 3639 ἀπὸ

1886 3585 2078 3638 nostri.
2119 3581 2246 3647 Vos,
2285 3583 2526 3652 inquam,
2562 3582 2674 3638 Deo
2706 3587 3025 3649 benedicite,
3074 3590 3166 3657 qui
3211 3594 3430 3648 assidue

228 3675 330 3731 τοῦ
359 3673 453 3727 νῦν
485 3672 851 3744 εἰσερχόμενοι
875 3672 1282 3740 ἀπαρτισθέντι,
1319 3675 1413 3726 καὶ
1458 3673 1783 3728 ἀπολαϐόν-ιι

1885 3670 1938 3724 in
1993 3669 2192 3740 templo
2244 3672 2681 3739 commoramini,
2745 3675 2832 3742 qui
2888 3678 3144 3744 templum
3191 3694 3219 3732 a
3271 3685 3429 3737 modo

231 3763 334 3821 καὶ
360 3763 459 3835 τὴν
492 3763 825 3834 εὐπρέπειαν
852 3763 944 3817 καὶ
975 3763 1073 3826 τὴν
1103 3762 1358 3831 λατρείαν
1391 3760 1576 3816 αὑτοῦ.

323 3951 420 4004 Ἐν
472 3948 600 4016 ταῖς
640 3947 817 4013 νυξὶν
847 3947 1103 4017 ἐπάρατε
1143 3945 1251 4013 τὰς
1288 3947 1489 4016 χεῖρας
1514 3943 1679 4016 ὑμῶν
1703 3946 1788 4013 εις

234 4041 313 4095 τὰ
353 4040 508 4110 ἅγια,
540 4039 639 4094 καὶ
680 4026 1000 4106 ἐὐλογεῖτε
1028 4038 1135 4091 τὸν
1173 4039 1413 4107 Κύριον.
1457 4036 1550 4106 Μὴ
1579 4037 1677 4106 τὴν
1699 4037 1786 4090 νύ-

239 4152 345 4187 κτα
373 4137 551 4188 πᾶσαν
578 4135 655 4196 εις
682 4131 848 4186 ὕπνον
915 4132 1180 4197 απανᾶτε,
1212 4130 1347 4184 ἀλλὰ
1382 4132 1476 4184 καὶ
1518 4131 1575 4181 ὲν
1619 4128 1789 4198 ταύτῃ

240 4227 482 4297 ἐπάρατε
513 4227 606 4289 τὰς
637 4226 822 4294 χεῖρας
854 4223 1005 4293 ὑμῶν
1059 4223 1138 4288 εἰς
1163 4221 1231 4277 τὰ
1264 4222 1436 4290 Ἀγια
1469 4220 1576 4273 τῶν
1598 4219 1787 4287 ἁγίων,

240 4317 378 4367 ὅπου
416 4315 444 4364 6
473 4314 601 4376 Θεὸς
635 4315 915 4372 κατοικεῖν
939 4313 1158 4383 ἐλέγετο
1175 4313 1264 4367 διὰ
1286 4313 1381 4382 τὴν
1408 4311 1584 4400 ἐκεῖσε
1608 4310 1785 4378 χάριν·
1807 4355 1843 4400 ο

243 4404 339 4461 καὶ
364 4403 657 4478 εὐφημείτε
695 4406 783 4458 τὸν
807 4405 959 4469 Θεὸν,
981 4406 1038 4457 ἐν
1061 4407 1181 4465 ταῖς
1211 4403 1329 4467 νυξὶ
1351 4399 1564 4470 μᾶλλον,
1582 4401 1669 4452 ὅτε
1700 4400 1789 4450 καὶ

243 4499 575 4568 κουφότερος
607 4501 634 4552 ὁ
664 4497 807 4561 νοῦς.
862 4497 956 4550 καὶ
1001 4494 1203 4547 πλείων
1238 4495 1270 4562 ἡ
1324 4491 1519 4562 σχολή’
1549 4491 1598 4542 ει
1647 4488 1703 4542 δὲ
1734 4490 1791 4541 ἐν

243 4591 401 4643 νυκτὶ
456 4589 854 4656 παραγίνεσθαι
920 4587 1056 4656 πρὸς
1114 4585 1204 4638 τὸν
1264 4584 1388 4637 ναὸν
1442 4581 1648 4637 κελεύει
1693 4581 1792 4650 τῆς

240 4677 432 4745 κλίνης
462 4677 872 4744 ἀνισταμένους,
917 4675 1072 4737 ποίας
1112 4671 1357 4735 τεύξεται
1407 4669 1729 4740 συγγνώμης
1763 4668 1792 4721 6

251 4765 390 4836 μηδὲ
419 4766 558 4817 οἶκοι
578 4765 716 4817 κατὰ
745 4764 835 4815 τὸν
863 4765 1054 4831 καιρὸν
1082 4765 1270 4818 τοῦτον
1302 4764 1465 4832 εὐχὰς
1493 4761 1788 4828 ἑπιτελῶν;

232 4851 380 4924 ,Εἶτα
413 4854 769 4926 ύπερεύχεται
799 4855 893 4907 τοῦ
923 4855 1072 4908 λαοῦ.

319 5131 659 5200 Εὐλογήσαι
691 5147 764 5184 σε
790 5131 1000 5197 Κύριος
1025 5129 1092 5183 ἐκ
1129 5127 1300 5190 Σιὼν,
1339 5127 1371 5179 ὀ
1398 5122 1654 5189 ποιήσας
1686 5122 1792 5175 τὸν

248 5225 507 5290 οὐρανὸν
543 5223 640 5274 καὶ
682 5222 794 5289 τὴν
818 5221 951 5291 γῆν.
985 5220 1210 5290 Εἴρηται
1244 5216 1374 5288 περὶ⁵
1410 5214 1598 5267 τούτου
1626 5215 1683 5266 ὲν
1713 5213 1790 5281 τῷ

252 5315 371 5388 ρκξ
427 5312 646 5384 ψαλμῷ,
715 5315 808 5366 καὶ
865 5307 1018 5377 οὗτος
1076 5313 1132 5365 δὲ
1184 5313 1212 5363 6
1271 5307 1481 5379 ψαλμὸς
1538 5305 1792 5376 ἁρμόδιος

247 5408 406 5464 πᾶσι.

841 5496 1222 5560 Ἀλληλοιῆα.

770 5585 1058 5638 ΨΔΛΜΟΣ
1121 5583 1287 5638 PAA'.

319 5681 638 5755 Εῑρήκαμεν
659 5677 1014 5750 προλαϐόντες
1037 5677 1120 5729 ὄτι
1144 5672 1545 5746 εὐχαριστήριοι
1567 5665 1792 5738 ψαλμοὶ,

245 5774 504 5848 τοιαύτην
526 5775 681 5845 ἔσχον
714 5771 1044 5841 ἐπιγραςςὴν.

1887 3761 2203 3831 perfectum,
2235 3779 2443 3832 suoque
2508 3762 2706 3819 decore
2756 3776 2810 3820 et
2857 3768 3006 3821 cultu
3055 3768 3163 3838 jam
3213 3784 3431 3842 recepto
3489 3755 3492 3758 6

1887 3853 2256 3923 ingredimini.

1964 3947 2116 3999 \‘ens.
2143 3947 2198 3999 2.
2233 3943 2295 3998 In
2327 3946 2560 4000 noctibus
2608 3948 2839 4002 extollite
2889 3939 3084 4004 manus.
3124 3965 3319 4008 vestros
3376 3961 3429 4008 in

1887 4043 2089 4096 sancta,
2114 4042 2162 4086 et
2192 4034 2472 4087 benedicite
2512 4035 2808 4089 Dominum.
2840 4033 3035 4101 Nolite,
3064 4039 3259 4108 inquit,
3308 4044 3432 4095 uni-

1888 4140 2096 4178 versam
2132 4132 2345 4180 noctem
2380 4139 2573 4180 somno
2608 4127 2855 4195 perdere,
2894 4129 2986 4183 sed
3021 4131 3075 4183 in
3116 4147 3198 4194 ea,
3241 4148 3430 4186 manus

1890 4229 2096 4271 vesuas
2124 4217 2188 4269 ad
2227 4213 2420 4271 Sancta
2454 4196 2764 4272 sanctorum
2786 4221 3048 4284 extollite,
3087 4223 3177 4277 ubi
3213 4233 3432 4293 propter

1889 4309 2128 4362 divinam
2190 4309 2330 4362 illam
2390 4311 2643 4378 gratiam,
2695 4327 2811 4379 quae
2861 4313 2972 4366 illic
2997 4325 3135 4378 erat,
3188 4315 3432 4368 habitare

1891 4397 2028 4453 Deus
2061 4399 2339 4453 dicebatur
2372 4417 2387 4464 ;
2417 4409 2577 4468 atque
2606 4401 2659 4453 in
2697 4403 2948 4459 noctibus
2972 4405 3236 4472 praecipue
3264 4404 3428 4460 Deum

1891 4491 2126 4555 laudate,
2157 4490 2373 4559 quando
2421 4506 2571 4545 mens
2599 4507 2627 4544 a
2680 4492 3142 4549 sollicitudinibus
3187 4506 3240 4549 et
3287 4497 3433 4550 curis

1892 4580 2062 4650 magis
2090 4593 2259 4632 vacua
2294 4585 2396 4643 est,
2422 4581 2639 4648 quando
2675 4581 2828 4635 vobis
2861 4583 3033 4651 majus
3063 4587 3230 4636 otium
3258 4585 3431 4639 adest.

1893 4667 2048 4735 Quod
2085 4667 2129 4724 si
2158 4680 2320 4722 noctu
2345 4683 2439 4722 eos
2460 4666 2612 4735 jubet
2644 4684 2674 4723 c
2715 4669 2854 4724 lecto
2883 4686 3125 4738 surgere,
3160 4681 3321 4740 atque
3381 4677 3431 4723 in

1892 4759 2148 4827 templum
2202 4760 2483 4824 accedere,
2536 4775 2825 4829 quamnam
2887 4777 3120 4831 unquam
3157 4764 3364 4815 veniam
3399 4764 3433 4815 ii

1824 4840 1868 4907 Β
1898 4861 2296 4922 consequentur
2324 4852 2413 4920 qui
2455 4863 2700 4919 tempore
2741 4852 2851 4916 illo,
2889 4867 3063 4921 neque
3101 4853 3262 4906 etiam
3291 4853 3434 4907 domi

1897 4940 1963 4993 ad
1999 4954 2207 5010 preces,
2227 4953 2404 5006 neque
2433 4937 2498 4991 ad
2518 4938 2816 4993 orationem
2845 4940 3216 5009 consurgunt?
3242 4939 3436 4994 Deinde

1898 5041 2047 5099 rogat
2076 5045 2172 5098 pro
2206 5030 2402 5097 pepulo
2444 5031 2629 5083 dicens
2662 5046 2676 5085 :

1965 5119 2129 5172 Vens.
2163 5117 2526 5173 3.‘Benedicat
2583 5121 2676 5172 tibi
2725 5119 2978 5174 Dominus
3027 5137 3090 5174 ea:
3143 5121 3292 5186 Sion,
3349 5121 3436 5190 qui

1894 5212 2017 5278 [erit
2050 5212 2230 5264 caelum
2267 5221 2312 5264 et
2354 5221 2566 5264 terram.
2592 5211 2677 5264 -De
2705 5211 3075 5280 hujuscemodi
3105 5215 3279 5266 verbis
3309 5215 3433 5268 alibi

1896 5304 2057 5356 etiam
2100 5305 2299 5356 dictum
2349 5314 2453 5368 est,
2501 5303 2750 5359 videlicet
2777 5308 2828 5359 in
2866 5307 3070 5375 psalmo
3107 5320 3304 5358 cxxvn.
3342 5306 3435 5359 llic

1898 5393 2136 5461 psalmus
2165 5403 2416 5461 pneterea
2450 5395 2703 5448 omnibus
2737 5405 2912 5463 potest
2943 5395 3362 5448 accommodari.

2537 5485 2784 5537 Alleluia.

2353 5573 2667 5629 PSALMUS
2702 5573 2980 5628 CXXXIV.

1967 5669 2084 5724 Jam
2118 5669 2168 5720 in
2218 5668 2588 5734 superioribus
2619 5665 2821 5719 dictum
2869 5674 2973 5731 est,
3024 5667 3168 5736 quod
3218 5665 3429 5734 psalmi,

1900 5761 1990 5829 qui
2030 5757 2409 5826 hujuscemodi
2447 5756 2646 5810 habent
2695 5753 3104 5824 inscriptionem
3133 5753 3431 5822 gratiarum

1903 5851 2140 5905 actiones
2171 5849 2470 5903 continent.
