4144 6296
221 493 352 562 1253

1334 473 1748 570 comm-NT.
1787 509 1866 571 IN
1891 510 2246 571 PSALMOS.

3290 521 3430 592 1254
3491 470 3500 476 ’

294 612 740 683 Ἔθαυμιιστώθη
790 612 829 680 ἡ
866 612 1082 683 γνῶσις
1104 629 1219 668 σου
1247 614 1314 679 ἐξ
1337 615 1502 684 ἐμοῦ.
1534 619 1608 672 Τὸ
1631 620 1766 687 γνᾷ.

1950 601 2114 680 Vsus.
2139 624 2191 679 ϐ.
2233 622 2488 676 Mirabilis
2518 627 2661 691 facta
2701 633 2778 678 est
2807 629 3034 697 cognitio
3074 641 3164 684 tua
3189 671 3204 696 ,
3231 649 3294 686 ea:
3329 652 3429 688 me.

211 706 300 758 val
321 722 398 770 σε,
449 705 793 775 ὲμεγαλύνθη
849 707 989 776 ὑπὲρ
1047 707 1144 776 ἐμέ
1180 722 1192 735 ·
1225 707 1368 762 οὕτω
1423 710 1532 781 γὰρ
1577 710 1763 781 ἕτερος

219 799 481 867 ἑρμηνεὺς
513 797 791 861 ἐξέδωκενο
827 798 965 868 ὑπὲρ
998 799 1094 868 τὴν
1120 797 1259 870 ἐμὴν
1288 800 1478 867 γέγονε
1522 802 1762 872 κατάλη·

212 888 322 955 φιν.
372 889 436 941 ’0
459 887 552 941 καὶ
580 889 666 941 διὰ
705 887 798 942 τοῦ
857 888 1053 958 ἑφεξῆς
1109 889 1405 959 ὲσαφήνισε
1429 892 1640 962 στίχου,
1679 893 1763 947 λέ-

213 995 323 1044 γων
356 994 370 1010 ’

297 1068 720 1137 Ἐκραταιώθη,
776 1071 847 1123 οὐ
898 1068 983 1139 μὴ
1038 1070 1299 1139 δύνωμαι
1348 1073 1498 1140 πρὸς
1551 1073 1763 1138 αὐτήν.

222 1160 560 1231 ’ἰσχυροτέρα
599 1161 842 1228 γέγονεν,
892 1161 926 1232 ἢ
984 1160 1123 1214 ὥστε
1178 1162 1589 1232 καταληφθῆναι
1652 1167 1765 1225 τοῖς

212 1252 358 1318 ἐμοῖς
402 1253 702 1322 λογισμοῖςο
729 1254 788 1306 οὐ
855 1253 928 1321 μὴ
963 1253 1164 1322 ἱσχύσω
1199 1255 1343 1324 πρὸς’
1387 1257 1578 1324 αὐτὴν,
1623 1256 1763 1309 ὥστε

213 1343 632 1413 περιδράξασθαι
687 1345 877 1413 αὐτῆς.
941 1345 1142 1398 Γνῶσιν
1175 1346 1231 1398 δὲ
1266 1346 1436 1413 λέγει,
1488 1347 1588 1414 τὴν
1622 1350 1762 1400 κατὰ

210 1433 386 1499 φύσιν,
419 1435 615 1504 ὅτιμὲν
644 1435 749 1505 γάρ
784 1436 948 1503 εστινι
976 1436 1151 1503 ἴσμεν·
1194 1437 1254 1487 τὸ
1270 1436 1325 1487 δὲ
1354 1436 1406 1487 τί
1438 1437 1537 1506 τὴν
1555 1437 1763 1503 οὐσίαν,

207 1523 530 1594 ἀγνοοῦμεν⁹
570 1525 708 1595 ἀλλὰ
741 1524 836 1578 καὶ
859 1525 941 1576 ὃτι
973 1525 1071 1593 μὲν
1109 1525 1387 1594 πανταχοῦ
1422 1528 1560 1588 ἐστι,
1601 1527 1766 1594 γινώ-

207 1633 426 1686 σκομεν.
460 1617 532 1669 Th
555 1618 612 1670 δὲ
650 1615 792 1680 πῶς,
825 1616 923 1668 οὐκ
949 1615 1130 1685 ἴσμεν,
1170 1618 1266 1670 καὶ
1293 1617 1376 1671 ὅτι
1404 1618 1504 1686 μὲν
1540 1618 1762 1686 ἀγαθὸς,

205 1709 300 1760 καὶ
359 1707 756 1778 φιλάνθρωπος,
794 1709 887 1759 καὶ
919 1705 1101 1774 σοφὸς,
1135 1709 1230 1760 καὶ
1267 1709 1502 1771 συνετὸς,
1550 1709 1645 1761 καὶ
1697 1708 1766 1761 τὰ

204 1799 444 1863 τοιαῦτα,
477 1799 716 1869 οἴδαμεν.
757 1801 831 1852 Τὸ
861 1800 918 1854 δὲ
967 1801 1153 1865 πόσον,
1176 1800 1275 1853 οὐκ
1301 1799 1543 1869 οἴδαμεν.
1578 1800 1766 1870 Τούτῳ

201 1887 260 1940 δὲ
285 1889 490 1959 συνᾴδει
515 1889 608 1941 καὶ
630 1891 658 1941 ὁ
699 1887 1128 1958 Ἐκκλησιαστὴς
1164 1888 1337 1955 λέγων
1358 1905 1370 1918 ·
1410 1885 1565 1943 Εἶπα
1600 1902 1619 1921 ν
1656 1892 1766 1943 Σο-

1868 712 2109 783 Cognitio
2138 724 2228 766 tua
2249 754 2264 779 ,
2298 702 2472 784 inquit
2496 754 2512 780 ,
2538 731 2727 784 magna
2754 717 2899 785 facta
2933 729 3009 772 est
3037 737 3190 790 super
3219 739 3297 777 me
3336 727 3431 796 (ita

1866 805 2010 859 enim
2037 805 2181 858 alius
2211 805 2480 874 interpres
2507 805 2704 876 reddit)
2735 807 2834 862 hoc
2865 818 2947 864 cst
2968 846 2982 872 ,
3020 811 3193 880 Super
3216 816 3432 883 capacis

1866 902 2031 950 tatem
2083 896 2389 950 intellectus
2435 899 2536 960 mei
2591 896 2732 952 facta
2792 909 2896 955 est.
2933 899 3086 966 Quod
3144 904 3308 959 etiam
3366 922 3431 962 cx

1867 984 2224 1052 sequentibus
2257 985 2424 1053 magis
2456 984 2770 1048 declaravit,
2806 987 2998 1045 dicens
3029 1006 3046 1045 :

1934 1073 2185 1139 Invaluit,
2210 1085 2259 1128 et
2298 1090 2402 1128 non
2432 1084 2608 1140 potero
2638 1077 2704 1129 ad
2737 1093 2876 1131 eam.
2903 1078 3119 1134 Fortior
3145 1098 3206 1137 ac
3241 1094 3430 1154 poten-

1867 1160 1978 1215 tior
2004 1160 2142 1213 facta
2187 1171 2303 1223 est,
2333 1177 2493 1230 quam
2525 1173 2581 1215 ut
2611 1166 2994 1232 comprehendi
3036 1172 3210 1237 possit
3231 1174 3423 1244 ,‘cogi-

1867 1252 2068 1305 talione
2101 1266 2162 1306 ac
2212 1251 2647 1307 consideratione
2707 1269 2823 1308 mea
2867 1275 2880 1310 :
2910 1266 2964 1310 et
3000 1270 3321 1327 non-potero
3353 1264 3419 1316 ad

1868 1358 1985 1399 eain
2012 1382 2026 1408 ,
2059 1345 2492 1414 appropinquare
2523 1345 2776 1398 nimirum
2799 1383 2817 1407 ,
2854 1347 2925 1400 ita
2963 1357 3022 1402 ut
3069 1353 3427 1418 comprehen-

1869 1433 2011 1487 dam.
2044 1433 2146 1487 Per
2185 1434 2542 1503 cognitionem
2574 1449 2751 1490 autem
2781 1436 2894 1502 Dei,
2931 1439 3062 1492 nihil
3089 1441 3232 1495 aliud
3266 1444 3434 1514 signi-

1867 1521 2029 1576 ﬁcare
2055 1524 2258 1589 voluit,
2293 1539 2453 1592 quam
2487 1526 2627 1580 scire
2655 1536 2707 1580 et
2739 1542 3066 1596 cognoscere
3100 1545 3223 1583 eum
3255 1535 3431 1600 qualis

1870 1624 2082 1667 natura
2134 1614 2226 1670 sit.
2267 1612 2400 1666 Nam
2444 1614 2580 1683 quod
2618 1618 2688 1670 sit
2719 1616 2889 1683 Deus,
2931 1619 3034 1674 hoc
3077 1623 3430 1688 proculdanO

1867 1703 2072 1757 scimus
2100 1743 2114 1767 ,
2139 1703 2267 1771 quid
2299 1713 2474 1757 autem
2503 1744 2517 1768 ,
2553 1717 2642 1759 aut
2667 1709 2842 1772 qualis
2876 1709 2947 1763 sit
2983 1709 3130 1764 illius
3170 1711 3428 1766 substan-

1867 1793 1983 1857 tia,
2022 1793 2354 1862 ignoramus.
2408 1794 2668 1850 Similiter
2720 1798 2863 1867 quod
2919 1799 3226 1871 ubicunque
3292 1802 3430 1857 Deus

1866 1891 1951 1939 est
1978 1923 1991 1946 ,
2028 1886 2278 1941 novimus
2306 1927 2320 1947 .
2362 1888 2632 1956 quomodo
2669 1898 2845 1943 autem
2883 1891 2935 1944 id
2970 1893 3080 1946 lieri
3109 1895 3298 1961 possit.
3333 1912 3430 1950 ne-

201 1978 596 2047 φισθήσομαι,
629 1977 902 2060 καί-αὐτὴ
931 1978 1270 2045 ὲμακρύνθη
1295 1977 1394 2030 ἀπ’
1412 1978 1578 2045 ἐμοῦ,
1609 1976 1763 2042 ὑπὲρ

1868 1973 2091 2027 scimus.
2122 1973 2243 2028 Pari
2273 1976 2433 2028 etiam
2462 1976 2623 2029 modo
2651 1978 2932 2045 novimus,
2950 1983 3092 2050 quod
3124 1975 3297 2038 bonus
3323 1994 3426 2049 est,

203 2067 237 2120 ὃ
266 2064 344 2136 ἧν
368 2085 381 2100 ·
420 2069 517 2122 καὶ
551 2068 712 2132 ,ϐαθὺ
737 2067 950 2134 βάθος,
984 2069 1072 2132 τίς
1117 2067 1362 2135 εὑρήσει
1402 2067 1636 2135 auctir;
1668 2068 1762 2119 καὶ

199 2161 229 2214 ὁ
253 2158 457 2222 Παῦλος
490 2161 545 2213 δέ
570 2177 752 2229 φησιν,
785 2159 846 2209 Ὢ
884 2157 1076 2220 βάθος
1103 2157 1369 2209 πλούτου
1392 2155 1489 2210 και
1514 2158 1760 2224 σοφίας,

201 2248 300 2300 καὶ
324 2247 591 2316 γνώσεως
624 2246 788 2300 8305'
821 2245 901 2310 ὡς
922 2243 1356 2312 ἀνεξερεύνητιι
1383 2243 1454 2295 τὰ
1511 2245 1764 2311 κρίματα

198 2339 404 2401 αὐτοῦ,
453 2340 549 2391 καί
611 2337 1152 2405 ἀνεξιχνίαστοιαι
1185 2335 1310 2387 ὁδοὶ
1354 2335 1562 2405 αὑτοῦ.
1603 2334 1760 2397 Τινὲς

201 2427 288 2489 δὲ,
310 2429 399 2480 καὶ
422 2428 565 2480 οὓτω
593 2429 934 2495 νενοήκασινο
965 2424 1362 2494 ἐθαυμαστώθη
1396 2426 1428 2494 ἡ
1459 2426 1620 2493 σοφία
1666 2441 1759 2476 σου

201 2521 269 2573 sv.
299 2523 394 2589 τῆς
426 2521 568 2589 ἐμῆς
613 2518 974 2581 διαπλάσεως,
1036 2519 1099 2570 ἐκ
1133 2519 1229 2587 τῆς
1261 2519 1395 2587 ἐμῆς
1420 2518 1760 2587 κατασκευῆς

199 2609 566 2679 ικραταιώθη,
589 2611 649 2661 οὐ
677 2611 751 2680 μὴ
773 2609 1016 2678 δύνωμαι
1039 2608 1171 2678 πρὸς
1193 2607 1381 2674 αὐτὴν,
1411 2607 1550 2661 ὥστε
1581 2609 1754 2679 ὑμνῆ-

203 2719 299 2754 σαι
332 2700 498 2770 αὐτὴν
527 2701 712 2765 ἀξίως.
745 2701 882 2754 Ἀλλ’
915 2703 965 2754 εί
1000 2697 1250 2769 μὴ.οἷδας
1277 2700 1443 2769 αὐτὴν
1497 2700 1760 2770 ἀκριϐῶς,

202 2793 324 2856 πῶς
355 2793 649 2862 θαυμάζεις
683 2794 852 2863 αὐτήν
885 2809 898 2858 ;
942 2794 1020 2844 Δι’
1057 2791 1188 2844 αὐτὸ
1227 2791 1386 2844 τοῦτο
1415 2793 1649 2854 πάντως.
1682 2794 1761 2844 ὅτι

199 2884 602 2954 ἀκατάληπτος.
656 2886 762 2939 Καὶ
801 2883 898 2954 τὴν
931 2884 1159 2954 ἡλιακὴν
1197 2884 1303 2952 γὰρ
1342 2885 1536 2958 ἀκτῖνα
1571 2884 1646 2955 μὴ
1672 2885 1764 2939 δυ-

199 2977 426 3046 νὰμενοι
451 2977 805 3046 καταμαθεῖν,
846 2977 911 3030 δι’
929 2960 1056 3029 αὐτό
1085 2975 1242 3028 τοῦτο
1279 2976 1514 3046 μάλιστα
1549 2976 1765 3047 Θαυμάσ-

199 3069 391 3139 ζομεν.
433 3067 583 3133 Εἶτα,
611 3070 705 3122 καὶ
733 3070 922 3140 ἑτέραν
954 3067 1219 3138 θαυμάζει
1258 3069 1484 3138 δύναμιν
1513 3068 1605 3123 τοῦ
1629 3070 1762 3124 Θεοῦ

198 3161 264 3210 τὸ
316 3158 588 3228 πανταχοῦ
651 3160 928 3226 παρεῖναι,
972 3158 1035 3224 τῇ
1065 3155 1308 3224 δυνάμει,
1362 3155 1456 3206 καὶ
1518 3153 1761 3224 προνοίᾳ,

199 3247 304 3300 καὶ
359 3247 537 3300 πάντα
558 3247 718 3299 τόπον
748 3244 1011 3315 πληροῦν.

1869 2062 2013 2130 quod
2077 2063 2629 2135 misericors,_quod
2691 2067 2909 2135 sapiens
2963 2078 3014 2124 et
3062 2080 3291 2138 potens,
3335 2073 3431 2128 sed

1870 2151 2151 2218 bonitatis,
2179 2151 2590 2218 misericordias,
2623 2156 2900 2225 sapientiae
2933 2158 3145 2224 modus,
3171 2169 3264 2213 aut
3297 2177 3432 2231 qua-

1871 2244 1997 2299 litas
2031 2259 2062 2297 a
2096 2254 2283 2300 nostra
2315 2245 2626 2315 cognitione
2663 2249 2854 2316 procul
2905 2258 3006 2304 est.
3061 2253 3157 2304 [iis
3193 2268 3428 2308 consona

1871 2343 2024 2402 sunt,
2045 2352 2165 2405 qua:
2193 2337 2460 2391 habentur
2491 2339 2632 2407 apud
2664 2339 3030 2395 Ecclesiasten
3068 2358 3082 2395 :
3121 2341 3248 2395 Dixi
3278 2359 3297 2397 :
3328 2343 3430 2398 Sa-

1872 2425 2014 2492 piens
2046 2427 2258 2494 eﬂiciar,
2285 2437 2334 2480 et
2382 2428 2496 2496 ipsa
2539 2428 2739 2498 longius
2769 2429 2910 2498 facta
2944 2441 3018 2484 est
3048 2411 3078 2483 a
3112 2449 3190 2486 me
3219 2475 3232 2494 ,
3269 2438 3430 2505 magis

1873 2532 2027 2584 quam
2062 2529 2173 2570 erat
2202 2557 2216 2579 ,
2256 2527 2305 2570 et
2358 2517 2617 2587 profunda
2647 2520 2982 2588 profunditas
3011 2561 3025 2586 ,
3057 2526 3172 2591 quis
3214 2525 3431 2578 inveniet
3513 2553 3518 2556 -

1871 2623 1984 2659 eam
2019 2607 2119 2660 “’3?
2180 2608 2380 2662 Paulus
2426 2610 2587 2664 eliam
2622 2626 2637 2663 :
2687 2609 2731 2665 Ο
2771 2612 3085 2678 profundum
3126 2613 3431 2667 divitiarum

1870 2698 2138 2764 sapientiae
2179 2709 2227 2752 et
2270 2699 2496 2752 scientite
2546 2700 2640 2754 Dei
2689 2701 2859 2766 dixit;
2913 2718 3070 2769 quant
3119 2705 3431 2774 insperscrn-

1871 2789 2055 2842 tabilia
2078 2801 2195 2844 sunt
2218 2791 2422 2858 judicia
2448 2791 2581 2858 ejus,
2602 2801 2650 2845 et
2679 2792 3055 2862 investigabiles
3080 2797 3173 2848 vite
3203 2795 3312 2863 ejus
3338 2797 3382 2827 "
3405 2797 3428 2848 ?

1870 2881 2099 2946 Quidam
2135 2895 2258 2935 vero
2309 2882 2378 2934 ita
2414 2881 2834 2937 intellexerunt:
2870 2883 3128 2938 Mirabilis
3162 2885 3300 2938 facta
3347 2897 3433 2939 est

1871 2971 2095 3026 scientia
2117 3014 2130 3035 ,
2159 2988 2222 3026 ac
2267 2972 2532 3039 sapientia
2564 2981 2651 3025 tua
2690 2988 2754 3026 ex
2794 2977 3068 3028 creatione
3096 3015 3110 3038 ,
3139 2983 3194 3028 et
3231 2975 3432 3029 forma-

1870 3062 2017 3118 tione
2062 3077 2222 3116 mea:
2255 3070 2308 3116 et
2356 3062 2428 3115 ita
2472 3061 2732 3126 invaluit,
2784 3071 2842 3116 ut
2891 3078 3015 3118 vere
3065 3079 3430 3135 cognoscam,

1872 3154 2016 3224 quod
2062 3171 2168 3210 non
2214 3163 2401 3224 potero
2447 3155 2511 3207 ad
2562 3169 2678 3208 eam
2724 3157 3009 3222 pervenire
3057 3166 3112 3210 ut
3152 3159 3432 3228 condignis

1870 3259 1986 3299 eam
2044 3245 2292 3299 laudibus
2339 3244 2626 3298 celebrem.
2693 3242 2895 3299 Verum
2952 3247 2995 3300 si
3056 3247 3210 3315 plene
3268 3260 3431 3318 atque

198 3348 394 3393 exacte
429 3353 532 3392 non
559 3339 708 3392 novit
737 3352 854 3391 eam
893 3339 1080 3390 beatus
1113 3334 1316 3399 David,
1346 3335 1617 3405 quomodo
1683 3349 1800 3388 eam
1839 3334 2180 3388 admiratur?
2233 3333 2312 3390 0b
2380 3334 2480 3387 hoc
2530 3336 2737 3402 ipsum,
2784 3334 2992 3402 inquit,
3046 3353 3254 3392 summe
3311 3355 3427 3392 eam

201 3433 470 3496 admiror,
506 3433 634 3502 quia
675 3430 1244 3502 incomprehensibilis
1292 3439 1396 3485 est.
1475 3429 1609 3488 Nam
1674 3440 1727 3481 et
1797 3430 2005 3484 salares
2060 3429 2244 3483 radios
2297 3429 2533 3492 intueri,
2586 3439 2748 3498 atque
2823 3433 3284 3499 comprehendere
3321 3449 3428 3487 non

199 3525 448 3580 valemus
474 3567 488 3593 ,
516 3537 675 3595 atque
701 3525 772 3580 ob
795 3525 897 3579 hoc
933 3527 1107 3592 ipsum
1145 3538 1239 3578 eos
1269 3524 1559 3593 plurimum
1589 3523 1947 3579 admiramur.
2008 3523 2209 3577 Deinde
2276 3524 2435 3575 aliain
2497 3521 2586 3576 Dei
2654 3527 2948 3591 potenliam
3006 3526 3431 3582 admit-abundes

201 3627 426 3682 narrat,
457 3619 601 3687 quod
633 3617 978 3686 providentia
1011 3616 1265 3670 nimirum
1302 3631 1362 3667 ac
1386 3617 1626 3684 potentia
1659 3630 1752 3670 sea
1781 3654 1795 3680 ,
1827 3613 1968 3668 Deus
1994 3615 2190 3682 ubique
2223 3615 2393 3676 adest,
2428 3623 2586 3679 atque
2612 3630 2824 3668 onmem
2863 3616 3044 3683 implet
3071 3617 3262 3671 locum.

274 3709 401 3764 Ποῦ
417 3708 684 3776 πορευθῶ
699 3708 815 3763 ἀπὸ
846 3707 949 3762 τοῦ
979 3708 1318 3776 πνεύματός
1354 3722 1506 3771 σου;
1539 3709 1766 3762 καὶάπό

1949 3705 2114 3759 Vens.
2148 3705 2177 3757 7
2205 3745 2217 3768 ,
2251 3705 2304 3759 8.
2350 3705 2464 3771 Quo
2489 3706 2573 3758 ibo
2606 3723 2636 3758 a
2658 3708 2849 3772 spiritu
2884 3710 3009 3777 tuo?
3051 3719 3099 3760 et
3153 3726 3252 3778 quo
3296 3711 3431 3779 faeie

197 3801 313 3856 τοῦ
328 3801 649 3868 προσώπου
671 3816 786 3854 σου
817 3799 934 3854 ποῦ
946 3801 1112 3870 φύγω
1135 3800 1312 3865 ;Ἐὰν
1339 3799 1536 3855 ἀναϐῶ
1553 3801 1638 3864 εὶς
1665 3798 1772 3851 τὸν

203 3890 498 3959 οὐρανὸν,
525 3891 606 3944 σὺ
645 3891 770 3944 ἐκεῖ
787 3887 877 3944 εἷ’
910 3891 1020 3943 ἐὰν
1068 3889 1299 3943 καταϐῶ
1336 3893 1421 3956 εις
1450 3877 1769 3958 τόγ’ᾅδην,

201 3983 402 4052 πάρει.
439 3979 662 4052 Πνεῦμα
689 3983 782 4034 καὶ
812 3983 1100 4050 πρόσωπον
1137 3980 1294 4043 Θεοῦ,
1331 3984 1420 4033 τὸν
1454 3981 1585 4034 Θεὸν
1621 3981 1770 4048 λέγει

199 4075 351 4129 κατὰ
383 4075 727 4144 περίφρασιν,
759 4074 790 4144 ἢ
829 4071 1044 4142 πνεῦμα
1110 4072 1207 4142 μὲν
1239 4073 1427 4136 αὑτοῦ,
1459 4072 1517 4124 τὸ
1547 4073 1770 4142 Πνεῦμα

199 4167 268 4220 τὸ
295 4167 476 4234 ἆγιον,
517 4167 807 4235 πρόσωπον
850 4163 906 4217 δὲ
944 4162 1129 4226 αὑτοῦ,
1170 4164 1259 4217 τὸν
1295 4163 1443 4229 Υἱὺν,
1478 4163 1551 4226 ὡς
1587 4164 1770 4217 εἰκόνα

197 4258 303 4313 τοῦ
349 4258 578 4329 Πατρὸς,
621 4259 712 4310 καὶ
737 4257 1058 4328 χαρακτῆρα
1086 4257 1183 4325 τῆς
1205 4256 1551 4319 ὑποστάσεως
1577 4256 1767 4310 αὐτοῦ.

208 4349 283 4402 '0
309 4347 578 4416 ἑωρακὼς
606 4348 736 4416 γὰρ⁹
763 4347 947 4415 φησὶν,
976 4344 1098 4412 ἐμὲ,
1123 4345 1342 4411 ἑώρακε
1370 4346 1476 4396 τὸν
1498 4344 1748 4411 Πατέρα.

204 4438 312 4490 Διὰ
337 4437 438 4507 μὲν
468 4435 561 4490 τοῦ
623 4433 873 4504 οὐρανοῦ,
925 4434 1014 4487 τὸν
1063 4431 1333 4503 ἀνώτερον
1365 4433 1650 4503 δεδήλωκε,
1682 4434 1769 4487 διὰ

202 4529 267 4582 δὲ
295 4528 394 4581 τοῦ
450 4525 608 4598 ᾅδου,
643 4509 704 4579 τὸ
745 4525 1074 4579 κατώτατον.
1125 4519 1258 4577 Εἶτα
1312 4525 1478 4592 λέγει,
1537 4526 1628 4579 καὶ
1671 4529 1767 4593 τὴν

201 4620 470 4681 ἄϐυσσον,
535 4619 627 4671 καὶ
674 4620 761 4671 τὸν
806 4614 1054 4685 πυθμένα
1101 4616 1198 4685 τῆς
1251 4615 1541 4685 θαλάσσης·
1596 4616 1664 4669 δι’
1693 4609 1768 4669 ὧν

199 4701 471 4766 ἁπάντων
511 4711 688 4762 πάντα
738 4710 904 4763 τόπον
951 4707 1148 4761 ἄῦατον
1200 4705 1515 4776 ἀνθρώπους
1559 4723 1768 4777 συμπε-

205 4801 490 4873 ριέὁαλεν.

292 4894 436 4947 Ἐὰν
494 4891 842 4960 ἀντιλάϐοιμι
872 4892 976 4956 τὰς
1005 4890 1298 4958 πτέρυγάς
1329 4906 1446 4957 μου
1501 4889 1627 4942 κατ’
1667 4888 1765 4956 ὅρα

201 4990 375 5050 θρον.
430 4984 524 5038 καί
576 4983 1020 5048 κιιτασκηνώσω
1049 4985 1134 5047 εις
1159 4983 1227 5034 τὰ
1252 4981 1478 5047 ἔσχατα
1509 4977 1618 5046 τῆς
1665 4981 1765 5031 θα-

197 5075 479 5142 λάσσης,
514 5075 608 5128 καὶ
645 5073 751 5142 γὰρ
775 5073 904 5125 ἐκεῖ
943 5074 980 5139 ὴ
1011 5075 1138 5141 χείρ
1190 5089 1305 5125 σου
1363 5069 1646 5137 ὁδηγήσει
1673 5087 1768 5137 με,

200 5167 309 5221 καὶ
343 5168 573 5230 καθέξει
615 5184 690 5235 με
727 5166 763 5230 ή
810 5164 978 5228 δεξιά
1025 5181 1162 5217 σου.
1224 5165 1494 5232 [ἰτέρυγες
1525 5159 1771 5228 αὑτοῦ,ή

198 5263 471 5331 κινητικὴ
516 5259 742 5328 δύναμις
797 5257 888 5309 τοῦ
935 5257 1046 5310 νοῦ.
1104 5255 1231 5307 Ἐὰν
1285 5258 1403 5315 ταῖς
1430 5249 1652 5320 πτέρυξι
1684 5249 1773 5301 τοῦ

203 5357 306 5406 νοῦ
383 5368 506 5420 μου,
571 5351 751 5417 φησὶν,
805 5347 1126 5415 καταντήσω
1149 5347 1226 5407 εἰς
1271 5346 1367 5416 τὴν
1393 5345 1622 5397 ἄῦυσσον
1677 5344 1778 5410 τῆς

199 5447 512 5512 Θαλάσσης,
569 5441 705 5493 ὥστε
758 5443 862 5494 κᾶν
912 5442 1025 5492 ἐκεῖ
1062 5437 1317 5490 δύιασθαι
1377 5434 1642 5506 κρυϐῆναι
1675 5433 1780 5486 ἀπὸ

199 5533 332 5598 σοῦ,
360 5535 542 5601 sueti)
598 5530 821 5599 δύναμίς
879 5547 972 5581 σου
1028 5529 1280 5597 ὁδηγήσει
1327 5540 1413 5593 με,
1469 5525 1562 5576 καὶ
1616 5521 1770 5582 αὖθις

195 5622 434 5687 καθέξει
468 5642 533 5691 με
555 5640 568 5654 ·
626 5623 923 5686 τουτέστιν,
960 5620 1077 5673 οὐδὲ
1109 5621 1223 5671 ἐκεῖ
1275 5618 1401 5671 ἄνευ
1437 5617 1606 5684 αὐτῆς
1634 5616 1770 5666 ἀπε-

191 5713 499 5783 λεύσομαι,
565 5713 699 5767 ἀλλὰ
748 5708 1185 5783 προπορεύσεταί
1219 5726 1343 5778 μου,
1367 5703 1641 5757 ἐνδιδοῦσα
1673 5720 1768 5754 πο-

277 5902 327 5936 ⁷⁸
363 5899 540 5954 Eccle.
577 5912 668 5964 vii,
701 5897 790 5950 ‘24.
865 5898 908 5928 ⁷⁹
943 5895 1097 5950 Rom.
1139 5909 1210 5955 xi,
1247 5893 1332 5944 53.

1872 3811 1961 3851 tua
2017 3801 2259 3868 fugiam?
2311 3800 2358 3851 si
2398 3801 2679 3872 escendero
2721 3799 2773 3851 in
2820 3801 3004 3852 caelum
3031 3811 3085 3852 tu
3114 3801 3224 3854 illic
3261 3819 3314 3856 es
3349 3806 3432 3866 ,εἰ

1870 3888 2178 3942 descendere
2207 3891 2259 3942 in
2292 3889 2551 3956 infernum
2579 3927 2594 3951 ,
2625 3888 2771 3942 ades.
2801 3887 2902 3942 Per
2929 3888 3183 3956 Spiritum
3214 3888 3306 3943 Dei
3335 3929 3349 3953 ,
3375 3902 3431 3944 et

1870 3994 1967 4050 per
2004 3979 2189 4032 faciem
2226 3976 2316 4032 Dei
2339 4019 2352 4044 ,
2408 3977 2572 4031 Deum
2624 3979 2799 4047 ipsum
2834 3977 3301 4045 circurnloquitur.
3334 3975 3429 4031 Vel

1869 4083 1967 4136 per
1991 4068 2241 4138 spiritum
2295 4069 2386 4122 Dei
2409 4109 2422 4132 ,
2459 4077 2705 4121 sanetum
2760 4065 3020 4136 Spiritum
3048 4069 3302 4137 intellige.
3330 4070 3432 4124 Per
3491 4063 3494 4066 ’

1871 4158 2059 4213 faciem
2095 4175 2239 4223 vero,
2266 4161 2442 4230 ipsum
2471 4159 2663 4214 Filium
2691 4200 2706 4226 ,
2756 4168 3014 4228 tanquam
3045 4175 3221 4214 veram
3263 4164 3430 4230 patris

1873 4251 2095 4320 ﬁguram
2118 4290 2132 4314 ,
2166 4260 2220 4304 et
2248 4252 2612 4306 certissimum
2645 4250 2793 4304 illius
2828 4251 3024 4304 divina:
3053 4260 3260 4304 naturae
3301 4253 3431 4305 cha-

1872 4351 2130 4395 racterem
2175 4358 2188 4394 :
2221 4339 2324 4406 Qui
2357 4339 2500 4394 enim
2525 4381 2540 4404 ,
2578 4341 2784 4408 inquit,
2812 4340 2935 4393 vidit
2962 4355 3074 4404 me,
3099 4341 3225 4394 vidit
3246 4351 3294 4394 et
3329 4357 3426 4409 pa-

1872 4439 2000 4484 trem
2029 4436 2197 4484 meu‘m
2238 4431 2306 4485 ⁸⁸.
2361 4430 2460 4484 Per
2496 4431 2692 4484 caelum
2723 4441 2901 4484 autem
2933 4447 3168 4500 superna
3195 4469 3211 4494 ,
3253 4440 3306 4486 et
3334 4447 3428 4501 per

1871 4522 2181 4586 infernum,
2222 4520 2431 4575 inferna
2482 4520 2602 4574 loca
2651 4522 2943 4575 denotavit.
3012 4521 3212 4575 Deinde
3267 4521 3428 4576 etiam

1870 4615 2128 4682 abyssum
2185 4611 2351 4672 dicit,
2395 4619 2450 4665 et
2504 4611 2830 4680 profundum
2898 4611 3065 4666 maris
3115 4628 3132 4665 :
3183 4627 3276 4681 per
3312 4628 3431 4683 quae

1870 4703 2049 4755 omnia
2085 4703 2362 4756 inaccessa
2409 4700 2719 4776 hominibus
2753 4703 2868 4756 loca
2896 4701 3253 4772 subsignavit.
3305 4773 3312 4778 _
3343 4743 3346 4747 ν

1939 4875 2106 4932 Vens.
2143 4879 2176 4932 9
2205 4917 2220 4943 ,
2255 4878 2340 4932 10.
2394 4876 2451 4930 Si
2494 4893 2822 4946 assumpsere
2864 4877 2979 4929 alas
3016 4893 3155 4930 meas
3179 4877 3428 4939 diluculo,

1869 4980 1914 5024 et
1955 4971 2252 5024 habitavere
2286 4972 2337 5024 in
2365 4972 2608 5023 extremis
2639 4972 2800 5024 maris
2835 4985 2852 5023 :
2879 4972 3063 5023 etenim
3092 4971 3219 5022 illuc
3247 4987 3430 5024 manus

1799 5047 1968 5116 Dtua
2001 5063 2216 5116 deducet
2279 5077 2394 5126 me,
2428 5070 2476 5115 et
2519 5061 2704 5114 tenebit
2766 5077 2845 5112 me
2894 5060 3108 5112 dextera
3162 5071 3273 5112 tua.
3334 5062 3432 5114 Per

1873 5155 1986 5208 alas
2016 5195 2029 5220 ,
2062 5154 2352 5221 potentiam
2386 5152 2526 5204 illam
2560 5151 2757 5217 mentis
2788 5151 3065 5222 intelligit,
3101 5167 3206 5220 qua
3238 5153 3429 5206 huma-

1874 5259 1974 5298 nus
2006 5246 2311 5299 intellectus
2335 5251 2599 5297 movetur.
2628 5242 2681 5295 Si
2709 5243 2838 5309 alis,
2875 5243 3084 5312 inquit,
3127 5244 3431 5300 inleiiectns

1877 5339 2002 5406 mei
2028 5338 2080 5390 in
2131 5335 2382 5406 abyssum
2424 5335 2588 5388 maris
2633 5349 2946 5404 pervenero,
2995 5351 3060 5389 eo
3102 5337 3329 5390 consilio
3371 5344 3428 5390 ut

1879 5428 1987 5481 illic
2013 5429 2201 5480 saltem
2230 5426 2430 5495 possim
2468 5440 2494 5478 a
2527 5435 2578 5479 te
2607 5425 2860 5481 abscondi
2889 5465 2904 5491 ,
2950 5428 3181 5496 potentia
3231 5437 3318 5481 tua
3347 5429 3429 5480 ni-

1877 5518 2172 5574 hilominus
2212 5519 2337 5572 illuc
2372 5517 2530 5572 etiam
2566 5532 2650 5571 me
2683 5517 2909 5573 deducet
2938 5559 2954 5584 ,
2990 5529 3041 5572 ct
3076 5533 3262 5573 rursus
3287 5522 3429 5573 deti-

1876 5611 2024 5665 nebit
2053 5625 2173 5674 me;
2217 5609 2315 5663 hoc
2341 5617 2458 5662 est:
2491 5606 2673 5677 Neque
2704 5610 2827 5661 illuc
2862 5609 3024 5662 etiam
3057 5609 3174 5664 sine
3202 5618 3289 5662 tua
3327 5626 3424 5677 pn-

1875 5703 2044 5757 tentia
2077 5701 2360 5768 accedam;
2416 5699 2660 5771 quinimo
2693 5701 2778 5754 illa
2835 5701 3042 5770 praeibit
3079 5709 3184 5769 me,
3213 5701 3300 5756 illa
3330 5703 3430 5754 iter

1406 5891 1448 5921 "
1489 5886 1645 5940 Joan.
1676 5899 1784 5950 XIV,
1822 5884 1875 5939 9.
