4144 6296
676 480 686 489 .
727 428 863 494 1255

1961 419 2340 489 EUTII‘YMII
2376 427 2725 486 ZlGABENI

3800 418 3934 483 1:336

721 543 1025 608 concedet,
1059 526 1221 613 atque
1269 542 1378 598 illic
1429 545 1590 598 etiam
1639 559 1722 597 me
1765 542 2058 606 detinebit,
2091 544 2164 596 ita
2219 553 2273 596 ut

2379 543 2650 612 ρεὺεσοαι,
2688 543 2777 594 καὶ
2806 541 3020 606 καοέξει
3046 536 3199 602 αὖθις
3225 543 3279 592 ἐν
3314 539 3558 608 deamo),
3595 538 3714 590 κατ’
3735 536 3936 605 δρθρον

725 635 877 687 illinc
904 631 1133 687 evadere
1172 648 1278 686 non
1307 635 1538 688 valeam.
1599 632 1699 688 Per
1726 633 2019 688 diluculum
2047 647 2223 688 autem
2251 675 2264 696 ,

723 718 856 772 illud
903 727 1113 787 tempus
1161 720 1458 788 intelligit,
1494 737 1610 790 quo.
1636 722 1975 790 potissimum
2029 723 2264 776 humana

725 823 877 863 mens
908 809 1089 863 sobria
1118 823 1240 863 esse
1272 812 1429 865 solet.
1457 810 1738 880 Superllua
1767 822 1849 866 est
1879 812 2038 866 etiam
2075 812 2262 877 dictio,

723 898 900 952 Enim.
947 898 1178 964 Quidam
1227 910 1488 969 praeterea
1512 917 1608 970 per
1645 902 1962 970 diluculum,
1998 891 2272 957 orientem‘

720 989 1142 1053 i:.tellexerunt;
1178 1003 1434 1043 occasum
1461 1004 1612 1054 vero,
1649 1006 1743 1058 per
1784 998 2024 1044 extrema
2065 991 2230 1045 maris
2255 1030 2270 1056 ,

723 1089 782 1130 ut
805 1081 874 1131 sit
912 1096 1111 1136 sensus
1156 1098 1170 1133 :
1229 1081 1288 1136 Si
1320 1082 1598 1137 intellectu
1638 1097 1778 1146 meo,
1821 1081 1981 1136 veluti
2011 1083 2112 1138 alis
2154 1082 2274 1151 qui-

721 1171 942 1224 busdam
1013 1173 1290 1244 muqitus,
1338 1173 1392 1226 in
1446 1174 1654 1228 oriente
1698 1173 1940 1228 elevatus
1989 1173 2166 1237 fuero,
2219 1182 2274 1228 et

717 1275 1014 1327 pervenero
1046 1247 1220 1330 usque
1276 1263 1331 1316 in
1393 1264 1729 1318 occidentem
1755 1303 1770 1327 ,
1823 1264 2058 1333 potentia
2095 1274 2272 1318 tamen

2373 633 2427 684 δὲ
2484 629 2629 696 εἷπε,
2685 632 2856 702 δηλῶν
2909 632 2998 683 τὸν
3051 629 3240 699 καιρδν
3268 631 3357 682 ὅτε
3385 630 3617 695 μάλιστα
3648 625 3928 696 νηφύἐος

2374 724 2520 774 ἐστὶν
2558 725 2584 773 ὀ
2611 721 2752 783 νοῦς.
2808 722 3065 790 Περιττὸν
3100 721 3156 773 δὲ
3201 719 3262 772 τὸ
3293 719 3422 786 γάρ.
3460 719 3615 782 Τινὲς
3644 718 3700 770 δὲ
3731 716 3937 786 ὄρθρον

2375 815 2472 882 μὲν
2499 812 2597 880 τὴν
2624 812 2886 882 ἀνατολὴν
2909 811 3157 881 ἐνόησαν
3183 810 3384 880 ἔσχατα
3412 809 3468 860 δὲ
3496 809 3595 878 τῆς
3623 809 3934 876 θαλάσσης,

2370 903 2470 970 τὴν
2496 901 2664 954 δύσιν
2697 898 2806 954 οἷον
2863 902 2956 955 ἐὰν
3005 901 3360 969 πτερὺξωμαι
3392 899 3471 969 τῷ
3531 899 3607 970 νῷ
3658 917 3761 966 μου
3789 901 3940 951 κατὰ

2370 997 2470 1059 τὴν
2498 992 2782 1062 ἀνατολὴν,
2833 995 2927 1045 καὶ
2967 994 3289 1063 καταντήσω
3338 995 3418 1054 είς
3457 996 3554 1062 τὴν
3607 986 3781 1053 δύσιν,
3838 990 3940 1042 καὶ

2371 1087 2449 1146 εἰς
2472 1085 2567 1152 τὴν
2609 1083 2892 1153 ἀνατολὴν,
2920 1086 2952 1153 ἡ
2980 1084 3208 1152 δύναμίς
3264 1101 3354 1135 σου
3386 1083 3640 1152 ὁδηγήσει
3675 1098 3742 1150 με
3798 1097 3938 1131 πτε-

2375 1175 2722 1241 ρυσσόμενον,
2755 1173 2846 1226 καὶ
2873 1176 2954 1236 εἰς
2979 1173 3075 1244 τὴν
3114 1173 3266 1227 δύσιν
3292 1173 3641 1226 καταντῶντα
3687 1171 3825 1237 αὑτὴ
3866 1186 3938 1238 με

2372 1263 2610 1327 καθέξει.

716 1364 808 1406 tua
842 1354 928 1406 illa
960 1355 1105 1416 erit,
1129 1369 1251 1423 qua:
1277 1364 1330 1409 et
1355 1354 1646 1408 in'oriente
1674 1355 1782 1408 dux
1811 1354 1941 1408 mihi
1967 1356 2072 1408 erit
2098 1392 2115 1419 ,
2149 1355 2277 1410 dum
2315 1355 2496 1408 elevor
2528 1373 2541 1406 :
2569 1363 2645 1423 \et
2693 1356 2747 1409 in
2787 1356 3069 1411 occidente
3145 1371 3229 1410 me
3307 1355 3759 1424 comprehendet,
3806 1365 3943 1406 cum

715 1450 843 1504 illuc
871 1466 1180 1519 pervenero.
2285 1511 2290 1515 ,

785 1541 949 1597 Vsus.
983 1544 1070 1596 Η.
1104 1541 1168 1596 Et
1200 1545 1338 1610 dixi,
1365 1543 1628 1612 Numquid
1652 1543 1870 1598 tenebrw
1895 1543 2270 1598 conculcabunt

717 1631 841 1684 me!
888 1639 938 1684 et
982 1646 1086 1684 nox
1140 1633 1456 1686 illuminatio
1507 1635 1558 1684 in
1588 1633 1786 1686 deliciis
1837 1634 1982 1688 meis.
2029 1632 2272 1709 Cogitavi

717 1722 855 1774 intra
893 1738 1014 1786 me,
1071 1723 1329 1792 numquid
1383 1723 1428 1777 si
1483 1723 1733 1776 tenebras
1773 1723 2050 1790 ingressus
2096 1722 2269 1790 fuero,

716 1811 884 1865 latere
917 1821 1107 1878 potero
1139 1813 1212 1865 ita
1261 1818 1320 1865 ut
1371 1811 1438 1864 ab
1468 1811 1578 1866 illis
1623 1811 1928 1866 abscondar
1957 1811 1980 1863 '!
2030 1812 2102 1866 ita
2127 1815 2270 1866 enim

714 1903 1018 1972 signiﬁcare
1051 1904 1312 1956 voluntea
1344 1902 1503 1955 verba
1541 1919 1555 1954 :
1590 1901 1855 1970 Numquid
1889 1902 2111 1956 tenebra:
2149 1918 2273 1954 con-

715 1994 994 2047 culcabunt
1023 1996 1143 2049 me?
1171 1994 1316 2063 quod
1365 1988 1728 2062 métaphorice
1757 1993 1959 2048 dictum
1993 2002 2094 2047 est.
2135 1992 2268 2048 Nam

713 2084 749 2136 ii
773 2085 865 2152 qui
897 2086 1070 2138 solum
1097 2084 1325 2151 pedibus
1348 2074 1672 2138 conculcant
1699 2123 1714 2147 ,
1743 2084 1998 2152 obtegere
2024 2082 2154 2136 illud
2189 2091 2272 2136 at-

714 2190 820 2242 que
885 2173 1218 2229 abscondere
1297 2174 1694 2244 quodammodo
1763 2176 1926 2228 etiam
1999 2175 2270 2228 videntur.

714 2265 918 2320 Deinde
947 2267 1184 2319 intellexi
1213 2267 1355 2334 quod
1389 2267 1501 2335 ipsa
1531 2266 1690 2320 etiam
1734 2279 1840 2318 nox
1873 2264 1926 2316 in
1957 2263 2064 2318 Deo
2092 2264 2267 2318 lucida

710 2363 833 2418 est,
893 2356 1037 2408 hunc
1092 2356 1292 2409 etenim
1353 2357 1518 2409 Deum
1571 2353 1836 2422 Propheta
1877 2351 2098 2408 delicias
2143 2369 2272 2409 suas

709 2429 1030 2512 appellavit,
1059 2442 1214 2510 cujus
1238 2442 1319 2496 vel
1349 2444 1518 2496 solam
1548 2443 1864 2495 memoriam
1897 2441 2269 2496 oblectamen-

2301 1959 2348 2018 B

2865 1474 2870 1536 l

2460 1539 2566 1592 Kal
2619 1533 2776 1590 εἶπα·
2810 1533 2953 1605 Ἆρα
3008 1539 3226 1602 σκότος
3275 1537 3682 1606 καταπατήσει
3703 1555 3800 1607 με,
3836 1537 3943 1591 καί

2375 1632 2489 1694 νὺξ
2519 1630 2816 1699 scieturde
2839 1631 2908 1682 ἐν
2935 1628 3008 1696 τῇ
3039 1628 3232 1698 τρυφῇ
3249 1647 3389 1698 μου.
3427 1630 3790 1700 Ἐλογισάμην
3820 1626 3944 1698 ἄρα

2379 1723 2602 1784 σκότους
2656 1721 3127 1793 ὑποδυσκρυσῆναι
3179 1722 3524 1793 δυνήσομαι,
3574 1719 3680 1790 ἆρα
3744 1721 3945 1783 σκότος

2377 1811 2713 1881 κατακρύψει
2767 1829 2854 1882 με,
2899 1807 3029 1864 εἶπα
3073 1814 3131 1864 ἐν
3189 1812 3453 1881 susurri»;
3495 1795 3651 1865 τοῦτο
3693 1814 3826 1881 γᾶρ,
3879 1811 3945 1863 τὸ

2377 1903 2805 1973 καταπατήσει,
2828 1902 2982 1972 δηλοῖ
3003 1916 3018 1932 ο
3063 1903 3293 1972 κρύπτει
3324 1899 3522 1972 γὰρ’τδ
3547 1903 3742 1972 ἔδαφος
3773 1905 3802 1954 ὁ
3833 1920 3944 1954 παι

2375 1993 2483 2046 τῶν
2512 1995 2662 2049 αὑτό.
2709 1990 2844 2048 Εἶτα
2883 1996 3127 2059 συνεῖκα,
3177 1995 3271 2047 καὶ
3318 1996 3350 2063 ἠ
3380 1995 3475 2059 νὺξ
3505 1993 3662 2064 αὑτὴ,
3698 1994 3941 2060 φωτεινή

2376 2084 2544 2148 ἐστιν,
2571 2086 2628 2137 ἐν
2650 2085 2727 2154 τῷ
2773 2084 2911 2154 Θεῷ,
2975 2086 3093 2156 ἦτοι
3147 2085 3296 2154 παρὰ
3322 2085 3398 2156 τῷ
3421 2085 3575 2156 Θεῷ’
3629 2085 3785 2138 τοῦτο
3821 2085 3944 2153 γὰρ

2376 2175 2551 2243 λέγει,
2593 2176 2804 2246 τρυφὴν
2859 2175 3057 2229 ἑαυτοῦ
3083 2193 3097 2206 ·
3127 2172 3188 2230 οὗ
3219 2178 3310 2228 καὶ
3371 2181 3469 2245 τὴν
3497 2177 3718 2248 μνήμην
3751 2177 3941 2246 μόνον,

2372 2262 2715 2333 εὐφροσύνην
2743 2267 2980 2333 ἡγεῖταιο
3054 2263 3402 2333 Ἐμνήσθην
3434 2265 3565 2334 γὰρ,
3613 2265 3768 2334 φησὶ,
3824 2261 3945 2316 τοῦ

2380 2355 2549 2420 Θεοῦ,
2603 2357 2701 2408 καὶ
2745 2355 3122 2423 ηὐφράνθην,
3176 2355 3346 2423 ἔγνων
3373 2355 3453 2408 ὅτι
3499 2354 3620 2407 οὐδὲ
3648 2354 3708 2406 τὸ
3742 2349 3945 2414 σκότος

2380 2447 2585 2517 κρύψαι
2617 2465 2682 2525 με
2717 2449 2826 2500 ἀπὸ
2846 2447 2939 2500 τοῦ
2966 2447 3101 2500 Θεοῦ
3125 2447 3368 2499 δύναται.

711 2546 821 2589 tum
871 2535 973 2590 sibi
1013 2549 1283 2588 summum
1327 2549 1447 2588 esse
1490 2534 1801 2586 arbitratur.
1857 2531 2059 2587 Mentor
2089 2537 2264 2600 enim,
2300 2538 2512 2606 inquit.
2550 2539 2630 2606 fui
2661 2539 2786 2603 Dei,
2816 2547 2863 2592 et
2893 2539 3176 2594 delectatus
3199 2555 3314 2594 sum
3341 2538 3407 2594 ".
3472 2537 3705 2607 Cognovi
3773 2536 3946 2605 igitur

711 2627 856 2695 quod
887 2641 986 2680 nec
1018 2627 1147 2693 ipsa
1181 2626 1416 2680 tenebrae
1455 2625 1790 2695 abscondere
1831 2639 1916 2679 me
1952 2637 2206 2694 poterunt
2241 2643 2270 2681 a
2306 2629 2435 2683 Deo.

781 2717 944 2771 Vens.
974 2717 1060 2770 12.
1104 2717 1240 2783 Quia
1285 2717 1503 2771 tenebrat
1547 2735 1651 2772 non
1689 2721 2107 2774 obscurabuntur
2143 2730 2271 2775 ate.

708 2839 778 2850 —-
806 2809 846 2861 Α
875 2817 921 2861 ι(
943 2849 958 2872 ,
991 2807 1149 2860 dixit‘
1181 2823 1276 2878 pro
1307 2810 1462 2878 Apud
1513 2819 1593 2874 te,
1645 2811 2100 2878 quemadmodum
2135 2813 2274 2869 alius

710 2904 874 2955 etiam
907 2901 1172 2968 interpres
1209 2899 1465 2954 reddidit.
1498 2898 1630 2953 Nam
1658 2916 1778 2968 quae
1831 2902 1971 2970 apud
2006 2917 2106 2956 nus
2142 2911 2271 2956 sunt

710 2993 968 3054 tenebrae,
993 2991 1132 3057 apud
1165 2999 1219 3044 te
1247 2989 1481 3043 tenebrae
1503 3004 1607 3042 non
1637 3005 1798 3055 suus;
1821 2991 1914 3044 tibi
1940 2993 2135 3046 etenim
2157 3007 2273 3046 om-

711 3085 798 3135 nia
833 3081 1036 3136 lueeut.
1075 3081 1279 3134 Deinde
1321 3084 1490 3149 magis
1529 3081 1786 3145 declarat,
1816 3081 2006 3136 dicens
2038 3099 2054 3135 :

785 3173 852 3226 Et
881 3187 982 3229 non:
1012 3173 1147 3226 sicut
1175 3171 1283 3224 dies
1313 3170 1719 3224 illuminabitur.
1745 3173 1896 3240 Apud
1934 3181 1987 3226 te
2013 3173 2238 3228 scilicet.

779 3350 929 3406 Sicut.
957 3349 1176 3404 tenebra:
1203 3325 1314 3417 ejus
1341 3387 1356 3414 ,
1388 3348 1462 3400 ita
1493 3356 1544 3401 et
1568 3348 1659 3401 tua:
1688 3340 1821 3417 ejus.
1858 3348 2009 3402 Sient
2040 3352 2274 3404 tenebrae

2456 2727 2573 2778 Ὅτι
2597 2727 2816 2791 σκότος
2835 2729 2906 2778 οὐ
2933 2724 3393 2790 σκοτισθήσεται
3417 2726 3532 2779 ἀπο
3549 2724 3684 2778 σοῦ.
3707 2725 3944 2792 Ἥγουν,

2381 2818 2544 2886 Παρὰ
2576 2819 2692 2871 σοι·
2725 2817 2867 2870 οὕτω
2895 2820 3002 2886 γὰρ
3053 2818 3240 2886 ἕτερος
3287 2817 3568 2884 ἐξέδωκεν,
3603 2817 3684 2869 ὅτι
3713 2817 3774 2868 τὸ
3803 2808 3946 2884 πέρ’

2379 2908 2509 2976 ἡμῖν
2539 2909 2754 2971 σκότος,
2809 2907 2908 2959 οὐκ
2956 2907 3038 2977 sit;
3094 2909 3284 2969 σκότος
3338 2909 3486 2974 παρὰ
3521 2909 3640 2960 σοίο
3666 2905 3801 2960 ἀλλὰ
3843 2909 3947 2958 καὶ

2377 3000 2512 3052 αὐτὸ
2539 2999 2717 3066 φαίνει
2741 3015 2755 3030 ο
2797 2994 2916 3053 εἶτα
2944 2998 3230 3069 σαφηνίζει
3257 2999 3346 3052 τὸν
3369 2999 3547 3066 λόγον.

2449 3177 2555 3230 Καὶ
2585 3177 2701 3240 νὺξ
2737 3176 2816 3241 ὡς
2865 3175 3053 3244 ἡμέρα
3110 3175 3564 3244 φωτισθήσεται.
3630 3177 3787 3246 Πορά
3851 3181 3945 3233 σοὶ

2376 3269 2638 3335 δηλονότι.

2461 3361 2556 3427 Ὧς
2583 3362 2650 3414 τὸ
2677 3362 2895 3425 σκότος
2917 3359 3126 3428 αὐτῆς,
3159 3361 3311 3414 οὓτω
3334 3361 3429 3414 καὶ
3472 3361 3538 3414 τὸ
3562 3361 3689 3429 φῶς
3721 3359 3942 3430 αὐτῆς.

711 3445 829 3512 ejus
875 3443 1054 3495 noctis
1084 3439 1278 3494 lucida:
1317 3448 1445 3494 sunt
1497 3440 1635 3508 apud
1667 3452 1717 3494 te
1741 3481 1755 3503 ,
1802 3439 1880 3494 sie
1907 3441 2070 3494 etiam
2099 3450 2152 3494 et
2174 3442 2265 3494 lux

2383 3451 2470 3514 Ὠς
2502 3452 2778 3516 τὸσκότος
2810 3452 2905 3520 τῆς
2966 3447 3157 3514 νυκτὸίς
3185 3452 3336 3522 παρὰ
3367 3451 3448 3503 σοὶ
3478 3453 3760 3519 φωτεινὸν,
3791 3453 3942 3518 οὕτω

711 3534 838 3598 diei,
869 3532 972 3584 hoe
999 3541 1083 3586 est
1107 3532 1215 3586 duo
1239 3532 1350 3585 haec
1372 3546 1522 3592 aeque
1553 3545 1611 3584 se
1635 3531 1833 3585 habent
1853 3534 1993 3600 apud
2021 3541 2093 3596 te,
2125 3548 2276 3603 aeque

709 3629 914 3686 lucent,
939 3638 1091 3691 atque
1117 3622 1544 3692 splendescunt;
1574 3622 1726 3690 juxta
1772 3625 1870 3677 hoc
1891 3665 1903 3687 ,
1933 3640 2137 3678 sensus
2163 3636 2273 3689 est,

714 3716 860 3786 quod
882 3715 1064 3769 omnia
1095 3714 1232 3780 apud
1272 3714 1433 3766 Deum
1467 3713 1750 3767 manifesta
1786 3723 1933 3766 sunt.
1960 3714 2275 3784 Intelligun-

715 3817 804 3861 tur
834 3809 994 3861 etiam
1036 3803 1337 3858 lia-everba
1373 3805 1526 3871 juxta
1562 3802 1724 3855 alium
1776 3818 1996 3857 sensum
2033 3821 2046 3856 :
2077 3803 2276 3856 Tenta-

714 3900 947 3962 tionum,
982 3895 1179 3964 inquit,
1209 3905 1371 3964 atque
1401 3892 1744 3947 aﬂlietionum
1773 3895 2008 3948 tenebris
2039 3895 2275 3965 stipatus

709 3991 819 4043 dm
857 4005 872 4042 :
907 3989 1047 4056 quod
1081 3987 1412 4041 tentationes
1437 3985 1665 4040 forsitan
1690 3987 1792 4039 mei
1823 3985 2273 4052 dominabuntur,

711 4095 902 4134 rerum
933 4089 986 4131 te
1014 4077 1084 4130 ita
1117 4076 1462 4145 postmodum
1493 4076 1721 4139 volente,
1758 4090 1861 4130 nox
1895 4059 1982 4128 illa
2015 4077 2273 4146 nigroris,

709 4165 1035 4226 illuminatio
1079 4169 1278 4222 laetitia:
1307 4166 1435 4219 mihi
1464 4165 1649 4220 ellecta
1673 4175 1776 4220 est.
1833 4165 2061 4236 Reliqua
2110 4169 2274 4222 etiam

709 4270 1113 4330 consequenter
1147 4258 1421 4328 praedictis
1452 4257 1859 4328 interpretanda
1880 4266 2028 4312 sunt.
2067 4257 2276 4329 Grego-

713 4356 829 4408 rius
858 4368 988 4407 vero
1029 4352 1341 4419 Theologus
1373 4352 1531 4406 aliter
1572 4352 1673 4407 hoc
1717 4351 1925 4406 dictum
1971 4353 2222 4422 exposuit
2259 4369 2273 4408 :

713 4447 829 4509 Me,
871 4445 1080 4514 inquit,
1115 4443 1330 4518 deliciis
1363 4451 1624 4507 vacante,
1659 4459 1768 4498 nox
1797 4444 1890 4498 illa
1924 4445 2274 4518 deliciarum,

709 4554 830 4609 qua:
883 4546 1121 4592 mentem
1165 4535 1520 4600 obtenebrat,
1563 4533 1677 4589 visa
1725 4535 1858 4590 mihi
1907 4543 1992 4591 est
2030 4537 2275 4606 quaedam

709 4645 830 4685 esse
860 4628 1186 4682 illuminatio
1217 4646 1228 4680 :
1259 4644 1362 4682 nox
1398 4629 1542 4682 enim
1564 4667 1580 4693 ,
1615 4627 1826 4697 inquit,
1867 4627 2109 4698 undique
2142 4629 2276 4684 mihi

714 4725 916 4778 misero
945 4729 1068 4777 erat
1089 4760 1103 4783 ,
1133 4730 1191 4773 et
1220 4719 1551 4789 ignorabam.
1606 4720 1925 4775 Arbitrabar
1955 4722 2101 4776 enim
2139 4722 2274 4779 deli-

711 4814 824 4868 cias
850 4816 1028 4869 lucem
1055 4827 1196 4868 esse.

685 4925 690 4932 ·
774 4905 943 4959 Vens.
975 4905 1073 4978 £3.
1093 4903 1354 4968 Quoniam
1384 4910 1436 4954 tu
1465 4902 1732 4970 possedisti
1751 4919 1923 4957 omnes
1945 4920 2089 4958 renes
2121 4919 2278 4961 meos.

711 5000 816 5054 Per
858 5010 1019 5049 renes
1043 5011 1206 5060 suos,
1253 4996 1491 5064 seipsum
1545 4994 1848 5064 Propheta,
1905 4995 2277 5067 Chrysustomi

708 5089 1017 5152 sententia,
1069 5089 1542 5156 circumloquitur,
1587 5086 1755 5141 veluti
1812 5103 1842 5143 a
1896 5100 2048 5156 parte
2102 5098 2274 5144 totum

708 5179 1046 5240 describens.
1097 5181 1360 5248 Quoniam
1417 5193 1469 5237 tu
1503 5224 1516 5249 ,
1551 5183 1752 5254 inquit,
1804 5184 2093 5254 possedisti
2149 5202 2273 5252 me,

711 5279 815 5335 hoc
841 5289 953 5342 est,
990 5275 1391 5346 possessionem
1432 5288 1576 5330 tuam
1616 5292 1701 5332 me
1740 5276 1966 5330 eﬂ’ecisti
2000 5295 2014 5330 :
2044 5278 2268 5350 dignum

708 5369 966 5422 nimirum
998 5378 1086 5422 tua
1110 5368 1470 5438 providentia.
1495 5369 1626 5423 Nam
1656 5371 1749 5440 qui
1773 5369 1977 5439 aliquid
2008 5359 2270 5445 possidet,

707 5462 858 5533 illius
881 5461 1048 5515 etiam
1075 5477 1260 5517 curam
1299 5461 1480 5517 habet.

616 5595 625 5605 .
668 5593 671 5596 -
777 5553 1042 5624 Adjuuisti
1097 5568 1176 5607 me
1212 5557 1274 5609 de
1306 5566 1481 5610 ventre
1521 5555 1705 5610 matris
1741 5573 1888 5613 mea’.
1955 5558 2013 5612 In
2049 5567 2270 5628 septua-

707 5651 911 5718 gesimo
943 5649 1106 5704 etiam
1135 5649 1341 5717 psalmo
1372 5651 1507 5706 dixit
1554 5667 1567 5704 :
1621 5649 1696 5705 De
1721 5644 1891 5707 ventre
1922 5652 2104 5706 matris
2144 5666 2270 5705 mea

778 5829 821 5859 ⁶¹
851 5829 990 5885 Psal.
1039 5846 1220 5894 uxvr,
1283 5827 1335 5883 4.

2379 3552 2469 3598 καὶ
2490 3545 2675 3614 τὸξφῶς
2701 3545 2796 3614 τῆς
2818 3545 3046 3613 ἡμέρας
3069 3545 3345 3597 τουτέστιν
3361 3539 3453 3596 ἴσα
3471 3546 3620 3614 παρὰ
3644 3547 3724 3598 σοὶ
3744 3547 3941 3615 ἄμφω,

2378 3635 2472 3687 καὶ
2505 3636 2704 3705 ὁμοίως
2765 3635 3021 3702 φωτεινὰ.
3083 3635 3278 3714 ,Ταῦτα
3331 3638 3429 3705 μὲν
3481 3639 3725 3706 περὶτοῦ
3757 3637 3946 3692 πάντα

2381 3727 2591 3796 φανερὰ
2616 3722 2755 3777 εἶναι
2782 3725 2932 3796 παρὰ
2952 3724 3070 3794 θεῷ
3095 3742 3109 3756 ’
3162 3726 3408 3780 νοοῦνται
3435 3727 3493 3780 δὲ
3529 3730 3624 3781 καὶ
3663 3729 3784 3782 καθ’
3814 3729 3945 3782 ἐτέ-

2383 3833 2481 3884 ραν
2539 3816 2795 3883 διάνοιαν,
2862 3818 2944 3870 ὅτι
2999 3818 3421 3888 περιστοιχιθεὶς
3481 3820 3560 3890 τῷ
3591 3823 3773 3873 σκότει
3823 3820 3944 3872 τῶν

2380 3907 2722 3975 πειρασμῶν,
2774 3903 2904 3960 εῐπα
2953 3907 3070 3960 καθ’
3098 3910 3287 3961 ἑαυτόν
3307 3924 3321 3937 ·
3350 3910 3491 3978 Ἄρα
3516 3911 3945 3982 κατακυριεύσει

2380 4016 2449 4068 με
2481 4015 2496 4063 ;
2533 3995 2652 4051 εἶτα
2691 3999 2786 4052 σοῦ
2817 4000 3160 4068 θελήσαντος,
3194 4002 3286 4082 και
3327 4003 3360 4074 ἡ
3393 4003 3490 4065 νὺξ
3543 4003 3643 4066 τῆς
3697 4004 3912 4072 ἀθυμία
3933 4024 3945 4063 ;

2380 4090 2659 4157 φωτισμδς
2708 4090 3044 4160 εὐφροσύνης
3108 4092 3365 4158 ἐγένετο·
3423 4092 3729 4156 ἀκολούθως
3758 4096 3815 4146 δὲ
3841 4099 3945 4150 καὶ

2377 4179 2444 4232 τὰ
2501 4179 2631 4249 ἑξῆς
2683 4181 3066 4252 ἑρμηνευτέον.
3124 4183 3184 4236 '0
3227 4185 3283 4236 δὲ
3325 4168 3586 4253 Θεολόγος
3635 4186 3675 4238 Γ
3680 4187 3942 4257 ρηγόριο;

2379 4271 2584 4343 ἑτέρως
2617 4275 2926 4344 ἡρμήνευσε
2961 4275 3020 4328 τὸ
3051 4276 3235 4346 ῥητὸν,
3260 4277 3344 4329 ὅτι
3390 4279 3702 4348 τρυφῶντος
3735 4296 3868 4348 μου,
3901 4283 3937 4350 ἡ

2377 4365 2475 4431 νὺξ
2523 4368 2624 4436 τῆς
2679 4369 2890 4437 τρυφῆς
2920 4371 2955 4442 ἡ
2991 4355 3314 4432 ἓκοτίζουσα
3350 4371 3440 4448 τὸν
3476 4370 3626 4438 νοῦν,
3656 4372 3944 4442 φωτισμὸς

2377 4458 2551 4513 ἐδόκει
2594 4471 2716 4526 μοι’
2745 4457 2840 4520 νὺξ
2871 4457 2976 4527 γὰρ
3011 4453 3098 4526 ἦν,
3138 4459 3292 4527 φησὶ,
3348 4458 3474 4527 περὶ
3533 4460 3631 4528 ἐμὲ
3672 4461 3764 4512 τὸν
3824 4462 3944 4514 δεί-

2378 4549 2549 4614 λιιον,
2610 4549 2700 4602 καὶ
2755 4550 2984 4620 ἠγνόουν
3011 4566 3024 4580 ’
3079 4549 3356 4621 φωτισμὸν
3411 4547 3674 4621 εἶναιτὴν
3723 4552 3940 4624 τρυφὴν

2379 4624 2781 4714 ὑπελάμὸανον.

2452 4917 2580 4967 Ὀτι
2644 4913 2725 4967 σὺ
2780 4914 3014 4978 ἐκτήσω
3065 4910 3206 4978 τοὺς
3267 4911 3524 4980 νεφρούς
3571 4928 3709 4980 μου.
3763 4912 3937 4979 Φησζν

2377 5009 2404 5059 ὁ
2438 5008 2842 5074 Χρυσόστομος,
2880 5006 2961 5057 ὅτι
3016 5004 3250 5072 νεφροὺς
3280 5002 3527 5056 ἐνταῦθα.
3563 4995 3611 5056 ὁ¹
3639 5007 3936 5073 προφήτης

2375 5101 2495 5153 ὅλον
2525 5100 2716 5153 ἑαυτὸν
2736 5100 2903 5176 iam,
2934 5097 3039 5151 ἀπὸ
3067 5098 3266 5168 μέρους
3298 5096 3358 5149 τὸ
3385 5097 3492 5150 πᾶν
3513 5111 3527 5128 ο
3551 5097 3635 5150 ὅτι
3671 5097 3732 5149 σὺ
3763 5099 3938 5164 tuti;-

2373 5209 2451 5255 σω
2487 5211 2576 5262 με,
2628 5194 2718 5246 σὺν
2761 5191 2946 5260 κτῆμα
2976 5189 3305 5258 πεποίηκας,
3344 5191 3437 5244 καὶ
3461 5189 3716 5260 προνοίας
3737 5188 3932 5253 ἀξιοῖς·

2373 5289 2401 5337 ὁ
2431 5286 2538 5354 γὰρ
2567 5283 2841 5355 κτώμενος
2866 5299 2937 5347 τι,
2958 5280 3052 5336 καὶ
3078 5285 3383 5352 προνοεῖται
3419 5281 3612 5338 αὐτοῦ.

2441 5557 2788 5622 Ἀντελάσου
2802 5572 2922 5626 μου
2942 5555 3009 5612 ἐκ
3029 5553 3284 5633 γαστρὸς
3313 5548 3684 5622 μητρός-μου.
3733 5546 3843 5603 Καὶ
3868 5548 3929 5599 ἐν

2374 5650 2451 5723 τῷ
2494 5651 2536 5705 o'
2582 5652 2783 5724 ψαλμῷ
2820 5646 2973 5704 εἶπεν
2995 5665 3009 5680 ·
3051 5650 3146 5702 Ἐκ
3178 5643 3408 5704 κοιλίας
3429 5638 3656 5708 μητρός
3690 5639 3772 5693 σύ
3810 5654 3928 5710 μου
