4144 6296
199 517 320 586 ιὲςι

1305 512 1714 575 ὈΟΜΜΕΝΤ.
1759 507 1841 566 ΙΝ
1873 512 2234 572 PSALMOS.

3245 513 3380 582 1⁸162

199 633 378 702 φησιν,
440 629 480 696 ἡ
543 627 639 699 γῆ.
697 627 963 682 Μενοῦσιν
1000 624 1237 696 ἄκαρποι
1301 625 1379 687 εις
1431 627 1630 697 ἀρετὴν
1688 626 1737 678 οἱ

1794 645 1806 688 ι
1843 623 2054 678 Domini
2099 624 2265 688 enim,
2310 623 2516 693 inquit,
2557 634 2632 679 est
2681 634 2820 678 terra
2869 625 2937 680 ⁸⁸.
2987 624 3384 683 Permancbnnt

196 721 441 776 τοιοῦτοι.

264 899 408 966 Οὐχὶ
440 897 579 962 τοὺς
601 895 933 965 μισοῦν-τάς
967 913 1060 962 σε,
1089 897 1286 964 Ktipte',
1318 895 1604 965 ἐμίσησα,
1639 895 1738 949 καὶ

196 988 286 1041 ἐπὶ
312 986 450 1053 τοὺς
486 988 738 1056 ἐχθρούς
781 1005 898 1043 σου
925 987 1293 1056 ἐξετηκόμην
1321 1002 1341 1051 ;
1385 987 1618 1042 Tumor
1645 987 1741 1056 μῖ.

197 1092 303 1141 σος
330 1076 583 1145 ἐμίσουν
603 1076 825 1143 αὐτοὺς
845 1117 859 1140 ,
891 1079 978 1142 εἰς
1008 1076 1258 1144 ἐχθροὺς
1293 1075 1574 1145 ἐγένοντό
1612 1094 1736 1145 μοι.

198 1164 376 1220 Εἰπὼν
407 1167 664 1238 ἀνωτέρω
682 1184 698 1199 ο
743 1168 895 1236 Ἐμοὶ
915 1168 981 1220 δὲ
1006 1167 1149 1223 λίαν
1168 1167 1537 1236 ἐτιμήθησαν
1559 1169 1614 1221 οἱ
1641 1167 1737 1236 φι-

193 1261 288 1310 λοι
315 1274 456 1324 σου,
485 1258 518 1312 ό
550 1258 691 1323 Θεός
720 1273 732 1284 '
767 1257 1001 1312 ἐνταῦθα
1051 1273 1245 1328 φησιν·
1285 1259 1430 1326 Οὐχὶ
1477 1257 1615 1324 τοὺς
1641 1276 1739 1326 μι-

194 1347 450 1414 σοῦντάζ
479 1364 574 1412 σε,
621 1349 820 1416 Κύριε,
843 1349 1146 1417 ἐμίσησα;
1172 1349 1332 1402 κάκεῖ
1360 1349 1477 1420 μεθ’
1509 1349 1741 1420 ὑπερδο-

195 1439 289 1507 λῆς
317 1441 350 1507 ἡ
379 1441 512 1509 τιμή
536 1456 547 1469 ⁸
585 1439 736 1493 Δίαν
766 1441 875 1509 γάρ
898 1457 912 1471 ·
962 1438 1236 1494 κάνταῦθα
1283 1439 1402 1510 μεθ’
1433 1438 1740 1510 ὑπερϐολῆς

193 1532 252 1583 τὸ
305 1534 491 1599 μῖσοςα
530 1529 877 1596 Ἔξετήκετο
899 1531 1027 1603 γὰρ,
1065 1532 1232 1601 ἤγουν
1279 1531 1635 1602 ὲπυρπολεῖτο
1664 1529 1740 1599 τῷ

195 1623 310 1676 κατ’
341 1622 516 1674 αὐτῶν
550 1622 725 1691 θυμῷ.

257 1795 597 1863 Δακίμασόν
622 1813 722 1866 με,
752 1799 784 1850 ὁ
813 1796 974 1860 Θεὸς,
1001 1797 1097 1849 καὶ
1135 1796 1311 1864 γνῶθι
1338 1798 1452 1864 τὴν
1489 1797 1741 1865 καρδίαν

187 1904 323 1953 μου.
353 1888 463 1940 Καὶ
499 1887 604 1958 μὴν
638 1889 756 1940 κατ’
790 1888 961 1957 ἀρχὰς
1008 1884 1128 1939 εἷπε
1153 1901 1167 1916 °
1200 1888 1436 1956 Κύριος,
1465 1887 1741 1958 ἐδοκίμα-

189 1974 307 2041 σάς
338 1993 432 2044 με,
468 1955 568 2030 καί
584 1979 774 2046 ἔγνως
911 1977 1066 2034 Ἀλλὰ
1101 1978 1194 2030 καὶ
1224 1955 1302 2030 ἔτι
1326 1955 1736 2048 δοκιμασθῆναι,
1771 1955 1810 2010 Β

195 2068 328 2132 πρὸς
360 2069 582 2123 πλείονα
639 2069 1035 2142 πληροφορίαν,
1065 2070 1220 2140 ζητεῖ
1264 2069 1740 2138 τῶν-ἀγνοούντων

191 2157 255 2212 αὖ
265 2157 371 2212 τόν.

262 2425 528 2479 Ἕτασόν
557 2442 654 2496 με,
710 2426 806 2480 καὶ
846 2427 1021 2496 γνῶθι
1058 2426 1160 2494 τὰς
1191 2429 1422 2496 τρίϐους
1464 2447 1603 2492 μου,
1641 2429 1741 2482 καὶ

197 2513 302 2582 Ide,
336 2519 386 2570 ει
413 2517 551 2583 ὁδὸς
579 2519 822 2588 ἀνομίας
851 2518 921 2573 ἐν
947 2508 1095 2589 ἐμοὶ,
1125 2520 1220 2572 καὶ
1247 2518 1551 2587 όδήγησόν
1572 2535 1648 2588 με
1671 2519 1740 2572 ἐν

192 2597 310 2670 ὁδῴ
341 2609 565 2672 αιωνίᾳ.
595 2607 667 2661 Τὸ
702 2608 832 2666 αὐτὸ
866 2608 1016 2676 λέγει
1045 2609 1137 2665 καὶ
1169 2607 1263 2661 νῦν
1283 2625 1298 2641 ·
1339 2609 1371 2678 ἢ
1401 2608 1600 2672 τοίνυν,
1653 2608 1740 2662 διὰ

189 2695 314 2757 τοὺς
341 2768 343 2770 η
371 2697 689 2763 ἀδικοῦντας
716 2699 880 2752 αὐτὸν
911 2701 937 2753 ὀ
968 2683 1146 2767 λόγος,
1187 2699 1442 2769 βεϐαιῶν,
1480 2699 1562 2754 ὅτι
1587 2684 1739 2755 οὗδὲν

190 2787 384 2844 αὐτοὺς
413 2790 660 2852 ἐκείνους
721 2791 998 2860 ἠδίκησεν,
1025 2794 1058 2866 ᾗ
1090 2791 1180 2845 καὶ
1229 2791 1309 2868 ἔτι
1343 2794 1736 2865 δοκιμασθῆναι

191 2879 361 2947 ζητεῖ,
396 2880 499 2944 ἵνα,
534 2883 583 2934 εἰ
623 2881 699 2952 μὴ
738 2881 909 2946 οὕτως
935 2883 1072 2954 ἔχων
1100 2882 1349 2955 ἐλεγχθῇ,
1384 2886 1737 2956 διορθώσεται

187 2968 382 3027 ιαυτδν
417 2970 790 3043 πλανώμενον.
836 3003 845 3012 ~
1038 3038 1072 3047 __

675 3064 920 3133 Ψαλμός
955 3064 1033 3130 τῷ
1063 3067 1255 3121 Δαὸἰό.

596 3208 598 3210 ,
707 3158 1000 3211 ΨΑΛΜΟΣ
1040 3159 1202 3213 PAO’.

1839 714 1984 768 enim
2023 713 2393 782 hujuscemodi
2427 714 2674 768 homines
2713 714 3040 770 infructuosi
3077 725 3132 772 et
3172 717 3384 772 steriles

1840 803 1907 859 ad
1942 806 2218 860 virtutem.
2412 804 2414 808 ’

1913 893 2074 949 Vens.
2098 895 2187 959 21,
2211 897 2301 952 22.
2336 896 2534 967 Nonne
2563 914 2650 952 eos
2673 899 2762 968 qui
2791 908 2838 953 te
2865 899 3105 965 oderant,
3143 900 3382 967 Domine,

1835 987 2086 1048 oderam,
2121 997 2170 1040 et
2210 989 2268 1041 in
2312 988 2549 1042 inimicos
2587 998 2704 1043 tuos
2741 989 3108 1061 tabescebam!
3147 989 3384 1063 Perfecto

1839 1077 1956 1131 odio
1985 1077 2197 1132 oderam
2220 1079 2338 1134 illos
2368 1097 2387 1134 :
2415 1081 2618 1135 inimici
2647 1081 2776 1149 facti
2805 1093 2925 1136 sunt
2950 1083 3096 1137 mihi.
3125 1083 3258 1138 Cum
3288 1101 3384 1138 su-

1841 1165 2023 1232 perius
2054 1166 2249 1220 dixerit
2286 1183 2300 1219 :
2341 1166 2383 1219 Α
2432 1183 2512 1222 me
2557 1178 2736 1222 autem
2774 1168 2924 1223 valde
2979 1169 3222 1224 honorati
3265 1182 3382 1224 sunt

1840 1255 1995 1309 amici
2030 1258 2127 1323 tui,
2160 1256 2320 1320 Deus,
2347 1273 2490 1312 nunc
2519 1259 2647 1312 dicit
2679 1276 2694 1314 :
2738 1260 2926 1315 Nonne
2955 1277 3038 1319 eos
3067 1261 3156 1330 qui
3183 1270 3232 1314 te
3260 1261 3383 1318 ode-

1839 1357 1980 1411 rant,
2013 1347 2247 1408 Domine.
2277 1350 2509 1422 odiiEt
2553 1351 2664 1406 illic
2706 1350 2926 1407 honoris
2955 1351 3382 1422 magnitudinem

1840 1440 2176 1509 signiﬁcans,
2212 1440 2393 1502 Valde,
2420 1443 2578 1509 dixit;
2610 1443 2699 1497 hic
2722 1443 2882 1497 etiam
2912 1443 3026 1514 pari
3053 1444 3211 1500 modo
3235 1461 3387 1500 sum-

1841 1546 1986 1584 mum
2017 1531 2197 1584 odium
2243 1533 2548 1602 exprimere
2581 1534 2790 1600 volens,
2845 1536 2922 1589 ait
2955 1551 2968 1588 :
3000 1533 3342 1590 Tabescebam
3368 1577 3383 1599 ,

1841 1618 1942 1673 hoc
1969 1629 2074 1684 est,
2103 1619 2473 1689 indignatione
2504 1621 2737 1675 maxima
2773 1620 3037 1676 adversus
3071 1635 3165 1676 eos
3189 1631 3385 1676 aestua-

1840 1709 1960 1762 bam
2004 1709 2420 1778 quodammodo,
2456 1717 2509 1763 et
2539 1710 2922 1766 consumebar.

1910 1801 2073 1858 Vens.
2121 1803 2212 1865 23,
2258 1801 2347 1856 24.
2394 1801 2565 1856 Proba
2597 1819 2698 1867 me,
2737 1803 2893 1868 Deus,
2925 1811 2974 1857 et
3014 1819 3261 1873 cognosce
3296 1821 3386 1858 cor

1840 1911 2027 1948 meum.
2074 1895 2232 1962 Atqui
2267 1896 2319 1948 in
2352 1893 2622 1964 principio
2659 1893 2848 1963 psalmi
2905 1894 3042 1948 dixit
3079 1914 3092 1949 :
3145 1895 3384 1957 Domine,

1839 1985 2072 2054 probasti
2110 2001 2206 2048 me,
2238 1994 2286 2038 et
2314 1985 2599 2055 cognovisti
2632 2001 2730 2039 me.
2767 1982 2958 2040 Verum
2995 1985 3187 2041 melius
3210 1987 3386 2042 adhuc

1840 2075 2057 2144 probari
2105 2086 2158 2129 et
2194 2073 2445 2144 cognosci
2501 2074 2686 2144 cupit,
2721 2088 2832 2128 non
2868 2081 2926 2127 ut
2956 2072 3098 2129 Deus
3128 2074 3241 2142 ipse
3271 2088 3385 2126 meo

1841 2167 1948 2220 lius
1977 2181 2102 2220 eum
2133 2171 2449 2231 cognoscat,
2484 2165 2575 2234 qui
2607 2163 2788 2218 omnia
2818 2165 2991 2228 norit,
3022 2162 3114 2218 sed
3147 2174 3203 2216 ut
3230 2163 3266 2217 il
3293 2163 3383 2232 qui

1839 2255 2120 2324 Propheta:
2148 2256 2408 2322 animum,
2435 2269 2499 2309 ac
2530 2262 2764 2310 mentem
2795 2269 2903 2309 non
2934 2265 3214 2319 noverant,
3244 2254 3382 2311 illius

1839 2344 2012 2414 magis
2046 2346 2304 2400 certiores
2333 2344 2653 2399 reddantur.

1912 2434 2171 2488 Examina
2207 2450 2307 2497 me,
2335 2445 2385 2490 et
2416 2441 2664 2504 co'guosce
2689 2435 2900 2489 semitas
2935 2451 3096 2500 meas,
3119 2445 3168 2490 et
3201 2435 3313 2490 vide
3339 2435 3384 2487 si

1838 2524 1921 2578 via
1947 2524 2218 2593 injustitiaz
2255 2526 2308 2580 in
2337 2541 2416 2582 me
2451 2533 2550 2592 est,
2575 2535 2629 2585 et
2664 2525 2832 2580 deduc
2862 2543 2940 2581 me
2967 2527 3022 2580 in
3055 2526 3138 2581 uia
3163 2535 3383 2581 eterna.

1839 2613 2093 2670 Eamdem
2124 2615 2312 2684 repetit
2348 2616 2669 2670 sententiam
2691 2655 2707 2678 ,
2743 2624 2838 2669 aut
2876 2625 3097 2686 propter
3145 2631 3242 2673 eos
3287 2613 3383 2686 qui

1838 2705 1944 2761 sibi
1981 2705 2234 2776 iniuriam
2267 2706 2584 2773 intulerant,
2615 2707 2952 2762 conﬁrmans
2986 2704 3136 2761 nulla
3186 2720 3246 2762 se
3290 2722 3385 2761 eos

1839 2797 2088 2852 affecisse
2122 2796 2325 2866 injuria
2367 2815 2382 2853 :
2416 2805 2508 2853 aut
2543 2798 2705 2854 etiam
2755 2797 2989 2868 amplius
3033 2797 3248 2867 probari
3290 2814 3386 2853 cu-

1839 2889 1939 2958 pit,
1969 2896 2026 2943 nt
2060 2890 2106 2942 si
2139 2889 2422 2945 convictus
2447 2888 2632 2952 fuerit,
2658 2889 2817 2943 talem
2846 2888 3082 2942 animum
3112 2900 3204 2943 aut
3236 2903 3389 2944 men-

1839 2989 1944 3040 tem
1979 2997 2084 3036 non
2125 2981 2343 3046 habere,
2375 2982 2648 3037 emendari
2681 2996 2872 3036 rursus
2897 2984 3088 3051 possit,
3115 2995 3175 3035 ac
3205 2982 3384 3051 dirigi,

2313 3073 2558 3127 Psalmus
2593 3074 2693 3141 ipsi
2726 3072 2912 3124 David.

2286 3162 2599 3217 PSALMUS
2639 3162 2924 3219 CXXXIX.

269 3248 518 3313 Ἐξελοῦ
570 3267 667 3319 με.
728 3251 920 3319 Κύριε,
971 3250 1038 3315 ἐξ
1091 3252 1402 3319 ἀνθρώπου
1443 3253 1729 3320 πονηροῦ.

1794 3274 1803 3327 ς
1903 3256 2068 3310 Vens.
2102 3255 2156 3310 ἓ.
2201 3254 2356 3325 Eripe
2398 3273 2498 3322 me,
2526 3256 2765 3324 Domine,
2801 3259 2864 3311 ab
2896 3258 3098 3310 homine
3135 3257 3385 3326 maligno.

190 3338 535 3408 Κακούργου.
562 3340 804 3411 ﬂow;pr
841 3341 895 3394 δὲ
927 3343 959 3411 ἡ
989 3343 1176 3406 κακία,
1214 3342 1289 3406 ὡς
1327 3342 1490 3395 πόνον
1521 3345 1612 3396 καὶ
1643 3345 1740 3396 κά-

193 3447 373 3498 μἰτον-
409 3433 738 3501 ἐπιφέρουσα
783 3433 860 3504 τῷ
888 3435 1232 3505 κεκτημένῳ.
1281 3431 1410 3490 Εἶτα
1451 3435 1736 3505 σαφηνίζει

186 3519 307 3574 τίνα
336 3521 484 3593 λέγει
515 3524 767 3595 πονηρόν.
1639 3521 1642 3526 Ι

1845 3346 1958 3401 lloc
1989 3353 2094 3410 est,
2142 3345 2389 3401 scelesto.
2424 3346 2610 3416 Ipsum
2647 3346 2862 3415 etenim,
2884 3348 3062 3402 scelus
3094 3347 3385 3415 malignum

1844 3453 1964 3493 esse
1993 3436 2118 3507 quid
2149 3437 2344 3491 dicitur
2379 3453 2393 3491 :
2425 3451 2491 3492 eo
2523 3438 2666 3507 quod
2698 3438 2836 3492 mala
2870 3447 3033 3508 atque
3066 3436 3383 3491 alllictiones

1843 3529 2045 3581 auctori
2089 3541 2187 3581 suo
2215 3536 2454 3596 praestat.
2483 3529 2667 3597 (Eiipe
2704 3543 2808 3594 me,
2851 3529 3044 3598 inquit,
3077 3542 3184 3582 non
3219 3539 3250 3578 a
3278 3525 3385 3578 da:-

189 3620 411 3684 moniis,
451 3634 556 3674 non
594 3633 626 3674 a
669 3617 817 3684 leris,
857 3630 949 3673 aut
978 3618 1328 3682 draconibus,
1372 3621 1467 3676 sed
1513 3635 1543 3674 a
1577 3623 1811 3691 maligno
1848 3623 2089 3677 homine.
2143 3621 2358 3691 Maligni
2420 3621 2616 3675 etenim
2683 3620 2932 3674 homines
2982 3620 3090 3674 illis
3134 3617 3384 3673 omnibus

186 3713 485 3767 deteriores
511 3717 656 3764 sinit.
691 3708 824 3762 Nam
851 3720 904 3764 et
937 3707 1078 3763 feras
1106 3709 1301 3764 multas
1329 3709 1581 3777 legimus,
1608 3725 1728 3780 quas
1767 3720 1986 3767 sanctos
2015 3713 2160 3766 viros
2184 3723 2450 3765 veneratae
2478 3722 2629 3772 sunt,
2653 3709 2850 3779 quibus
2909 3719 3096 3765 contra
3157 3708 3383 3778 maligni

191 3803 438 3857 homines
505 3799 923 3856 innumerabilia
966 3799 1263 3853 intulerunt
1311 3798 1470 3852 mala.
1531 3799 1682 3856 Ferae
1741 3811 1997 3871 praeterea
2030 3805 2211 3871 aperte
2232 3815 2294 3854 ac
2319 3799 2489 3869 palam
2520 3799 2902 3868 malignitatem
2935 3814 3086 3854 suam
3109 3805 3382 3855 exercent.

189 3909 353 3968 atque
387 3905 446 3950 ut
476 3898 550 3952 ita
584 3897 801 3960 dicam,
848 3897 1107 3966 ingenue:
1143 3896 1390 3950 homines
1427 3909 1558 3951 vero
1601 3898 1738 3949 ctam
1782 3895 1834 3949 id
1863 3893 2090 3959 faciunt,
2121 3901 2280 3964 atque
2324 3897 2375 3948 in
2405 3894 2634 3956 occulto,
2694 3902 2748 3946 et
2787 3893 3028 3948 subdole.
3103 3885 3388 3949 Daemones

188 3992 320 4044 item
360 3997 548 4044 sancto
599 3988 782 4042 crucis
828 3985 983 4055 signo
1027 3987 1307 4056 fugantur,
1353 3995 1407 4043 et
1450 3986 1664 4064 quoties
1698 4001 1725 4039 a
1767 3987 1970 4042 sanctis
2032 3986 2162 4039 viris
2217 3983 2478 4052 increpati
2528 3981 2758 4064 iuerint,
2825 3983 3089 4037 secedunt
3131 4003 3144 4038 :
3211 3988 3373 4041 homo

189 4097 320 4135 vero
361 4079 628 4150 malignus
677 4079 780 4148 ipsi
827 4080 990 4133 etiam
1048 4079 1156 4135 Deo
1202 4078 1542 4134 adversatur.
1594 4061 1724 4130 Nam
1754 4091 1878 4132 cum
1907 4076 2094 4144 iubeat
2126 4076 2262 4128 Deus
2287 4073 2534 4127 inimicos
2558 4061 2719 4126 etiam
2752 4075 2947 4137 amari,
3016 4075 3107 4130 ille
3149 4071 3386 4150 .eontﬁi,

187 4189 296 4228 non
326 4173 575 4226 inimicos
604 4180 834 4237 tantum,
861 4173 954 4228 sed
985 4173 1133 4240 ipsos
1166 4173 1326 4228 etiam
1358 4171 1727 4226 benefactores
1765 4169 1899 4225 odit.
1952 4168 2146 4223 Beatus
2221 4167 2382 4221 etiam
2438 4163 2644 4218 Paulus
2711 4165 2827 4221 solo
2884 4166 3050 4219 verbo
3111 4167 3381 4222 dminones

186 4264 394 4333 expulit
420 4279 433 4316 :
460 4265 753 4320 Alexandri
782 4273 958 4319 autem
991 4264 1128 4318 labri
1165 4265 1551 4334 malignitatem
1575 4276 1834 4331 superare
1872 4278 1979 4317 non
2019 4259 2232 4330 potuit.)
2289 4257 2489 4313 Deinde
2547 4257 2786 4312 declarat
2858 4272 3140 4326 quemnam
3226 4261 3374 4314 dicat

189 4355 507 4421 nalignum.
670 4367 674 4370 ‘
748 4372 750 4374 '
810 4380 812 4382 τ

272 4445 415 4496 Ἀπὸ
466 4441 684 4511 ἀνδράς
732 4441 940 4496 ἀδίκου
999 4441 1193 4509 ῥῦσαί
1235 4459 1328 4511 με.
1393 4443 1735 4514 Παρανόμου.

1909 4440 1948 4492 Α
1986 4441 2095 4492 viro
2137 4439 2332 4506 injusto
2379 4439 2512 4504 eripe
2560 4454 2663 4491 me.
2702 4437 2742 4490 Α
2789 4439 2922 4507 legis
2968 4447 3386 4510 transgressum.

199 4533 358 4588 Ἐπεὶ
391 4535 498 4602 γὰρ
549 4532 788 4596 τοιοῦτος
841 4533 1126 4602 ἄνθρωπος
1161 4532 1558 4601 δυσφύλακτος,
1591 4535 1744 4586 καὶεί

1843 4527 2015 4582 Vocat
2051 4536 2228 4581 autem
2266 4526 2430 4580 Deum
2476 4526 2747 4596 Pmpheta
2779 4526 2836 4581 in
2870 4525 3194 4594 adjutorium
3217 4567 3232 4589 ,
3259 4531 3387 4597 quia

183 4626 280 4678 τὸν
346 4623 479 4677 Θεὸν
540 4626 620 4686 εις
675 4624 1022 4694 ἐπικουρίαν
1085 4624 1317 4694 ζήτησον
1380 4625 1473 4676 καὶ
1531 4626 1588 4676 ἐν
1654 4623 1732 4690 τῷ

188 4716 277 4786 μβν
309 4714 506 4784 ψαλμῷ
533 4716 631 4785 τὴν
661 4714 919 4785 ἐξήγησιν
950 4713 1066 4776 τοῦ,
1097 4715 1238 4768 Ἀπὸ
1261 4714 1477 4781 ἀνδρὸς
1498 4715 1729 4776 ἀδίκου,

184 4809 287 4867 καὶ
347 4807 550 4861 δολίου
595 4806 780 4873 ῥύσαι
822 4820 917 4872 με.
965 4804 1182 4874 Ἐν..τῷ
1237 4805 1559 4874 προλαϐόντι
1606 4804 1736 4872 γοῦν

181 4898 392 4968 ψαλμῷ
442 4898 644 4950 εἰπών’
675 4895 934 4966 Ἄνδρες
982 4895 1259 4964 αἱμάτων,
1298 4895 1611 4948 ἐκκλίγατε
1635 4896 1734 4948 ἀπ’

181 4991 379 5062 ἑμοῦ’
434 4991 492 5042 ὲν
517 4987 592 5057 τῷ
636 4993 690 5052 ς’
745 4987 801 5040 δὲ
846 4989 1041 5056 φήσας,
1085 4988 1408 5054 Ἀπόστητε
1441 4987 1540 5039 ἀπ’
1566 4987 1730 5056 ἐμοῦ,

184 5085 414 5146 πάντες
446 5083 500 5136 οι
542 5079 911 5149 ἐργαζὶῗμενοι
954 5078 1067 5145 τὴν
1095 5067 1370 5147 ἀνομίαν,
1409 5079 1504 5130 καὶ
1529 5078 1736 5132 οἴκοθεν

184 5174 568 5242 ἀποστραφεὶς
617 5173 709 5225 καὶ
759 5170 944 5239 φυγὼν
976 5171 1192 5231 αὐτοὺς.
1236 5170 1330 5222 νῦν
1359 5171 1452 5221 καὶ
1478 5170 1580 5237 κτὸν
1607 5171 1738 5224 Θεὸν

187 5262 534 5316 ἐπικαλεῖται
588 5261 883 5328 συνεργόν·
943 5260 1048 5330 χρὴ
1094 5259 1202 5328 γὰρ
1229 5260 1459 5312 ἕκαστον
1501 5258 1560 5312 τό
1612 5263 1741 5326 παρ’

188 5349 396 5412 ἑαυτοῦ
426 5349 666 5416 εἰσάγειν
693 5349 983 5418 πρότερον,
1010 5346 1125 5402 εἶτα
1158 5353 1252 5404 καὶ
1281 5350 1371 5404 τὸν
1406 5350 1535 5404 Θεὸν
1567 5368 1742 5420 παρασ-

186 5449 405 5502 καλεῖν.
435 5443 571 5498 Οὔτε
613 5447 721 5515 γὰρ
749 5445 776 5496 ὁ
804 5443 934 5506 Θεὸς
966 5447 1216 5514 συνεργεῖ
1250 5461 1341 5496 σου
1399 5444 1474 5512 μὴ
1506 5444 1738 5496 σπουδᾶ-

187 5541 403 5605 ζοντος,
447 5536 567 5591 οὔτε
609 5537 673 5588 σὺ
727 5533 1046 5599 σπουδάζων
1096 5537 1336 5602 ἀνύσεις,
1395 5538 1601 5591 ἐκείνου
1665 5535 1738 5606 μὴ

191 5630 699 5700 συνεφαπτομένου.

268 5901 316 5931 ⁸⁸
368 5898 408 5952 Ρ
438 5897 512 5953 al.
541 5910 695 5958 XXIII,
730 5895 782 5951 1.

1844 4618 2216 4674 dillicillimum
2238 4627 2321 4674 est
2351 4619 2418 4673 ab
2443 4618 2816 4687 hujuscemodi
2837 4629 3031 4673 carere
3056 4617 3384 4673 hominibus.

1848 4709 1983 4765 Vide
2011 4711 2062 4763 in
2101 4709 2308 4778 ps:.lmo
2340 4724 2447 4762 xui
2479 4708 2870 4778 expositionem
2908 4708 3055 4763 illius
3086 4711 3338 4765 versiculi
3369 4727 3383 4764 :

1845 4801 1888 4860 A
1920 4803 2027 4856 uiro
2072 4802 2266 4870 injusto
2296 4810 2342 4854 ct
2374 4800 2554 4854 doloso
2584 4801 2724 4866 eripe
2768 4815 2866 4858 me.
2901 4797 2966 4853 Et
2999 4813 3119 4854 eum
3162 4802 3214 4854 in
3248 4817 3386 4871 pm-

1794 4891 1800 4896 ’
1845 4892 2055 4948 cedenti
2087 4893 2292 4961 psalmo
2331 4891 2529 4946 dixerit
2567 4908 2581 4942 :
2621 4889 2736 4943 Viri
2766 4890 3096 4958 sanguinum,
3129 4890 3387 4949 declinata

1845 5003 1876 5038 a
1905 5001 2004 5048 me,
2050 4985 2174 5039 item
2207 4983 2259 5036 in
2306 4982 2512 5049 psalmo
2543 4998 2628 5044 xc,
2676 4981 2933 5036 Discedite
2970 4998 3001 5034 a
3051 5001 3128 5037 me
3170 5000 3385 5060 :omnes

1843 5079 1932 5146 qui
1956 5075 2239 5144 operamini
2266 5075 2614 5142 iniquitatem,
2653 5081 2705 5126 et
2739 5081 2929 5142 sponte
2966 5089 3088 5139 sua,
3121 5092 3217 5145 pro
3251 5075 3390 5144 viri-

1846 5166 1944 5219 bus
1965 5178 2025 5218 se
2053 5165 2117 5217 ab
2137 5162 2217 5217 eis
2239 5164 2514 5224 averterit,
2539 5176 2682 5216 nunc
2705 5161 2870 5216 Deum
2904 5161 3199 5230 adjutorem
3225 5179 3384 5218 suum

1845 5256 2076 5308 invocat.
2115 5246 2346 5322 Oportet
2365 5253 2560 5307 etenim
2586 5249 3208 5324 unumquemque‘antea
3240 5255 3383 5309 vires

1845 5359 1974 5399 suas
2026 5345 2258 5409 adferre,
2300 5353 2463 5411 atque
2508 5343 2584 5395 ita
2635 5344 2851 5398 demum
2897 5343 3062 5396 Deum
3107 5342 3382 5401 invocare.

1844 5436 2032 5505 Neque
2064 5435 2204 5490 Deus
2237 5435 2330 5489 tibi
2359 5433 2761 5501 cooperabitur,
2798 5434 2900 5488 nisi
2928 5441 2984 5486 tu
3016 5448 3232 5503 quoque
3264 5443 3384 5490 stu-

1844 5529 1990 5582 dium
2024 5527 2337 5581 adhibueris
2369 5534 2423 5580 et
2439 5525 2772 5600 diligentiam
2796 5543 2819 5589 ς,
2834 5524 2927 5579 sed
2960 5539 3058 5579 nec
3088 5534 3145 5579 tu
3181 5525 3380 5589 studio,

1842 5628 1936 5672 aut
1964 5621 2238 5689 diligentia
2271 5632 2360 5674 tua
2405 5619 2604 5689 aliquid
2655 5617 2936 5689 perﬁcies,
2963 5617 3066 5675 nisi
3102 5617 3190 5673 ille
3231 5630 3380 5677 suam

1799 5757 1802 5760 .
1841 5712 1933 5767 tibi
1966 5727 2116 5780 opem
2154 5714 2470 5782 porrexerit.
