4144 6296
214 443 223 449 ’
260 440 401 506 I309

1449 440 1827 503 COMMENT.
1870 439 1951 501 IN
1992 437 2347 501 PSALMOS.

3272 482 3278 487 -
3336 436 3476 506 13ιο

257 555 572 627 ψύχοςσάπδ
601 554 657 608 δὲ
686 556 874 609 τούτου
903 556 981 619 είς
1011 554 1221 623 θέρμην
1243 569 1255 582 ·
1291 552 1433 607 ὥστε
1463 552 1562 605 οὐκ
1588 553 1817 607 ἄπιστον

1924 558 2046 603 rant
2069 550 2345 607 mandatis
2383 567 2399 604 :
2432 561 2593 619 atque
2624 550 2748 607 ideo
2780 552 2845 607 de
2879 552 3023 608 facili
3050 559 3473 610 commutantur:

257 660 323 702 ικ
358 647 676 718 πειρασμῶν
740 647 993 715 γενέσθαι
1021 646 1242 715 ταχεῖαν
1268 645 1473 709 ἄνεσιν,
1505 646 1598 696 καὶ
1629 646 1691 696 ὲκ
1715 659 1817 695 πο-

256 736 441 806 λέμων
494 736 695 807 ἁθρόαν
744 736 992 805 εἰρήνην,
1048 734 1145 786 καὶ
1188 733 1297 786 ἀπὸ
1363 730 1658 802 συμφορῶν
1722 732 1817 784 καὶ

255 827 515 897 θλίψεων,
564 828 827 895 αἰφνίδιον
859 824 1165 896 μεταϐολὴν
1194 825 1288 877 καὶ
1332 823 1528 893 χαράν.
1570 825 1815 875 Αἰνῖττε-

260 934 349 972 ται
379 920 437 972 δὲ
460 920 529 973 τὰ
555 919 790 989 ρηθέντα
842 918 937 970 καί
972 934 1026 969 τι
1074 916 1369 987 βαθύτερον
1393 929 1411 946 ⁸
1444 916 1529 967 ὅτι
1567 912 1817 983 καθάπερ

245 1009 326 1061 τὰ
355 1008 450 1061 τοῦ
478 1009 745 1079 χειμῶνος
773 1009 820 1061 εί
844 1010 938 1062 καὶ
972 1005 1266 1071 λυποῦντα,
1298 1008 1446 1075 ὅμως
1491 1005 1816 1077 χρησιμεύει

254 1104 325 1171 τῇ
351 1105 443 1171 γῇ,
472 1100 614 1155 οὕτω
636 1103 729 1156 καὶ
752 1103 821 1156 τὰ
842 1102 952 1157 τῶν
990 1102 1308 1171 πειρασμῶν
1350 1102 1431 1163 εἰς
1459 1100 1649 1168 καιρὸν
1670 1099 1817 1166 ὠφε-

254 1192 481 1258 λοῦντα,
536 1195 700 1249 πάλιν
756 1195 1119 1265 οἰκονομικῶς
1179 1193 1630 1262 μεταϐάλλονται·
1657 1190 1817 1244 τοῦτο

255 1287 364 1353 μὲν
398 1286 744 1352 παιδεύοντα,
775 1286 931 1339 τοῦτο
986 1286 1042 1339 δὲ
1066 1282 1522 1355 ψυχαγωγοῦντα,
1573 1282 1708 1350 πρὸς
1754 1283 1816 1335 τὸ

254 1372 574 1426 λυσιτελοῦν
632 1375 999 1443 ἑκατέρωθεν.
1043 1371 1177 1426 Εἶτα
1206 1374 1368 1428 πάλιν
1415 1373 1524 1427 ἀπὸ
1556 1373 1666 1424 τῶν
1700 1390 1815 1425 κοι-

254 1464 370 1518 νῶν
413 1466 505 1517 issi
534 1466 605 1519 τὰ
662 1466 934 1530 ίδιάζοντα
965 1465 1198 1537 μετάγει
1241 1464 1532 1534 τὸνλόγον,
1574 1465 1649 1527 ὡς
1677 1465 1819 1516 ἀνω-

247 1556 403 1626 τέρω
429 1557 750 1627 δεδήλωται.
1122 1572 1125 1575 ’
1218 1556 1224 1563 ’

1920 655 2063 696 nnuc
2088 640 2307 711 quidem
2342 656 2406 696 ex
2444 653 2585 710 aqua
2615 641 2670 696 in
2703 643 2903 705 nivem.
2928 654 3022 696 aut
3050 642 3302 712 glaciem,
3325 653 3472 694 nunc

1916 748 2138 787 veroex
2170 732 2254 787 his
2312 732 2366 787 in
2419 746 2615 803 aquam
2651 751 2666 788 :
2702 734 2827 789 item
2881 735 3043 789 modo
3095 748 3127 787 a
3185 733 3367 787 calore
3408 730 3475 785 ad

1920 825 2112 893 frigus.
2146 824 2310 879 modo
2334 824 2398 879 ad
2437 825 2675 880 calorem
2718 841 2748 881 a
2791 827 3011 897 frigore.
3052 823 3320 891 Quocirca
3368 837 3477 876 non

1916 916 2133 971 difﬁcile
2167 928 2272 982 est,
2301 925 2358 971 ut
2390 918 2676 971 credamus
2703 917 2849 972 brevi
2901 914 3136 972 futuram
3170 929 3291 969 esse
3313 914 3477 968 etiam

1918 1012 2278 1061 tentationum
2301 1023 2365 1063 ac
2377 1009 2742 1063 calamitatuni
2760 1009 3171 1064 dissolutionem
3221 1014 3274 1059 et
3294 1004 3477 1068 linem,

1918 1114 1980 1153 ac
2010 1100 2225 1153 demum
2250 1114 2315 1154 ex
2349 1080 2904 1155 ardentissimo‘bello
2926 1099 3216 1153 maximam
3250 1108 3474 1166 pacem:

1918 1189 2173 1245 similiter
2210 1191 2266 1245 et
2308 1190 2641 1245 calamitates
2677 1199 2839 1261 atque
2870 1191 3191 1245 alllictiones
3223 1188 3334 1240 cito
3358 1198 3481 1240 esse

1921 1283 1974 1334 in
2025 1280 2282 1350 gaudium
2342 1282 2761 1335 convertendas.
2814 1281 3136 1351 Significare
3176 1262 3340 1333 etiam
3397 1276 3482 1328 vi-

1920 1375 2117 1429 dentur
2144 1375 2428 1445 superiora
2460 1376 2641 1429 nescio
2664 1375 2795 1443 quid
2848 1373 3172 1443 profundius
3206 1386 3222 1426 :
3252 1380 3306 1423 et
3333 1366 3482 1438 quod

1920 1466 2382 1535 quemadmodum
2418 1467 2709 1520 hibernum
2758 1474 2993 1533 tempus,
3040 1460 3258 1516 tametsi
3306 1460 3483 1527 ipsum

1922 1571 2017 1626 per
2042 1571 2163 1611 sese
2193 1556 2647 1611 molestissimum
2693 1558 2786 1623 sit,
2821 1567 2978 1612 terra:
3029 1566 3207 1609 tamen
3261 1549 3486 1604 utilissi-

252 1664 409 1703 mum
427 1660 534 1715 est,
565 1652 646 1706 sic
675 1662 729 1708 et
755 1654 1036 1723 praasentis
1065 1653 1247 1709 saeculi
1273 1653 1607 1707 tentationes
1659 1650 1816 1704 valde
1854 1660 2105 1722 prosunt,
2131 1653 2346 1706 tametsi
2375 1652 2575 1706 multas
2612 1652 2795 1706 secum
2871 1652 3097 1705 afferant
3166 1646 3482 1701 molestias:

256 1755 315 1799 ct
347 1744 475 1800 dum
514 1747 695 1801 divina
732 1749 1139 1819 dispensatione
1168 1756 1593 1811 conuuutautur,
1653 1746 1851 1816 partim
1919 1747 2210 1815 castigant,
2244 1755 2298 1801 et
2351 1747 2548 1816 partim
2594 1745 2828 1799 afferunt
2878 1744 3156 1807 solamen;
3192 1753 3486 1809 utrumque

258 1852 443 1896 tamen
473 1858 537 1896 ex
571 1859 629 1899 re
660 1853 871 1906 nostra,
907 1856 1069 1913 atque
1115 1838 1181 1897 ad
1231 1844 1530 1897 humanum
1571 1842 1945 1896 commodum.
1980 1842 2182 1897 Deinde
2265 1857 2295 1896 a
2387 1840 2775 1896 communibus
2834 1840 3056 1894 rursum
3139 1837 3205 1891 ad
3247 1836 3487 1908 particu-

256 1934 398 1991 laria
428 1948 735 1989 sermonem
761 1939 1054 2000 convertit,
1085 1946 1144 1991 ut
1188 1937 1445 2005 superius
1481 1935 1816 1990 declaratum
1856 1943 1963 1991 est.

336 2028 407 2083 Ὃ
435 2027 839 2097 ἀπαγγέλλων
858 2028 925 2081 τὸ
979 2028 1188 2097 λόγιον
1226 2027 1413 2089 αὑτοῦ
1457 2026 1538 2092 τῷ
1580 2027 1803 2080 Ἰακώϐ.

1982 2024 2146 2080 Vsus.
2180 2024 2265 2078 {9.
2286 2023 2390 2088 Qui
2418 2024 2698 2077 annuntiat
2726 2021 2982 2091 eloquium
3002 2034 3154 2073 suum
3205 2016 3393 2071 Iacob.
3424 2016 3485 2071 In

267 2119 597 2191 Ἀρχόμενος
656 2120 755 2190 μὲν
784 2119 877 2173 τοῦ
928 2119 1167 2190 ψαλμοῦ,
1199 2121 1340 2190 ’περὶ
1377 2119 1486 2172 τῶν
1546 2118 1819 2189 αἰσθητῶν

249 2210 527 2281 διελέχθη,
586 2212 681 2265 καὶ
725 2212 881 2282 σῶμα
920 2202 1298 2282 ὠφελούντων,
1347 2207 1458 2264 οἷον
1496 2210 1816 2278 ἀσφαλείας,

250 2280 564 2369 εὐανδρίας,
590 2280 833 2371 εἰρήνης,
864 2300 956 2354 καὶ
988 2280 1285 2373 εὐθηνίαςῗ
1309 2299 1573 2353 Ἐνταῦθα
1601 2299 1658 2353 δὲ
1692 2301 1818 2367 περὶ

247 2387 367 2441 τῶν
397 2388 740 2460 ὑψηλοτέρων
769 2389 862 2443 καὶ
915 2388 1093 2461 ψυχὴν
1129 2389 1517 2459 ῥυθμιζόντων,
1541 2391 1631 2442 τὸν
1690 2391 1819 2459 περὶ

251 2482 361 2551 τῆς
423 2481 746 2548 νομοθεσίας
806 2480 963 2550 λόγον
1014 2482 1249 2549 εἰσάγων
1279 2482 1465 2536 ἐστίν⁶
1515 2483 1579 2534 ὲκ
1616 2481 1820 2535 τούτων

248 2589 319 2624 τε
360 2571 627 2626 κάκείνων
662 2573 1066 2645 διεγείρωνιτὺν
1088 2573 1212 2626 λαὸν
1268 2578 1348 2636 εἰς
1368 2574 1693 2643 ὑμνολογίαν
1724 2577 1819 2628 καὶ

251 2664 481 2734 ἀγάπην
516 2664 673 2730 Θεοῦ,
710 2667 937 2717 τοιαῦτα
984 2666 1079 2718 καὶ
1117 2665 1338 2729 τούτους
1385 2666 1815 2737 εὐεργετοῦντος.

282 2756 332 2809 0
376 2754 744 2823 ἀναγγέλλων,
792 2756 973 2827 φησὶν,
1029 2756 1090 2811 τὸ
1136 2760 1461 2827 πρόσταγμα
1510 2759 1673 2812 αὐτοῦ
1708 2764 1820 2823 τοῖς

269 2847 655 2919 Ἰσραηλίταις.
696 2848 754 2902 Ὅ
778 2844 1063 2913 διδάσκων,
1092 2853 1120 2904 ὁ
1154 2852 1434 2921 γνωρίζων
1472 2854 1688 2915 αὐτοῖς·
1720 2855 1819 2906 αὐ-

248 2940 351 3002 τὸς
380 2939 702 3010 Ἔγνώρισε
732 2942 863 3013 γὰρ,
901 2944 1085 3012 φησὶν,
1116 2942 1196 3008 τῷ
1235 2943 1463 3012 Μωῢσῇ
1511 2946 1616 3010 τὰς
1644 2944 1823 3012 ὀδοὺς

248 3031 443 3086 αὐτοῦ
472 3050 485 3062 ·
518 3032 644 3099 τοῖς
676 3034 822 3107 υἱοῖς
847 3034 1095 3104 Ἰσραὴλ
1130 3036 1199 3090 τὰ
1257 3036 1562 3105 θελήματα
1611 3038 1817 3092 αὐτοῦ.

253 3122 588 3196 Σαφηνίξων
602 3127 659 3179 δὲ
683 3127 775 3182 τὸν
801 3127 983 3197 λόγον,
1014 3131 1258 3196 ἐπήγαγε
1287 3145 1303 3159 ’

330 3219 694 3288 Δικαιώματα
754 3220 851 3273 καί
900 3221 1153 3290 κρίματα
1208 3222 1393 3275 αὐτοῦ
1433 3222 1510 3287 τῷ
1556 3222 1815 3289 Ἰσραήλ.

254 3312 332 3364 ’0
387 3311 673 3381 προλαϐὼν
716 3307 847 3365 εἶπε
893 3311 1092 3381 λόγιον,
1125 3312 1285 3365 τοῦτο
1314 3312 1461 3388 λέγει
1486 3314 1601 3370 ,νῦν
1643 3314 1819 3369 δικαι-

250 3402 459 3475 ώματα
479 3406 574 3458 καὶ
595 3403 859 3474 κρίματα.
1064 3466 1067 3467 ν
1558 3464 1587 3477 κ

329 3497 451 3550 Οὐκ
481 3496 770 3563 ἐποίησεν
798 3496 949 3549 οὕτω
971 3496 1145 3550 παντί
1176 3497 1352 3551 ἔθνει.
1377 3497 1564 3551 Οὐδενὶ
1586 3497 1747 3551 ἔθνει.

330 3672 440 3726 Καί
485 3670 557 3725 τὰ
587 3670 839 3740 κρίματα
886 3672 1071 3727 αὐτοῦ
1105 3674 1215 3727 οὐκ
1246 3672 1556 3743 ἐδήλωσεν
1593 3675 1815 3741 αὐτοῖς.

248 3764 377 3817 Οὐκ
425 3762 648 3834 ἐποίησέ
676 3780 783 3817 τινι
827 3763 969 3817 ἔθνει
1032 3763 1309 3819 τοσαῦταο
1346 3764 1542 3819 καὶτὰ
1584 3768 1818 3836 προστά-

249 3874 448 3927 γματα
509 3858 605 3911 καὶ
649 3856 718 3910 τὰ
738 3855 1016 3928 θελήματα
1064 3859 1229 3911 αὐτοῦ
1287 3860 1386 3911 οὐκ
1443 3858 1677 3927 ἐδήλωσε
1706 3864 1817 3925 τοῖς

251 3948 490 4013 ἔθνεσιν,
550 3950 601 4001 εί
642 3947 718 4018 μὴ
745 3949 925 4016 μόνοις
956 3965 1168 4012 τουτοις
1187 3965 1202 3980 ο
1240 3950 1347 4012 τοῖς
1380 3950 1479 4020 μὲν
1506 3951 1613 4021 γὰρ
1642 3952 1819 4015 ἄλλοις

248 4039 440 4093 ἔθνεσι
529 4036 623 4090 τὸν
685 4036 914 4105 φυσικὸν
969 4036 1190 4106 ἐνέθηκε
1243 4037 1426 4106 νόμον,
1473 4039 1563 4091 τὸν
1591 4038 1816 4093 ἀπὸτοῦ

251 4129 584 4196 συνειδότος,
606 4122 728 4181 καθ’
754 4127 814 4181 ὃν
840 4128 935 4181 καὶ
962 4129 1162 4198 κρίνων
1188 4127 1385 4191 αὐτοὺς
1420 4130 1636 4195 κολάζει
1663 4147 1679 4162 θ
1705 4133 1818 4197 τοῖς

249 4220 589 4291 Ἶραη).ίταις
633 4219 692 4272 δὲ
720 4220 859 4290 μετὰ
885 4219 978 4272 τοῦ
1009 4206 1238 4288 φυσικοῦ
1262 4259 1278 4284 ,
1315 4220 1511 4275 δέδωκε
1550 4220 1641 4273 τὸν
1681 4237 1819 4291 γρα-

218 4348 223 4352 -
257 4313 420 4375 σπτὺν,
452 4308 718 4380 δηλοῦντα
743 4310 811 4363 τὰ
830 4309 1078 4380 κρίματα
1100 4309 1267 4363 αὐτοῦ
1298 4327 1313 4340 ο
1348 4309 1430 4363 διὸ
1455 4310 1549 4363 καὶ
1584 4309 1820 4379 βαρύτε-

257 4419 357 4474 ρον
383 4401 657 4475 κρίνονται
686 4417 701 4436 ο
728 4400 823 4455 καὶ
852 4403 962 4472 γὰρ
986 4401 1019 4472 ἠ
1048 4400 1219 4472 πολλὴ
1233 4399 1326 4454 τοῦ
1345 4399 1481 4454 Θεοῦ
1509 4380 1820 4472 φιλανθρω-

253 4496 365 4549 aria.
432 4493 634 4565 πολλῆς
719 4492 1181 4564 συγκαταϐάσεως
1233 4494 1345 4555 τοῖς
1405 4491 1818 4565 ὲῤῥᾳθυμηκόσι

254 4590 495 4658 γίνεται.
527 4610 531 4625 ι
1166 4590 1169 4593 ’

858 4678 1229 4744 Ἀλληλούτα.

406 4848 411 4853 I
684 4834 685 4841 γ
779 4772 1070 4828 sumo:
1112 4771 1294 4827 sum.

278 4874 283 4877 ’
336 4863 499 4927 Ἐθος
519 4866 635 4928 τοῖς
659 4862 837 4932 ἁγίοις
866 4864 955 4919 διὰ
973 4864 1178 4934 πολλὴν
1202 4862 1643 4933 εὐγνωμοσύνην,
1675 4864 1825 4916 ἒπει-

256 4955 363 5011 δὲν
416 4955 684 5028 μέλλωσιν
718 4953 1059 5027 εὐχαριστεῖν
1100 4955 1178 5025 τῷ
1208 4954 1352 5026 Θεῷ,
1380 4936 1607 5016 πολλοὺς
1641 4953 1825 5008 καλεῖν

258 5034 581 5114 κοινωνοὺς,
650 5048 747 5102 καὶ
816 5046 1154 5119 παρακαλεῖν
1218 5044 1658 5117 συνεφάπτεσθαι
1724 5044 1825 5115 τῆς

261 5138 437 5209 καλῆς
490 5138 697 5211 ταύτηκς
754 5138 1095 5210 λειτουργίας
1142 5138 1362 5203 αὐτοῖς⁸
1408 5138 1569 5194 τοῦτο
1596 5152 1603 5157 ‘
1628 5138 1725 5190 xui.
1769 5137 1822 5191 οί

259 5233 415 5304 τρεῖς
439 5231 627 5295 παῖδες
656 5233 1015 5311 πεποιήκασι,
1050 5230 1149 5301 τὴν
1178 5230 1355 5297 κτίσιν
1385 5232 1624 5296 ἃπασαν,
1661 5230 1826 5303 ἡνίκα

256 5319 407 5400 ἦσαν
458 5322 518 5377 δν
566 5325 637 5393 τῇ
658 5322 902 5396 καμίνῳ,
933 5323 1069 5395 πρὸς
1106 5321 1204 5394 τὴν
1236 5321 1517 5393 εὐφημίαν
1545 5322 1647 5393 τῆς
1685 5322 1825 5394 ὑπὲρ
1852 5404 1856 5408 _

242 5414 446 5471 ἀὐτῶν
492 5412 837 5485 εὐεργεσίας,
870 5416 966 5470 καὶ
1010 5412 1107 5485 τὴν
1134 5411 1405 5484 ὑμνῳδίαν
1430 5410 1525 5466 τοῦ
1554 5414 1824 5466 Δεσπότου

258 5500 618 5567 καλέσαντες.
651 5499 821 5555 Τοῦτο
850 5504 942 5556 καὶ
962 5497 1118 5568 οὗτος
1157 5501 1595 5556 ἐνταῦθα’ποιεῖ·
1630 5500 1826 5555 ἑκάτε-

262 5610 363 5667 ρον
390 5592 598 5664 κόσμον
631 5594 1187 5667 συμπεριλαμϐάνων,
1220 5594 1313 5650 «av
1348 5595 1482 5659 ἄνω,
1509 5594 1600 5646 τὸν
1649 5594 1824 5656 κάτω.

206 5684 215 5691 ’
266 5686 362 5740 τὸν
389 5674 600 5755 mihi,
631 5686 721 5741 τὸν
759 5686 1053 5759 αἰσθητόν,⁹
1082 5689 1193 5745 οῖτε
1230 5689 1335 5761 γὰρ
1373 5687 1481 5743 οὐκ
1502 5687 1653 5751 ὄντες
1691 5685 1826 5759 πρὸς

336 5862 383 5899 ⁵⁸
412 5864 581 5921 Νυω.
612 5879 704 5955 ax,
733 5863 820 5932 l0,
856 5865 913 5920 lt

1846 4731 1902 4792 Β

1921 2119 2108 2188 psalmi
2144 2116 2409 2185 principio
2433 2115 2501 2170 de
2544 2112 2894 2170 sensibilibus
2918 2110 3200 2166 beneficiis
3259 2120 3313 2165 et
3360 2122 3488 2163 cor-

1920 2211 2035 2279 pori
2075 2209 2297 2263 utilibus
2343 2208 2633 2273 tractavit,
2668 2206 2833 2260 veluti
2877 2204 2947 2260 de
2989 2202 3230 2258 civitatis
3269 2202 3436 2255 tutela
3466 2241 3485 2267 ,

1917 2301 1985 2355 de
2036 2292 2203 2370 prolis
2248 2299 2613 2361 fecunditate,
2671 2299 2737 2353 de
2797 2311 2964 2367 pace,
2994 2295 3062 2350 de
3107 2293 3483 2348 abundantia:

1919 2405 2065 2444 nunc
2098 2399 2275 2443 autem
2314 2389 2380 2443 de
2411 2386 2817 2443 sublimioribus
2864 2385 3021 2440 bonis
3074 2390 3367 2453 pertractat
3433 2391 3488 2435 et

1922 2484 2156 2535 animam
2187 2480 2357 2547 ipsam
2401 2477 2723 2532 ornantibus
2752 2493 2767 2531 :
2805 2491 2901 2546 per
2947 2476 3061 2529 haec
3090 2473 3295 2528 scilicet
3324 2480 3487 2541 atque

1924 2574 2009 2628 illa
2100 2556 2355 2642 populum
2381 2572 2644 2640 excitans
2683 2570 2746 2623 ad
2780 2568 2992 2622 laudem
3037 2574 3196 2632 atque
3226 2564 3292 2617 ad
3324 2563 3489 2617 dilec-

1926 2666 2126 2719 tionem
2172 2665 2304 2727 Dei,
2349 2663 2440 2732 qui
2470 2661 2779 2732 lmjnsmodi
2812 2660 2892 2713 eis
2934 2658 3189 2712 beneficia
3232 2654 3486 2709 contulit.

1892 2748 2025 2823 'Qui
2053 2756 2372 2819 annuntiat,
2406 2753 2616 2822 inquit,
2646 2752 2960 2810 mandatum
3002 2764 3156 2803 suum
3191 2747 3488 2801 Israelitico
3560 2732 3575 2752 ⁵

1922 2848 2141 2918 populo,
2186 2846 2430 2915 illudque
2475 2859 2569 2899 eos
2615 2842 2809 2904 docet,
2855 2856 2918 2895 ac
2966 2830 3153 2893 notum
3189 2839 3268 2891 eis
3310 2836 3487 2890 facit:

1927 2941 2095 2994 Notas
2144 2939 2287 2993 enim
2315 2976 2331 3001 ,
2386 2938 2597 3006 inquit,
2627 2935 2749 3000 fecit
2798 2935 2907 2987 uias
2950 2948 3074 2985 suas
3116 2928 3283 2999 Moysi
3308 2967 3321 2985 .
3363 2928 3489 2997 ﬁliis

1929 3029 2098 3085 lsrael
2123 3030 2410 3084 toluntates
2445 3044 2568 3082 suas
2603 3027 2623 3058 '
2645 3065 2661 3082 .
2707 3026 2860 3091 Quod
2894 3023 3061 3092 magis
3097 3023 3256 3074 etiam
3303 3018 3486 3074 decla-

1924 3137 2075 3187 rans,
2102 3121 2305 3175 addidit
2344 3138 2361 3174 :
2486 3124 2489 3127 ’

1994 3213 2407 3283 Justiﬁeationes
2448 3219 2498 3265 st
2528 3210 2737 3279 judicia
2766 3225 2862 3263 sua
2903 3204 3092 3261 Israel.
3139 3203 3294 3270 Quod
3328 3216 3491 3271 supe-

1930 3305 2042 3358 rius
2094 3304 2366 3371 eloquium
2399 3302 2571 3363 dixit,
2598 3300 2700 3353 hoc
2728 3313 2872 3353 nunc
2922 3296 3308 3367 iustificatione
3362 3309 3490 3362 sap-

1846 3387 1891 3444 C
1922 3394 2084 3464 pellat
2102 3401 2162 3447 et
2179 3391 2404 3460 judicia.

1990 3482 2150 3537 Vsus.
2190 3482 2281 3535 ΞΟ.
2313 3481 2432 3533 Non
2456 3481 2581 3548 fecit
2601 3481 2680 3533 sic
2703 3480 2844 3533 omni
2872 3479 3094 3533 nationi.
3114 3477 3255 3532 Nulli
3284 3474 3489 3530 nationi

1918 3575 1998 3629 sic
2036 3574 2185 3629 fecit.

1994 3662 2059 3716 Et
2073 3663 2279 3731 judicia
2301 3679 2400 3717 sua
2440 3678 2543 3717 non
2574 3660 3046 3731 manifestavit.eis.
3080 3659 3255 3712 Tanta
3305 3670 3369 3710 ac
3409 3662 3493 3708 ta-

1918 3754 1988 3820 lia
2040 3751 2297 3808 beneficia
2350 3750 2514 3808 alicui
2562 3751 2766 3806 nationi
2816 3766 2920 3805 non
2981 3748 3235 3803 contulit.
3280 3744 3493 3812 Quippe

1919 3846 2011 3915 qui
2063 3844 2359 3908 mandata,
2416 3852 2511 3897 aut
2564 3844 2867 3897 voluntates
2909 3856 3038 3896 suas
3082 3838 3335 3909 gentibus
3383 3851 3490 3888 non

1919 3934 2284 3990 manifestavit
2308 3976 2322 3999 ,
2357 3934 2450 3988 sed
2481 3931 2683 3988 Iudaeis
2713 3940 2946 3987 tantum.
3001 3930 3134 3985 Aliis
3171 3928 3315 3983 enim
3361 3932 3494 3995 gett‘

1919 4028 2065 4081 tibus
2117 4034 2328 4080 natura:
2384 4034 2591 4078 tantum
2621 4027 2791 4093 legem
2829 4024 3117 4092 praestitit,
3150 4034 3270 4090 qius
3299 4033 3329 4071 a
3362 4032 3496 4071 con-

1918 4121 2145 4176 scientia
2194 4116 2460 4181 nascitur,
2494 4116 2647 4185 juxta
2692 4130 2855 4187 quam
2901 4131 2995 4170 eos
3060 4116 3223 4169 etiam
3284 4110 3495 4182 judicat

1917 4221 1972 4269 et
2023 4210 2213 4281 punit,
2275 4209 2474 4279 populo
2529 4222 2658 4261 vero
2701 4205 2865 4261 Israel
2923 4219 3029 4258 una
3078 4218 3202 4257 cum
3260 4196 3491 4255 naturali

1922 4306 2042 4373 lege
2103 4301 2361 4366 scriptam
2404 4296 2661 4360 tradidit,
2709 4310 2829 4365 qua:
2862 4295 3044 4349 divina
3070 4291 3272 4363 judicia
3316 4287 3497 4344 decla-

1919 4396 2076 4451 rabat
2127 4409 2146 4466 ι
2189 4400 2353 4461 atque
2401 4389 2524 4443 ideo
2582 4388 2684 4459 ipsi
2745 4389 2917 4456 magis
2968 4388 3279 4456 punientur.
3324 4379 3490 4437 Multa

1920 4484 2186 4554 siquidem
2232 4479 2327 4535 Dei
2370 4478 2738 4534 misericordia
2822 4476 3044 4545 majoris
3086 4471 3499 4554 condemnatu-

1921 4551 2007 4635 nis
2040 4588 2207 4631 causa
2275 4572 2564 4642 negligenti
2604 4585 2666 4623 ac
2692 4566 3050 4637 contemptori
3078 4565 3328 4620 edicitur.

2583 4661 2833 4718 Alleluia.
3368 4672 3376 4679 ’

2338 4785 2344 4789 <
2398 4754 2719 4815 PSALMUS
2755 4748 3033 4809 CXLVIII.

1996 4858 2411 4914 Consuevcrnnt
2456 4852 2627 4910 sancti
2686 4848 2830 4911 viri.
2884 4845 2956 4901 ob
3016 4844 3281 4899 summam
3325 4838 3494 4895 animi

1930 4942 2624 5022 gratitudinem,'quaudo
2682 4941 2890 5014 gratias
2950 4936 3061 4997 Deo
3100 4935 3274 4989 acturi
3324 4942 3497 4997 sunt,

1930 5043 2128 5100 multos
2160 5038 2486 5095 laudationis
2519 5034 2813 5109 participes
2844 5029 3133 5092 advocare,
3168 5039 3497 5096 rogareque,

1931 5143 1991 5190 ut
2031 5131 2318 5205 pulchrum
2353 5113 2516 5203 atque
2552 5129 2841 5184 honestum
2889 5118 3267 5193 hujuscemodi
3303 5116 3497 5171 lauda-

1926 5226 2096 5282 tionis
2129 5211 2364 5281 oﬂlciunt
2416 5234 2605 5276 secum
2653 5222 2935 5271 assumant
2980 5229 2997 5268 :
3037 5205 3496 5281 quemadmodum

1927 5326 1982 5375 et
2038 5327 2149 5374 tres
2210 5315 2288 5371 illi
2321 5313 2494 5370 sancti
2549 5309 2702 5381 pueri
2735 5308 3023 5364 fecerunt.
3050 5317 3174 5358 cum
3226 5310 3410 5355 essent
3441 5300 3496 5352 in

1926 5411 2167 5472 camino,
2196 5407 2503 5462 universam
2561 5410 2865 5457 creaturam
2920 5411 3018 5465 pro
3068 5393 3285 5449 collatis
3330 5393 3385 5445 in
3438 5404 3499 5445 se

1926 5498 2205 5557 beneflciis
2246 5500 2576 5554 advocantes
2600 5537 2616 5563 ,
2658 5501 2717 5548 ιιι
2763 5493 2870 5545 Deo
2897 5487 3263 5543 benedicerct.
3295 5479 3498 5537 Hoc-in

1931 5592 2219 5664 prtesentia
2274 5589 2405 5645 facit
2444 5588 2609 5643 etiam
2640 5582 2904 5653 PrOpheta
2954 5587 3162 5643 noster,
3201 5580 3497 5641 utrumque

1935 5683 2193 5745 mundum
2258 5682 2613 5753 complexus,
2660 5674 2995 5750 superiorem
3066 5667 3273 5737 scilicet
3338 5676 3502 5747 atque
3581 5690 3585 5693 τ
