4144 6296
286 365 428 430 1395

1419 371 1804 439 COMMENT.
1846 380 1925 439 IN
1964 382 2322 442 PSALMOS.

3346 374 3493 444 13‘26-

347 480 574 534 Αἰνεῖτε
598 483 787 536 αὑτὸν
809 476 878 536 ἐν
913 485 1047 552 ἤχει
1077 484 1412 554 σάλπιγγος
1430 527 1443 546 ,
1482 487 1698 539 (κινεῖτε
1721 489 1828 540 αὐ-

2002 489 2165 556 Vslts.
2202 491 2316 544 3-5.
2370 489 2610 546 Laudate
2667 508 2783 545 eum
2815 493 2870 544 in
2900 508 3028 545 sono
3065 494 3201 545 tuba
3278 493 3490 545 laudant

255 571 383 622 τὸν
409 572 479 623 ἐν
500 573 808 640 ψαλτηρίφ
839 575 936 628 καί
979 576 1186 643 κιθάρῃ
1208 593 1222 607 ·
1275 577 1492 630 αὶνεῖτε
1545 578 1732 631 αὐτὸν
1762 577 1832 630 ἐν

279 661 564 728 τυμπάνῳ
607 664 704 715 καὶ
750 664 944 731 χορῷο
991 665 1208 720 alr-site
1253 667 1438 720 αὑτὸν
1489 669 1558 720 ἐν
1589 666 1832 734 χορδαῖς

275 749 370 800 καί
408 749 664 817 ὀργάνῳο
714 753 937 805 αἱνεῖτε
990 754 1178 808 αὐτὸν
1237 755 1307 808 ἐν
1335 755 1672 824 κυμϐάλοις
1725 758 1829 809 εὐ-

271 853 450 905 ηχοις
467 854 484 871 °
515 840 733 893 αίνεῖτε
757 843 944 894 αὐτὸν
970 843 1039 896 ἐν
1078 845 1401 911 κυμϐάλοις
1439 846 1816 912 ἀλαλαγμοῦ.

274 928 717 994 Παρακελεύεται
749 933 861 992 τοῖς
895 932 994 998 μὲν
1035 931 1312 994 Ἰουδαίοις
1335 973 1350 996 ,
1380 935 1440 985 ἐν
1466 935 1633 986 πᾶσιν
1659 932 1828 1000 ὀργά·

276 1035 388 1080 νοις
429 1020 606 1088 μελῶν
664 1021 962 1088 μουσικῶν,
1003 1022 1194 1090 ὑμνεῖν
1252 1022 1341 1074 τὸν
1391 1023 1560 1076 Θεόν⁸
1607 1027 1719 1085 τοῖς
1771 1021 1828 1076 δὲ

274 1110 640 1180 Χριστιανοῖς,
674 1111 732 1162 ἐν
761 1113 927 1186 πᾷσιν
975 1110 1224 1181 ὀργάνοις
1258 1113 1439 1179 μελῶν
1469 1116 1823 1182 σωματικῶν,

274 1202 333 1252 ἐν
378 1201 699 1268 ὀφθαλμοῖς,
730 1202 790 1254 ὲν
823 1203 980 1270 ἀκοῇ,
1033 1203 1091 1254 ἐν
1117 1203 1387 1270 στόματι,
1430 1205 1493 1262 ,ὲν
1528 1204 1738 1272 χερσὶν.
1771 1205 1829 1256 ὲν

275 1293 454 1345 ποσίν.
499 1293 670 1345 Ὀταν
717 1294 826 1362 γὰρ
873 1294 922 1345 oi
969 1293 1068 1362 μὲν
1111 1293 1379 1362 ὀφθαλμοὶ
1436 1295 1510 1362 μὴ
1559 1295 1829 1361 βλέπωσιν

275 1383 575 1444 ἀκόλαστα,
604 1383 997 1453 προσηκόντως
1025 1383 1082 1435 δὲ
1116 1383 1210 1435 καὶ
1238 1383 1543 1451 χρειωδῶς·
1563 1386 1597 1452 ἡ
1625 1383 1670 1436 δ’
1693 1384 1830 1452 ἀκοὴ

278 1472 354 1542 μὴ
386 1473 608 1541 δέχηται
650 1473 922 1542 πονηροὺς
955 1473 1170 1541 λόγους,
1224 1472 1360 1526 ἀλλὰ
1402 1472 1701 1541 χρειώδεις,
1735 1473 1830 1524 καὶ

270 1561 612 1629 ψυκωφελεῖς
633 1577 649 1594 ⁸
699 1561 762 1614 τὸ
789 1562 966 1630 στόμα
989 1562 1068 1625 δὲ,
1124 1562 1199 1632 μὴ
1231 1561 1533 1629 φθέγγηται
1571 1561 1826 1629 βλαϐερὰ,

229 1708 240 1712 _
270 1651 514 1718 χρήσιμα
554 1651 633 1712 δὲ,
687 1637 783 1704 καὶ
833 1653 1221 1720 πνευματικά⁶
1283 1651 1339 1702 αί
1385 1653 1564 1718 χεῖρες
1616 1650 1695 1710 δὲ,
1751 1652 1827 1719 μὴ

274 1742 737 1813 πλεονεκτῶσινῆ
778 1742 1122 1812 ἀρπάζωσιν,
1158 1742 1190 1811 ἢ
1235 1743 1561 1811 πλήττωσιν,
1610 1741 1724 1794 ἀλλ’
1749 1743 1829 1802 είς

269 1831 481 1898 ἀγαθὰς
511 1803 862 1885 ὲκτείνιοντάι
889 1803 1155 1900 πράξεις’
1180 1803 1234 1884 οξ
1263 1803 1421 1893 πόδες
1455 1803 1555 1895 δὲ,
1580 1829 1656 1900 μὴ
1703 1830 1829 1899 τρέ-
1863 1803 1902 1856 Β

267 1939 438 1990 χωσιν
488 1925 568 1984 εἰς
596 1924 822 1986 κακίαν,
859 1923 975 1976 ἀλλ’
1004 1923 1085 1984 είς
1118 1922 1335 1975 εὐθεῖαν
1368 1922 1487 1974 ὀδόν
1509 1937 1523 1951 ⁸
1572 1923 1694 1975 τότε
1741 1921 1832 1974 διὰ

274 2012 476 2076 παντὸς
533 2014 811 2076 αἰνοῦντες
865 2015 1122 2084 ὀργάνου,
1175 2013 1547 2081 παναρμόνιον
1600 2010 1677 2081 τῷ
1712 2011 1831 2079 Θεῷ

261 2105 698 2171 προσαγάγομεν
736 2105 1018 2173 μελῳδίαν.
1069 2107 1170 2155 Διὰ
1209 2103 1426 2155 πάντων
1461 2101 1514 2154 δὲ
1551 2100 1659 2154 τῶν
1690 2118 1828 2169 μου-

265 2191 436 2245 σικῶν
466 2193 730 2263 ὀργάνων,
781 2194 927 2264 ᾠδὰς
972 2191 1099 2266 ᾖδον
1137 2192 1384 2245 Ἰουδαῖοι
1411 2189 1490 2258 τῷ
1519 2190 1668 2259 Θεῷ’
1697 2192 1828 2259 περὶ

259 2275 342 2337 ὗν
363 2286 423 2336 ἒν
453 2285 767 2353 προοιμίοις
794 2287 892 2353 τῆς
943 2284 1231 2354 παρούσης
1283 2282 1469 2349 βίϐλου
1521 2281 1833 2351 παραδεδώε

263 2390 467 2441 καμεν.
507 2375 680 2444 Χορδν
712 2376 767 2428 δὲ
805 2376 1041 2428 ἐνταῦθα
1070 2374 1240 2441 λέγει,
1276 2374 1374 2442 τὴν
1433 2371 1572 2439 μετά
1608 2372 1829 2441 χορείας

265 2463 452 2533 ᾠδήν·
482 2464 674 2530 ἕτερον
730 2465 839 2534 γὰρ
883 2464 1045 2534 ἔργον
1094 2462 1251 2514 τοῦτο
1310 2461 1600 2529 μελῳδίας,
1656 2465 1828 2529 χωρὶς

259 2553 514 2619 ὀργάνων
553 2555 840 2623 γινόμενον
859 2571 872 2585 ο
895 2556 950 2606 al
978 2554 1034 2606 δὲ
1060 2553 1249 2622 χορδαὶ
1273 2552 1463 2619 ἕτερον
1490 2551 1650 2603 πάλιν
1681 2547 1825 2619 ᾖσαν

261 2641 427 2705 εἶδος.
465 2645 614 2713 παρά
643 2645 711 2698 τὰ
761 2645 1017 2716 ρηθέντα.
1052 2646 1323 2711 ὐργανον
1351 2643 1407 2695 δὲ
1459 2641 1644 2703 ίδικῶς
1673 2637 1822 2704 εἷπε,

255 2733 326 2786 τὸ
357 2733 450 2787 καὶ
501 2734 634 2803 παρ’
687 2737 820 2804 ἡμῖν
851 2735 1035 2798 ἱδικῶς
1065 2733 1207 2788 οὕτω
1247 2733 1606 2800 καλούμενον.
1661 2732 1826 2784 Διττά

259 2824 326 2876 δὲ
353 2824 421 2878 τὰ
451 2825 568 2892 εῐδη
601 2824 710 2877 τῶν
741 2827 1042 2894 κυμϐάλων
1068 2842 1082 2856 ·
1110 2825 1180 2878 τὰ
1221 2825 1319 2892 μὲν
1349 2823 1546 2894 εὖηχα,
1595 2809 1688 2877 καὶ
1717 2823 1828 2893 μάθε

260 2913 428 2966 λιστα
469 2917 594 2977 ταῖς
622 2915 787 2986 ᾠδαῖς
813 2918 1180 2986 προσήκοντα,
1210 2915 1280 2968 τὰ
1311 2915 1368 2968 δὲ
1413 2913 1824 2984 τραχύφθογγα,

257 3003 298 3074 ἢ
337 3003 719 3072 βαρύφθογγα,
773 3009 868 3058 καὶ
918 3009 1032 3068 τοῖς
1083 3005 1417 3074 ὲμπολέμοις
1483 3003 1822 3072 ἀλαλαγμοῖς

257 3093 573 3162 ὶπιτήδεια.
607 3096 724 3148 οὐκ
752 3096 928 3164 ἀγνοῶ
951 3095 1009 3148 δὲ
1037 3095 1105 3148 τὰ
1129 3099 1276 3164 παρὰ
1313 3094 1474 3147 τινῶν
1497 3093 1590 3147 ἐπὶ
1616 3092 1826 3158 τούτοις

258 3181 705 3254 ἁλληγορηθέντα
732 3201 746 3216 ⁸
801 3185 1106 3256 παρέλιπον
1135 3184 1194 3236 δὲ
1223 3184 1416 3248 ταῦτα,
1445 3184 1696 3252 καθάπερ
1725 3183 1821 3236 καὶ

260 3273 327 3322 ὲν
355 3275 463 3336 τοῖς
496 3273 680 3336 ἄλλοις
726 3275 964 3344 ψαλμοῖς
1017 3273 1186 3327 πολλὰ
1216 3273 1472 3337 τοιαῦτα,
1513 3273 1602 3326 διὰ
1644 3272 1704 3324 τὸ
1730 3271 1822 3323 eb-

259 3361 606 3433 ανάτρεπτον
637 3366 842 3428 αὐτῶν,
876 3365 974 3416 καὶ
1002 3361 1466 3430 δυσπαράὂεκτον.

1931 595 2050 633 eum
2091 579 2143 632 in
2177 579 2447 649 psalterio,
2495 589 2545 633 et
2584 581 2832 645 cithara;
2882 579 3097 632 laudate
3120 596 3236 632 eum
3269 582 3326 632 in
3352 589 3491 648 tym-

1931 685 2088 734 pano,
2113 678 2163 721 et
2196 670 2389 734 choro;
2421 669 2636 724 laudate
2680 687 2798 724 eum
2829 672 2880 723 in
2905 670 3132 728 chordis,
3167 678 3217 721 et
3242 684 3438 738 organo
3465 687 3484 732 ;

1932 759 2148 812 laudate
2177 769 2294 812 eum
2323 761 2376 812 in
2404 761 2657 826 'cymbalis
2691 761 2814 814 bene
2847 759 3085 823 sonoris;
3130 759 3339 810 laudate
3371 775 3492 811 eum

1930 850 1988 903 in
2035 851 2287 919 cymbalis
2341 852 2702 919 jubilult'om's.
2778 850 2996 905 Judans
3068 850 3282 918 quidem
3336 849 3495 916 jubet

1932 936 2296 1006 Propheta,ut
2329 942 2474 993 omni
2497 942 2730 996 musices
2748 957 2963 1009 genere,
2993 952 3100 994 tam
3138 955 3288 1000 voce,
3325 952 3486 1004 quam

1931 1031 2152 1097 organis
2198 1032 2651 1102 quilmscunqne,
2706 1033 2872 1087 Deum
2914 1034 3169 1091 laudent.
3225 1031 3490 1084 Christia-

1930 1133 2033 1172 nos
2066 1133 2215 1181 vero,
2257 1128 2317 1173 ut
2352 1136 2448 1188 per
2510 1122 2758 1191 corporis
2809 1137 3036 1190 organa,
3086 1123 3190 1175 hoc
3231 1128 3336 1182 est,
3397 1133 3491 1186 per

1931 1209 2082 1262 varia
2130 1202 2274 1265 illius
2308 1211 2548 1264 membra
2599 1211 2650 1264 id
2716 1211 2966 1265 faciant:
3007 1212 3179 1264 oculis
3212 1211 3488 1269 nimirum,

1933 1313 2050 1356 ore.
2118 1299 2370 1360 auribus,
2428 1301 2789 1368 manibusque
2847 1308 2901 1353 et
2957 1300 3201 1367 pedibus.
3255 1297 3386 1350 Nam
3443 1296 3490 1348 si

1934 1387 2078 1440 oculi
2110 1389 2288 1452 turpia
2344 1397 2506 1455 atque
2560 1390 2841 1444 inhonesta
2891 1405 2998 1445 non
3075 1395 3339 1455 spectent,
3395 1386 3490 1440 sed

1929 1471 2174 1527 decentia
2224 1487 2386 1542 atque
2431 1477 2618 1542 utilia;
2671 1487 2728 1531 et
2766 1492 2928 1532 aures
2982 1492 3179 1545 pravos
3209 1487 3490 1529 sermones

1935 1578 2046 1616 non
2100 1564 2421 1632 suscipiant.
2462 1566 2556 1619 sed
2633 1565 2893 1620 honestos
2940 1566 3242 1633 animaeque
3299 1564 3490 1625 utiles;

1933 1661 1986 1704 et
2029 1667 2092 1707 os
2137 1654 2296 1706 noxia
2345 1669 2451 1709 non
2511 1656 2781 1723 loquatur,
2834 1655 2926 1710 sed
2995 1655 3333 1723 spiritualia;
3378 1669 3493 1706 ma-

1931 1759 2143 1812 nusque
2192 1731 2433 1799 a‘varitite
2501 1745 2672 1814 plenae
2723 1761 2826 1800 non
2869 1747 2980 1800 sint
3011 1743 3212 1808 furore,
3255 1745 3358 1798 hoc
3387 1754 3490 1802 cst.

1933 1835 2036 1887 sia
2067 1835 2216 1888 unde
2267 1837 2628 1890 abstinuerint
2670 1847 2907 1904 atquea
2961 1838 3187 1905 rapinis.
3214 1845 3268 1890 et
3309 1836 3373 1888 ad
3400 1836 3494 1887 ho-

1935 1939 2061 1975 num
2093 1939 2231 1992 opus
2265 1926 2482 1998 aliquod
2517 1929 2766 1996 proprias
2809 1928 3050 1982 actiones
3099 1927 3437 1981 extenderint
3466 1941 3482 1988 ;

1932 2015 1978 2065 sl
2031 2013 2195 2080 pedes
2224 2013 2443 2069 demum
2490 2017 2546 2071 in
2607 2019 2735 2071 vitia
2787 2034 2892 2070 non
2953 2016 3340 2085 procurrerint,
3393 2015 3526 2070 sed’

1932 2099 1988 2153 in
2023 2101 2166 2154 viam
2220 2111 2426 2156 rectam
2466 2121 2480 2158 :
2519 2112 2648 2158 tunc
2697 2105 2936 2172 profecto
2969 2106 3222 2159 omnibus
3273 2102 3492 2172 organis

1934 2190 2098 2245 Deum
2159 2193 2468 2256 laudamus,
2538 2195 2934 2260 melodiamque
2997 2196 3143 2247 omni
3208 2194 3488 2247 harmonia

1929 2266 2392 2349 contemperatam
2443 2285 2491 2338 ei
2519 2283 2816 2338 offerimus.
2868 2286 3106 2351 Singulis
3132 2293 3308 2338 autem
3373 2298 3493 2336 om-

1932 2370 2094 2423 nibus
2139 2371 2522 2426 instrumentis
2573 2388 2603 2427 a
2632 2373 2901 2443 PrOpheta
2942 2375 3030 2427 hic
3059 2371 3489 2430 connumeratis,

1928 2461 2100 2516 Judaei
2133 2463 2260 2517 olim
2286 2464 2395 2518 Deo
2437 2466 2706 2521 canebant
2741 2485 2754 2519 :
2791 2466 3240 2535 quemadmodum
3275 2465 3327 2517 in
3359 2458 3493 2517 Pro-

1932 2550 2102 2604 oemio
2138 2553 2321 2619 operis
2352 2555 2698 2610 tradidimus.
2757 2556 2858 2609 Per
2898 2556 3126 2610 chorum
3181 2564 3360 2607 autem
3392 2541 3493 2606 hoc

1932 2640 2160 2704 inloco,
2209 2643 2484 2696 canticum
2545 2645 2815 2714 intelligit,
2850 2645 2992 2715 quod
3031 2647 3085 2698 in
3139 2645 3336 2698 chorea
3395 2643 3492 2696 de-

1933 2740 2215 2786 cantatum
2257 2735 2346 2788 sit.
2413 2736 2510 2790 Est
2549 2738 2746 2790 etenim
2794 2738 2895 2793 hoc
2943 2740 3173 2791 alterum
3220 2734 3490 2804 quoddam

1929 2822 2181 2878 melodite
2215 2840 2410 2894 genus,
2460 2827 2602 2896 quod
2631 2844 2838 2896 aesque
2890 2828 3116 2882 musicis
3156 2828 3490 2880 instrumen-

1932 2912 2001 2966 tis
2038 2915 2329 2970 conﬁcitur
2371 2936 2385 2970 :
2421 2920 2876 2982 quemadmodum
2913 2929 2966 2972 et
2999 2920 3226 2971 altermn
3257 2911 3492 2970 muSices

1929 3016 2101 3069 genus
2147 3013 2252 3068 est,
2285 3009 2428 3074 quod
2458 3022 2554 3076 per
2613 3008 2844 3062 chordas
2897 3007 3312 3076 disponebatur,
3360 3019 3489 3073 par-

1932 3090 2145 3145 ticulari
2173 3094 2406 3162 quodam
2456 3094 2638 3158 modo,
2682 3106 2736 3150 et
2786 3097 3057 3151 diversum
3104 3097 3172 3149 ab
3221 3095 3286 3148 iis
3318 3095 3495 3147 omni-

1935 3182 2059 3247 bus.
2101 3199 2224 3253 quae
2282 3203 2447 3256 supra
2519 3189 3007 3243 commemoravit.
3044 3188 3150 3242 Per
3229 3200 3493 3254 organum

1934 3274 2100 3345 etiam
2129 3277 2262 3331 illud
2313 3279 2568 3346 speciﬁce
2626 3280 2916 3342 intellexit,
2951 3279 3098 3344 quod
3138 3293 3237 3332 nos
3285 3279 3495 3344 privato

1931 3367 2152 3419 nomine
2201 3381 2466 3437 organum
2499 3371 2834 3438 appellamus
2868 3388 2882 3424 :
2922 3370 3138 3423 tametsi
3190 3370 3303 3422 haec
3329 3367 3497 3422 dictio

257 3456 335 3510 ad
364 3457 468 3508 alia
503 3457 687 3510 omnia
725 3457 896 3524 possit
941 3458 1212 3526 pertinere
1242 3456 1624 3527 instrumenta.
1682 3452 1928 3523 Cymbali
1953 3465 2133 3512 autem
2166 3458 2364 3528 duplex
2400 3476 2569 3531 genus
2639 3470 2766 3517 est:
2837 3462 3067 3516 alterum
3127 3458 3280 3530 quod
3354 3458 3495 3512 bene

257 3562 520 3606 sonorum
552 3546 774 3612 dicitur,
804 3548 952 3617 quod
971 3548 1142 3618 magis
1181 3557 1264 3602 est
1296 3559 1480 3609 suave,
1510 3552 1565 3598 et
1586 3545 1813 3600 canticis
1857 3549 2125 3618 principue
2156 3553 2643 3618 accommodatur;
2681 3553 2908 3608 alterum
2978 3567 3108 3608 vero
3156 3551 3300 3621 quod
3367 3565 3493 3617 gra-

261 3637 438 3692 vioris
477 3645 642 3706 atque
691 3638 989 3707 asperioris
1059 3647 1143 3694 est
1199 3637 1344 3698 soni.
1406 3650 1516 3704 quo
1565 3636 1619 3688 in
1691 3636 1900 3692 bellicis
1937 3639 2422 3699 vociferationibus
2508 3643 2587 3697 uti
2643 3644 2840 3697 solent.
2896 3641 3014 3698 Non
3086 3644 3276 3712 ignoro
3325 3643 3490 3697 etiam

259 3731 415 3799 quod
447 3731 562 3784 haec
595 3733 778 3785 omnia
808 3746 837 3783 a
861 3731 1184 3799 quibusdam
1221 3729 1506 3796 allegorice
1540 3737 1910 3796 exponuntur,
1941 3746 2130 3787 verum
2168 3733 2546 3803 hujuscemodi
2618 3735 3013 3803 expositionem
3082 3735 3183 3790 hoc
3237 3735 3289 3788 in
3373 3734 3493 3786 loco

255 3833 321 3876 et
354 3835 594 3892 persazpe
639 3821 768 3875 alibi
816 3820 1007 3874 aﬂ‘erre
1047 3820 1232 3884 omisi,
1264 3819 1409 3888 quod
1447 3805 1547 3872 'hi.
1599 3834 1792 3875 sensus
1853 3819 2012 3877 facile
2083 3825 2466 3890 destruantur,

256 3919 420 3967 sunt.

337 4001 512 4057 Πᾶσα
537 4000 696 4070 πνοὴ
737 4003 1031 4057 αινεσάτω
1054 4003 1163 4056 τὸν
1194 4002 1430 4068 Κύριον.
1468 4003 1828 4074 Συλληπτικῷ

256 4093 413 4162 λόγῳ
443 4095 553 4148 πᾶν
583 4095 775 4163 γόνος,
811 4094 908 4146 καὶ⁵
952 4095 1137 4147 πᾶσαν
1173 4093 1390 4161 ἠλικίαν
1421 4094 1503 4156 είς
1535 4089 1705 4155 αἶνον,
1733 4097 1827 4148 καὶ

255 4181 618 4251 εὐχαριστίαν
647 4181 870 4250 ἐκίνησε
893 4222 907 4246 ,
942 4183 1113 4250 πνοὴν
1143 4182 1321 4248 λέγων
1349 4181 1448 4250 τὴν
1471 4181 1652 4252 ψυχήν
1675 4198 1690 4212 ⁸
1721 4183 1828 4238 ἀπὸ

255 4273 324 4325 δὲ
351 4271 452 4340 τῆς
482 4273 682 4344 ψυχῆς,
741 4274 802 4325 τὸ
827 4272 1049 4341 σύμπαν
1105 4271 1309 4342 δηλῶν,
1366 4273 1473 4325 ἀπὸ
1520 4273 1720 4342 μέρους
1765 4273 1830 4327 τὸ

256 4362 409 4416 ὅλον.
456 4363 544 4415 Ἐν
602 4365 702 4433 μὲν
741 4363 836 4416 οὗν
891 4363 968 4432 τῷ
1015 4364 1247 4431 παρόντι
1294 4363 1392 4433 βίῳ
1421 4363 1546 4425 τοὺς
1601 4364 1829 4427 πιστοὺς

2558 3837 2610 3880 ct
2689 3829 2814 3894 quia
2894 3827 3079 3882 multis
3166 3829 3302 3896 grati
3385 3842 3490 3879 non

2005 4003 2170 4058 Vens.
2206 4003 2258 4058 6.
2298 4002 2484 4058 Omnis
2525 4006 2746 4074 spiratio
2809 3989 2988 4060 laudet
3035 4005 3332 4058 Dominum.
3365 4002 3493 4058 Col-

1935 4091 2131 4145 lectivo
2162 4107 2414 4147 sermone
2451 4091 2716 4162 Propheta
2783 4108 2940 4152 omne
2987 4093 3266 4146 hominum
3299 4109 3490 4162 genus,

1935 4196 2150 4236 omnem
2180 4194 2389 4237 aetatem
2415 4183 2482 4236 ad
2510 4183 2946 4246 divinaslaudes,
2983 4192 3146 4252 atque
3173 4183 3240 4237 ad
3293 4184 3494 4253 gratia-

1935 4287 2054 4326 rum
2083 4273 2326 4327 actiones
2387 4276 2631 4336 advocat,
2692 4288 2786 4340 per
2848 4273 3201 4342 spirationem
3259 4274 3492 4325 anitnam

1938 4363 2111 4432 ipsam
2185 4364 2528 4432 intelligens,
2594 4380 2690 4434 per
2755 4381 2919 4435 quam
2969 4366 3132 4418 etiam
3187 4365 3491 4419 universam

264 4449 559 4518 συγκαλεῖ,
591 4452 646 4503 ὲν
686 4451 742 4504 δὲ
770 4455 835 4520 τῇ
889 4452 1206 4515 ἀναστάσει,
1241 4453 1334 4504 καὶ¹
1372 4451 1496 4512 τοὺς
1525 4451 1823 4515 ἀπίστους·

1935 4454 2241 4523 signiﬁcare
2277 4454 2447 4508 voluit
2490 4467 2816 4520 creaturam,
2860 4455 3025 4509 veluti
3061 4469 3089 4507 a
3121 4467 3272 4524 parte
3300 4464 3490 4509 totum.

256 4541 387 4595 τότε
429 4529 538 4612 γὰρ
571 4543 706 4610 ὁμοῦ
761 4544 963 4606 πάντες
1009 4543 1159 4609 αὑτῷ
1211 4543 1341 4608 γόνυ
1374 4543 1674 4612 κάμψουσι,
1733 4546 1827 4596 καὶ

257 4631 600 4687 αίνὲσουσιν.
635 4633 885 4703 Αίνῶμεν
914 4633 1098 4686 τοίνυν
1131 4632 1225 4685 καὶ
1258 4633 1422 4700 ἡμεῖς
1442 4671 1458 4697 ,
1486 4633 1583 4685 καὶ
1604 4633 1826 4701 εὐχαρι-

261 4721 485 4791 στῶμεν
527 4723 666 4792 ὑπὲρ
701 4725 954 4777 ἁπάντων
1001 4723 1092 4776 διά
1141 4723 1357 4784 παντὸς,
1424 4723 1481 4774 ὲν
1537 4722 1681 4792 ἔργῳ
1727 4722 1824 4775 καὶ

146 4826 156 4834 ·
258 4812 431 4881 λόγῳ.
485 4813 657 4866 Τοῦτο
721 4816 831 4882 γὰρ
883 4815 1044 4884 ἔργον
1112 4814 1446 4879 ἀναγκαῖον,
1511 4813 1606 4866 καὶ
1667 4813 1827 4882 χρέος

261 4903 528 4970 διηνεκῶς
561 4903 984 4971 ἀπαιτούμενον,
1012 4904 1174 4956 ουσία
1201 4903 1545 4972 εὐπόριστος,
1580 4903 1827 4970 λειτουρ-

258 4994 366 5060 γία
419 4993 724 5063 ἀγγελικήο
778 4994 935 5046 τοῦτο
983 4993 1265 5056 ποιοῦντες
1319 4993 1542 5047 καὶτὸν
1575 4993 1822 5060 παρόντα

263 5083 390 5152 βίον
421 5083 828 5152 ἀπροσκόπτως
868 5085 1161 5153 ἀνύσομεν,
1209 5084 1304 5136 καὶ
1357 5084 1465 5137 τῶν
1527 5083 1830 5153 μελλόντων

261 5171 648 5239 ἀπολαύσομεν
685 5175 930 5243 ἀγαθῶν,
966 5177 1170 5246 χάριτι,
1197 5175 1290 5228 καὶ
1318 5173 1702 5244 φιλανθρωπίᾳ
1732 5174 1826 5226 τοῦ

263 5261 478 5328 Κυρίου
532 5263 688 5332 ἡμῶν
736 5264 914 5332 Ἰησοῦ
953 5264 1220 5335 Χριστοῦ,
1273 5263 1391 5333 μεθ’
1424 5258 1482 5317 οὗ
1522 5263 1600 5331 τῷ
1655 5263 1830 5332 Πατρὶ

263 5349 386 5418 ἅμα
411 5354 504 5406 καὶ
536 5353 612 5424 τῷ
642 5353 781 5422 ἁγίῳ
814 5353 1109 5424 Πνεύματι,
1150 5355 1298 5421 δόξα,
1334 5354 1490 5423 τιμὴ,
1533 5351 1626 5406 καὶ
1653 5369 1823 5422 προσ-

267 5439 521 5510 κύνησις,
552 5447 635 5508 είς
673 5444 796 5507 τοὺς
837 5445 1041 5508 αἰῶνας
1075 5445 1187 5498 τῶν
1227 5445 1460 5500 αἰώνων.
1507 5444 1698 5512 Ἀμήν.

1933 4541 1989 4594 In
2025 4543 2275 4609 praesenti
2331 4543 2496 4609 igitur
2541 4545 2645 4596 vita
2675 4544 2857 4597 ﬁdeles
2902 4554 3183 4607 convocat,
3218 4544 3271 4598 iu
3307 4546 3493 4597 resur-

1937 4633 2176 4685 rectione
2205 4648 2335 4686 vero
2387 4635 2536 4702 ipsos
2572 4630 2748 4686 ‘etiam
2803 4635 3070 4692 inﬁdeles.
3103 4634 3253 4688 Tunc
3292 4635 3489 4687 etenim

1935 4732 2039 4770 una
2086 4733 2277 4773 omnes
2306 4718 2471 4773 Deum
2553 4719 2875 4783 laudabunt,
2917 4732 3081 4790 atque
3133 4737 3294 4776 omne
3351 4739 3490 4791 genu

1936 4807 2289 4862 eiﬁeetetur.
2353 4808 2659 4864 Laudemus
2723 4811 2887 4880 igitur
2950 4821 3003 4866 et
3049 4827 3150 4865 nos
3219 4811 3406 4876 Deum,
3441 4825 3494 4866 et

1934 4898 2135 4964 gratias
2168 4898 2213 4948 ci
2265 4911 2476 4964 semper
2517 4912 2764 4968 agamus,
2819 4914 2916 4968 pro
2957 4900 3232 4962 omnibus,
3265 4901 3318 4954 in
3343 4903 3490 4954 omni

1935 5001 2097 5052 opere
2155 4994 2208 5038 et
2255 5002 2526 5041 sermone.
2581 4987 2693 5042 Hoc
2759 4990 2980 5062 etenim.
3026 4991 3394 5045 necessarium
3437 5001 3491 5042 et

1935 5076 2178 5131 debitum
2211 5092 2349 5146 opus
2384 5088 2488 5142 est,
2520 5079 2662 5147 quod
2711 5094 2740 5132 a
2781 5079 2942 5133 nobis
2973 5095 3186 5149 semper
3217 5079 3487 5149 exigitur:

1936 5169 2374 5237 sacriﬁciumque
2420 5169 2737 5223 facillimqu
2805 5179 2911 5235 est,
2961 5179 3013 5224 et
3057 5169 3356 5238 angelicum
3387 5171 3490 5222 mi-

1936 5259 2240 5316 nis‘tcrium.
2301 5261 2413 5316 Hoc
2443 5276 2658 5330 semper
2707 5271 2928 5331 agentes
2987 5272 3302 5329 praesentem
3325 5262 3486 5314 vitam

1933 5352 2053 5405 sine
2099 5351 2402 5405 oﬂ'ensione
2459 5352 2845 5422 transigemus,
2877 5359 2932 5406 et
2993 5351 3190 5405 futuris
3240 5350 3484 5404 fruemur

1935 5441 2110 5502 bonis.
2152 5443 2319 5511 gratia
2358 5451 2413 5496 et
2458 5443 2826 5498 misericordia
2871 5443 3079 5498 Domini
3133 5444 3304 5496 nostri
3353 5442 3483 5497 Jcsu

266 5531 498 5599 Christi,
538 5551 661 5591 cum
702 5553 833 5608 quo,
870 5535 1016 5590 Patri
1065 5537 1225 5591 simul
1259 5549 1311 5592 et
1344 5536 1568 5608 Spiritui
1623 5542 1833 5598 saneto,
1864 5532 2057 5602 gloria,
2095 5534 2266 5588 honor
2313 5542 2367 5588 et
2451 5536 2713 5600 adoratio,
2766 5534 2819 5589 in
2873 5537 3068 5590 saecula
3137 5535 3477 5590 saeculorum.

269 5625 463 5677 Amen.
