3892 6222
148 280 252 361 ηδ
796 281 1169 346 HISTORIA
1214 283 1318 345 DE
1365 282 1574 347 VITIS
1625 283 1816 353 ROM.
1865 284 2097 375 PONT.
2148 318 2225 331 --
2273 286 2338 347 S.
2385 284 2909 351 INNOCENTIUS

3444 285 3569 375 Is

150 414 459 501 pppptsi-in
489 418 622 501 toto
651 416 796 501 orbe
819 416 1032 501 Christi
1066 416 1171 475 Dei
1208 417 1393 501 nostri
1426 417 1639 475 diffusa
1670 434 1800 501 pro-
1828 419 1885 489 Α
1919 418 2165 501 aliisque
2195 418 2574 501 episcopisin
2596 418 2850 501 ‘eoncilio
2878 417 3336 501 cpnsidentibug
3365 425 3561 501 vetue-

149 482 393 546 vidéntia
419 482 681 561 probare
710 482 1072 561 dignabitur,
1107 488 1368 561 accipere
1408 506 1514 543 nos
1563 482 1800 544 omnino

150 578 254 618 non
284 558 457 633 posse
479 577 612 633 quis
632 558 955 633 Ecclesiam
992 558 1802 633 maculent,probatosmoree

148 631 419 700 evertant,
453 631 630 689 aures
663 631 1177 703 circumstantium
1226 631 1551 703 vulnerent,
1578 631 1798 703 jurgia,

148 703 806 773 iras,dissensionesque
837 700 1174 773 disponant,
1210 723 1238 750 »
1268 702 1489 768 εἰαριιὶ
1518 700 1597 758 de
1628 700 1801 759 rebus

148 774 561 837 ecclesiasticis
592 773 864 830 scribunt
890 774 1168 829 deberent
1198 774 1453 845 profecto
1497 773 1619 833 hos.
1642 773 1803 845 illus-

146 852 260 905 tres
290 847 661 915 characteres
710 844 1073 900 auctoritatis
1125 844 1434 917 pontiﬁcis:
1468 862 1582 917 prae
1615 844 1800 901 oculis

147 917 356 1001 habere
382 917 635 1001 aliisque
664 932 1007 1001 proponere,
1060 915 1278 997 potius,
1313 915 1490 1001 quam
1529 920 1800 993 truncata

147 989 611 1069 testimonia_au_t
640 989 940 1069 ambigua,
984 1003 1110 1069 quis
1159 989 1221 1069 i_n
1266 989 1799 1069 vulgus‘spa'rgere

147 1059 335 1134 inepte
360 1059 704 1127 student,ad
736 1057 897 1113 illam
928 1057 1131 1115 contra
1158 1059 1247 1114 fas
1278 1057 1451 1115 omne
1474 1057 1801 1133 deprimen-

148 1132 302 1189 dam.

212 1204 388 1261 Linea
417 1203 475 1258 5.
513 1234 581 1245 —-
612 1201 902 1257 Constituit
927 1201 1089 1256 nulla
1117 1203 1332 1256 ratione
1361 1202 1798 1256 transmarinum

539 1274 860 1347 clericatum
886 1273 1233 1347 ,ςαξείρίβίδί
1251 1274 1491 1345 quinque
1518 1274 1797 1347 episeopo-

144 1343 260 1419 Ijtm
276 1416 286 1419 Α
300 1345 625 1419 designaret
670 1343 1113 1419 chpirograplium,
1131 1350 1379 1419 _propter
1402 1343 1410 1345 ἡ
1434 1343 1793 1419 Qtanichaeos.

140 1415 370 1488 Somisrg
388 1416 472 1488 ibi
506 1431 638 1488 cap.
670 1413 739 1482 v,’
763 1413 1044 1488 anno'401
1081 1413 1109 1471 τ’
1130 1413 1794 1488 DuofconciliaACartha-

134 1488 257 1559 sine
286 1485 599 1559 celebrata
623 1491 789 1559 sunt,
820 1486 1076 1559 primum
1105 1503 1200 1559 1m
1232 1485 1357 1542 Kal.
1390 1486 1635 1559 Junii,_et
1652 1485 1796 1559 alte-

130 1556 251 1615 rum
282 1558 498 1631 Idibus
536 1556 923 1631 Septembris,
959 1557 1017 1612 in
1044 1556 1260 1630 quibus
1291 1556 1629 1613 testimonia
1658 1556 1791 1613 illu-

127 1631 267 1688 stria
294 1629 681 1689 reperimus.

181 1698 463 1775 Pontifex
492 1699 855 1761 Anastasius
885 1716 1020 1759 cum
1056 1698 1301 1757 Venerio
1349 1698 1791 1768 Mediolanensi,

1917 495 2050 563 rant
2073 489 2139 563 in
2170 489 2774 563 clerumicatholic‘um
2807 490 2984 563 recipi
3014 489 3255 563 clericos
3295 490 3564 563 Ecclesiae

1911 561 2369 627 Denatistarum,
2396 560 2530 617 licet
2558 561 2864 617 schismati
2896 560 3320 619 renuntiarent.
3343 562 3560 619 Verum

1908 631 2163 705 Africani
2198 633 2413 705 Patres
2451 633 2797 705 Carthagine
2828 634 2921 705 Had
2971 632 3285 705 concilium
3333 633 3561 690 collecti

1908 721 2001 759 XVI
2035 703 2157 759 Kal.
2186 704 2370 770 Junii,
2404 703 2791 776 Ecclesiarum
2824 704 2923 759 Dei
2948 722 3050 776 per
3074 704 3326 760 Africam
3348 706 3563 762 consti-

1906 780 2179 849 tutarum
2222 774 2629 849 necessitatem
2687 774 3005 849 extremam
3078 781 3438 849 reputantes,
3498 782 3563 849 ut

1909 845 2100 902 clerici
2132 846 2352 919 eisdem
2397 847 2695 919 darentur,
2729 846 2954 919 legatos
2996 850 3052 919 et
3100 845 3325 903 litteras
3372 848 3445 904 ad
3497 848 3556 919 Β.

1905 917 2279 972 Anastasium
2332 917 2595 982 mittunt,
2628 917 2851 973 necnon
2883 919 2957 973 ad
2988 918 3323 984 Venerium,
3370 923 3436 973 ut
3486 918 3558 975 de

1906 988 2219 1060 disciplina
2265 988 2479 1060 decreti
2527 988 2795 1057 nonnihil
2854 989 3234 1056 remitterent,
3268 991 3451 1046 donec
3481 991 3553 1046 ab

1907 1059 2104 1132 inopia
2132 1059 2535 1115 ministrorum
2582 1060 2849 1132 Ecclesiae
2884 1062 3178 1117 Africanae
3228 1060 3552 1117 relevaren-

1904 1130 2025 1215 turI
2055 1131 2274 1215 Litterae
2298 1133 2591 1215 mittantur
2621 1130 2689 1215 ad
2718 1134 2923 1215 fratres
2965 1140 3015 1215 et
3062 1134 3391 1215 roepzscopgs
3420 1149 3553 1215 ups-

1906 1210 2036 1267 tros,
2070 1210 2121 1257 et
2150 1203 2392 1257 maxime
2437 1202 2507 1257 ad
2551 1202 2729 1257 sedem
2775 1202 3411 1273 apostolicam,‘etc.'Ex
3458 1203 3552 1259 his

1905 1273 2258 1347 testimoniis
2290 1278 2469 1347 patet,
2504 1274 2575 1328 ab
2609 1273 3183 1347 ecgclesiis‘Africanis
3214 1274 3550 1347 recognosci

1905 1342 2308 1399 transmarino
2332 1343 2389 1400 in
2420 1348 2631 1409 tractu,
2665 1344 2724 1398 in
2767 1342 2953 1412 Italia,
2988 1349 3333 1417 potestatem
3348 1342 3446 1401 ἐυ
3491 1362 3552 1400 e-

1905 1415 2137 1470 riorem.
2171 1431 2205 1470 a
2233 1432 2349 1470 oua
2378 1415 2536 1470 lenes
2565 1415 2677 1470 sibi
2708 1416 2834 1470 dari
2865 1432 3036 1470 nosse
3078 1417 3354 1470 fatentur.
3402 1363 3550 1470 illis.

1904 1415 2137 1485 riorcm,
2171 1431 2205 1470 a
2233 1432 2349 1488 qua
2378 1415 2536 1488 leges
2565 1415 2677 1471 sibi
2708 1416 2844 1488 dari
2865 1414 3036 1488 posse
3078 1417 3354 1488 fatentur,
3402 1414 3550 1472 illis-

1904 1504 2015 1560 que
2042 1487 2365 1560 parendum
2399 1487 2509 1560 sibi
2542 1502 2669 1543 esse
2699 1487 2962 1560 sentiunt
2992 1487 3397 1560 omninode,ac
3425 1503 3554 1560 pro-

1903 1557 2163 1631 mittunt,
2196 1562 2262 1631 ut
2288 1557 2385 1613 hic
2416 1557 2776 1631 edamussim
2809 1558 3186 1615 observandis
3236 1558 3391 1616 circa
3425 1557 3551 1615 Do-

1901 1628 2168 1687 natistae.
2195 1628 2406 1688 Caetera
2432 1629 2555 1686 vide
2584 1628 2820 1687 innatis
2846 1631 3054 1700 P‘agii.
3258 1646 3267 1654 '

1210 2114 1414 2185 XLII.
1472 2113 1849 2193 SANCTUS
1896 2114 2480 2195 INNOCENTIUS.

1105 2348 1270 2397 anno
1315 2349 1559 2398 CHRISTI
1610 2336 1751 2412 402,
1802 2350 2049 2405 ARCADII
2101 2352 2475 2421 ET/EONQBII
2517 2340 2579 2400 8.

349 2753 466 2808 ιτ
502 2745 909 2819 Innocentius,
944 2746 1183 2805 natione
1211 2743 1583 2818 Albanensis,
1616 2763 1691 2805 ex
1714 2753 1888 2825 patre
1917 2744 2281 2817 Innocentio,
2315 2742 2464 2804 sedit
2488 2762 2674 2805 annos
2713 2741 3072 2825 quindecim,
3106 2759 3321 2803 menses
3361 2741 3545 2815 duos,

267 2851 398 2915 dc'es
427 2852 667 2932 viginti
701 2850 806 2933 (a).
841 2851 951 2911 Hic
981 2851 1394 2912 constitutum
1427 2850 1573 2911 fecit
1600 2850 1679 2912 de
1710 2850 1883 2912 omni
1912 2850 2209 2923 Ecclesia,
2246 2855 2311 2911 et
2358 2850 2437 2909 de
2485 2849 2718 2928 regulis
2761 2847 3309 2919 monasteriorum,
3360 2852 3424 2907 et
3468 2846 3546 2908 de

272 2958 548 3031 Iudaeis,
582 2962 648 3019 et
677 2957 756 3018 de
788 2957 1071 3036 paganis,
1108 2962 1170 3018 et
1202 2956 1431 3017 multos
1459 2956 1897 3037 Cataphrygas
1924 2956 1987 3016 in
2018 2956 2173 3016 urbe
2204 2955 2466 3029 invenit,
2500 2973 2659 3034 quos
2687 2954 2905 3016 exsilio
2934 2960 3000 3015 et
3029 2951 3431 3014 monasteriis
3464 2950 3543 3031 (ὁ)

279 3064 615 3144 relegavit.
647 3064 731 3125 Et
757 3063 860 3125 hic
886 3062 1130 3125 invenit
1156 3062 1503 3141 Pelagium,
1538 3063 1896 3125 Coelestium
1930 3062 2278 3134 haereticos,
2314 3067 2378 3123 et
2405 3061 2729 3122 damnavit
2757 3079 2887 3122 eos.
2920 3062 2997 3121 Et
3025 3060 3145 3122 hoc
3189 3056 3541 3132 constituit,

201 3174 241 3232 5
284 3177 355 3233 ut
387 3171 502 3251 qui
530 3175 720 3231 natus
751 3169 939 3230 fuerit
967 3170 1045 3229 de
1074 3169 1454 3242 Christiana,
1488 3169 1696 3230 denuo
1746 3189 1856 3250 per
1902 3170 2287 3249 baptismum
2340 3169 2584 3230 renasci
2638 3167 2890 3231 debeat.
2919 3167 3039 3228 hoc
3088 3168 3183 3227 est
3211 3163 3543 3249 baptizari,

285 3277 458 3358 quod
494 3275 788 3356 Pelagius
816 3275 1163 3335 damnabat
1194 3274 1291 3355 (e).
1324 3275 1561 3336 Eodem
1594 3279 1879 3355 tempore
1907 3273 2224 3335 dedicavit
2251 3273 2575 3335 basilicam
2605 3278 2963 3334 sanctorum
3000 3271 3281 3333 Gervasii
3309 3276 3373 3332 et
3401 3273 3548 3331 Pro-

284 3383 455 3457 tasii,
493 3401 571 3444 ex
602 3381 937 3444 devotione
967 3382 1327 3443 testamenti
1364 3381 1692 3461 cujusdam
1739 3381 2001 3445 illustris
2051 3380 2300 3442 feminae
2349 3380 2621 3441 Vestinae
2668 3378 3105 3441 laborantibus
3157 3374 3548 3457 presbyteris

289 3489 583 3553 Cusicino
616 3488 724 3570 (d),
760 3494 822 3550 et
848 3489 1202 3569 Leopardo,
1233 3494 1296 3550 et
1325 3489 1592 3549 diacono
1623 3488 1947 3567 Lybyano.
1982 3490 2153 3559 Quae,
2205 3486 2440 3546 femina
2482 3485 2912 3564 suprascripta
2960 3482 3320 3544 testamenti
3368 3480 3550 3562 pagi-

286 3616 440 3659 nam
470 3597 559 3658 sic
589 3595 929 3675 ordinavit,
961 3601 1030 3657 ut
1060 3596 1383 3657 basilicam
1416 3600 1779 3656 sanctorum
1808 3600 2159 3673 martyrum
2193 3612 2267 3653 ex
2298 3591 2711 3663 ornamentis,
2758 3596 2816 3652 et
2863 3588 3243 3669 margaritis,
3276 3586 3550 3650 venditis

164 3706 244 3771 ιο
278 3692 476 3786 iustis
504 3702 1029 3766 testimationibus
1055 3708 1545 3773 construeretur,
1582 3706 1644 3762 et
1673 3706 2035 3765 constructa
2065 3705 2160 3760 est
2193 3716 2388 3777 usque
2419 3697 2497 3758 ad
2530 3698 2901 3777 perfectum.
2947 3697 3017 3757 In
3066 3704 3191 3774 quo
3233 3693 3371 3755 loco
3400 3692 3551 3753 bea-

286 3786 568 3873 tissimus
597 3809 1003 3871 Innocentius
1032 3826 1106 3869 ex
1136 3808 1535 3887 delegatione
1563 3805 1824 3867 illustris
1854 3806 2105 3867 feminea
2136 3804 2408 3865 Vestinae
2443 3804 2694 3864 titulum
2730 3805 3086 3864 Romanum
3116 3799 3462 3873 constituit,
3487 3803 3553 3860 et

284 3918 355 3981 in
386 3916 610 3981 eodem
638 3913 967 3977 Dominico
997 3915 1134 3976 loco
1165 3913 1238 3994 (e)
1269 3913 1501 3974 obtulit
1527 3918 1791 3993 patenas
1822 3917 2152 3990 argenteas
2181 3911 2361 3983 duas,
2399 3917 2737 3989 pensantes
2783 3908 3046 3987 singulae
3088 3906 3282 3971 libras
3324 3902 3550 3983 viginti

284 4042 560 4086 coronas
584 4026 922 4105 argenteas
950 4020 1308 4093 duodecim,
1351 4024 1690 4099 pensantes
1736 4018 2001 4097 singulm
2055 4018 2249 4077 libras
2298 4016 2699 4095 quindecim;
2753 4033 2928 4075 amas
2976 4017 3313 4091 argenteas
3360 4010 3543 4088 duas,

284 4135 631 4217 pensantes
660 4127 925 4206 singulae
954 4127 1149 4188 libras
1178 4126 1440 4205 viginti;
1476 4125 1748 4206 pharum
1782 4125 2159 4186 cantharum
2213 4127 2548 4200 argentum
2596 4139 2818 4193 unum,
2871 4136 3142 4199 pensans
3185 4116 3379 4177 libras
3418 4115 3541 4189 22;
3650 4104 3663 4112 ’

152 4245 248 4306 Ξ)
290 4242 646 4305 cerostrata
673 4239 978 4314 argentea
1005 4238 1280 4314 quatuor
1311 4232 1642 4312 pensantia
1682 4218 1951 4311 singulas
1993 4229 2188 4289 libras
2219 4227 2480 4305 triginta
2530 4225 2842 4305 quinque;
2895 4231 3129 4285 turrem
3180 4227 3546 4301 argenteam

146 4330 151 4337 ’
284 4365 435 4427 cum
465 4349 725 4425 patens,
758 4344 821 4401 et
851 4339 1146 4402 columba
1173 4338 1478 4399 deaurata
1507 4341 1880 4417 pensantem
1914 4335 2106 4395 libras
2140 4332 2400 4411 triginta
2429 4348 2443 4404 ;
2480 4330 2561 4392 ad
2590 4336 2885 4391 ornatum
2930 4327 3231 4410 baptismi
3267 4326 3371 4408 (Γ),
3420 4344 3550 4387 cer.

286 4471 441 4515 vum
474 4453 849 4528 argenteum
880 4445 1249 4506 fundentem
1282 4462 1540 4523 aquam,
1574 4447 1944 4522 pensantem
1973 4440 2169 4501 libras
2198 4438 2422 4517 viginti
2451 4438 2732 4518 quinque
2758 4456 2772 4512 ;
2806 4457 2907 4499 vas
2934 4436 3015 4499 ad
3037 4436 3227 4497 oleum
3258 4434 3547 4498 chrisma-

285 4562 367 4623 tis
398 4565 771 4638 argenteum,
799 4570 1053 4635 pensum
1088 4550 1273 4613 libras
1301 4551 1598 4632 quinque;
1626 4568 1729 4609 vas
1758 4547 1930 4609 aliud
1948 4545 2035 4611 ad
2062 4546 2251 4608 oleum
2281 4546 2704 4618 exorcizatum,
2729 4563 2985 4625 pensans
3015 4540 3198 4604 libras
3244 4542 3550 4624 quinque;

280 4677 537 4750 patenas
568 4660 722 4722 duas
749 4658 831 4722 ad
854 4658 1131 4734 chrisma,
1163 4666 1475 4739 pensantes
1503 4653 1753 4735 singulae
1783 4653 1970 4715 libras
2006 4662 2267 4735 quatuor
2287 4672 2309 4725 ,’
2354 4650 2638 4733 scyphum
2683 4659 3031 4730 argenteum
3076 4646 3551 4730 anaglyphatum

152 4778 242 4840 20
286 4771 373 4853 (ῃ)
399 4775 748 4855 pensantem
778 4764 962 4826 libras
991 4763 1185 4825 decem
1207 4783 1232 4840 ;
1258 4761 1543 4844 scyphum
1572 4760 1764 4822 alium
1794 4768 2162 4841 argenteum,
2188 4766 2535 4840 pensantem
2563 4756 2748 4818 libras
2801 4756 2993 4818 decem
3013 4775 3037 4831 ,'
3083 4753 3292 4815 calices
3338 4772 3552 4832 argen-

289 4889 404 4941 teos
432 4875 731 4959 quinque,
759 4867 1069 4951 pensantes
1091 4867 1322 4949 singuli
1345 4866 1531 4929 libras
1563 4874 1711 4939 tres;
1744 4864 1952 4926 calices
1982 4872 2289 4945 argenteos
2320 4862 2601 4945 baptismi
2642 4881 2887 4921 numero
2932 4869 3070 4932 tres,
3090 4864 3395 4939 pensantes
3422 4856 3549 4917 sin-

281 4985 421 5068 guli
442 4958 641 5045 libras
664 4977 846 5053 duas;
874 4985 926 5039 et
955 4974 1080 5037 alia
1108 4973 1263 5036 dona
1291 4973 1477 5035 multa
1508 4973 1759 5053 largitus
1786 4980 1908 5049 est;
1936 4969 2357 5052 aquaemaniles
2385 4976 2716 5049 argenteas,
2743 4974 3054 5047 pensantes
3082 4960 3327 5043 singqu
3362 4958 3551 5022 libras

285 5095 402 5163 16,-
424 5082 930 5175 pltaracanthara
959 5103 1114 5145 aerea
1141 5082 1454 5154 sexdecim,
1483 5079 1798 5162 pensantia
1822 5077 2062 5157 singula
2093 5076 2277 5139 libras
2305 5074 2532 5151 decem;
2562 5075 2696 5134 item
2723 5067 3230 5152 phara’cantharw
3258 5083 3425 5125 areae
3454 5084 3548 5127 ce-

278 5206 564 5275 rastratz
596 5191 685 5275 (h)
719 5191 783 5254 in
809 5190 1034 5273 gremio
1069 5187 1329 5253 basilicae
1359 5205 1603 5249 numero
1632 5184 1872 5265 viginti,
1900 5192 2211 5266 pensantes
2239 5181 2493 5263 singula:
2526 5179 2713 5241 libras
2744 5174 3171 5258 quadraginta.

1326 5442 1577 5491 NOTULE
1617 5439 2007 5488 HABGINALBS
2050 5436 2361 5484 FABROTTI.

193 5663 275 5787 (ἕξ
305 5664 375 5729 Β,
406 5675 604 5723 mens,
641 5656 696 5725 1,
728 5655 787 5710 d.
822 5654 909 5721 10,
942 5669 976 5708 a
1004 5668 1157 5707 coss.
1188 5652 1298 5706 Are
1327 5655 1385 5706 et
1414 5650 1611 5731 Honor
1637 5649 1674 5703 5
1702 5647 1775 5703 ad
1802 5647 1997 5703 Honor
2024 5646 2085 5700 11
2121 5647 2179 5727 et
2208 5639 2698 5721 Constantium}

126 5735 215 5789 de
270 5732 312 5787 i.
380 5730 461 5789 te)
492 5731 688 5785 Baron
723 5744 739 5783 :
773 5742 883 5781 non
912 5724 1089 5781 verbis
1119 5722 1211 5779 sed
1241 5725 1441 5789 reipsa,
1474 5737 1609 5789 quia
1635 5720 1866 5789 negabat
1888 5733 2015 5789 pecc
2043 5733 2184 5785 orig.
2260 5714 2337 5785 (ιι)
2369 5717 2429 5780 C,
2464 5713 2698 5770 Urswlm

270 5749 289 5786 ι

2775 5636 2850 5707 (b)
2882 5637 2992 5701 BC,
3026 5634 3085 5690 in
3116 5631 3317 5707 exsilio
3352 5650 3553 5691 mona-

492 5706 696 5785 ii'aéoh’
723 5706 883 5783 {5:61;
896 5706 1098 5781 ’verbis
1119 5706 1211 5779 sed
1241 5725 1441 5795 reipsa,
1474 5723 1609 5846 (iuta
1635 5720 1866 5790 negabat
1888 5733 2015 5789 pecc
2043 5718 2184 5785 orig.
2260 5714 2337 5785 (ιι)
2369 5717 2429 5780 C,
2464 5710 2746 5770 Ursicino.
2825 5706 2893 5781 (e)
2920 5708 2981 5775 C,
3015 5707 3219 5763 eadem
3271 5706 3469 5763 domo.

492 5799 683 5865 nterii.
763 5800 844 5865 (g)
870 5796 930 5865 C,
963 5793 1380 5865 anaglyphum.
1458 5794 1475 5865 (
1521 5792 1587 5864 )"
1617 5792 1967 5847 cerostrotaa.

127 5773 688 5905 ’Βεῖιίέᾦιῖίῗ
723 5773 1380 5869 ferramenta:

1617 5792 1967 5847 cerostrotae.
