3960 6222
98 271 211 338 173

856 274 1220 338 HISTORIA
1265 272 1366 336 DE
1410 271 1613 339 VITIS
1659 271 1848 337 ROM.
1898 277 2123 338 PONT.
2159 311 2235 320 —
2269 278 2332 339 S.
2381 277 2741 341 ZOSIMUS.

3413 282 3530 343 174

1279 628 1511 702 XLIII.
1556 630 1934 702 SANCTUS
1985 631 2370 703 ZOSIMUS.

1044 819 1209 866 ANNO
1252 820 1488 867 cumsrl
1529 806 1670 880 417,
1719 822 1966 868 nouom
2011 807 2104 882 13,
2166 822 2490 871 resonosu
2535 809 2608 870 l2

352 1122 464 1175 59
508 1113 811 1185 Zosimus,
859 1114 1101 1173 natione
1146 1111 1405 1187 Graecus,
1451 1134 1527 1176 ex
1560 1125 1742 1195 patre
1783 1115 2173 1192 Abrahamio,
2218 1117 2370 1180 sedit
2407 1138 2630 1180 annum
2673 1140 2881 1193 unum,
2925 1139 3142 1182 menses
3187 1128 3351 1199 octo,
3404 1123 3528 1186 dies

268 1221 500 1302 viginti
542 1221 828 1301 quinque
885 1218 991 1300 (a).
1036 1220 1158 1282 llic
1217 1221 1446 1283 multas
1502 1224 1806 1284 constituit
1856 1225 2164 1286 Ecclesias
2224 1225 2304 1306 (b)

2353 1243 2366 1285 :
2416 1231 2477 1287 et
2518 1226 2665 1287 fecit
2707 1227 3139 1305 constitutum,
3187 1236 3253 1289 ut
3291 1228 3535 1292 diaconi

269 1329 447 1390 (muas
531 1336 706 1389 tectas
758 1326 1044 1387 haberent
1084 1326 1154 1387 de
1192 1327 1379 1407 paliis
1436 1328 1769 1405 linostimis,
1814 1339 1871 1391 et
1905 1350 2018 1412 per
2061 1331 2380 1411 parochias
2422 1351 2716 1395 concessa
2744 1328 2818 1413 (ὁ)
2864 1333 3118 1395 licentia
3160 1354 3373 1398 cereos
3414 1337 3526 1400 be-

263 1435 479 1497 nedici
510 1433 619 1516 (d).
665 1435 745 1495 Et
779 1432 969 1512 jussit
1010 1432 1083 1513 (e)
1130 1439 1203 1493 ut
1246 1434 1455 1495 nullus
1499 1436 1765 1498 clericus
1807 1438 2106 1518 poculum
2151 1439 2213 1499 in
2259 1439 2512 1519 publico
2570 1441 2957 1521 propinaret,
3007 1441 3127 1503 nisi
3170 1449 3416 1505 tantum
3460 1444 3526 1505 in

179 1545 219 1603 5
265 1542 447 1605 cellis
490 1539 795 1614 ﬁdelium,
842 1539 1120 1602 maxime
1164 1540 1561 1604 clericorum.
1609 1541 1730 1604 Hic
1769 1543 1915 1623 fecit
1958 1545 2390 1607 ordinationem
2432 1566 2611 1609 unam
2655 1548 2717 1607 in
2759 1549 2927 1611 Urbe
2963 1568 3075 1629 per
3115 1568 3363 1611 mensem
3405 1551 3527 1612 De-

261 1648 584 1724 cembrem,
626 1646 997 1730 presbyteros
1056 1647 1271 1721 decem,
1318 1648 1594 1709 diaconos
1638 1659 1776 1725 tres,
1823 1652 2120 1733 episcopos
2166 1672 2279 1733 per
2337 1654 2583 1716 diversa
2644 1654 2771 1716 loca
2831 1664 2978 1716 octo.
3027 1654 3145 1728 Qui
3204 1657 3395 1719 etiam
3436 1677 3527 1719 se-

254 1755 474 1837 pultus
515 1763 597 1815 est
626 1753 820 1835 juxta
861 1772 1074 1834 corpus
1118 1753 1275 1815 beati
1312 1752 1636 1816 Laurentii
1688 1758 1974 1838 martyris
2017 1760 2116 1820 via
2177 1759 2497 1822 Tiburtina
2537 1778 2645 1823 VIII
2689 1760 2773 1843 (f)
2829 1761 3133 1825 Kalendas
3189 1765 3528 1826 Januarias

263 1862 376 1944 [aL
421 1854 691 1938 lunias],
742 1869 800 1922 et
839 1861 1086 1922 cessavit
1124 1861 1494 1942 episcopatus
1536 1880 1649 1942 per
1689 1861 1813 1924 dies
1856 1865 1925 1924 11
1963 1864 2070 1945 (g).

1335 2028 1575 2068 NOTULE
1611 2029 1972 2071 MARGINALES
2010 2031 2304 2072 FABRO'I'I‘I.

168 2130 248 2201 (a)
279 2128 348 2197 B,
371 2144 560 2201 Amens
587 2128 649 2201 4,
676 2127 740 2201 (1.Δ
764 2128 833 2201 7,7
856 2143 900 2201 ε)ἑ
918 2125 1082 2201 Coss.
1116 2126 1355 2183 Honorii
1402 2128 1461 2201 11
1516 2132 1574 2184 et
1621 2128 1944 2201 Constantii
1983 2130 2041 2198 2,
2075 2132 2144 2186 ad
2196 2131 2392 2187 Honor
2425 2135 2493 2188 12
2519 2136 2578 2189 et
2606 2132 2915 2188 Theodosii
2948 2135 3006 2188 Β.

99 2197 413 2258 constituit
442 2199 504 2254 in
535 2197 782 2254 ecclesia
810 2200 850 2252 Ο
870 2198 932 2253 Β.

99 2291 154 2347 p.
185 2272 631 2347 propinaretur.
708 2268 787 2342 (f)
817 2269 878 2337 Ο,
909 2271 965 2325 7.
1044 2268 1122 2339 (g)
1154 2270 1338 2326 Baron
1367 2286 1476 2327 uno
1505 2268 1612 2327 die;

3083 2134 3161 2205 (b)
3193 2135 3293 2190 Hic
3339 2135 3527 2192 multa

1009 2198 1078 2280 (e)
1105 2198 1564 2280 choncessit.“
1589 2199 1665 2272 (ἀ)
1697 2200 1739 2256 C
1759 2201 1823 2271 Β,
1856 2218 2089 2258 cereum
2122 2202 2482 2261 Paschalem.
2559 2206 2631 2274 (e)
2665 2205 2707 2260 B
2729 2204 2791 2271 C,
2814 2210 2881 2261 ut
2906 2198 3341 2263 nullis'c'lericis
3371 2224 3428 2280 p.
3463 2208 3526 2262 in

1478 2394 1720 2451 VARI/E
1759 2396 2159 2454 LECTIONES

405 2510 566 2583 Apud
592 2510 905 2566 Fabrottum
933 2525 1004 2566 ex
1031 2509 1211 2566 codice
1239 2510 1479 2567 Freheri.

166 2610 317 2666 Num
374 2609 471 2676 59,
523 2609 605 2664 lin
663 2610 721 2675 2,
770 2607 834 2674 B,
883 2607 1074 2663 multa
1117 2607 1387 2663 Ecclesia:
1440 2608 1763 2665 constituit.

104 2682 186 2737 lin
213 2683 271 2749 6,
303 2681 372 2747 B,
406 2678 810 2735 ordinationes
841 2679 977 2736 fecit
1006 2678 1066 2735 in
1095 2679 1241 2735 urbe
1271 2680 1475 2736 Roma.
1500 2681 1582 2736 lin
1610 2680 1665 2747 9,
1696 2683 1762 2738 A.

103 2753 227 2810 dies
258 2753 352 2808 10.

348 2850 436 2905 Ea:
463 2847 645 2905 codice
671 2848 856 2918 Regio,
884 2847 1167 2905 Mazarino
1195 2856 1246 2905 et
1279 2849 1518 2905 Thuano.

170 2949 278 3004 Lin
308 2949 364 3016 1,
394 2946 678 3019 Abramio
714 2963 921 3019 quam)
954 2948 1007 3019 1,
1036 2963 1117 3001 m.
1151 2947 1205 3016 3,
1246 2947 1304 3001 d.
1340 2948 1426 3019 12.
1462 2948 1549 3019 lin,
1572 2950 1627 3015 2,
1665 2947 1765 3002 llic

102 3019 294 3075 multa
326 3017 636 3074 constituit
665 3016 749 3073 in‘
772 3016 1048 3084 Ecclesia,
1082 3021 1140 3072 et
1162 3018 1209 3089 7f.
1244 3034 1293 3073 c.
1330 3018 1412 3073 lin
1440 3018 1765 3089 3,1inostu-

100 3091 238 3147 mis.
272 3092 359 3146 lin
376 3094 423 3161 73
452 3094 511 3145 et
530 3090 583 3157 4,
608 3106 734 3161 par.
758 3105 1023 3161 comesse
1042 3094 1143 3161 est,
1160 3088 1200 3144 1.
1227 3105 1277 3161 ρ.
1302 3089 1360 3143 b.
1385 3088 1502 3144 Hoc
1533 3106 1767 3161 quoque

101 3160 438 3227 constituit,
466 3164 533 3233 ut
664 3158 738 3215 cl.
769 3161 855 3233 lin
882 3162 937 3233 6,
971 3160 1029 3214 in
1062 3160 1211 3233 urbe
1236 3160 1421 3233 Rioma
1451 3158 1764 3233 per—m._'D.

101 3235 182 3289 lin
215 3235 271 3301 8,
303 3238 401 3288 est
427 3232 525 3286 via
552 3230 884 3299 Tiburtina,
909 3232 1082 3303 juxta
1109 3246 1160 3285 c.
1190 3232 1249 3286 B.
1274 3232 1337 3286 L.
1361 3230 1542 3288 mfvn
1575 3231 1682 3288 Kal
1712 3236 1770 3288 et

101 3322 233 3361 cess
259 3304 425 3377 episc
456 3303 514 3358 d.
550 3303 639 3357 11.

556 3409 641 3464 Ea:
667 3407 849 3464 codice
880 3408 1099 3465 Thuano
1128 3409 1319 3465 altera.

171 3509 280 3565 Lin
300 3511 358 3576 2,
382 3523 466 3563 m.
489 3508 545 3563 3.
566 3507 626 3563 d.
654 3508 741 3562 11.
765 3510 823 3562 et
851 3506 1036 3562 multa
1065 3506 1370 3563 constituit
1396 3506 1457 3562 in
1487 3506 1764 3564 Ecclesia.

98 3581 185 3637 lin
205 3582 263 3648 3,
285 3578 434 3635 leva
453 3583 608 3635 tecta
628 3577 688 3634 h.
717 3579 801 3633 lin
819 3579 854 3633 3
874 3582 932 3635 et
950 3579 1002 3647 4,
1026 3595 1131 3651 per
1150 3577 1520 3652 parrochiam
1542 3596 1592 3635 e.
1618 3578 1658 3634 l.
1682 3595 1770 3635 ce-

1792 2517 1850 2583 Α
1879 2529 2043 2597 reum
2074 2514 2130 2569 b.
2157 2516 2214 2597 et
2234 2513 2526 2597 pracepit,
2551 2518 2616 2597 ut
2636 2532 2694 2571 n.
2721 2515 2791 2572 cl.
2809 2515 2877 2597 in
2908 2514 3200 2597 pppulurn
3224 2514 3527 2597 publicum

1876 2584 2305 2667 propinaretur,
2335 2584 2449 2640 nisi
2480 2590 2711 2667 tantum
2743 2584 3030 2667 cellis—fici:
3060 2589 3139 2667 lin
3167 2584 3244 2667 ἓξ
3260 2587 3362 2643 Hic
3394 2587 3528 2667 fecit

1875 2656 2272 2782 ardiipationes
2302 2674 2406 2729 per
2433 2674 2513 2712 m.
2543 2657 2609 2712 D.
2636 2659 2717 2712 lin
2738 2660 2790 2727 4,
2814 2676 2893 2713 vu
2914 2658 3019 2715 Kal
3050 2660 3103 2716 J.
3128 2663 3179 2715 et
3212 2656 3340 2715 eess
3368 2659 3526 2732 episc

2144 2851 2303 2923 Apud
2335 2852 2683 2909 Ilolstenium
2709 2860 2761 2908 et
2788 2852 3252 2908 Schelestratium.

1946 2967 2049 3023 Lin
2074 2969 2129 3034 2,
2154 2982 2386 3023 menses
2412 2970 2550 3034 tres,
2566 2965 2691 3022 dies
2720 2966 3049 3023 duodecim.
3074 2968 3154 3022 Ita
3177 2966 3322 3023 Flor.
3353 2967 3437 3021 lin
3465 2966 3521 3034 3,

1873 3039 2018 3107 Flor,
2051 3037 2145 3093 hic
2195 3038 2382 3093 multa
2429 3037 2732 3093 constituit
2777 3036 3067 3094 Ecclesiaz.
3101 3038 3183 3093 lin
3220 3040 3275 3107 8,
3311 3040 3447 3095 Cass
3475 3046 3528 3094 et

1874 3111 2025 3177 Flor,
2051 3126 2303 3165 cereum.
2338 3110 2420 3165 lin
2448 3110 2502 3177 4,
2530 3110 2673 3178 Flor,
2706 3125 2786 3166 vn
2819 3108 3059 3165 Kalend.

2195 3251 2363 3324 Apud
2392 3253 2625 3309 Peniam
2653 3267 2723 3308 ex
2749 3251 2931 3309 codice
2952 3253 3203 3310 Cavensi.

1947 3367 2152 3439 Lini,
2184 3371 2349 3439 patre
2397 3367 2694 3439 Abramio,
2737 3368 2819 3439 lin
2863 3368 2917 3437 3,
2952 3371 3018 3424 ut
3064 3368 3338 3424 diacones
3385 3366 3527 3424 laeva

1876 3442 2035 3510 recta
2064 3437 2348 3510 haberent
2378 3438 2448 3494 de
2491 3437 2698 3510 palleis
2741 3438 3079 3495 linostimis.
3115 3440 3198 3495 lin
3227 3440 3260 3494 4
3289 3443 3347 3495 et
3372 3440 3427 3507 5,
3459 3443 3528 3510 ut

1877 3508 2077 3591 nullus
2103 3508 2364 3591 clericus
2379 3508 2676 3591 in‘p'opulo
2696 3510 2928 3591 publico
2954 3510 3387 3591 propinaretur,
3412 3509 3525 3568 nisi

1875 3583 2111 3637 tantum
2142 3580 2298 3637 cella:
2328 3580 2613 3651 fidelium,
2638 3580 2890 3639 maxime
2922 3580 3287 3640 clericorum.

1489 3703 1706 3760 ΝΟΤιΕ
1741 3703 2149 3761 VARIORUM.

710 3818 1161 3875 ALTASERRA.

166 3908 300 3964 Lin.
322 3910 361 3964 2
378 3911 440 3964 et
457 3907 511 3980 3.
536 3938 604 3947 —
623 3908 689 3964 Et
717 3909 849 3980 fecit
881 3910 1250 3975 constitutum,
1295 3915 1350 3963 vt
1389 3908 1612 3964 diaconi
1648 3909 1761 3980 lae-

94 3997 190 4036 vas
220 3988 388 4064 tectas
417 3979 681 4064 haberent
717 3978 792 4035 de
830 3980 1022 4064 palliis
1070 3980 1405 4064 linosthinis.
1437 3981 1484 4034 A
1532 3978 1761 4064 Zosimo

96 4051 514 4133 constitutum,
530 4049 847 4133 ut‘d‘iaconi
867 4050 927 4106 in
947 4050 1088 4133 laeva
1110 4055 1408 4133 gestarent
1430 4049 1760 4133 mappu‘las,

98 4068 514 4123 consumtum,
530 4068 595 4106 ut
615 4068 846 4107 diaconi
867 4068 927 4106 in
949 4068 1088 4106 laeva
1110 4068 1408 4124 gesmarent
1430 4068 1760 4177 magpuias,

137 4140 227 4177 use
257 4121 444 4194 pallia
473 4126 616 4178 sunt
645 4122 829 4178 lintea
855 4139 958 4178 seu
987 4121 1161 4192 linea,
1187 4139 1314 4178 can.
1339 4122 1503 4177 Illud.
1624 4122 1760 4178 dist.

98 4140 282 4249 acdie
312 4193 690 4249 manipulum
729 4193 1048 4249 annellant.

170 4197 282 4248 idie
312 4197 690 4319 manipulum
729 4197 1048 4267 appellant.

170 4265 305 4320 Lin.
336 4266 371 4320 3
399 4268 481 4337 et;
527 4308 539 4319 .
564 4297 630 4306 —
656 4266 729 4337 Et,
764 4282 866 4337 per
906 4264 1197 4337 parochias
1246 4280 1493 4337 concessa
1543 4264 1765 4337 licentia

97 4352 278 4393 cereos
311 4335 583 4392 benedici.
605 4334 836 4392 Zosimo
861 4334 1141 4393 tribuitur
1158 4335 1547 4391 constitutum
1569 4336 1640 4391 de
1664 4335 1763 4390 be-

99 4408 430 4464 nedicendo
469 4423 635 4464 cereo
682 4407 968 4464 Paschali.
1001 4408 1159 4463 Idem
1209 4407 1492 4479 Sigebert.
1522 4408 1595 4462 ad
1624 4423 1761 4462 ann.

98 4480 206 4534 417
228 4495 293 4551 ;‹‹
319 4479 591 4551 zosimus
618 4495 773 4551 papa
801 4478 1061 4551 decernit
1089 4478 1600 4551 cereum_Sa_bbato_
1629 4495 1763 4551 san-

100 4554 194 4623 cto
223 4550 463 4623 Pascha
503 4548 915 4623 per—ecclesias
962 4548 1247 4623 benedici.
1273 4572 1302 4599 ››
1326 4549 1465 4605 Inde
1509 4549 1764 4623 Sabbato

102 4620 342 4677 Pascha;
372 4620 579 4677 cereus
628 4620 968 4677 solemniter
1013 4620 1358 4677 benedictus
1403 4620 1762 4676 accenditur.

102 4692 215 4747 Leo
267 4691 560 4748 Ostiensis
593 4692 869 4764 chronic.
903 4691 1236 4749 Cassinens.
1271 4691 1373 4747 lib.
1408 4709 1491 4764 in,
1513 4707 1625 4764 cap»
1647 4692 1711 4746 31
1748 4706 1761 4747 :

106 4787 128 4812 ι
148 4764 503 4837 Argenteam
520 4763 858 4820 columnam
882 4780 1062 4837 supra
1080 4764 1272 4820 basim
1296 4762 1764 4837 porphyreticam

103 4832 332 4908 statuit,
365 4851 547 4908 supra
577 4851 775 4908 quam
802 4832 1004 4892 cereus
1036 4832 1315 4908 magnus;
1350 4832 1452 4908 qui
1490 4832 1766 4889 'Paschali

103 4904 366 4961 Sabbato
414 4904 857 4963 benedicenst
896 4912 1006 4978 est,
1042 4904 1389 4962 solémniter
1438 4904 1765 4978 imponere-

103 4980 221 5031 tur.
249 4999 279 5025 ››

173 5047 365 5122 Lin._l_i
386 5052 443 5103 et
462 5048 591 5104 5.—-
613 5049 677 5104 Et
696 5050 871 5122 jussit
906 5056 968 5104 ut
1001 5048 1189 5104 nullus
1238 5050 1468 5122 clericus
1504 5047 1770 5122 populum

102 5120 165 5172 in
189 5119 425 5202 publica
452 5118 794 5202 propinaret,
822 5122 958 5202 nisi
982 5126 1195 5202 tantum
1227 5121 1285 5175 in
1314 5119 1471 5174 cellis
1486 5118 1766 5202 ﬁdelium,

1794 3822 1840 3888 Β
1869 3822 1927 3876 in
1961 3821 2219 3893 Ecclesia.
2254 3821 2439 3893 Loqui
2477 3820 2635 3893 enim
2667 3823 2739 3878 de
2780 3822 2955 3878 editis
2983 3821 3521 3893 constitutionibus,

1871 3908 1988 3947 non
2020 3908 2152 3948 vero
2183 3892 2254 3948 de
2292 3892 2669 3948 ecclesiarum
2722 3893 3177 3958 constructione,
3208 3892 3384 3948 verba
3430 3908 3523 3948 se-

1871 3963 2113 4035 quentia
2140 3962 2461 4035 declarant,
2485 3980 2620 4035 cum
2673 3964 2943 4032 addatur,
2965 3972 3017 4035 et
3050 3965 3359 4035 constituit,
3392 3978 3523 4035 qua:

1871 4033 2256 4106 estejusdem
2308 4033 2551 4106 periodi,
2577 4037 2634 4088 et
2664 4034 2994 4106 argumenti
3019 4034 3234 4106 Vindex.
3269 4033 3432 4098 Quod
3463 4034 3523 4088 in

1871 4104 2180 4186 Caelestino
2221 4104 2519 4186 repetitur
2550 4122 2571 4186 ε¹
2599 4107 2697 4186 Hic
2735 4104 2867 4175 fecit
2911 4105 3085 4160 multa
3134 4106 3442 4186 constituta,
3474 4112 3527 4160 et

1871 4177 2172 4232 constituit.
2204 4175 2800 4231 Animadvertendum
2830 4192 2984 4243 vero,
3009 4176 3162 4246 quod
3188 4175 3378 4246 prima
3404 4191 3528 4246 ver-

1875 4247 1950 4302 ba
1977 4246 2365 4318 exprimentia
2409 4247 2748 4318 constituta,
2782 4263 2897 4303 non
2945 4245 3205 4302 indicato
3230 4245 3524 4301 Constitu-

1872 4317 2101 4390 tionum
2145 4317 2704 4390 argumento,qﬁdei,
2738 4322 2859 4390 aut
2888 4334 3118 4390 morum
3156 4321 3323 4390 erant
3352 4334 3526 4390 gene-

1873 4389 2018 4445 ralia
2044 4388 2295 4453 decreta,
2314 4388 2374 4443 in
2405 4388 2603 4444 codice
2632 4388 2799 4445 obvio
2845 4388 2907 4444 in
2955 4388 3207 4445 archivis
3255 4388 3526 4446 Ecclesia:

1872 4465 2182 4543 reservato,
2208 4465 2274 4515 ut
2302 4460 2456 4543 infra
2483 4460 2542 4515 in
2575 4460 3238 4543 CQI‘Q‘SLIDOLCQDQDM;
3274 4476 3530 4543 cumque

1873 4531 2103 4587 cunctis
2158 4531 2494 4602 manifesta,
2536 4532 2829 4588 omittitur
2866 4531 3145 4588 distincta
3190 4531 3523 4588 memoria:

1874 4620 2009 4677 cum
2037 4619 2170 4659 vero
2202 4603 2456 4677 additur,
2481 4610 2534 4677 et
2558 4605 2839 4677 constituit
2857 4603 3157 4677 assignata
3183 4602 3245 4658 in
3275 4603 3531 4677 particu-

1875 4674 1983 4730 lari
2028 4674 2780 4747 materiaconstitutionis,
2824 4676 2882 4730 id
2936 4674 3181 4747 factum_
3208 4674 3357 4747 reor,
3389 4674 3532 4747 quia

1875 4751 2043 4817 erant
2066 4744 2443 4817 particularia
2471 4746 2809 4813 constituta,
2836 4750 2938 4801 aut
2968 4747 3027 4801 in
3058 4745 3256 4817 codice
3287 4745 3387 4799 illo
3408 4744 3528 4817 ini-

1876 4816 2032 4873 nime
2053 4814 2641 4873 reservata.Codicem
2661 4834 2796 4874 vero
2818 4816 3317 4873 Constitutionum
3345 4814 3526 4869 exsti-

1876 4888 2019 4961 tisse
2042 4904 2148 4961 suo
2171 4887 2296 4961 loco
2328 4889 2688 4961 probabitur.
2708 4889 2864 4961 Inter
2882 4905 3015 4961 vero
3046 4884 3532 4961 fidei_cons_tituta

1876 4976 1911 5015 a
1938 4953 2348 5031 Zosimoedita
2379 4960 2636 5031 primum
2659 4960 2884 5015 obtinet
2902 4954 3397 5031 locumsolemnis
3426 4953 3530 5012 illa

1876 5029 2223 5102 proscriptio
2265 5026 2527 5086 errorum
2568 5031 2858 5102 praecipue
2888 5026 3158 5102 leestii,
3183 5043 3331 5102 quos
3361 5026 3528 5102 dam-

1876 5096 2128 5173 navit,et
2151 5117 2285 5155 cum
2311 5096 2787 5173 tergiversaretu'r
2813 5096 3219 5173 haeresiarcha,
3236 5096 3529 5173 celebrem

98 5166 961 5264 ὖίαὲἷᾶιῖἔιεῗέὶίῖτᾶὶὲἦῗῖοέὧὶί
982 5166 1766 5264 "8353651Iié'iliéiiéiliﬁ
1798 5197 1840 5264 c
1879 5172 2319 5264 Έιῖἓξπὲτίίλξιὲξξέ
2332 5166 3531 5264 921.9922???.°_Rl§°.°_PRS’}{E?l5931339“

102 5259 353 5336 bernam
385 5278 490 5317 seu
520 5278 850 5336 cauponam
881 5262 1309 5336 ingrediantur,
1331 5260 1541 5336 edendi
1564 5259 1651 5314 vel

104 5331 285 5406 bendi
325 5349 524 5406 causa.
549 5331 711 5389 Idem
739 5334 924 5406 vetuit
949 5331 1168 5406 fsynod.
1193 5331 1390 5406 Carth.
1416 5333 1767 5406 1v,_ca_n._27.

107 5402 223 5459 nisi
255 5404 579 5460 necessitas
600 5421 783 5461 causa
811 5404 871 5461 in
903 5401 1131 5469 itinere,
1153 5420 1281 5459 can.
1308 5402 1508 5457 Clerici
1529 5404 1617 5469 44,
1639 5401 1767 5457 dist.

111 5474 339 5548 Clericis
372 5491 584 5548 quoque
610 5493 725 5533 non
756 5478 882 5533 licet
910 5489 1214 5548 cauponam
1254 5489 1522 5530 exercere.
1552 5473 1767 5545 Synod.

106 5562 162 5602 γι
191 5547 251 5604 in
287 5546 641 5605 Trullfcan.
673 5547 730 5603 9.

788 5652 1100 5709 BENCINI.

172 5742 367 5800 Linea
404 5745 457 5798 2.
478 5773 548 5785 —
576 5746 678 5801 Hic
732 5743 940 5798 multas
997 5741 1284 5798 constituit
1335 5740 1621 5796 Ecclesias.
1674 5740 1775 5795 Le-

109 5816 370 5889 gendum
391 5829 524 5879 cum
552 5813 834 5887 Baronio,
852 5812 1106 5887 aliisque
1128 5829 1143 5870 :
1166 5814 1277 5871 Hic
1299 5812 1474 5869 multa
1495 5811 1776 5869 constituit

1882 5260 1994 5299 nus
2024 5244 2095 5315 in_
2115 5241 2362 5315 epistola
2391 5244 2464 5315 ad
2494 5242 2690 5315 Galliae
2721 5237 3241 5315 episcoposﬁedit,
3255 5237 3355 5293 ubi
3384 5238 3531 5315 dog-

1879 5332 1978 5369 ma
2007 5308 2384 5385 Pelagianam
2413 5313 2734 5385 damnavit.
2756 5308 3055 5385 Capitula,
3099 5308 3530 5385 tergiversatié;

1879 5381 2477 5456 nes,dam'na_tionem,
2500 5400 2566 5456 ac
2587 5384 2829 5456 missam
2853 5381 2924 5437 ad
2946 5381 3315 5456 episcoposa
3333 5382 3533 5456 ponti-

1880 5451 2344 5512 ﬁce'tractoriam
2367 5454 2615 5509 breviter
2634 5453 2735 5508 sed
2767 5451 3037 5508 accurate
3056 5451 3302 5524 digessit
3330 5451 3390 5506 in
3422 5468 3532 5512 suo

1879 5524 2333 5584 Commonitorio
2365 5524 2585 5579 Marius
2611 5524 2913 5579 Mercator.
2937 5524 3021 5581 lbi
3049 5540 3183 5579 vero
3206 5539 3343 5594 cum
3372 5524 3533 5594 prio-

1880 5616 1947 5654 ra
1974 5601 2290 5664 narrasset,
2315 5596 2400 5651 sic
2443 5595 2515 5650 de
2559 5593 2953 5667 damnatione,
2976 5600 3034 5652 et
3061 5593 3537 5667 promulgatione

1881 5667 2180 5725 sententiae
2206 5684 2255 5724 :«
2276 5669 2466 5739 Atque
2506 5667 2578 5722 ob
2630 5665 2740 5739 hoc
2770 5665 3536 5739 abeataehinemoriseprtn-

1883 5739 2035 5814 dicto
2065 5736 2598 5814 Zosimoqepiscopo
2620 5737 2852 5814 scriplis
2881 5737 3268 5814 amplissimis
3290 5736 3538 5814 V'el'lon-
3576 5803 3585 5811 ,

1883 5810 2146 5886 gissimis
2164 5808 2604 5887 predainnafus
2625 5814 2716 5870 est
2733 5808 2758 5869 :—
2770 5808 2831 5868 in
2851 5808 3070 5889 quibus
3090 5814 3148 5869 et
3165 5809 3296 5885 ipsa
3314 5811 3542 5887 capitu-
