3960 6222
182 282 304 351 298
880 289 1242 353 HISTORIA
1288 292 1390 352 DE
1435 291 1635 355 VITIS
1682 291 1872 354 ROM.
1915 293 2143 355 PONT.
2193 328 2259 339 —
2310 295 2373 354 S.
2423 295 2758 359 SIXTUUS
2805 293 2910 358 III.
3483 303 3606 367 228

180 422 394 508 talibus
424 421 706 508 Ecclesiis
739 422 914 508 ruina
951 439 967 508 ξ
1002 425 1583 508 quam‘providenter
1599 426 1836 508 avertit,
1870 431 1924 496 Α
1955 423 2291 508 minabatur
2325 447 2336 484 :
2367 430 2537 508 cujus
2567 429 2841 508 Historiis
2855 447 3148 488 summam
3170 449 3238 490 ex
3259 436 3437 508 Pagio
3458 437 3604 495 sele-

178 495 400 572 vieibus
427 495 806 572 pariter_suis
837 495 1005 572 beato
1030 495 1246 567 Cyrillo
1274 497 1667 572 demandatis.
1693 569 1704 572 _
1873 495 1878 496 ί
1952 499 2060 553 ctis
2091 500 2243 555 notis
2277 495 2457 571 paulo
2483 507 2614 556 ante
2646 502 3008 572 przemissam
3064 521 3178 560 non
3226 512 3315 562 est
3341 495 3467 564 ‘Eur
3508 509 3605 566 hic

246 565 497 621 Haeresis
526 565 890 621 Nestoriana
922 565 1154 622 funes—ta
1203 567 1363 640 origo
1416 568 1644 624 ruinam
1693 569 1842 625 hanc
1954 565 2294 642 repetamus
2316 591 2381 626 ex
2417 573 2480 626 D.
2515 565 2952 646 archiepiscopo
2987 575 3229 632 Somier.

1304 1039 1537 1109 XLVI.
1595 1037 1974 1110 SANCTUS
2024 1039 2324 1110 SIXTUS
2381 1041 2488 1109 111.

1028 1302 1192 1350 ,ωηο
1235 1302 1473 1349 cums'rx
1516 1286 1659 1359 432,
1705 1301 2029 1349 Tnaonosn
2074 1287 2172 1360 25,
2217 1303 2646 1350 VALENTINIANI
2691 1290 2752 1349 8.

423 1704 536 1756 Ol
572 1693 782 1758 Sirius
816 1694 1054 1764 tertius,
1088 1695 1328 1757 natione
1356 1696 1679 1772 Romanus,
1713 1719 1788 1759 ea:
1813 1710 1989 1780 patre
2020 1700 2221 1775 Sixto,
2255 1699 2408 1759 sedit
2435 1718 2620 1759 annos
2649 1703 2817 1767 octo,
2855 1697 2975 1760 dz'es
3029 1701 3104 1760 l9
3153 1698 3257 1779 (α).
3308 1699 3429 1762 Ηιέ
3468 1720 3612 1794 post

342 1820 586 1864 annum
616 1802 918 1882 primum,
945 1807 1007 1862 et
1049 1820 1294 1864 menses
1341 1810 1507 1877 octo,
1539 1824 1577 1865 a
1607 1805 1864 1886 quodam
1913 1806 2169 1886 quodam
2214 1806 2298 1887 (ὀ)
2349 1807 2528 1867 Basso
2578 1806 2996 1866 z'ncrz'minatus
3042 1816 3464 1889 accusatusque
3490 1817 3609 1874 est.

342 1910 586 1971 Eodem
617 1915 902 1988 tempore
933 1909 1196 1970 audiens
1230 1911 1349 1970 hoc
1378 1913 1859 1973 Valentinianus
1887 1917 2231 1991 Augustus,
2275 1913 2464 1991 jussit
2510 1913 2845 1973 concilium
2895 1919 3128 1974 sanctae
3179 1915 3402 1994 synodi
3450 1934 3603 1976 con-

346 2018 621 2096 gregari,
659 2023 720 2077 et
749 2018 915 2076 facto
945 2023 1280 2089 conventu,
1316 2037 1445 2078 cum
1473 2038 1696 2098 magna
1723 2020 2161 2081 examinatione
2182 2020 2424 2097 judicio
2457 2020 2757 2098 synodico
2791 2021 2864 2099 (e)
2891 2030 3182 2101 purgatus
3233 2040 3271 2082 α
3300 2023 3604 2103 quinqua-

261 2127 300 2183 5
347 2125 523 2204 ginta
549 2142 653 2184 sex
680 2124 986 2204 episcopis.
1021 2129 1083 2184 et
1113 2125 1570 2186 condemnatus
1601 2127 1824 2186 Bassus
1853 2145 1892 2187 a
1921 2128 2188 2206 synodo,
2222 2127 2308 2186 ita
2340 2131 2550 2186 tamen
2584 2132 2653 2186 ut
2682 2127 2761 2186 ad
2794 2127 3084 2187 ultimum
3117 2128 3283 2188 diem
3319 2127 3398 2209 (d)
3433 2129 3611 2190 viati-

346 2250 495 2292 cum
525 2231 584 2291 ei
614 2249 740 2292 non
770 2235 1108 2308 negaretur
1139 2237 1395 2311 propter
1424 2232 1887 2294 humanitatem
1922 2233 2173 2312 pietatis
2207 2233 2522 2293 Ecclesiae.
2542 2235 2673 2292 Hoc
2706 2233 2968 2293 audiens
2991 2234 3468 2294 Valentinianus
3489 2238 3611 2296 Au-

349 2344 574 2417 gustus
603 2355 745 2398 cum
779 2343 978 2397 matre
1008 2355 1122 2397 sua
1150 2337 1406 2398 Placida
1436 2341 1722 2417 Augusta
1763 2341 1972 2400 furore
2023 2346 2240 2399 sancto
2288 2338 2608 2410 commoti,
2645 2339 3107 2418 proscriptione
3155 2341 3416 2400 Bassum
3456 2359 3608 2401 con-

347 2446 834 2516 demnaverunt,
867 2450 926 2504 et
959 2444 1174 2504 omnia
1205 2445 1444 2524 przedia
1473 2446 1844 2506 facultatum
1893 2445 2029 2524 ejus
2077 2445 2370 2506 Ecclesia,-
2403 2445 2729 2505 catholicae
2773 2446 3194 2506 sociaverunt.
3231 2447 3348 2519 Qui
3378 2448 3609 2508 Bassus

349 2558 511 2612 nutu
541 2551 887 2611 divinitatis
917 2551 1084 2611 intra
1113 2569 1358 2611 menses
1392 2556 1516 2612 tres
1547 2551 1881 2612 defunctus
1910 2553 2193 2613 moritur.
2227 2552 2418 2630 Cujus
2449 2570 2678 2630 corpus
2709 2552 2921 2614 Sixtus
2951 2553 3277 2633 episcopus
3306 2573 3446 2614 cum
3479 2554 3604 2615 lin-

226 2663 304 2722 10
350 2658 748 2733 leaminibus,
784 2664 847 2718 et
875 2657 1263 2718 aromatibus
1296 2658 1585 2718 manibus
1616 2659 1742 2718 suis
1775 2666 2072 2731 tractans,
2111 2659 2581 2738 recondensque
2612 2658 2686 2738 (e)
2719 2659 3004 2739 sepelivit
3046 2659 3126 2720 ad
3177 2660 3430 2721 beatum
3482 2662 3604 2722 Pe-

349 2773 519 2828 trum
547 2755 1004 2846 apostolumiin
1037 2764 1328 2826 cubiculo
1361 2771 1692 2844 parentum
1727 2765 1887 2844 ejus.

429 2881 541 2934 64
574 2872 687 2933 Hic
717 2871 864 2933 fecit
893 2871 976 2952 (κ’)
1013 2871 1337 2932 basilicam
1368 2876 1603 2932 sanctae
1633 2871 1870 2946 Marias,
1905 2890 2070 2952 quae,
2105 2871 2184 2932 ab
2217 2870 2496 2951 antiquis
2543 2871 2777 2931 Liberii
2823 2871 3395 2949 cognominabatur
3415 2871 3604 2951 juxta

353 2979 688 3042 macellum
720 2978 930 3057 Libyas
962 2976 1071 3058 (g),
1105 2977 1212 3038 ubi
1238 2982 1301 3038 et
1329 2976 1560 3038 obtulit
1589 2976 1725 3038 hac
1760 2995 1773 3037 :
1811 2978 2011 3038 altare
2039 2983 2408 3056 argenteum
2465 2976 2866 3056 purissimum
2923 2995 3196 3057 pensans
3235 2976 3429 3039 libras
3484 2983 3610 3040 tre-

351 3092 602 3162 centas;
638 3091 900 3167 patenas
929 3088 1260 3164 argenteas
1291 3090 1436 3158 tres,
1472 3091 1809 3164 pensantes
1839 3084 2031 3144 libras
2063 3084 2454 3163 sexagintas;
2489 3101 2665 3144 amas
2704 3089 3034 3162 argenteas
3091 3089 3387 3164 quatuor,
3445 3103 3603 3165 pen-

354 3201 566 3255 santes
621 3193 816 3253 libras
875 3191 1236 3269 sexaginta;
1289 3189 1597 3270 scyphum
1647 3209 1908 3251 aureum
1958 3191 2390 3270 purissimum,
2439 3195 2809 3270 pensantem
2859 3190 3052 3250 libras
3092 3189 3598 3270 quinquaginta;

273 3305 311 3362 5
355 3301 662 3382 scryphos
692 3304 1024 3378 argenteos
1055 3297 1359 3378 quinque,
1391 3304 1727 3377 pensantes
1753 3297 1944 3357 libras
1975 3297 2470 3377 quinquaginta;
2531 3297 2755 3358 calices
2805 3297 3246 3358 ministeriales
3276 3303 3610 3376 argenteos

358 3409 599 3482 decem,
633 3411 970 3487 pensantes
999 3404 1230 3484 singuli
1260 3403 1454 3464 libras
1503 3409 1668 3477 tres;
1715 3405 2168 3484 aquaamaniles
2216 3409 2549 3483 argenteos
2600 3403 2703 3484 (lc),
2758 3408 3092 3484 pensantes
3139 3403 3371 3483 singuli
3419 3403 3611 3464 libras

355 3521 534 3588 octo;
570 3532 868 3575 coronam
903 3512 1168 3593 pharam
1201 3516 1348 3572 ante
1379 3511 1576 3572 altare
1608 3516 1996 3589 argenteam,
2033 3517 2402 3591 pensantem
2437 3511 2627 3571 libras
2660 3510 2950 3590 triginta;
2984 3529 3250 3572 coronas
3280 3517 3613 3590 argenteas

354 3621 651 3703 pharales
682 3619 941 3698 triginta
971 3623 1266 3698 quatuor,
1301 3623 1641 3697 pensantes
1670 3618 1863 3678 libras
1893 3618 2107 3678 decem
2139 3637 2153 3691 ;
2187 3618 2569 3679 candelabra
2600 3624 2900 3696 argentea
2947 3623 3244 3698 quatuor,
3284 3617 3612 3698 pensentia

348 3729 544 3790 libras
592 3727 848 3806 viginti;
885 3725 1446 3786 thimiamaterium
1501 3729 1896 3803 argenteum,
1961 3744 2234 3804 pensans
2291 3725 2483 3786 libras
2540 3725 2863 3804 quinque;
2927 3725 3240 3784 cauthara
3291 3729 3611 3785 cerostata

226 3840 306 3899 10
348 3834 732 3897 aurocbalca
763 3832 829 3913 (ι’)
859 3831 1082 3911 viginti
1130 3836 1426 3911 quatuor,
1475 3831 1806 3911 pensantia
1855 3831 2050 3892 libras
2099 3833 2207 3904 15;
2264 3831 2721 3911 possessionem
2768 3831 3165 3891 scaurianam
3197 3830 3260 3890 in
3298 3830 3610 3891 territorio

351 3943 655 4005 Gacitano
683 3940 790 4021 (j),
826 3943 1230 4020 praestantem
1263 3937 1478 3998 omnia
1501 3937 1655 3998 inibi
1688 3956 1831 3997 cum
1862 3937 2297 4016 adjacentibus
2326 3937 2403 3998 ad
2439 3937 2628 4014 tignis
2658 3936 2892 3996 solidos
2937 3939 3083 4008 312,
3112 3934 3445 3996 trimisium
3481 3935 3560 4016 (Ις)
3591 3954 3606 4010 ;

358 4047 816 4128 possessionem
850 4047 1300 4108 Marmoratam
1330 4045 1395 4104 in
1429 4044 1742 4105 territorio
1770 4044 2183 4116 Praenestino,
2209 4048 2609 4123 praestantem
2643 4041 2876 4102 solidos
2904 4047 3158 4102 centum
3189 4040 3613 4120 quinquagin-

365 4155 629 4227 taduos;
658 4153 1108 4236 possessionem
1137 4152 1354 4213 celeris
1375 4151 1438 4211 in
1458 4151 1771 4212 territorio
1790 4150 2144 4232 (I),Aﬁlano
2166 4154 2569 4230 praestantem
2596 4149 2828 4210 solidos
2850 4152 3198 4220 centum,et
3227 4147 3610 4221 undecim,et

353 4260 727 4332 trimisium;
759 4261 1027 4320 Domum
1055 4257 1325 4320 Palmati
1351 4258 1520 4318 intra
1549 4257 1808 4331 Urbem,
1835 4257 2022 4336 juxta
2053 4256 2210 4316 inibi
2258 4255 2582 4316 basilicam
2614 4273 2756 4316 cum
2803 4253 3052 4327 balneo,
3088 4260 3151 4315 et
3181 4253 3444 4334 pristino
3478 4254 3608 4336 (γη),

224 4371 300 4431 l5
346 4371 753 4450 prazstantem
785 4365 1020 4426 solidos
1052 4367 1202 4439 454;
1235 4383 1489 4427 cervum
1522 4371 1788 4444 argente‘

2047 4369 2194 4425 ’onte
2216 4363 2301 4446 (η)
2322 4363 2688 4424 fundentem
2721 4380 2978 4442 aquam,
3013 4366 3384 4442 pensantem
3419 4361 3611 4422 libras

345 4474 647 4553 triginta;
681 4473 897 4535 omnia
925 4491 1076 4534 vasa
1105 4471 1402 4552 baptismi
1431 4477 1680 4533 sacrata
1710 4477 2009 4550 argentea
2038 4471 2232 4530 libras
2265 4471 2378 4543 l5;
2412 4469 2741 4530 caenacula
2790 4468 2978 4548 regia:
3011 4468 3352 4547 gradorum
3391 4467 3611 4530 adhae-

344 4581 552 4644 rentia
583 4579 666 4662 (o)
695 4579 992 4654 basilicae,
1025 4579 1125 4641 vel
1154 4578 1464 4660 quidquid
1496 4577 1744 4639 videtur
1773 4596 1907 4640 esse
1936 4577 2337 4638 intrinsecus.
2370 4577 2483 4638 llic
2514 4577 2757 4638 ornavit
2811 4575 2890 4638 de
2941 4581 3243 4655 argenteo
3275 4575 3613 4637 confessio-

342 4708 490 4751 nem
521 4687 694 4750 beati
721 4686 894 4748 Petri
924 4686 1216 4766 apostoli,
1249 4704 1390 4765 qua:
1424 4684 1615 4746 habet
1643 4684 1836 4745 libras
1865 4683 2376 4763 quadringintas.

423 4804 533 4857 οδ
565 4793 772 4874 Hujus
802 4791 1265 4874 supplicatione
1294 4791 1527 4852 obtulit
1553 4791 2034 4853 Valentinianus
2062 4790 2382 4866 Augustus
2413 4789 2756 4868 imaginem
2788 4808 3045 4851 auream
3076 4789 3165 4870 (ρ)
3197 4807 3341 4850 cum
3370 4787 3611 4848 duode-

341 4904 461 4966 cim
492 4901 720 4983 portis,
751 4905 816 4962 et
844 4900 1166 4980 apostolos
1195 4898 1554 4973 duodecim,
1587 4904 1650 4959 et
1696 4897 2087 4959 Salvatorem
2139 4897 2202 4956 in
2253 4897 2520 4975 gemmis
2569 4897 3034 4977 pretiosissimis
3078 4899 3368 4955 ornatam
3411 4909 3607 4971 super

339 5008 801 5074 confessionem
836 5005 1004 5067 beati
1031 5005 1202 5067 Petri
1230 5004 1522 5085 apostoli.
1557 5004 1728 5066 Fecit
1773 5009 1984 5064 autem
2033 5003 2510 5064 Valentinianus
2543 5022 2619 5064 ex
2666 5009 2894 5082 rogatu
2924 5001 3081 5084 Sixti
3129 4997 3410 5079 episcOpi
3469 4997 3600 5058 fas-

339 5120 564 5199 tigium
593 5119 970 5196 argenteum
999 5113 1064 5174 in
1095 5113 1356 5174 basilica
1379 5110 1925 5184 Constantiniana,
1961 5110 2132 5190 quod
2162 5129 2200 5170 a
2231 5109 2518 5172 barbaris
2547 5110 2864 5172 sublatum
2895 5109 3121 5182 fuerat,
3156 5103 3328 5185 quod
3379 5120 3610 5182 pensa-

1384 5342 1639 5388 NOTULE
1681 5341 2068 5390 MARGINALES
2111 5341 2430 5387 FABROTTI.

245 5550 322 5616 (α)
357 5547 422 5610 Β,
456 5544 666 5600 minus
697 5543 755 5616 d.
789 5543 880 5608 30,
914 5558 948 5597 a
978 5557 1109 5616 coss
1326 5543 1384 5594 et
1410 5538 1647 5616 valerii,
1682 5540 1754 5593 ad
1791 5534 2342 5616 Valentinianum‘V
2373 5537 2429 5588 et
2458 5531 2814 5616 A‘natoli‘u‘mn.
2855 5537 2970 5616 “(1’)
3021 5532 3320 5616 Videnlfar.
3360 5529 3435 5616 ad
3473 5547 3610 5616 ann:

371 5602 500 5682 433,
532 5631 672 5687 pag.
693 5615 823 5687 640.
867 5602 971 5687 ’(6)
994 5616 1023 5687 γ’
1054 5602 1563 5687 Ιιιᾱίθίἰέγηοόίίξί
1598 5602 1747 5682 purg

2046 5611 2058 5687 ξ
2090 5607 2205 5687 "In
2243 5605 2610 5687 ultimo’die.‘
2667 5606 2736 5674 (e)
2771 5607 2811 5659 C
2953 5603 3277 5687 recondidit
3323 5607 3397 5658 et.

185 5672 405 5759 refecit
483 5672 564 5759 (θ’)
597 5672 852 5759 {Liuia-
907 5672 1008 5759 ’(λ)
1037 5687 1057 5708 ·
1088 5672 1636 5759 Αρυειπλάηυηυιρέ-
1681 5672 1749 5759 ,Κπ

2047 5677 2266 5759 balcea.
2314 5676 2420 5758 .(j)
2454 5672 2754 5759 Gajetaiio.
2833 5676 2908 5759 (ἃ)
2959 5675 3018 5730 C.
3059 5675 3418 5759 ‘trimissem;
3494 5672 3611 5756 (1)]

185 5747 648 5886 υὶίαιιοὲῼι)
673 5757 736 5813 C.
767 5747 1065 5837 pistrino.
1115 5747 1200 5828 (ἡ)
1232 5757 1254 5779 ¹
1287 5754 1526 5810 Fontem
1558 5751 1914 5824 baptisterri.
1992 5750 2064 5823 (0)
2097 5753 2115 5773 "
2149 5765 2179 5805 e
2211 5747 2442 5821 regione
2474 5747 2764 5820 graduum
2795 5747 3156 5804 adherentia.
3231 5748 3311 5819 (ρ)
3343 5749 3364 5770 ⁶
3398 5747 3613 5819 ιωαείι-

191 5845 330 5886 nem
363 5845 436 5886 an
495 5839 498 5842 '
637 5827 977 5886 Salvatoris.

191 5829 330 5888 n‘em
363 5829 602 5887 anrédfn
629 5829 977 5888 Salvatoris.
1063 5835 1065 5837 '
