3908 6220
277 276 396 341 347
1426 282 1820 344 ΑΝΑΞΤΑΞΙ

2173 281 2544 343 l‘HECARIl.
3578 276 3716 343 348

438 411 559 475 Hic
586 413 729 495 [erit
755 412 1121 489 decretalem,
1159 426 1217 476 et
1238 436 1348 497 per
1377 418 1709 477 universum
1746 415 2037 477 Orientem
2069 416 2299 495 sparsit
2327 414 2693 495 Epistolitas
2724 414 2800 473 de
2831 413 2955 475 fide
2984 412 3296 475 catholica
3325 419 3388 475 et
3431 420 3706 495 aposto-

437 520 583 595 lica,
617 523 997 583 confirmans
1029 529 1152 583 tres
1177 525 1449 601 synodos
1480 524 1821 595 Nicanam,
1857 524 2259 603 Ephesinam,
2296 528 2357 582 et
2385 522 2984 594 Chalcedonensem,
3016 520 3113 582 vel.
3130 519 3209 600 (a)
3234 526 3474 581 tomum
3495 523 3560 584 S.
3600 541 3709 583 ar-

441 628 826 709 chiepiscopi
856 630 1099 702 Leonis,
1135 638 1196 691 et
1225 632 1550 692 damnavit
1580 632 2016 710 Eutychetcm,
2046 637 2109 691 et
2155 630 2536 704 Nestorium,
2572 635 2633 689 et
2661 627 3176 701 Dioscorum,vel
3205 647 3426 689 omnes
3465 648 3707 709 sequa-

361 738 398 797 5
443 753 565 808 ces,
597 754 838 811 eorum,
871 742 933 798 et
960 755 1179 798 omnes
1212 738 1500 811 haereses,
1535 744 1598 800 et
1626 740 2007 799 conﬁrmans
2056 738 2497 799 auctoritatem
2528 736 2610 816 (b)
2652 741 2714 796 et
2762 735 3191 814 principatum
3241 740 3478 796 sancta
3529 734 3709 796 sedis

445 843 825 923 apostolica.
861 844 973 903 Hic
1002 845 1149 904 fecit
1178 846 1587 905 constitutum
1641 846 1717 906 de
1766 845 2075 906 Ecclessia
2108 845 2172 904 in
2200 844 2461 905 basilica
2491 843 2570 903 ad
2603 848 2888 903 sanctam
2940 842 3053 903 Dei
3083 841 3452 920 genitricem
3486 841 3706 921 Virgi-

445 968 588 1010 nem
618 949 875 1010 Mariam
906 951 1236 1011 consulatu
1265 952 1544 1013 Basilisci
1587 958 1650 1013 et
1680 952 2171 1024 lIcrmenerichi,
2207 968 2310 1011 xv1
2341 950 2659 1011 Kalendas
2690 948 3078 1010 Decembris.

524 1064 638 1116 αθ
666 1057 777 1116 Hic
806 1057 952 1118 fecit
980 1059 1257 1118 oratoria
1290 1059 1407 1119 tria
1436 1059 1499 1118 in
1528 1059 1895 1138 baptisterio
1927 1058 2203 1119 basilica
2234 1057 2798 1129 Constantiniana,
2841 1055 3104 1117 Joannis
3142 1055 3467 1134 Baptista,
3524 1061 3588 1117 et
3631 1057 3701 1117 S.

444 1162 706 1224 Joannis
735 1164 1160 1242 evangelista,
1192 1170 1255 1224 et
1285 1167 1348 1226 S.
1383 1166 1618 1238 Crucis,
1669 1166 1884 1226 omnia
1932 1184 2008 1225 ex
2062 1170 2324 1243 argento
2375 1170 2441 1224 et
2490 1162 2809 1242 lapidibus
2856 1162 3169 1241 pretiosis.
3226 1161 3703 1223 Confessionem

447 1269 647 1329 sancti
674 1270 937 1331 Joannis
966 1271 1264 1350 Baptista
1298 1272 1442 1332 fecit
1471 1292 1544 1332 ex
1578 1278 1863 1349 argento,
1898 1290 2039 1351 qua
2070 1272 2376 1351 pensabat
2405 1272 2599 1331 libras
2622 1275 2896 1342 centum,
2933 1275 2995 1330 et
3025 1287 3273 1330 crucem
3306 1286 3588 1330 auream.
3624 1269 3708 1330 Et

450 1377 906 1439 confessionem
938 1379 1002 1439 S.
1033 1380 1296 1440 Joannis
1326 1381 1726 1458 evangelista
1757 1380 1903 1440 fecit
1932 1399 2008 1440 ex
2037 1385 2324 1458 argento,
2372 1398 2512 1458 qua
2562 1378 2869 1458 pensabat
2919 1377 3113 1437 libras
3163 1378 3301 1449 100,
3338 1382 3401 1437 et
3448 1394 3705 1437 crucem

370 1485 407 1542 ὅ
451 1499 710 1543 auream
744 1500 758 1542 :
793 1489 857 1543 et
880 1484 944 1543 in
975 1485 1283 1545 ambobus
1313 1486 1602 1546 oratoriis
1626 1485 1858 1565 januas
1889 1504 2103 1558 areas,
2141 1491 2204 1545 et
2233 1490 2495 1564 argento
2528 1485 2753 1545 clusas.
2792 1486 2863 1545 In
2888 1482 3167 1545 oratorio
3202 1485 3267 1545 S.
3302 1482 3515 1545 Crucis
3554 1482 3710 1543 fecit

453 1588 933 1663 confessionem,
969 1590 1077 1651 ubi
1109 1591 1345 1670 lignum
1380 1592 1773 1653 Dominicum
1807 1592 2039 1671 posuit,
2074 1610 2217 1651 cum
2249 1610 2431 1652 cruce
2463 1610 2676 1664 aurea,
2707 1609 2851 1651 cum
2883 1590 3170 1669 gemmis,
3204 1607 3346 1669 qua
3394 1588 3711 1669 pensabat

456 1694 703 1774 pondus
734 1695 1034 1757 librarum
1068 1700 1166 1759 20.
1204 1698 1374 1759 Fecit
1403 1718 1475 1759 ex
1510 1703 1770 1777 argento
1802 1698 2137 1777 purissimo
2167 1698 2231 1758 in
2263 1698 2651 1759 confessione
2674 1696 2909 1776 januas
2959 1701 3303 1776 pensantes
3343 1695 3595 1775 pondus
3625 1693 3710 1754 li-

456 1800 710 1861 brarum
744 1804 852 1877 50;
885 1822 1078 1883 supra
1107 1805 1562 1866 confessionem
1593 1824 1853 1865 aureum
1885 1823 2097 1866 arcum
2131 1804 2241 1884 qui
2270 1804 2578 1883 pensabat
2607 1804 2801 1864 libras
2829 1806 2889 1878 4,
2925 1821 3112 1883 quem
3161 1806 3420 1882 portant
3458 1801 3710 1863 colum-

456 1927 556 1968 na
585 1908 941 1988 onychina,
975 1910 1083 1971 ubi
1107 1916 1231 1972 stat
1260 1930 1462 1991 agnus
1491 1930 1741 1985 aureus,
1776 1931 2045 1991 pensans
2075 1911 2269 1971 libras
2295 1911 2483 1983 duas;
2517 1929 2817 1972 coronam
2869 1927 3126 1970 auream
3158 1914 3306 1970 ante
3357 1907 3710 1969 confessio-

340 2015 415 2075 10
457 2033 622 2076 nem.
656 2016 895 2078 Pharos
925 2035 1066 2080 cum
1099 2018 1439 2098 delphinis,
1473 2038 1613 2098 qua
1646 2024 1912 2098 pensant
1940 2018 2133 2078 libras
2162 2014 2476 2098 quinque;
2514 2016 2845 2097 lampadas
2877 2034 3101 2077 aureas
3132 2033 3396 2076 numero
3428 2020 3715 2095 quatuor

459 2129 795 2204 pensantes
838 2123 1030 2184 libras
1059 2124 1249 2198 duas;
1285 2124 1720 2205 nymphaum,
1771 2131 1834 2185 et
1880 2124 2275 2204 triporticum
2331 2131 2477 2185 ante
2526 2123 2876 2185 oratorium
2907 2125 2972 2185 S.
3005 2122 3242 2197 Crucis,
3275 2121 3385 2182 ubi
3422 2126 3572 2182 sunt
3600 2140 3713 2183 co-

458 2228 694 2289 lumna
727 2228 901 2289 mira
933 2230 1408 2308 magnitudinis,
1459 2250 1602 2310 qua
1651 2231 1947 2291 dicuntur
1976 2230 2270 2304 hecaten,
2322 2236 2547 2310 penta;
2600 2231 2795 2304 lacus,
2849 2235 2912 2291 et
2958 2228 3234 2291 conchas
3262 2227 3532 2289 triantas
3562 2225 3638 2306 (ι’)
3673 2228 3715 2285 2

459 2351 605 2395 cum
633 2334 941 2395 columnis
972 2334 1433 2415 porphyreticis
1464 2337 1720 2415 ragiatis
1752 2336 1860 2417 (d),
1894 2337 2112 2398 foratis
2144 2336 2218 2416 (ε)
2250 2356 2480 2416 aquam
2513 2337 2870 2411 fundentes,
2901 2342 2964 2397 et
2994 2337 3057 2397 in
3090 2335 3296 2397 medio
3324 2334 3535 2395 lacum
3570 2351 3717 2412 por-

462 2438 860 2519 phyreticum
893 2458 1035 2500 cum
1067 2441 1309 2502 concha
1338 2442 1560 2503 assirta
1591 2442 1664 2523 (Ι)
1694 2443 1757 2503 in
1791 2443 1996 2504 medio
2027 2462 2257 2523 aquam
2289 2443 2677 2516 fundentem,
2725 2443 3177 2503 circumdatam
3228 2460 3266 2502 a
3313 2439 3575 2512 dextris,
3610 2438 3716 2499 vel

347 2547 421 2608 15
464 2544 764 2619 sinistris;
798 2546 862 2606 in
896 2548 1099 2608 medio
1129 2550 1421 2609 cancellis
1450 2550 1650 2623 areis,
1688 2556 1751 2610 et
1778 2550 2087 2610 columnis
2118 2569 2259 2610 cum
2294 2550 2577 2628 fastigiis,
2631 2555 2692 2611 et
2738 2549 3043 2629 epistyliis
3084 2548 3362 2627 undique
3408 2551 3714 2609 ornatum

466 2670 545 2713 ex
575 2652 840 2726 musivo,
875 2659 937 2715 et
965 2654 1271 2717 columnis
1301 2656 1708 2735 Aquitanicis,
1743 2661 1804 2717 et
1836 2656 2147 2735 tripolilis,
2184 2662 2246 2716 et
2285 2656 2782 2736 porphyreticis?
2830 2659 2991 2715 Ante
3038 2653 3495 2715 confessionem
3538 2652 3715 2714 beati

461 2759 727 2821 Joannis
793 2779 1091 2822 coronam
1163 2769 1548 2841 argenteam,
1608 2769 1978 2842 pensantem
2035 2764 2229 2824 libras
2274 2763 2528 2843 viginti;
2578 2761 2690 2843 (g),
2771 2767 3141 2842 pensantem
3216 2761 3413 2821 libras
3483 2759 3715 2839 viginti

465 2864 771 2945 quinque.

553 2980 659 3032 αθ
686 2974 839 3033 Item
869 2973 949 3033 ad
976 2979 1265 3036 sanctum
1292 2976 1602 3038 Joannem
1636 2977 1803 3037 intra
1832 2981 2120 3037 sanctum
2150 2978 2388 3037 fontem
2420 2976 2742 3036 lucernam
2792 2992 3051 3035 auream
3108 2992 3252 3035 cum
3301 2972 3465 3033 nixis
3500 2971 3589 3053 (Ιι)
3616 2973 3713 3033 lu-

469 3078 710 3139 minum
741 3079 980 3157 decem,
1014 3092 1383 3161 pensantem
1411 3084 1603 3145 libras
1632 3084 1944 3164 quinque;
1980 3103 2195 3145 cervos
2224 3088 2557 3163 argenteos
2589 3088 2715 3143 tres
2762 3081 3095 3142 fundentes
3143 3098 3399 3159 aquam,
3435 3098 3718 3159 pensan-

470 3189 561 3246 tes
590 3186 751 3265 sing.
784 3187 928 3247 libr.
960 3188 1253 3267 triginta;
1289 3196 1526 3251 turrem
1556 3197 1916 3269 argenteam
1951 3210 2093 3252 cum
2146 3191 2480 3270 delphinis,
2519 3208 2779 3269 pensan.
2815 3188 3009 3249 libras
3062 3188 3427 3266 sexaginta;
3477 3187 3722 3248 colum-

468 3291 616 3352 bam
647 3310 927 3369 auream,
959 3313 1221 3373 pensan.
1252 3296 1447 3357 libras
1477 3299 1574 3357 21.
1608 3299 1676 3358 In
1707 3298 2029 3358 basilicam
2061 3297 2646 3358 Constantinianam
2676 3293 3186 3375 pharacanthara
3215 3299 3536 3373 argentea,
3571 3312 3717 3374 qua

390 3399 429 3456 5
472 3398 751 3478 pendent
778 3406 923 3460 ante
953 3400 1151 3461 altare
1179 3402 1417 3475 decem,
1452 3422 1711 3483 pensan.
1747 3404 1997 3483 singula
2025 3403 2215 3465 libras
2245 3404 2499 3483 viginti;
2534 3402 2841 3482 scyphum
2874 3420 3161 3473 aureum,
3220 3418 3485 3479 pensan.
3522 3399 3720 3460 libras

472 3521 614 3577 sex;
646 3504 869 3566 calices
899 3524 1144 3581 aureos,
1180 3527 1441 3587 pensan.
1477 3510 1707 3589 singuli
1737 3510 1880 3571 libr.
1914 3514 1979 3585 i;
2014 3510 2284 3590 scyphos
2314 3515 2645 3589 argenteos
2674 3509 2832 3570 duos
2863 3506 2926 3589 (ι)
2961 3525 3223 3588 pensan.
3258 3506 3493 3586 singuli
3523 3505 3721 3567 libras

472 3609 720 3683 decem;
765 3611 956 3672 alium
990 3614 1296 3693 scyphum
1321 3633 1607 3687 aureum,
1645 3636 1902 3696 pensan.
1953 3616 2096 3676 libr.
2149 3618 2459 3696 quinque;
2506 3616 2732 3676 calices
2783 3613 3222 3675 ministeriales
3251 3619 3591 3692 argenteos
3623 3612 3719 3673 vi~

475 3717 655 3795 ginli,
692 3737 954 3799 pensan.
990 3721 1220 3801 singuli
1250 3724 1358 3783 lib.
1392 3727 1463 3791 ἓξ
1499 3743 1675 3785 amas
1705 3731 2035 3803 argenteas
2067 3725 2368 3805 quinque,
2421 3728 2760 3805 pensantes
2807 3723 3001 3783 libras
3048 3722 3288 3783 decem.
3321 3721 3417 3783 Ad
3456 3721 3718 3782 beatum

474 3826 728 3886 Petrum
760 3828 1135 3908 apostolum,
1171 3829 1473 3909 scyphum
1535 3851 1819 3903 aureum,
1870 3850 2132 3911 pensan.
2183 3831 2374 3891 libras
2428 3831 2810 3910 quindecim,
2862 3830 3054 3889 alium
3107 3828 3415 3910 scyphum
3445 3845 3721 3889 aureum

358 3932 435 3993 l0
474 3950 614 3994 cum
648 3933 914 4012 gemmis
945 3936 1210 4014 prasinis
1238 3943 1301 3998 et
1328 3937 1777 4018 hiacynthinis,
1813 3944 2180 4017 pensantem
2208 3937 2352 3997 libr.
2387 3943 2689 4017 quatuor;
2716 3936 2940 3997 calices
2971 3939 3301 4015 argenteos
3334 3933 3719 3995 ministeria-

474 4037 564 4099 les
591 4039 829 4113 decem,
866 4060 1127 4121 pensan.
1156 4043 1318 4122 sing.
1353 4044 1460 4104 lib.
1496 4049 1562 4119 2;
1594 4063 1768 4105 amas
1798 4049 2130 4123 argenteas
2157 4044 2332 4115 duas,
2371 4063 2632 4123 pcnsan.
2683 4043 2843 4121 sing.
2897 4043 3089 4103 libras
3135 4047 3320 4113 octo;
3356 4040 3718 4119 pharacan—

472 4144 659 4206 thara
687 4153 984 4225 argentea
1013 4149 1236 4229 viginti
1266 4156 1559 4230 quatuor,
1599 4170 1859 4230 pensan.
1893 4150 2144 4230 singula
2171 4150 2365 4210 libras
2398 4151 2677 4230 quinque
2712 4168 2726 4223 ;
2762 4149 2842 4210 ad
2891 4148 3145 4209 beatum
3203 4147 3472 4208 Paulum
3526 4164 3719 4227 apos-

474 4252 675 4313 tolum
704 4254 1010 4334 scyphum
1042 4275 1327 4330 aureum,
1365 4277 1628 4337 pensan.
1658 4259 1819 4337 sing.
1854 4258 2046 4318 libras
2077 4257 2392 4336 quinque;
2426 4257 2695 4336 scyphos
2726 4261 3056 4335 argenteos
3110 4260 3406 4334 quatuor,
3448 4271 3719 4333 pensan.

474 4359 635 4438 sing.
668 4360 862 4421 libras
892 4380 1034 4435 sex;
1068 4364 1289 4424 calices
1318 4364 1755 4425 ministeriales
1786 4370 2118 4443 argenteos
2147 4364 2388 4437 decem,
2424 4369 2760 4444 pensantes
2789 4363 2950 4442 sing.
2985 4362 3179 4422 libras
3224 4366 3503 4441 septem;
3542 4377 3724 4421 amas

360 4466 434 4523 15
478 4471 808 4543 argenteas
839 4467 1017 4539 duas,
1053 4475 1385 4546 pensantes
1414 4470 1575 4548 sing.
1609 4471 1803 4531 libras
1829 4472 2066 4532 decem.
2116 4471 2211 4531 Ad
2259 4471 2514 4532 beatum
2562 4470 2968 4531 Laurentium
3017 4473 3356 4548 martyrem
3405 4467 3721 4548 scyphum

478 4589 741 4632 aureum
772 4589 914 4632 cum
945 4574 1210 4651 gemmis
1257 4575 1548 4653 prasinis,
1581 4581 1643 4637 et
1674 4576 2122 4655 hiacynthinis,
2178 4596 2438 4657 pensan.
2488 4577 2682 4637 libras
2730 4581 3033 4656 quatuor;
3086 4575 3409 4636 lucernam
3459 4592 3723 4636 auream

480 4677 769 4738 nixorum
803 4677 1043 4751 decem,
1077 4698 1336 4758 pensan.
1369 4681 1562 4741 libras
1595 4682 1912 4761 quinque;
1947 4684 2254 4763 scyphum
2286 4703 2548 4745 aureum
2581 4683 3010 4763 purissimum,
3046 4700 3309 4762 pensan.
3359 4681 3506 4742 libr.
3543 4682 3727 4761 quin-

478 4802 637 4863 que;
671 4783 1001 4865 lampadas
1031 4803 1255 4846 aureas
1284 4785 1466 4859 duas,
1500 4806 1759 4866 pensan.
1813 4789 1973 4868 sing.
2018 4789 2163 4849 libr.
2198 4792 2265 4863 i;
2298 4789 2382 4870 (ﬁ
2433 4788 3075 4870 pharamcantharam
3123 4807 3406 4865 auream,
3453 4806 3723 4868 pensan.

477 4891 587 4952 lib.
621 4893 689 4963 2;
727 4897 960 4954 turrem
994 4897 1357 4971 argenteam
1392 4911 1531 4953 cum
1565 4893 1902 4973 delphinis,
1954 4914 2214 4975 pensan.
2250 4896 2443 4959 libras
2476 4896 2693 4975 viginti
2724 4897 3041 4975 quinque;
3075 4894 3345 4974 scyphos
3385 4900 3729 4972 argenteos

360 5000 440 5060 20
482 5005 627 5074 tres,
662 5005 998 5080 pensantes
1026 4999 1186 5077 sing.
1220 4998 1413 5058 libras
1446 4999 1701 5078 triginta
1726 5006 2027 5080 quatuor;
2064 5004 2287 5064 calices
2318 5010 2649 5082 argenteos
2680 5002 3117 5064 ministeriales
3147 5001 3502 5073 duodecim,
3544 5020 3723 5082 pens.

479 5105 640 5185 sing.
676 5107 784 5167 lib.
818 5109 885 5178 2;
920 5106 1121 5165 altare
1150 5111 1544 5183 argenteum,
1579 5125 1871 5185 pensans.
1908 5110 2051 5170 libr.
2086 5110 2541 5189 quadraginta;
2577 5110 2905 5189 lampadas
2936 5114 3268 5187 argenteas
3297 5107 3540 5179 decem,
3581 5127 3733 5187 pen-

480 5222 645 5265 sans.
682 5205 825 5265 libr.
856 5206 923 5278 2;
960 5221 1134 5263 amas
1164 5210 1496 5282 argenteas
1526 5204 1704 5279 duas,
1739 5214 2075 5286 pensantes
2104 5208 2297 5268 libras
2327 5207 2581 5283 decem;
2615 5208 2680 5268 in
2706 5208 2968 5268 basilica
2996 5206 3170 5267 beati
3199 5205 3523 5267 Laurentii
3557 5224 3732 5267 mar-

1504 5452 1620 5497 NOT
1628 5452 1758 5497 ULE
1801 5454 1887 5497 MA
1895 5452 2183 5500 RGINALES
2225 5451 2536 5497 FABROTTI.

391 5663 468 5734 (α)
500 5662 559 5735 ς,
590 5665 699 5717 etc.
769 5662 843 5734 (b)
875 5665 931 5730 (ι’,
964 5664 1441 5721 dominationem.
1520 5668 1590 5732 (ι’)
1631 5664 1957 5720 castriatas.
2008 5666 2071 5729 Ο,
2120 5661 2484 5735 cithariacas.
2532 5663 2639 5735 (ἀ)
2689 5668 2731 5722 (ἶ
2780 5666 3033 5722 soraitis.
3110 5666 3183 5732 (e)
3234 5664 3272 5718 ϐ
3322 5663 3664 5735 perforatis.

319 5735 426 5860 ge)“
446 5733 612 5789 raita.
688 5737 767 5805 (g)
814 5736 870 5791 id
918 5741 1027 5805 est,
1072 5744 1431 5809 argenteum.
1509 5737 1589 5807 (h)
1641 5735 1888 5806 lychnis,
1943 5737 2003 5805 Β,
2058 5734 2251 5791 mixis.
2331 5735 2396 5803 (i)
2444 5734 2723 5805 quinque.
2803 5737 2866 5807 (j)
2916 5737 3169 5809 pharum
3219 5733 3579 5791 cantharum
3630 5752 3739 5791 au-

433 5822 511 5860 m.
