3908 6220
325 279 440 339 451
1481 272 1894 336 ANASTASII
1939 273 2585 336 BIBLIO'I‘HECARII.
3460 362 3481 369 ρ
3623 277 3751 339 452

1432 557 1594 627 LIII.
1639 554 1912 626 SANCT
1921 557 2021 629 US
2067 555 2624 627 SYMMACHUS.

1074 830 1237 876 ANNO
1282 830 1524 875 cums'rx
1567 815 1707 887 498,
1751 830 2076 876 amens"
2119 831 2246 875 ων.
2291 813 2331 873 8
2370 828 2673 880 'rneonoa.
2720 826 2891 873 REGIS
2934 812 2993 870 5.

579 955 683 1007 σο
730 943 1145 1028 Symmachus,
1191 947 1429 1007 natione
1469 947 1789 1007 Romanus
1819 946 1900 1027 (a)
1946 966 2021 1008 ea:
2058 958 2235 1028 patre
2277 947 2634 1019 Fortunato,
2664 943 2818 1006 sedit
2863 963 3050 1006 annos
3089 946 3187 1018 l5,
3225 942 3307 1025 (ὁ)
3335 963 3558 1006 menses
3586 955 3744 1018 octo,

490 1054 623 1114 dies
665 1054 766 1113 26.
813 1052 934 1114 Hic
973 1052 1099 1133 fuit
1140 1052 1498 1133 temporibus
1554 1052 1907 1114 Theoderici
1956 1055 2160 1133 regis;
2206 1063 2262 1115 et
2328 1053 2643 1114 Anastasii
2705 1051 2969 1132 Augusti
3010 1070 3049 1112 a
3089 1050 3189 1113 die
3233 1068 3273 1114 χ
3316 1050 3745 1114 kalendarum

490 1159 1002 1221 Decembriarum
1084 1178 1283 1239 usque
1353 1160 1417 1220 in
1508 1160 1675 1221 diem
1759 1178 1861 1222 x1v
1926 1160 2339 1221 kalendarum
2411 1160 2860 1238 Augustarum.
2935 1158 3046 1219 Hic
3129 1158 3246 1219 sub
3330 1159 3745 1220 contentione

491 1266 823 1328 ordinatus
865 1273 959 1328 est
1000 1285 1127 1328 uno
1172 1266 1272 1328 die
1316 1285 1457 1327 cum
1501 1268 1841 1328 Laurentio
1889 1285 1902 1327 :
1953 1267 2369 1347 Symmachus
2411 1267 2476 1326 in
2538 1265 2799 1327 basilica
2860 1265 3406 1339 Constantiniana,
3454 1269 3747 1327 Lauren-

412 1375 449 1434 5
494 1373 616 1435 tius
658 1393 808 1435 vero
852 1374 916 1435 in
960 1373 1219 1443 basilica
1260 1372 1463 1435 beatae
1507 1374 1742 1435 Mariae.
1791 1375 1882 1434 Ex
1926 1394 2053 1454 qua
2095 1393 2284 1435 causa
2344 1380 2672 1453 separatus
2733 1378 2825 1433 est
2890 1372 3093 1434 clerus
3118 1371 3214 1452 (c),
3263 1377 3325 1433 et
3365 1371 3608 1434 divisus
3653 1377 3746 1434 est

492 1486 771 1543 senatus.
819 1480 940 1543 Alii
983 1497 1125 1542 cum
1171 1479 1577 1560 Symmacho,
1623 1481 1729 1541 alii
1770 1499 1921 1542 vero
1966 1499 2109 1542 cum
2151 1479 2513 1542 Laurentio.
2565 1479 2657 1542 Et
2722 1479 2890 1559 facta
2960 1478 3330 1540 contentione
3370 1476 3479 1540 hoc
3519 1478 3743 1541 consti-

492 1596 734 1649 tuerunt
775 1586 862 1668 (d)
900 1596 1122 1668 partes,
1172 1596 1236 1647 ut
1280 1586 1451 1648 ambo
1493 1584 1576 1649 ad
1614 1587 1960 1649 Ravennam
1998 1596 2313 1668 pergerent
2343 1586 2441 1668 (ε),
2493 1585 2576 1648 ad
2601 1584 2905 1667 judicium
2972 1587 3131 1665 regis
3203 1584 3580 1658 Theoderici,
3640 1604 3743 1667 qui

490 1693 629 1756 dum
674 1693 862 1755 ambo
904 1693 1268 1754 introissent
1310 1693 1375 1753 in
1418 1696 1806 1766 Ravennam,
1842 1693 1964 1755 hoc
1994 1692 2298 1773 judicium
2331 1691 2647 1772 mquitatis
2691 1693 3085 1754 invenerunt:
3134 1727 3213 1737 —
3254 1694 3338 1755 Ut
3378 1691 3490 1772 qui
3533 1691 3743 1773 primo

495 1799 823 1861 ordinatus
865 1798 1106 1872 fuisset,
1154 1798 1251 1860 vel
1314 1799 1423 1860 ubi
1484 1818 1631 1879 pars
1690 1799 1968 1861 maxima
2027 1809 2493 1879 cognosceretur,
2540 1800 2674 1879 ipse
2736 1799 2980 1860 sederet
3044 1799 3108 1860 in
3173 1798 3320 1859 sede
3362 1798 3741 1879 apostolica.

370 1908 447 1970 10
490 1906 670 1980 Quod
711 1904 948 1967 tandem
979 1906 1241 1987 aequitas
1286 1906 1349 1966 in
1396 1906 1780 1985 Symmacho
1824 1905 2067 1968 invenit
2107 1906 2502 1987 cognitionem
2532 1904 2616 1987 (Γ)
2673 1905 2964 1968 veritatis.
3023 1905 3116 1969 Et
3167 1887 3338 1968 actus
3389 1912 3473 1967 est
3519 1904 3750 1988 praesul

491 2011 902 2094 Symmachus.

576 2127 673 2180 *η
722 2117 950 2180 Eodem
1013 2127 1272 2200 tempore
1340 2138 1505 2200 papa
1578 2118 1967 2193 Symmachus
1995 2119 2083 2200 (g)
2130 2119 2539 2199 congregavit
2599 2119 2937 2201 synodum,
3000 2129 3057 2181 et
3117 2118 3422 2181 constituit
3462 2117 3741 2191 Lauren-

489 2227 633 2287 tium
708 2227 770 2285 in
839 2224 1161 2285 Nuceriam
1253 2226 1547 2286 civitatem
1634 2228 1989 2308 episcopum,
2064 2227 2283 2287 intuitu
2353 2226 2795 2289 misericordia.
2868 2227 3015 2288 Post
3081 2244 3267 2288 annos
3325 2245 3463 2287 vero
3525 2228 3570 2285 4
3627 2225 3743 2287 zelo

487 2331 657 2392 ducti
695 2330 897 2411 aliqui
932 2350 1008 2390 ex
1049 2330 1225 2403 clero,
1274 2340 1332 2392 et
1371 2332 1485 2392 alii
1520 2350 1597 2392 ex
1655 2342 1885 2407 senatu,
1932 2334 2208 2394 maxime
2270 2336 2490 2395 Festus
2553 2339 2615 2394 et
2673 2333 3007 2407 Probinus,
3054 2332 3518 2393 incriminarunt
3567 2330 3745 2414 Sym-

488 2436 783 2510 machum,
850 2446 908 2497 et
971 2436 1439 2498 subornaverunt
1509 2447 1673 2499 testes
1727 2439 1937 2519 falsos,
1997 2460 2142 2521 quos
2202 2441 2481 2501 miserum
2525 2440 2874 2502 Ravennam
2917 2438 3001 2501 ad
3039 2458 3236 2521 regem
3285 2439 3339 2501 Τ
3336 2437 3741 2515 heodoricum,

407 2545 444 2605 5
486 2551 828 2606 accusantes
882 2542 1113 2605 beatum
1157 2543 1606 2625 Symmachum,
1652 2555 1707 2606 et
1747 2545 1968 2607 occulte
2009 2556 2437 2607 revocaverunt
2497 2547 2907 2622 Laurentium,
2970 2552 3116 2627 post
3175 2545 3457 2606 libellum
3522 2548 3740 2607 Romae

488 2652 751 2723 factum,
810 2658 869 2710 et
933 2650 1211 2729 fecerunt
1274 2650 1547 2726 schisma,
1594 2658 1656 2712 et
1721 2652 1956 2712 divisus
2000 2660 2095 2714 est
2136 2654 2365 2714 iterum
2410 2653 2635 2715 clerus.
2682 2657 2761 2716 Et
2798 2654 2906 2715 alii
2950 2652 3507 2715 communicabant
3549 2653 3741 2734 Sym-

492 2756 740 2830 macho,
785 2756 893 2817 alii
933 2757 1297 2818 Laurentio.
1344 2760 1520 2819 Tunc
1562 2761 1782 2821 Festus
1825 2764 1887 2821 ct
1945 2760 2257 2820 Probinus
2322 2767 2644 2821 senatores
2707 2760 3014 2822 miserunt
3055 2759 3428 2821 relationem
3474 2760 3643 2839 regi,
3685 2765 3742 2820 et

488 2869 817 2944 cceperunt
857 2881 1070 2942 agere,
1116 2869 1186 2923 ut
1226 2864 1611 2925 visitalorem
1656 2866 1837 2927 daret
1880 2885 1990 2927 rex
2032 2867 2196 2929 sedis
2240 2867 2625 2947 apostolicae.
2656 2870 2834 2929 Tunc
2869 2886 2976 2929 rex
3006 2867 3180 2928 dedit
3207 2869 3461 2928 Petrum
3490 2865 3563 2947 (ι’)
3589 2865 3740 2927 Alti-

489 2971 645 3033 cinze
689 2969 957 3032 civitatis
1028 2970 1414 3051 episcopum,
1460 2971 1630 3051 quod
1700 2991 1974 3035 canones
2041 2973 2487 3054 prohibebant.
2550 2975 2786 3036 Eodem
2832 2981 3117 3055 tempore
3179 2973 3401 3034 beatus
3462 2971 3741 3054 Symma-

370 3081 447 3143 lO
486 3078 626 3140 chus
668 3076 753 3158 (Ic)
781 3078 1167 3158 congregavit
1208 3080 1501 3160 episcOpos
1529 3089 1760 3141 centum
1788 3089 1846 3141 et
1884 3080 2243 3161 quindecim,
2291 3090 2346 3141 et
2386 3082 2551 3161 [acta
2590 3080 2841 3163 synodo,
2882 3089 3189 3162 purgatur
3215 3100 3253 3142 a
3282 3079 3530 3141 crimine
3556 3077 3735 3159 falso.

486 3185 579 3247 Et
615 3183 939 3246 damnatur
992 3183 1211 3245 Petrus
1240 3183 1312 3265 (ἰ)
1338 3184 1577 3251 Attinas,
1632 3186 1873 3250 invasor
1910 3185 2064 3247 sedis
2116 3186 2476 3269 apostolicae,
2506 3196 2561 3248 et
2607 3187 2969 3248 Laurentius
3015 3187 3369 3261 Nucerinus,
3404 3187 3560 3267 quia
3608 3186 3739 3247 vivo

486 3293 779 3372 episcopo
826 3289 1211 3369 Symmacho
1256 3298 1668 3370 pervaserunt
1708 3294 1919 3354 sedem
1964 3291 2124 3371 ejus.
2177 3293 2339 3354 Tunc
2392 3293 2464 3355 ab
2513 3293 2781 3355 omnibus
2827 3295 3110 3376 cpisc0pis
3155 3302 3211 3356 et
3254 3291 3652 3374 presbyteris,
3682 3300 3736 3353 et

487 3395 857 3474 diaconibus,
891 3404 943 3457 et
974 3395 1151 3457 omni
1192 3395 1371 3472 clero,
1406 3398 1504 3459 vel
1549 3399 1729 3478 plebe
1754 3398 1855 3480 (m)
1882 3402 2286 3481 reintegratur
2312 3399 2443 3461 sedi
2466 3401 2800 3482 apostolicae
2834 3400 3032 3463 beatus
3062 3399 3479 3483 Symmachus,
3514 3408 3587 3461 ut
3611 3419 3736 3461 cum

485 3506 684 3587 gloria
713 3505 881 3587 apud
905 3505 1134 3567 beatum
1166 3506 1408 3567 Petrum
1437 3507 1658 3569 sederet
1682 3509 1929 3591 praesul.

576 3620 678 3674 18
722 3612 959 3674 Eodem
1006 3618 1290 3694 tempore
1335 3618 1556 3676 Festus
1609 3622 1800 3696 caput
1861 3622 2117 3678 senatus
2177 3618 2498 3693 exconsul,
2548 3623 2609 3679 et
2665 3618 2979 3679 Probinus
3038 3617 3365 3692 exconsul,
3413 3635 3746 3703 ceperunt

487 3719 656 3780 intra
696 3719 920 3781 urbem
966 3722 1223 3781 Romam
1269 3741 1554 3802 pugnare
1597 3742 1739 3786 cum
1786 3725 1924 3784 aliis
1967 3726 2385 3798 senatoribus,
2433 3731 2495 3787 et
2538 3725 2810 3787 maxime
2871 3744 3016 3786 cum
3082 3728 3310 3786 Fausto
3368 3724 3739 3799 exconsule,

487 3832 552 3889 et
617 3826 843 3901 caedes,
916 3832 980 3889 et
1034 3828 1375 3890 homicidia
1444 3830 1510 3890 in
1580 3829 1749 3892 clero
1820 3850 1899 3893 ex
1968 3832 2210 3893 invidia
2273 3833 2535 3894 ﬁebant.
2580 3832 2700 3905 Qui
2760 3851 2908 3894 vero
2952 3832 3510 3894 communicabant
3554 3831 3734 3893 beato

490 3933 875 4015 Symmacho
911 3933 1105 4014 juste,
1154 3935 1404 4015 publice
1466 3938 1576 4017 qui
1636 3937 1877 3999 inventi
1937 3938 2203 4000 fuissent
2244 3939 2413 4000 intra
2455 3939 2689 4002 Urbem
2747 3940 2961 4019 gladio
3003 3939 3481 4001 occidebantur.
3543 3938 3742 3999 Etiam

401 4045 440 4104 5
481 4047 546 4103 et
594 4041 1102 4103 sanctimoniales
1165 4043 1477 4116 mulieres,
1523 4049 1586 4105 et
1645 4045 1919 4123 virgines
1979 4044 2368 4125 deponentes
2439 4045 2517 4106 de
2579 4046 3000 4119 monasteriis,
3047 4045 3144 4107 vel
3207 4045 3285 4106 de
3353 4043 3733 4123 habitaculis

490 4149 640 4223 suis,
686 4148 1082 4210 denudantes
1125 4167 1343 4210 sexum
1387 4150 1728 4212 femineum
1774 4151 2057 4213 coadibus
2098 4151 2429 4231 plagarum
2475 4152 2743 4213 afﬂictas
2784 4152 3230 4228 vulnerabant,
3277 4157 3341 4214 et
3396 4152 3581 4213 omni
3647 4150 3739 4211 die

488 4274 736 4335 pugnas
779 4261 1001 4317 contra
1029 4255 1371 4317 Ecclesiam
1414 4256 1481 4317 in
1525 4258 1734 4320 medio
1779 4258 2049 4320 civitatis
2090 4258 2421 4338 gerebant.
2468 4259 2676 4321 Etiam
2707 4259 2939 4321 multos
2969 4260 3324 4321 sacerdotes
3352 4258 3737 4328 occiderunt,

482 4361 650 4423 inter
690 4380 849 4441 quos
909 4362 1354 4440 Dignissimum
1399 4369 1462 4424 et
1505 4366 1889 4426 Gordianum
1933 4365 2335 4445 presbyteros
2403 4366 2483 4427 ad
2544 4365 2796 4427 vincula
2845 4365 2925 4447 (η)
2971 4367 3173 4427 sancti
3232 4365 3405 4427 Petri
3447 4363 3734 4446 apostoli,

487 4472 551 4528 et
592 4467 673 4528 ad
720 4473 971 4529 sanctos
1012 4469 1325 4531 Joannem
1370 4474 1433 4529 et
1473 4470 1764 4544 Paulum,
1813 4490 1972 4551 quos
2014 4472 2307 4547 fustibus,
2357 4478 2422 4534 et
2489 4472 2700 4552 gladio
2759 4473 3213 4535 interfecerunt
3258 4471 3357 4553 (ο),
3407 4477 3472 4534 et
3514 4472 3737 4534 multos

371 4575 449 4634 lO
492 4574 650 4635 alios
692 4573 1099 4651 Christianos,
1147 4576 1238 4637 ita
1283 4581 1353 4636 ut
1394 4575 1554 4636 nulli
1596 4595 1729 4638 esse
1773 4578 2102 4653 securitas,
2134 4579 2234 4641 die
2276 4579 2377 4641 vel
2422 4584 2626 4654 nocte,
2661 4579 2739 4641 de
2783 4580 2950 4642 clero
2992 4580 3059 4641 in
3103 4579 3355 4641 civitate
3385 4579 3733 4641 ambulare.

481 4680 669 4744 Solus
711 4685 925 4743 autem
970 4684 1239 4744 Faustus
1283 4682 1582 4742 exconsul
1625 4701 1740 4762 pro
1784 4683 2061 4745 Ecclesia
2103 4685 2452 4766 pugnabat.
2502 4685 2591 4767 (p)
2632 4687 2781 4748 Post
2822 4685 2960 4749 haec
3003 4686 3219 4749 omnia
3279 4684 3505 4747 beatus
3558 4687 3733 4766 Sym-

484 4786 745 4849 machus
788 4789 1030 4850 invenit
1071 4786 1454 4851 Manichaaos
1496 4787 1562 4848 in
1622 4788 1777 4849 urbe
1840 4794 2062 4866 Roma,
2108 4810 2377 4872 quorum
2440 4793 2657 4855 omnia
2717 4794 3080 4869 simulacra,
3126 4793 3226 4854 vel
3288 4792 3540 4855 codices
3596 4796 3732 4854 ante

484 4896 653 4957 fores
694 4894 968 4956 basilicae
1012 4892 1544 4955 Constantiniana:
1587 4894 1878 4958 incendio
1923 4899 2364 4976 concremavit,
2413 4905 2476 4961 et
2535 4919 2642 4962 eos
2701 4898 2871 4979 ipsos
2932 4900 3152 4963 exsilio
3221 4899 3556 4980 relegavit.
3601 4895 3733 4961 Fuit

482 5008 696 5063 autem
741 5020 779 5062 a
822 5000 1156 5062 consulatu
1200 4998 1472 5073 Paulini,
1519 5019 1717 5081 usque
1747 5003 1828 5063 ad
1872 5005 2268 5066 consulatum
2313 5007 2643 5068 senatoris.

571 5116 678 5169 eo
731 5107 844 5168 Hic
888 5106 1039 5167 fecit
1079 5104 1404 5165 basilicam
1448 5109 1649 5170 sancti
1688 5110 1954 5173 Andreae
1999 5113 2270 5192 apostoli
2328 5113 2501 5194 apud
2561 5114 2819 5175 beatum
2881 5115 3139 5174 Petrum
3201 5112 3587 5195 apostolum,
3630 5109 3728 5173 ubi

485 5214 634 5277 fecit
675 5212 975 5291 ligurium
1019 5210 1102 5292 (ᾳ)
1154 5229 1231 5272 ex
1274 5219 1537 5292 argento
1581 5222 1644 5278 et
1685 5218 2168 5292 confessionem,
2215 5239 2483 5299 pensan.
2543 5220 2737 5281 libras
2797 5226 3049 5282 centum
3113 5226 3178 5282 et
3236 5220 3515 5300 vigenti;
3561 5233 3727 5281 arcus

1510 5348 1764 5395 NOTULE
1806 5350 2197 5398 HARGINALES
2238 5353 2560 5398 FABROTTI.

394 5444 562 5573 (νο,
597 5445 663 5511 Β,
699 5442 943 5497 Sardus.
1020 5442 1096 5513 (ὁ)
1123 5444 1185 5516 Β,
1212 5461 1298 5529 in.
1330 5446 1385 5511 8,
1405 5446 1603 5503 minus
1635 5448 1691 5505 d.
1717 5450 1769 5517 4,
1803 5449 1876 5504 ad
1908 5448 2070 5506 Coss.
2104 5449 2354 5516 Paulini,
2389 5455 2447 5505 et
2478 5450 2724 5522 Scythae,
2757 5453 2828 5507 ad
2858 5452 2934 5508 M.
2961 5454 3098 5508 Aur.
3132 5450 3551 5536 Cassiodorum
3579 5452 3725 5530 Cass.

466 5517 553 5572 zde
581 5516 782 5569 Raron.
814 5513 885 5569 ad
913 5517 1283 5572 ann.Dommz
1314 5517 1436 5573 498.
1498 5520 1572 5573 (dl
1605 5522 1666 5573 C.
1694 5524 2135 5573 contraxerunt.
2207 5522 2275 5573 (ei
2308 5521 2381 5573 Ut
2409 5522 2594 5573 amba
2626 5527 2837 5573 partes.
2901 5524 2971 5573 (ﬂ
2996 5526 3059 5573 C-
3093 5528 3151 5573 et
3180 5527 3459 5573 cognitio-
3520 5521 3591 5573 (al
3615 5516 3725 5573 thd

320 5513 553 5597 (finde
581 5516 782 5597 nam.
814 5513 885 5597 ad
913 5531 1045 5597 αηης
1064 5513 1287 5597 ρρῄιίηέ
1309 5517 1449 5597 ,4ἓ8κ
1498 5520 1574 5597 (42
1605 5522 1666 5587 ο,
1694 5513 2135 5597 contraxerunt
2180 5522 2278 5597 te).
2308 5513 2381 5597 Ut
2409 5513 2594 5576 ambs!
2625 5513 2837 5597 partes
2901 5524 2971 5595 (ί)
2996 5526 3060 5588 ο.
3093 5528 3151 5579 et
3180 5522 3459 5597 cognitiq-
3520 5516 3729 5597 (Μίδα

321 5584 522 5671 paron.
555 5584 626 5640 ad
656 5601 788 5671 apn.
818 5586 1041 5671 pomini
1245 5588 1407 5671 (h)_C,
1435 5584 1816 5671 in‘lflucerina
1848 5590 2100 5671 civitate.
2151 5584 2309 5671 finde
2339 5593 2538 5671 Baron.
2574 5584 2808 5671 ad‘ann.
2838 5584 3065 5671 Domini
3087 5596 3214 5651 502.
3248 5584 3284 5597 υ
3310 5597 3375 5667 (ι)
3388 5595 3484 5671 _D,
3513 5584 3723 5671 lmine.

320 5657 397 5785 go
425 5655 877 5785 ngmachusjn
901 5658 1117 5744 Synodo
1142 5655 1432 5742 purgatus.
1539 5660 1603 5733 (ι)
1632 5661 1977 5718 Altinensis.
2070 5665 2168 5745 (in)
2218 5663 2277 5731 Ο,
2312 5661 2768 5745 redintegratur.
2868 5668 2950 5737 (η)
2983 5666 3140 5723 Inter
3184 5655 3726 5785 quos'Goi-dianum

364 5745 458 5785 res
500 5733 729 5785 vterum
760 5729 1179 5785 dmmsmmum
1211 5731 1283 5785 ad
1310 5730 1562 5785 Vincula.
1638 5735 1920 5785 (olOuem
1969 5732 2250 5785 fustibus-
2281 5737 2340 5785 et
2387 5732 2581 5785 gladio
2625 5735 3062 5785 interfecerunt.
3142 5738 3200 5785 (ῃ
3256 5737 3397 5785 Pube
3446 5739 3638 5785 nam
3665 5727 3726 5785 ad

364 5727 729 5862 resblyterum
760 5727 1179 5819 dignissimum
1211 5727 1283 5818 ad
1310 5727 1591 5787 vinculal'
1638 5736 1715 5819 (ρ)
1735 5735 1920 5799 Quem
1960 5727 2361 5818 .fustib'us,'et.
2387 5727 2581 5816 gladi?)
2625 5727 3062 5797 interfecerunt.
3142 5727 3222 5817 (Ρ)
3256 5737 3397 5800 Vide
3441 5739 3638 5799 Raron.
3665 5727 3728 5790 ad

364 5816 453 5861 nn.
531 5815 707 5862 02mm
728 5802 836 5862 503
868 5821 929 5862 in
959 5805 1056 5862 ﬁn.
1090 5801 1522 5862 Manichaeorum
1548 5802 1757 5862 codwes
1787 5810 1989 5862 eximi.
2067 5807 2143 5862 (a)
2169 5807 2277 5862 CB.
2312 5803 2619 5862 cibarium.

318 5815 453 5863 ann.
484 5801 710 5863 Domini
728 5801 929 5866 503"tn
956 5805 1056 5885 ﬁn.
1090 5801 1522 5865 Manichaeorum
1548 5801 1757 5864 codices
1787 5804 1989 5866 eximi.
2067 5807 2143 5885 (ᾳ)
2169 5801 2277 5877 CB,
2312 5801 2619 5867 oib'orium.
