3908 6220
144 281 251 344 453
815 275 1183 340 HISTORIA
1228 277 1328 340 DE
1373 275 1574 341 VITIS
1620 277 1806 342 ROM.
1856 276 2177 341 PONT.—
2221 278 2285 340 S.
2335 277 2843 343 SYMMACHUS.
3410 280 3526 344 454

283 417 607 492 argenteos
652 417 796 486 tres,
849 430 1109 490 pensan.
1159 411 1318 491 sing.
1367 411 1508 472 libr.
1558 412 1926 491 sexaginta;
1973 413 2318 474 oratorium
2364 413 2560 474 sancti
2618 413 2878 475 Thema:
2942 413 3214 494 apostoli
3282 435 3358 478 ex
3420 436 3524 479 ar-

287 525 500 600 gento,
547 538 718 599 pens.
771 519 911 577 libr.
962 520 1112 591 300;
1161 519 1223 578 in
1278 521 1666 580 confessione
1709 519 1790 598 (τι)
1839 520 1975 578 libr.
2028 521 2300 597 vigenti;
2349 540 2565 580 arcum
2627 527 3020 598 argenteum,
3069 541 3328 601 pensan.
3377 524 3522 586 libr.

212 631 246 688 5
287 627 639 698 sexdecim;
686 625 1146 686 confessionem
1191 627 1390 687 sancti
1434 627 1736 699 Cassiani,
1769 631 1832 686 et
1874 633 2232 686 sanctorum
2299 627 2538 699 Prothi,
2588 632 2650 688 et
2714 627 3052 706 Hyacinthi
3111 647 3187 689 ex
3234 637 3519 709 argento,

287 753 547 815 pensan.
609 733 802 793 libras
865 733 1120 811 viginti;
1170 751 1381 793 areum
1442 739 1835 812 argenteum,
1897 752 2072 813 pens.
2139 734 2248 792 lib.
2313 736 2426 804 l2;
2474 733 2820 794 oratorium
2883 735 3084 795 sancti
3145 737 3528 816 Apollinaris

283 860 357 902 ex
427 845 710 919 argento,
757 846 819 901 et
888 840 1343 901 confessionem
1416 859 1558 900 cum
1631 859 1776 900 arcu
1841 859 1916 900 ex
1979 847 2264 917 argento,
2332 860 2508 918 pens.
2574 840 2718 900 libr.
2795 841 3094 919 triginta;
3163 845 3524 906 Oratorium

285 948 482 1009 sancti
513 947 591 1027 (b)
636 948 798 1008 Sosii
841 966 915 1008 ex
963 954 1224 1026 argento
1269 948 1332 1006 in
1378 947 1788 1020 confessione,
1839 966 2013 1026 pens.
2063 947 2202 1005 libr.
2251 947 2494 1025 viginti.
2543 949 2695 1008 Item
2743 947 2822 1006 ad
2871 949 3107 1010 fontem
3156 950 3219 1010 in
3265 951 3529 1014 basilica

284 1054 452 1114 beati
493 1053 660 1114 Petri
703 1054 996 1134 apostoli,
1044 1054 1389 1115 oratorium
1452 1058 1688 1114 sanctas
1751 1053 1952 1113 crucis
2014 1072 2091 1114 ex
2153 1058 2437 1130 argento,
2499 1053 2978 1126 confessionem,
3027 1059 3087 1116 et
3155 1075 3403 1120 erucem
3449 1079 3526 1121 ex

177 1162 246 1222 10
284 1179 621 1222 auro.cum
665 1162 952 1240 gemmis,
1000 1161 1108 1221 ubi
1152 1161 1402 1222 inclusit
1464 1161 1703 1240 lignum
1751 1161 2171 1233 Dominicnm,
2218 1162 2355 1240 ipsa
2416 1179 2568 1220 crux
2634 1152 2826 1221 aurea
2887 1183 3150 1242 pensan.
3211 1165 3354 1225 libr.
3413 1167 3526 1227 de-

283 1287 437 1329 cem.
488 1269 660 1328 Fecit
703 1273 913 1329 autem
959 1268 1238 1330 oratoria
1279 1268 1404 1328 duo
1449 1268 1651 1328 sancti
1701 1268 1962 1329 Joannis
2004 1269 2326 1347 Baptistae,
2389 1273 2449 1328 et
2519 1268 2720 1328 sancti
2786 1270 3047 1330 Joannis
3108 1272 3527 1353 Evangelistm

285 1375 345 1435 in
389 1393 662 1455 quorum
709 1375 1100 1437 confessione
1163 1394 1344 1436 arcus
1405 1380 1736 1454 argenteos
1807 1375 2038 1455 posuit,
2107 1394 2368 1454 pensan.
2415 1375 2558 1433 libr.
2609 1375 2867 1454 triginta
2911 1376 2982 1456 (c)
3043 1379 3193 1450 Quae
3237 1381 3528 1443 cubicula

282 1483 495 1544 omnia
537 1501 577 1542 a
619 1482 1032 1543 fundamento
1080 1483 1355 1561 perfecta
1398 1483 1768 1544 construxit.
1834 1482 2168 1543 Basilicam
2231 1501 2380 1542 vero
2442 1481 2611 1541 beati
2654 1483 2822 1542 Petri
2872 1485 3293 1547 marmoribus
3336 1506 3528 1549 orna-

281 1589 409 1664 vit;
457 1595 524 1650 et
566 1589 940 1649 cantharum
1005 1590 1174 1649 beati
1230 1590 1400 1650 Petri
1461 1608 1602 1649 cum
1669 1588 2140 1668 quadriperticu
2215 1588 2634 1648 marmoribus
2694 1591 2960 1662 ornavit,
3028 1596 3090 1651 et
3151 1611 3223 1653 ex
3284 1593 3526 1656 musivo

178 1696 243 1755 l5
281 1714 496 1774 agnos,
548 1701 613 1756 et
654 1714 888 1768 cruces,
937 1700 1000 1756 et
1044 1695 1285 1774 palmas
1329 1694 1413 1775 (cl)
1459 1695 1727 1756 ornavit.
1777 1697 1986 1774 Ipsum
2033 1714 2179 1756 vero
2225 1695 2452 1755 atrium
2497 1713 2685 1756 omne
2739 1697 3245 1776 compaginavit;
3294 1701 3528 1779 gradus

280 1821 425 1864 vero
487 1809 638 1863 ante
701 1804 865 1863 fores
928 1803 1199 1862 basilicae
1261 1802 1428 1863 beati
1487 1804 1655 1862 Petri
1718 1802 2067 1881 ampliavit,
2113 1808 2175 1862 et
2236 1802 2394 1862 alios
2455 1802 2688 1881 gradus
2750 1805 3122 1877 construxit,
3169 1806 3286 1866 sub
3347 1807 3525 1887 tigno

280 1909 520 1981 dextra,
557 1909 867 1988 laevaque.
915 1911 1066 1970 Item
1112 1909 1176 1969 in
1222 1909 1441 1970 eodem
1488 1909 1625 1970 loco
1687 1909 2005 1988 episcopia
2066 1909 2286 1969 dextra
2349 1909 2632 1987 laevaque
2692 1909 2872 1982 fecit;
2919 1910 3068 1971 item
3132 1911 3250 1974 sub
3293 1915 3528 1992 gradus

279 2017 339 2075 in
384 2016 548 2076 atrio
597 2016 788 2075 alium
835 2016 1209 2076 cantharum
1259 2017 1407 2076 foris
1450 2017 1513 2075 in
1559 2016 1749 2094 vulgo
1794 2017 2001 2094 campi
2045 2017 2273 2094 posuit,
2323 2023 2386 2075 et
2429 2016 2508 2075 ad
2555 2035 2734 2076 usum
2781 2018 3166 2078 necessitatis
3228 2019 3526 2083 humanas

280 2122 462 2196 fecit;
515 2123 668 2183 item
717 2129 778 2182 et
821 2122 976 2182 alios
1020 2122 1252 2200 gradus
1297 2122 1778 2182 ascendentibus
1823 2123 1901 2182 ad
1963 2122 2216 2182 beatum
2274 2122 2588 2182 Andream
2655 2123 2819 2194 fecit,
2867 2129 2928 2184 et
2990 2124 3364 2186 cantharum
3410 2147 3526 2208 po-

171 2231 239 2287 20
278 2229 430 2302 suit;
479 2229 593 2288 hic
639 2230 783 2290 fecit
829 2229 1147 2289 basilicam
1196 2235 1429 2289 sancta}
1477 2230 1769 2308 martyris
1812 2230 2080 2308 Agatlias
2125 2230 2225 2288 via
2268 2230 2518 2289 Aurelia
2542 2229 2613 2308 (e)
2646 2230 2708 2288 in
2760 2231 3021 2289 fundum
3069 2233 3528 2307 Lardarum,et

273 2354 309 2396 a
349 2335 774 2396 fundamento
819 2354 961 2396 cum
1025 2336 1196 2396 fonte
1259 2336 1630 2408 construxit,
1680 2335 1784 2395 ubi
1847 2336 2055 2414 posuit
2118 2354 2299 2396 arcus
2353 2341 2686 2414 argenteos
2729 2335 2910 2396 duos.
2960 2337 3193 2398 Eodem
3240 2345 3526 2420 tempore

273 2444 412 2504 fecit
454 2443 791 2504 basilicam
837 2443 1034 2502 sancti
1081 2443 1418 2517 Pancratii,
1471 2443 1577 2502 ubi
1621 2448 1682 2502 et
1723 2443 1869 2504 fecit
1911 2461 2124 2502 areum
2172 2449 2564 2520 argenteum,
2613 2443 2722 2522 qui
2769 2444 3076 2521 pensabat
3147 2445 3290 2506 libr.
3337 2447 3526 2526 quin-

273 2549 468 2610 decim
507 2567 526 2622 ;
576 2549 721 2610 fecit
764 2555 975 2610 autem
1019 2549 1082 2608 in
1127 2549 1348 2610 eodem
1392 2549 1528 2609 loco
1573 2549 1912 2622 balneum;
1963 2550 2107 2610 iiem
2170 2550 2339 2628 apud
2401 2549 2654 2610 beatum
2720 2551 3079 2630 apostolum
3124 2553 3413 2627 Paulum,
3462 2554 3529 2616 in

275 2657 540 2716 basilica
602 2656 928 2716 renovavit
997 2655 1306 2730 absidam,
1353 2675 1494 2735 qum
1557 2657 1619 2715 in
1686 2656 1932 2715 ruinam
1991 2656 2380 2728 imminebat,
2429 2663 2493 2715 et
2553 2663 2695 2735 post
2756 2657 3212 2718 confessionem
3279 2660 3526 2738 pictura

171 2766 238 2824 25
279 2763 561 2825 ornavit.
607 2764 685 2823 Et
727 2781 1040 2823 cameram
1085 2762 1255 2835 fecit,
1301 2768 1363 2823 et
1405 2769 1824 2836 matroneum,
1873 2768 1935 2823 et
1994 2781 2182 2841 super
2241 2762 2694 2822 confessionem
2755 2762 3096 2840 imaginem
3159 2772 3524 2843 argenteam

271 2891 405 2934 cum
452 2872 814 2947 Salvatore,
861 2875 924 2931 et
966 2871 1297 2931 duodecim
1361 2872 1680 2951 apostolos
1724 2871 1952 2951 posuit,
2002 2871 2109 2949 qui
2176 2870 2524 2950 pensabant
2583 2870 2777 2930 libras
2839 2876 3090 2930 centum
3150 2871 3412 2949 viginti;
3463 2882 3528 2936 et

274 2986 413 3041 ante
457 2981 638 3041 fores
697 2978 972 3039 basilica:
1016 2978 1252 3057 gradus
1293 2979 1441 3040 fecit
1482 2978 1544 3038 in
1592 2979 1778 3052 atrio,
1826 2983 1888 3039 et
1947 2977 2364 3049 cantharum;
2413 2982 2474 3038 et
2516 2982 2658 3056 post
2701 2975 2984 3037 absidam
3048 2996 3279 3058 aquam
3321 2979 3524 3042 intro-

276 3087 472 3160 duxit,
535 3085 643 3146 ubi
687 3091 747 3146 et
793 3085 1085 3145 balneum
1132 3105 1170 3145 a
1212 3085 1625 3146 fundamento
1670 3085 1837 3146 fecit.

352 3203 462 3255 δυ
519 3194 693 3253 Intra
735 3193 1055 3254 civitatem
1101 3196 1450 3254 Romanam
1495 3192 1816 3253 basilicam
1878 3197 2237 3252 sanctorum
2293 3190 2572 3251 Silvestri
2617 3195 2677 3251 et
2738 3190 2988 3252 Martini
3032 3209 3068 3252 a
3111 3193 3524 3256 fundamento

271 3299 634 3362 construxit
681 3299 870 3378 juxta
929 3299 1233 3360 Thermas
1291 3299 1616 3378 Trajanas,
1666 3300 1776 3359 ubi
1835 3305 1898 3360 et
1958 3317 2147 3378 super
2207 3299 2404 3359 altare
2446 3297 2526 3377 (/)
2569 3298 2871 3376 tigurium
2938 3306 3306 3378 argenteum
3357 3302 3522 3377 fecit,

275 3427 544 3488 pensan.
595 3406 738 3497 libr.
790 3409 926 3479 120,
973 3425 1155 3467 arcus
1215 3413 1511 3482 argentos
1573 3409 1647 3465 12
1710 3407 1818 3485 qui
1882 3406 2233 3484 pensabant
2294 3405 2527 3484 singuli
2571 3405 2714 3464 libr.
2761 3405 3017 3480 decem;
3068 3408 3525 3470 confessionem

274 3522 671 3594 argenteam,
721 3533 861 3593 quae
921 3532 1186 3592 pensan.
1234 3513 1375 3572 libr.
1426 3515 1522 3572 15.
1569 3513 1662 3572 Ad
1725 3514 1978 3574 beatum
2039 3515 2346 3574 Joannem
2411 3519 2474 3573 et
2542 3512 2808 3573 Paulum
2871 3513 3018 3574 fecit
3087 3515 3322 3593 gradus
3385 3523 3526 3596 post

200 3623 232 3681 5
271 3623 609 3693 absidam;
655 3620 803 3679 item
851 3620 931 3680 ad
973 3619 1424 3697 archangelum
1469 3619 1839 3681 Michaelcm
1887 3620 2206 3680 basilicam
2252 3619 2600 3698 ampliavit,
2647 3625 2709 3680 et
2751 3619 2983 3698 gradus
3028 3620 3192 3694 fecit,
3220 3627 3282 3682 et
3321 3621 3525 3685 intro-

271 3729 445 3790 duxit
498 3745 776 3807 aquam;
821 3727 972 3786 item
1017 3726 1097 3786 ad
1141 3733 1424 3786 sanctam
1469 3727 1773 3800 Mariam;
1820 3727 2163 3787 oratorium
2211 3732 2571 3786 sanctorum
2616 3727 2854 3785 Cosmae
2898 3733 2961 3786 et
3003 3727 3290 3787 Damiani
3319 3747 3357 3788 a
3386 3730 3522 3807 fun,

270 3836 577 3897 damento
624 3834 1012 3906 construxit;
1059 3832 1207 3894 item
1253 3833 1317 3892 in
1369 3833 1464 3893 via
1505 3833 1838 3894 Tiburtina
1903 3833 2198 3893 milliario
2262 3832 2561 3911 vigesimo
2625 3834 2892 3910 septimo
2955 3832 3034 3892 ab
3091 3833 3260 3894 Urbe
3306 3835 3530 3896 Roma-

268 3949 536 4022 rogatus
578 3941 659 4001 ab
705 3939 786 4021 (g)
834 3939 1056 4000 Alvino
1100 3945 1162 4001 et
1205 3939 1438 4000 Glafira
1480 3940 1828 4001 illustribus
1871 3940 1947 4000 de
1993 3940 2248 4018 proprio
2294 3937 2668 3998 facientibus
2711 3957 2748 3997 a
2777 3938 3144 3999 fndamento
3194 3939 3524 4004 basilicam

272 4050 453 4112 beato
510 4050 696 4108 Petro
739 4047 802 4107 in
853 4034 1114 4107 fundum
1158 4046 1568 4107 Pacinianum
1614 4046 1965 4119 dedicavit;
2013 4045 2164 4106 item
2209 4045 2288 4105 ad
2331 4045 2586 4104 beatum
2631 4045 2887 4104 Petrum
2952 4050 3014 4104 et
3056 4045 3309 4106 beatum
3355 4049 3523 4110 Pau-

172 4158 233 4216 ΙΟ
271 4158 396 4217 lum
441 4155 794 4235 apostolos,
834 4159 895 4214 et
937 4153 1016 4214 ad
1062 4160 1346 4214 sanctum
1409 4154 1817 4214 Laurentium
1881 4157 2221 4230 martyrem
2285 4151 2668 4230 pauperibus
2731 4149 3094 4210 habitacula
3145 4155 3519 4216 construxit.

270 4265 423 4325 ltem
471 4261 562 4323 ad
608 4261 861 4321 beatum
907 4263 1161 4320 Petrum
1204 4259 1428 4338 viginti
1472 4259 1778 4320 canthara
1819 4264 2122 4338 argentea
2163 4259 2330 4332 fecit,
2379 4276 2642 4337 pensan.
2690 4256 2940 4336 singula
2999 4257 3192 4319 libras
3254 4261 3522 4339 quinde-

270 4371 414 4444 cim,
462 4373 535 4430 et
579 4386 760 4428 arcus
803 4369 880 4426 22
925 4385 1188 4446 pensan.
1234 4367 1394 4445 sing.
1445 4367 1586 4428 libr.
1631 4367 1876 4445 viginti.
1924 4366 2036 4426 Hic
2098 4365 2415 4445 reparavit
2475 4364 2800 4426 basilicam
2863 4370 3098 4425 sancta:
3154 4367 3519 4444 Felicitatis,

273 4477 348 4559 (Iz)
395 4494 549 4557 quas
585 4475 721 4554 jam
763 4474 828 4534 in
858 4473 1108 4534 ruinam
1151 4472 1563 4547 imminebat;
1610 4473 1712 4534 hic
1756 4472 2037 4534 absidam
2084 4473 2285 4533 beatae
2327 4471 2606 4551 Agnetis,
2642 4492 2784 4553 quas
2827 4470 2891 4532 in
2935 4471 3184 4534 ruinam
3228 4473 3522 4539 immine-

269 4585 376 4646 bat
417 4591 485 4645 et
530 4599 782 4643 omnem
828 4581 1150 4642 basilicam
1196 4581 1543 4641 renovavit.

348 4701 450 4753 81
507 4690 620 4750 Hic
665 4689 989 4750 constituit
1033 4693 1102 4749 ut
1161 4688 1334 4749 omni
1395 4687 1495 4747 die
1553 4687 1935 4761 Dominicos,
1971 4688 2070 4748 vel
2114 4687 2414 4749 natalitiis
2479 4691 2829 4766 martyrum
2891 4685 3165 4766 hymnus
3209 4687 3522 4750 diceretur

269 4799 619 4879 angelicus,
667 4796 730 4856 id
774 4802 868 4857 est
908 4795 1106 4876 gloria
1139 4795 1202 4855 in
1245 4794 1484 4855 excelsis
1515 4795 1657 4855 Deo.
1705 4796 1816 4854 Hic
1860 4795 2006 4855 fecit
2050 4795 2477 4856 ccemeterium
2520 4795 2942 4854 Jordanorum
2989 4793 3053 4852 in
3102 4794 3324 4852 melius
3371 4813 3518 4872 pro-

271 4913 408 4986 pter
452 4922 686 4984 corpus
727 4904 926 4963 sancti
967 4901 1340 4976 Alexandri;
1391 4901 1490 4961 hic
1532 4901 1706 4962 omni
1749 4921 1916 4963 anno
1963 4921 2072 4981 per
2113 4902 2412 4975 Africam,
2460 4899 2558 4960 vel
2603 4900 2956 4961 Sardiniam
3020 4899 3099 4958 ad
3161 4899 3512 4979 episcopos,

268 5014 376 5093 qui
417 5013 481 5073 in
515 5010 738 5072 exsilio
771 5015 952 5071 erant
992 5009 1241 5082 retrusi,
1275 5009 1608 5088 pecuniam
1653 5014 1714 5069 et
1755 5016 1957 5070 vestes
2004 5009 2436 5080 ministrabat;
2486 5006 2588 5065 hic
2631 5007 2911 5084 captivos
2940 5023 3052 5082 per
3081 5004 3423 5081 Liguriam,
3453 5013 3517 5068 et

195 5123 229 5180 5
274 5119 730 5191 Mediolanum,
777 5121 840 5178 et
898 5135 1012 5196 per
1074 5115 1351 5176 diversas
1416 5115 1770 5196 provincias
1812 5116 1882 5196 (ι)
1927 5116 2192 5196 pecunia
2251 5112 2535 5184 redemit,
2583 5117 2645 5172 et
2705 5111 2872 5170 dona
2935 5109 3400 5188 multiplicavit,
3458 5115 3524 5172 et

267 5226 543 5300 dimisit;
591 5223 687 5285 hic
711 5223 860 5303 fecit
897 5221 1301 5284 ordinationes
1343 5231 1600 5304 quatuor
1643 5225 1704 5284 in
1746 5223 1893 5284 urbe
1933 5224 2124 5284 Roma
2159 5241 2273 5302 per
2312 5236 2527 5278 menses
2573 5215 2943 5278 Decembrem
2998 5224 3052 5275 et
3093 5213 3512 5291 Februarium,

266 5333 643 5414 presbyteros
672 5331 1007 5411 nonaginta
1035 5329 1201 5405 duos,
1233 5328 1512 5391 diaconos
1540 5329 1854 5408 sexdecim,
1888 5330 2184 5410 episcopos
2209 5345 2320 5407 per
2349 5324 2596 5384 diversa
2646 5322 2771 5382 loca
2815 5328 3043 5380 centum
3075 5318 3152 5402 (Ic)
3185 5329 3244 5380 et
3278 5331 3515 5402 septem.

271 5440 388 5512 Qui
433 5440 622 5501 etiam
667 5436 927 5519 sepultus
985 5446 1066 5498 est
1105 5437 1169 5497 in
1211 5436 1472 5497 basilica
1516 5438 1684 5498 beati
1727 5437 1895 5497 Petri
1940 5433 2232 5514 apostoli,
2277 5440 2335 5492 et
2380 5429 2623 5489 cessavit
2668 5429 3035 5508 episcopatus
3075 5426 3208 5488 dies
3250 5432 3512 5508 septem,

271 5547 380 5627 qui
425 5547 619 5608 etiam
662 5545 729 5606 in
774 5563 931 5625 pace
975 5545 1296 5606 confessor
1337 5544 1596 5623 quievit.

1291 5667 1541 5712 NOTULIE
1585 5667 1974 5712 MARGINALES
2019 5662 2333 5708 FABBOTTI.

189 5749 265 5816 (a)
291 5750 394 5819 CB,
428 5753 484 5806 et
504 5751 952 5809 confessionem.
1015 5750 1204 5821 (ωε,
1239 5747 1408 5804 Sosii.
1478 5751 1628 5821 (c_)_et
1655 5745 1925 5821 cubicula
1956 5763 2085 5821 prs.
2141 5743 2240 5821 Δ(ιί)
2273 5742 2422 5821 fecit.
2465 5740 2556 5821 ¹(α)
2680 5737 3188 5821 fundolaudarilo.“
3242 5737 3312 5821 (ρ
3342 5735 3400 5809 C,
3433 5736 3516 5797 cl-

126 5807 393 5880 borium.'
445 5822 501 5879 C.
534 5824 609 5900 (g)
638 5807 846 5882 Albino
877 5827 934 5880 et
961 5807 1252 5897 Glaphyra
1283 5807 1628 5896 praepositis.
1706 5819 1788 5891 (h)
1816 5817 1909 5876 cui
1940 5807 2110 5875 ruina
2135 5807 2503 5887 imminebat,
2539 5807 2545 5813 ’
2579 5813 2644 5889 (i)
2676 5809 2927 5888 pecunii.
3006 5807 3079 5886 (lc)
3109 5809 3212 5882 CB,
3248 5807 3332 5866 17.
