3924 6214
413 217 522 281 551

1559 208 1972 279 ANASTASII
2021 215 2676 279 BIBLIOTHECARII.

3713 220 3819 291 852

414 354 516 426 ets:
545 348 1047 426 authunc-(gamus
1066 346 1401 426 apostolicae
1432 348 1786 415 Ecclesiae,et
1805 366 2067 426 reveren-
2097 350 2153 417 Α
2184 352 2331 426 trem
2352 367 2487 426 esse
2510 348 2764 406 dicimus
2789 366 2801 405 :
2827 349 2954 426 Non
2985 349 3127 426 quia
3146 348 3311 426 Deus
3329 349 3587 426 Verbum
3610 352 3822 426 princi-

414 421 645 479 dissimi
683 419 1156 477 archimandritas
1195 426 1533 476 sanctorum
1578 421 2068 477 monasteriorum

412 497 726 566 sequentes
743 490 1138 566 Sanctitatem
1166 497 1505 566 vestramne}
1536 492 1931 566 custodientes
1954 496 2066 547 sta-

409 561 625 635 tum,et
656 562 940 635 unitatem
963 566 1300 635 sanctarum
1332 562 1433 618 Dei
1465 561 2064 635 Ecclesiarum,quem

410 633 632 707 habent
661 634 733 707 ab
763 632 1083 707 apostolica
1107 638 1316 707 vestrae
1350 634 1678 707 sanctitatis
1724 635 1882 700 sede,
1906 632 2064 707 nihil

411 704 647 778 penitus
677 704 1161 778 immutantesde
1190 704 1585 760 ecclesiastico
1617 710 1797 773 statu,
1832 705 1930 776 qui
1954 705 2062 761 ha-

409 776 616 833 ctenus
645 776 918 841 obtinuit,
941 779 998 831 et
1028 776 1270 843 obtinet,
1298 793 1412 831 uno
1445 792 1734 832 consensu
1780 778 2062 831 confiten-

409 851 526 918 tur,
541 847 857 904 Dominum
889 847 957 903 N.
990 847 1044 904 J.
1069 848 1128 902 Ο.
1154 852 1286 902 ante
1320 847 1531 902 szecula
1562 852 1617 902 et
1648 848 1775 902 sine
1801 852 2063 918 tempore

408 918 479 975 de
511 918 679 975 Patre
709 922 935 986 natum,
970 917 1030 973 in
1063 917 1285 974 ultimis
1331 918 1536 973 diebus
1589 917 1960 974 descendisse
1992 919 2063 973 de

407 988 604 1061 omlis;
635 993 692 1046 et
721 989 1283 1061 incarnatumdeS.
1316 989 1554 1060 Spiritu,
1575 994 1631 1044 et
1663 995 1858 1045 sancta
1885 994 2061 1061 atque

447 1059 663 1134 loriosa
684 1061 943 1134 Virgine,
976 1065 1033 1117 et
1061 1060 1162 1116 Dei
1192 1059 1482 1134 Genit’rice
1515 1061 1698 1115 Maria
1745 1059 1979 1127 natum,
2005 1065 2063 1115 et

448 1133 706 1190 ominem
740 1131 1068 1198 factum;et
1096 1131 1438 1187 cruciﬁxum
1472 1148 1656 1187 unum
1687 1148 1816 1187 esse
1847 1136 2060 1187 sanctas

404 1206 465 1261 et
488 1202 1012 1261 consubstantialis
1040 1202 1414 1259 Trinitatis...
1432 1204 1565 1258 ldeo
1595 1207 1650 1258 et
1666 1202 1723 1259 S.
1741 1208 1916 1261 atque
1935 1202 2059 1261 glo-

406 1219 465 1261 et
488 1219 1012 1261 oonsunstannans
1041 1219 1565 1259 'l'rimtaus...laeo
1595 1219 1650 1258 ει
1667 1219 1800 1259 δεῖ
1846 1220 1916 1259 ue
1977 1219 2059 1258 ιο-

406 1272 624 1337 riosam
647 1274 949 1349 Virginem
980 1274 1227 1331 Mariam
1260 1274 1491 1348 proprie
1521 1279 1579 1331 et
1619 1289 1751 1332 vere
1799 1221 1900 1330 δεῖ
1932 1219 2060 1330 ξιξ).-

2224 421 2345 475 ium
2376 421 2603 506 calipsa
2632 421 2969 506 sumpserit,
2994 421 3097 504 sed
3129 421 3268 506 quia
3296 421 3356 478 in
3379 421 3822 506 ultimis'djebus

2218 492 2478 547 escendit
2498 490 2568 547 de
2599 490 2787 559 caelis,
2814 497 2872 548 et
2902 510 2971 565 ex
2999 492 3128 565 ipsa
3145 490 3529 565 incarnatus,
3553 499 3613 551 et
3651 495 3818 555 homo

2176 563 2384 637 (actus,
2411 568 2468 618 et
2498 568 2674 618 natus
2703 567 2859 637 est...
2895 563 3059 637 Sicut
3088 568 3284 621 vestra
3311 564 3637 637 apostolica
3663 568 3820 629 sedes

2175 634 2360 709 docet,
2386 640 2561 709 atque
2590 634 2886 706 praedicat.
2921 634 3084 691 Unde
3106 634 3558 709 properavimus
3611 637 3723 696 hoc
3755 641 3819 699 ad

2173 705 2438 781 notitiam
2466 705 2681 761 referre
2702 711 2906 781 vestrae
2931 705 3261 781 sanctitatis
3294 725 3397 781 per
3428 707 3741 781 Hypatium
3771 715 3819 767 et

2172 776 2537 862 Demetrium
2550 776 3078 862 .revere‘ndissimos
3099 776 3425 862 episcopos,
3563 797 3671 837 nec
3698 798 3820 862 ves-

2171 851 2323 901 tram
2355 847 2736 935 sanctitatem.
2754 847 2954 935 lateat,
2986 866 3112 921 qua:
3134 847 3180 904 'a
3223 847 3819 935 quibusdammaucis

2172 918 2477 997 monachis
2508 918 2658 997 male
2689 924 2745 974 et
2766 918 3348 997 judaice'secund'um
3379 918 3646 979 Nestorii'
3661 925 3821 997 perﬁ-

2174 988 2329 1044 diam
2362 990 2651 1062 denegata
2677 988 2835 1046 sunt.
2871 1012 2899 1040 ››

2244 1060 2502 1135 Pontifex
2520 1060 2847 1135 declaravit
2878 1061 3259 1118 orthodoxam
3299 1062 3645 1135 hujusmodi
3688 1083 3818 1135 pro-

2170 1131 2483 1215 fessionem
2506 1132 2647 1213 .ﬁdei
2675 1132 3167 1215 labimperatore
3214 1131 3820 1215 transmissam._Vide

2169 1203 2475 1330 iequeptia
2503 1202 2563 1258 in
2591 1203 2748 1260 notis
2776 1202 2939 1277 Pagii
2971 1205 3044 1261 ad
3093 1204 3246 1262 hanc
3292 1210 3436 1263 sect.
3481 1213 3542 1264 et
3582 1207 3740 1266 infra
3766 1209 3819 1269 in

2215 1290 2358 1330 sane
2387 1290 2440 1330 o.

2213 1279 2440 1347 gapeto.

1548 1588 1719 1660 LIX.
1777 1588 2161 1660 SANCTUS
2214 1586 2696 1659 AGAPETUS.

1211 1754 1372 1800 anno
1414 1752 1655 1800 caarsrr
1697 1737 1839 1811 535,
1882 1750 2221 1809 ws'rmum
2267 1737 2329 1814 9,
2375 1753 2686 1800 rasonur
2730 1753 2903 1800 REGIS
2945 1740 3006 1798 2.

639 2011 743 2063 os
794 2001 1118 2083 Agapitus,
1170 1998 1427 2059 natione
1469 1999 1814 2069 Romanus,
1859 2015 1935 2058 ex
1981 2003 2159 2077 patre
2222 1997 2536 2058 Gordiano
2582 1997 2973 2077 presbytero,
3025 1996 3291 2059 clericus
3353 1997 3435 2059 ad
3490 2000 3562 2061 S.
3626 1999 3816 2061 Joan-

560 2128 705 2171 nem
748 2112 811 2170 et
851 2105 1150 2180 Paulum,
1199 2103 1363 2164 sedit
1404 2121 1649 2165 menses
1695 2104 1790 2176 li,
1841 2103 1974 2164 dies
2018 2103 2115 2165 18.
2163 2102 2245 2185 (a)
2292 2104 2403 2164 Hic
2447 2107 2590 2165 or'tu
2634 2105 3034 2184 episcopatus
3077 2103 3175 2165 sui
3233 2103 3483 2167 libellos
3544 2104 3814 2184 anathe-

560 2215 769 2287 matis,
805 2231 965 2294 quos
1006 2211 1263 2272 invidiae
1303 2209 1451 2271 dolo
1495 2214 1847 2270 extorserat
1886 2209 2248 2271 Bonifacius
2290 2210 2694 2290 presbyteris,
2739 2217 2799 2272 et
2866 2210 3177 2292 episcopis
3234 2217 3457 2274 contra
3517 2227 3815 2287 canones,

561 2327 624 2385 et
666 2326 886 2383 contra
948 2318 1320 2381 Dioscorum
1381 2315 1446 2376 in
1519 2316 1726 2377 medio
1790 2315 2081 2377 Ecclesiae
2142 2316 2540 2395 congregatis
2601 2316 2894 2378 omnibus
2936 2316 3230 2378 incendio
3284 2318 3709 2400 consumpsit,
3756 2324 3814 2381 et

480 2431 517 2490 5
560 2426 831 2490 absolvit
892 2430 1091 2487 totam
1162 2421 1506 2485 Ecclesiam
1580 2422 1658 2483 de
1724 2422 1961 2483 invidia
2031 2423 2416 2503 perﬁdorum
2461 2422 2542 2504 (b)
2588 2425 2698 2485 Hic
2770 2423 2994 2485 missus
3057 2429 3154 2485 est
3196 2443 3232 2485 a
3275 2424 3609 2488 Theodato
3670 2445 3814 2511 rege

560 2533 910 2599 Gothorum
982 2532 1061 2593 ad
1125 2531 1428 2591 domnum
1498 2528 1927 2591 Justinianum
2000 2532 2348 2609 Augustum
2413 2528 2477 2590 in
2542 2530 2948 2610 legationem,
3015 2531 3167 2611 quia
3231 2531 3454 2594 eodem
3529 2538 3817 2616 tempore

558 2642 829 2704 domnus
869 2638 1263 2703 Justinianus
1330 2636 1676 2715 imperator
1740 2637 2059 2714 Augustus
2117 2635 2483 2714 indignatus
2545 2642 2638 2697 est
2696 2636 3024 2698 Theodato
3088 2638 3243 2717 regi,
3290 2656 3365 2700 eo
3430 2639 3604 2720 quod
3647 2640 3813 2701 occi-

557 2747 751 2809 disset
793 2744 1084 2826 reginam
1129 2741 1632 2804 Amalasintham
1688 2740 1769 2823 (c)
1811 2741 2005 2803 ﬁliam
2066 2742 2444 2804 Theodorici
2499 2743 2662 2822 regis
2727 2744 3238 2806 commendatam
3298 2745 3443 2821 sibi,
3490 2746 3602 2828 qui
3668 2766 3815 2810 eum

562 2871 774 2933 regem
817 2852 1077 2914 fecerat.

639 2968 750 3022 Ol
799 2958 918 3033 Qui
983 2976 1133 3020 vero
1204 2955 1511 3037 Agapitus
1580 2955 1929 3017 ambulavit
1988 2954 2597 3036 Constantinopolim
2659 2972 2697 3018 x
2741 2956 3006 3018 Kalend.
3053 2956 3222 3033 Maii,
3270 2957 3594 3039 ingressus
3652 2961 3813 3024 Gon-

559 3063 1063 3146 stantinopolim,
1141 3068 1205 3124 et
1272 3068 1601 3143 susceptus
1678 3066 1775 3122 est
1839 3062 2148 3142 Agapitus
2215 3062 2549 3142 episcopus
2618 3080 2759 3123 cum
2829 3063 3056 3142 gloria.
3130 3066 3211 3126 Et
3278 3064 3556 3146 primum
3624 3068 3818 3150 coepit

560 3172 798 3235 habere
870 3169 1346 3234 altercationem
1436 3186 1580 3229 cum
1658 3167 1938 3248 piissimo
2010 3167 2294 3248 principe
2361 3168 2719 3230 Justiniano
2801 3169 3085 3250 Augusto
3156 3169 3235 3231 de
3302 3171 3635 3252 religione.
3712 3172 3816 3238 Cui

559 3277 965 3341 beatissimus
1001 3275 1308 3354 Agapitus
1352 3272 1686 3353 episc0pus
1756 3273 2279 3335 constantissimae
2349 3273 2497 3334 ﬁdei
2565 3276 2997 3355 apostolorum
3068 3294 3441 3357 responsum
3517 3278 3813 3354 reddidit,

477 3388 514 3446 5
559 3386 835 3447 dicens:
882 3381 1222 3445 Dominum
1291 3386 1577 3441 nostrum
1650 3381 1866 3443 Jesum
1929 3378 2246 3440 Christum
2320 3381 2519 3440 Deum
2589 3386 2653 3441 et
2720 3380 3041 3443 hominem
3106 3401 3264 3458 esse,
3311 3372 3433 3444 hoc
3494 3389 3592 3447 est
3657 3385 3819 3447 duas

560 3495 821 3552 naturas
882 3507 1014 3549 esse
1082 3486 1149 3548 in
1211 3505 1338 3548 uno
1399 3486 1687 3559 Christo;
1735 3492 1797 3548 et
1857 3487 2008 3547 dum
2074 3485 2393 3547 contentio
2457 3492 2805 3548 verteretur
2846 3486 2960 3569 (ιι),
3007 3489 3095 3550 ita
3136 3488 3441 3551 Dominus
3496 3490 3709 3567 affuit,
3752 3497 3820 3554 ut

560 3597 923 3678 episcopum
995 3593 1770 3674 Constantinopolitanum
1865 3592 2120 3653 nomine
2205 3592 2580 3653 Anthimum
2652 3592 2967 3655 inveniret
3055 3595 3447 3658 haereticum.
3524 3598 3605 3659 Et
3676 3617 3816 3661 cum

560 3703 882 3765 contentio
926 3704 1274 3761 verteretur
1335 3718 1476 3760 cum
1541 3701 1847 3776 Augusto,
1895 3703 1956 3758 et
2013 3698 2283 3777 Agapito
2346 3716 2532 3778 papa,
2583 3697 2705 3759 hoc
2764 3699 2923 3760 dixit
2981 3700 3039 3760 ei
3095 3700 3494 3764 Justinianus
3547 3703 3821 3784 impera.

559 3816 660 3873 tor
705 3827 721 3872 :
769 3813 897 3872 Aut.
938 3806 1253 3870 consentis
1296 3806 1504 3878 nobis,
1551 3810 1662 3866 aut
1721 3804 1940 3867 exsilio
1998 3810 2060 3865 te
2120 3804 2440 3885 deportari
2500 3806 2752 3867 faciam.
2809 3808 2989 3868 Tunc
3049 3807 3446 3870 beatissimus
3505 3812 3817 3894 Agapitus

441 3919 520 3979 10
566 3935 734 3998 papa
776 3915 1102 3996 respondit
1146 3932 1287 3976 cum
1333 3912 1593 3992 gaudio,
1638 3912 1852 3972 dicens
1914 3911 1995 3972 ad
2051 3911 2499 3990 imperatorem
2548 3928 2562 3971 :
2609 3914 2741 3991 Ego
2802 3913 3058 3993 quidem
3120 3922 3417 3995 peccator
3478 3917 3561 3978 ad
3616 3920 3817 3981 Justi-

556 4024 820 4085 nianum
893 4021 1343 4102 imperatorem
1407 4016 2012 4080 Christianissimum
2083 4016 2297 4077 venire
2366 4016 2781 4079 desideravi:
2830 4038 2999 4081 nunc
3068 4026 3278 4082 autem
3351 4021 3819 4092 Diocletianum

555 4128 797 4205 inveni,
848 4128 959 4209 qui
1003 4133 1215 4188 tamen
1262 4124 1465 4187 minas
1510 4129 1650 4185 tuas
1692 4142 1819 4185 non
1864 4122 2260 4203 permitesco.
2309 4125 2386 4183 Et
2426 4122 2587 4183 dixit
2644 4130 2708 4186 et
2766 4124 2995 4186 iterum
3058 4126 3367 4207 Agapitus
3436 4116 3819 4192 venerabilis

556 4254 787 4319 papa:
833 4238 1074 4299 Tamen
1120 4239 1191 4294 ut
1259 4233 1420 4294 scias
1481 4236 1541 4293 te
1602 4230 1900 4293 idoneum
1946 4228 2022 4310 (e)
2067 4247 2194 4290 non
2264 4247 2398 4290 esse
2468 4229 2761 4310 religioni
2831 4229 3226 4307 Christianas,
3272 4233 3611 4316 episcopus
3668 4243 3821 4299 tuus

554 4343 934 4404 conﬁteatur
977 4342 1136 4402 duas
1180 4346 1439 4401 naturas
1480 4338 1545 4399 in
1588 4337 1861 4401 Christo.
1906 4339 2085 4398 Tunc
2127 4354 2203 4396 ex
2249 4343 2566 4417 prmeepto
2609 4338 2881 4417 Augusti
2924 4339 3226 4400 accersito
3269 4340 3570 4424 episcopo
3610 4344 3811 4405 Cons-

438 4451 513 4511 15
558 4448 1120 4530 tantinopolitano,
1150 4449 1407 4509 nomine
1447 4444 1775 4521 Anthimo,
1800 4449 1864 4506 et
1906 4444 2289 4505 discussione
2332 4445 2648 4523 patefacta
2691 4443 2766 4526 (Ι)
2811 4464 3139 4526 nunquam
3182 4446 3382 4509 voluit
3424 4449 3819 4512 conﬁteriin

555 4556 850 4618 doctrina
874 4556 1221 4618 catholicae
1264 4551 1690 4635 responsionis
1732 4552 1813 4611 ad
1854 4551 2413 4631 interrogationem
2457 4550 2624 4613 beati
2668 4569 2851 4632 papas
2893 4552 3171 4634 Agapiti,
3217 4553 3379 4616 duas
3433 4562 3703 4618 naturas
3746 4556 3809 4618 in

556 4682 685 4726 uno
727 4663 996 4726 Domino
1024 4664 1180 4726 Jssu
1226 4659 1493 4721 Christo.
1541 4657 1738 4728 Quem
1783 4656 2055 4718 convicit
2095 4662 2349 4718 sanctus
2404 4676 2573 4738 papa
2633 4659 2963 4739 Agapitus,
3013 4666 3076 4721 et
3134 4659 3532 4739 glorificatus
3591 4669 3691 4726 est
3732 4662 3815 4726 ab

555 4769 852 4834 omnibus
892 4765 1284 4832 Christianis.

634 4885 750 4940 96
794 4878 972 4941 Tunc
1014 4873 1333 4955 piissimus
1374 4871 1693 4949 Augustus
1745 4868 2137 4931 Justinianus
2205 4871 2438 4949 gaudio
2493 4872 2770 4952 repletus
2839 4871 3199 4933 humiliavit
3256 4888 3324 4934 se
3394 4881 3631 4939 sancta:
3674 4874 3819 4939 sedi

551 4984 943 5064 apostolicae,
997 4984 1058 5040 et
1117 4977 1407 5067 adoravit
1465 4974 1896 5035 beatissimum
1958 4994 2189 5055 papam
2247 4976 2615 5056 Agapitum.
2671 4977 2907 5039 Eodem
2967 4983 3249 5057 tempore
3317 4978 3508 5057 ejecit
3573 4982 3811 5043 Λοιδί-

556 5109 730 5153 mum
799 5108 839 5151 a
909 5083 1378 5160 communione,
1427 5088 1490 5145 et
1561 5081 1803 5164 expulit
1869 5082 1932 5143 in
2007 5082 2319 5143 exsilium.
2386 5085 2564 5145 Tunc
2634 5083 2949 5164 piissimus
3018 5087 3341 5163 Augustus
3408 5086 3815 5148 Justinianus

551 5215 783 5277 rogans
857 5190 1289 5254 beatissimum
1361 5190 1705 5269 Agapitum
1776 5207 2032 5269 papam,
2105 5194 2170 5250 et
2237 5189 2305 5250 in
2395 5190 2529 5251 loco
2611 5188 2899 5250 Anthimi
2965 5190 3332 5270 episcopum
3416 5193 3817 5255 consecravit

472 5305 508 5365 5
553 5301 936 5365 catholicum
984 5297 1237 5360 nomine
1280 5300 1597 5360 Mennam.
1649 5295 1726 5378 (g)
1774 5297 1891 5369 Qui
1936 5313 2083 5358 vero
2126 5295 2431 5375 Agapitus
2474 5314 2641 5376 papa
2700 5295 2916 5357 omnia
2975 5296 3273 5366 obtinuit.
3320 5315 3401 5360 ex
3443 5318 3576 5380 qua
3613 5314 3816 5362 causa

551 5409 825 5471 directus
865 5408 1094 5469 fuerat.
1140 5407 1290 5468 Post
1330 5406 1467 5467 dies
1510 5422 1660 5466 vero
1704 5402 2065 5482 aliquantos
2109 5402 2485 5482 aegritudine
2536 5408 2889 5465 commotus
2933 5402 3042 5484 (Iz),
3087 5403 3437 5468 defunctus
3468 5408 3582 5469 est
3637 5408 3813 5469 Con-

1567 5554 1810 5602 NOTULE
1852 5551 2229 5599 MARGINALES
2272 5552 2592 5599 FABBOTTI.

456 5677 534 5810 (ιὶ)
559 5678 742 5734 Baron
762 5676 887 5735 vult
916 5693 1072 5733 anno
1102 5675 1335 5733 vixisse.
1412 5672 1489 5746 (b)
1524 5670 1650 5729 Vide
1679 5671 1861 5737 Baro”
1893 5666 1964 5722 ad
1993 5674 2104 5723 ann
2124 5669 2345 5725 Domini
2373 5668 2498 5725 536.

382 5741 459 5825 (ο)
530 5751 594 5825 Β,
628 5755 692 5810 tu
713 5767 870 5811 eum.
949 5750 1023 5825 (Γ)
1052 5748 1224 5806 facta.
1305 5747 1383 5822 (g)
1411 5746 1599 5801 Baron
1618 5745 1814 5816 negat,
1845 5755 1963 5796 ann
1989 5738 2117 5796 536.
2176 5738 2271 5817 '(h)
2298 5738 2356 5812 0,
2390 5756 2498 5797 σοι’]

2593 5672 2664 5746 (ο)
2697 5668 3153 5728 Malasuntham.
3249 5671 3330 5746 (ά)
3356 5676 3426 5745 Β,
3453 5674 3808 5731 versaretur.

530 5751 594 5826 Β,
628 5755 692 5810 tu
713 5767 870 5811 eum.
949 5750 1023 5827 (Γ)
1052 5748 1224 5806 facta.
1305 5747 1383 5822 (g)
1411 5738 1599 5801 Βὰνοη
1618 5745 1814 5816 negat,
1845 5755 1963 5796 ann
1989 5738 2117 5796 536.
2176 5738 2271 5817 ’(h)
2298 5738 2356 5812 ο,
2390 5738 2709 5815 correptus.
