3924 6214
346 306 353 311 ·
374 278 503 343 ’563
1535 272 1892 334 ANASTAS

2238 269 2644 333 DTHECARII.
3660 253 3787 332 οδω

1543 706 1678 775 LX.
1736 703 2009 774 SANCT
2015 702 2116 774 US
2167 701 2628 773 SILVERIUS.

1303 976 1464 1023 ANNO
1507 975 1745 1024 cumsn
1788 961 1909 1022 536
1951 976 2287 1023 JUSTINIANI
2334 961 2431 1033 10,
2477 974 2785 1023 TEEODATI
2828 959 2889 1018 3.

633 1429 738 1482 ω
774 1422 1360 1498 Silverius,natione
1377 1424 1838 1504 Gampanus,ex
1861 1429 2039 1503 patre
2054 1420 3189 1502 Hormisda,episcOpoRomano,sedit
3208 1438 3445 1481 annum
3479 1419 3758 1501 unum(a)
3773 1467 3787 1494 ,

554 1546 801 1589 menses
830 1529 1131 1609 quinque,
1166 1530 1298 1591 dies
1329 1530 1643 1590 undecim.
1677 1530 1790 1590 Hic
1818 1530 2062 1591 levatus
2090 1535 2185 1590 est
2213 1548 2250 1590 a
2279 1535 2547 1608 tyranno
2577 1527 2904 1589 Theodato
2934 1527 3068 1588 sine
3097 1527 3554 1588 deliberatione
3583 1527 3789 1588 decre-

555 1634 600 1694 ti
632 1652 646 1694 :
683 1636 793 1714 qui
819 1635 1181 1697 Theodatus
1210 1643 1543 1717 corruptus
1575 1636 1841 1716 pecunia
1874 1636 1957 1716 (ὁ)
1990 1636 2140 1697 data
2170 1636 2358 1697 talem
2388 1636 2678 1696 timorem
2730 1634 2979 1695 induxit
3023 1635 3213 1709 clero,
3248 1639 3318 1694 ut
3345 1633 3457 1713 qui
3500 1651 3628 1695 non
3659 1651 3793 1695 con-

554 1742 814 1802 sentiret
841 1741 904 1801 in
937 1741 1073 1821 eius
1101 1742 1586 1815 ordinationem,
1622 1742 1832 1821 gladio
1864 1742 2214 1822 puniretur.
2275 1742 2393 1814 Qui
2439 1742 2695 1821 quidem
2744 1740 3101 1802 sacerdotes
3127 1739 3205 1820 (ε)
3239 1759 3364 1801 non
3410 1738 3789 1819 subscripse-

472 1844 511 1902 5
554 1850 703 1905 runt
730 1845 794 1905 in
824 1864 969 1907 eum
1000 1846 1346 1908 secundum
1376 1865 1614 1907 morem
1666 1848 2021 1927 antiquum,
2055 1847 2153 1908 vel
2187 1846 2272 1927 (ιι)
2304 1847 2629 1907 decretum
2678 1845 3214 1906 confirmaverunt
3258 1851 3405 1905 ante
3451 1844 3789 1905 ordinatio-

551 1968 720 2045 negl.
751 1953 893 2013 Jam
923 1959 1135 2014 autem
1167 1953 1456 2013 ordinato
1487 1954 1603 2013 sub
1634 1953 1694 2013 vi
1725 1960 1787 2014 et
1816 1959 1985 2014 metu
2016 1952 2302 2024 Silverio,
2340 1958 2598 2032 pr0pter
2628 1952 3079 2013 adunationem
3128 1951 3420 2013 Ecclesia
3450 1957 3518 2012 et
3544 1951 3789 2029 religio-

551 2056 671 2129 nis,
704 2068 847 2137 post
875 2058 1132 2118 modum
1164 2054 1785 2139 sic'subscripserunt
1818 2059 2193 2139 presbyteri.
2229 2062 2377 2120 Post
2409 2077 2654 2120 menses
2702 2059 2861 2119 duos
2908 2064 3067 2119 nutu
3115 2058 3329 2119 divino
3377 2058 3790 2137 exstinguitur

544 2162 908 2225 Theodatus
938 2170 1263 2244 tyrannus,
1299 2172 1363 2226 et
1389 2165 1635 2227 levatur
1660 2184 1770 2227 rex
1801 2167 2065 2245 Guitigis
2097 2165 2195 2246 (e).
2230 2166 2464 2227 Eodem
2518 2172 2802 2245 tempore
2849 2163 3113 2245 Guitigis
3160 2164 3510 2225 ambulavit
3563 2167 3791 2225 Raven-

548 2287 721 2345 nam,
754 2276 982 2332 etcum
1015 2272 1077 2331 vi
1107 2272 1254 2333 tulit
1282 2272 1475 2333 tiliam
1508 2272 1963 2334 Amalasintha
1994 2273 2079 2353 (ί)
2116 2273 2349 2352 regina
2380 2272 2497 2333 sibi
2529 2290 2814 2333 uxorem.
2848 2272 2978 2332 Hoc
3006 2270 3092 2352 (g)
3121 2270 3489 2350 indignatus
3527 2270 3788 2332 domnus

434 2374 511 2434 10
551 2374 898 2455 imperator
942 2377 1335 2439 Justinianus
1383 2382 1728 2458 Augustus,
1782 2379 1932 2459 quia
1978 2380 2263 2459 reginam
2313 2380 2432 2440 sibi
2482 2378 2988 2440 commendatam
3039 2376 3365 2439 occidisset
3411 2377 3782 2451 Theodatus,

553 2481 723 2543 misit
750 2482 1109 2544 Vilisarium
1142 2484 1228 2566 (Ιι)
1255 2486 1589 2566 patricium
1620 2504 1762 2546 cum
1794 2486 2101 2560 exercitu,
2156 2492 2224 2547 ut
2270 2486 2570 2548 liberaret
2616 2503 2868 2546 omnem
2900 2484 3147 2545 Italiam
3195 2503 3233 2544 a
3280 2483 3648 2563 captivitate
3676 2485 3784 2545 Go-

560 2587 1027 2651 thorum.Tunc
1056 2592 1313 2653 veniens
1343 2592 1649 2673 patricius
1677 2593 2138 2673 suprascriptus
2170 2593 2235 2654 in
2267 2598 2479 2673 partes
2509 2592 2757 2665 Sicilia,
2793 2591 2913 2652 fuit
2939 2590 3172 2652 ibidem
3203 2589 3605 2669 aliquantum
3637 2596 3786 2652 tem-

558 2694 750 2772 poris.
782 2696 1059 2758 Audiens
1089 2704 1299 2759 autem
1330 2699 1498 2778 quod
1529 2698 1716 2761 Gothi
1743 2699 1862 2759 sibi
1891 2699 2182 2760 fecissent
2231 2718 2443 2778 regem
2492 2704 2712 2760 contra
2760 2702 2976 2758 votum
3026 2696 3244 2757 domni
3290 2695 3633 2759 Iustiniani
3667 2698 3783 2758 Au-

560 2802 747 2881 gusti,
782 2804 953 2865 venit
980 2805 1043 2865 in
1076 2812 1286 2885 partes
1315 2807 1673 2886 Campania
1696 2805 1881 2885 juxta
1908 2806 2225 2868 civitatem
2260 2806 2608 2886 Neapolim,
2646 2812 2708 2866 et
2737 2803 2982 2866 obsedit
3010 2821 3149 2865 eam
3180 2820 3321 2863 cum
3352 2803 3630 2865 exercitu
3659 2822 3787 2877 suo,

444 2906 519 2965 15
559 2907 710 2987 quia
735 2909 1076 2972 noluerunt
1104 2912 1161 2972 ei
1191 2912 1355 2972 cives
1386 2912 1785 2992 Neapolitani
1813 2912 2056 2992 aperire
2087 2910 2177 2993 (ι).
2225 2912 2461 2973 Eodem
2512 2917 2811 2991 tempore
2845 2910 3188 2990 pugnando
3236 2909 3540 2990 patricius
3584 2914 3790 2971 contra

538 3015 868 3077 civitatem
900 3017 1202 3090 introivit,
1236 3023 1296 3079 et
1327 3018 1553 3079 ductus
1581 3019 1793 3080 furore
1823 3018 2137 3079 interfecit
2165 3018 2422 3092 Gothos,
2460 3023 2523 3079 et
2550 3036 2770 3078 omnes
2799 3017 2963 3077 cives
3003 3015 3474 3095 Neapolitanos,
3528 3022 3592 3076 et
3636 3015 3791 3076 misit

555 3122 857 3199 pradam,
891 3129 1096 3185 etnec
1128 3123 1402 3185 ecclesiis
1452 3125 1730 3205 pepercit
1778 3125 2147 3205 pradando.
2196 3126 2293 3185 Ita
2342 3130 2412 3185 ut
2459 3123 2762 3184 uxoribus
2814 3122 3229 3203 prasentibus
3277 3122 3540 3183 maritos
3586 3140 3787 3183 earum

549 3226 758 3305 gladio
788 3227 1216 3291 interficerent
1242 3230 1329 3310 (ᾖ
1359 3235 1422 3291 et
1446 3231 1728 3309 captivos
1758 3231 1940 3303 ﬁllos,
1976 3236 2039 3291 et
2068 3249 2293 3291 uxores
2339 3230 2646 3291 nobilium
2695 3228 3191 3290 exterminarent
3238 3226 3317 3309 (lc)
3346 3246 3362 3301 ;
3416 3227 3607 3289 nullis
3650 3246 3783 3308 par-

549 3349 719 3406 cens,
751 3352 866 3395 nec
898 3335 1350 3408 sacerdotibus,
1384 3354 1496 3396 nec
1527 3336 1721 3396 servis
1748 3336 1884 3408 Dei,
1921 3354 2035 3397 nec
2067 3336 2415 3415 virginibus
2444 3334 3055 3397 sanctimonialibus.

628 3447 738 3498 os
771 3440 1005 3499 Eodem
1033 3445 1315 3520 tempore
1346 3441 1580 3502 bellum
1633 3441 1750 3501 fuit
1796 3442 2164 3517 maximum,
2199 3442 2489 3503 veniente
2540 3440 2786 3519 Guitige
2842 3445 3066 3501 contra
3116 3439 3477 3501 Vilisarium
3511 3439 3580 3520 (1)
3613 3439 3785 3519 patri-

437 3556 444 3565 '
548 3544 742 3618 cium,
774 3550 837 3605 et
864 3552 1085 3607 contra
1114 3547 1331 3607 urbem
1365 3550 1651 3608 Romam.
1693 3550 2020 3627 Ingressus
2068 3553 2280 3609 autem
2328 3548 2669 3609 Belisarius
2715 3547 2780 3607 in
2830 3547 3065 3609 Urbem
3109 3563 3170 3608 1v
3216 3547 3364 3608 Idus
3410 3547 3777 3614 Decembris.

547 3650 872 3724 custodiis,
904 3656 967 3712 et
997 3653 1474 3727 munitionibus,
1508 3654 1607 3715 vel
1639 3654 1892 3714 fabricis
1923 3672 2272 3728 murorum,
2305 3659 2369 3713 et
2419 3653 2819 3732 reparatione
2865 3652 3085 3713 fossati
3134 3652 3549 3714 circumdedit
3576 3652 3780 3714 civita-

547 3760 673 3817 tem
704 3758 1078 3834 Romanam,
1110 3764 1174 3820 et
1203 3760 1506 3834 munivit;
1544 3766 1733 3822 noctu
1766 3760 1865 3841 (m)
1900 3760 2038 3840 ipsa
2066 3778 2194 3840 qua
2223 3759 2509 3821 introivit
2535 3759 2861 3821 Vilisarius
2892 3758 3212 3839 patricius,
3237 3758 3448 3833 Gothi,
3475 3759 3583 3839 qui
3614 3765 3783 3822 erant

468 3862 506 3921 5
547 3860 613 3922 in
643 3861 912 3938 civitate,
948 3864 1048 3925 vel
1095 3864 1246 3926 foris
1298 3884 1529 3938 muros,
1586 3867 1905 3946 fugerunt,
1960 3871 2023 3927 et
2070 3883 2291 3926 omnes
2341 3869 2556 3944 portas
2607 3871 2857 3945 apertas
2893 3865 3267 3926 dimiserunt
3294 3867 3685 3927 Ravennam.
3714 3867 3781 3928 Et

547 3974 689 4047 post
719 3968 839 4030 hoc
868 3970 1170 4050 colligens
1199 3972 1479 4052 Guitiges
1502 3972 1588 4054 (η)
1622 3991 1730 4034 rex
1762 3970 2231 4033 multitudinem
2281 3971 2597 4033 exercitus
2647 3970 3021 4045 Gothorum,
3068 3990 3389 4051 regressus
3438 3977 3534 4033 est
3577 3978 3779 4034 contra

547 4075 809 4136 Romam
841 4093 906 4138 1x
936 4076 1249 4139 Kalendas
1278 4078 1506 4152 Martii,
1540 4084 1604 4139 et
1634 4078 1771 4139 fixit
1795 4083 2000 4139 castra
2029 4077 2110 4138 ad
2142 4083 2400 4157 pontem
2433 4077 2740 4150 Milvium,
2774 4084 2836 4138 et
2865 4083 3194 4156 caperunt
3242 4078 3534 4141 obsidere
3585 4080 3780 4140 civita.

547 4185 671 4241 tem
705 4183 1076 4244 Romanam.
1111 4185 1287 4245 Tunc
1319 4185 1616 4264 patricius
1647 4185 1992 4258 Vilisarius,
2026 4183 2134 4264 qui
2166 4202 2278 4264 pro
2312 4184 2566 4245 nomine
2600 4187 2883 4246 Romano
2914 4189 3071 4258 erat,
3097 4183 3352 4245 inclusit
3377 4203 3445 4245 se
3475 4186 3687 4247 Roma
3703 4185 3779 4246 in-

546 4291 645 4346 tra
672 4286 1007 4363 civitatem,
1048 4295 1111 4350 et
1136 4290 1473 4352 custodivit
1502 4291 1842 4353 civitatem.

624 4400 738 4452 90
765 4393 874 4453 His
902 4394 1123 4455 diebus
1152 4396 1374 4457 obessa
1402 4402 1496 4458 est
1524 4398 1765 4475 civitas,
1798 4403 1868 4458 ut
1900 4396 2058 4458 nulli
2087 4402 2249 4458 esset
2277 4397 2546 4458 facultas
2576 4396 2868 4471 exeundi,
2907 4397 3000 4458 vel
3034 4397 3423 4458 introeundi.
3456 4400 3633 4459 Tunc
3660 4415 3776 4459 om-

548 4516 657 4558 nes
686 4500 1107 4576 possessiones
1138 4502 1399 4580 privata
1432 4503 1529 4562 vel
1559 4503 1713 4576 fisci,
1745 4503 1845 4564 vel
1874 4502 2192 4576 Ecclesia,
2226 4503 2519 4564 incendio
2551 4508 2941 4583 consumpta
2972 4508 3138 4578 sunt,
3172 4502 3468 4564 homines
3488 4522 3635 4565 vero
3662 4503 3774 4582 gla-

542 4602 647 4663 dio
676 4602 1036 4684 interempti
1065 4613 1232 4667 sunt.
1266 4609 1433 4679 Quos
1464 4606 1732 4685 gladius,
1766 4607 2052 4686 gladius;
2089 4626 2248 4687 quos
2278 4610 2502 4683 fames,
2533 4611 2762 4682 fames;
2798 4627 2957 4689 quos
2988 4608 3270 4681 morbus,
3304 4609 3564 4670 morbus
3592 4610 3770 4671 inter-

543 4708 814 4770 ficiebat.
847 4712 1002 4772 Nam
1033 4712 1312 4773 ecclesia
1340 4718 1404 4773 et
1431 4730 1698 4792 corpora
1727 4719 2087 4774 sanctorum
2120 4720 2469 4794 martyrum
2502 4716 2936 4778 exterminata
2967 4720 3115 4776 sunt
3143 4733 3181 4775 a
3212 4714 3458 4777 Gothis.
3493 4718 3666 4778 Intra
3691 4714 3769 4775 ci-

462 4816 501 4873 5
542 4815 799 4877 vitatem
829 4823 1041 4878 autem
1072 4818 1329 4897 grandis
1359 4819 1558 4879 fames
1586 4824 1744 4894 erat,
1780 4820 1869 4880 ita
1898 4826 1969 4880 ut
1996 4839 2164 4900 aqua
2193 4823 2665 4883 venundaretur
2694 4822 2922 4903 pretio,
2956 4821 3075 4882 nisi
3118 4820 3549 4901 nympharum
3582 4837 3770 4884 reme-

542 4921 717 4982 dium
748 4922 1157 4984 subvenisset.
1187 4925 1422 5001 Pugna
1452 4930 1660 4985 autem
1695 4926 1985 4987 maxima
2016 4931 2199 4999 erant
2227 4933 2448 4988 contra
2478 4929 2820 4989 civitatem.
2854 4928 2964 4989 His
2991 4927 3213 4989 diebus
3237 4927 3568 4989 Vilisarius
3597 4924 3771 5007 patri-

541 5027 674 5088 cius
702 5028 1046 5107 pugnando
1077 5034 1299 5088 contra
1328 5048 1536 5108 regem
1567 5030 1899 5110 Guitigem,
1934 5032 2032 5092 vel
2063 5033 2532 5095 multitudinem
2584 5034 2932 5096 Gothorum
2984 5034 3260 5114 protexit
3308 5036 3649 5108 Romanos,
3679 5028 3763 5092 vel

542 5133 857 5193 civitatem
916 5132 1200 5194 custodia
1255 5153 1370 5196 sua
1425 5136 1738 5212 liberavit,
1771 5144 1833 5199 et
1888 5156 2121 5200 nomen
2178 5142 2560 5203 Romanum.
2608 5144 2784 5204 Tunc
2832 5140 3088 5203 obsessa
3133 5147 3228 5202 est
3274 5141 3496 5203 civitas
3543 5154 3758 5202 annum

1548 5376 1798 5424 NOTULE
1839 5375 2226 5424 IARGINALES
2269 5377 2594 5425 FABROTTI.

440 5578 516 5655 (a_)
550 5577 596 5655 ιξ
619 5591 803 5630 annos
832 5580 970 5655 tres.
1045 5578 1118 5652 (b)
1142 5582 1399 5652 pecunia
1430 5584 1584 5639 dato.
1608 5584 1789 5655 Baron
1818 5588 1983 5655 negat
2007 5582 2438 5655 ηεειέῃηὰαιατητ
2513 5582 2588 5655 (g3)
2608 5581 3009 5655 C,sac_erdotes
3040 5583 3302 5655 quidam.
3381 5583 3457 5655 (ά)
3480 5585 3539 5655 C,
3563 5592 3749 5655 neque.

366 5648 528 5727 gae
556 5648 757 5702 Baron.
792 5648 1017 5727 adcum.
1054 5648 1278 5708 Doinini
1303 5656 1429 5727 536.
1506 5655 1577 5727 (e)
1605 5648 2078 5727 V’bigites.'B,r'C,
2110 5652 2343 5727 Vitigis.
2418 5651 2495 5724 (Γ)
2522 5648 3075 5727 (ἶιᾹῐῐιειξαειιῃῐιιωξ
3118 5654 3227 5727 __(g]
3268 5653 3331 5727 _C,
3364 5648 3459 5727 ob,
3489 5648 3613 5709 hoc.
3648 5648 3750 5727 Ἧι)

363 5718 485 5799 Reli
516 5734 737 5799 sarum.
811 5723 875 5794 (ί)
910 5723 1034 5781 Vide
1056 5726 1333 5799 Bargrrad
1360 5742 1473 5782 ann
1707 5718 1777 5795 (ἶ)
1809 5718 2175 5779 interﬁceret.
2231 5718 2328 5795 Ὃς)
2361 5718 2734 5778 οκῖειοπιὶηαιι.
2770 5723 2809 5780 l.
2887 5726 2952 5795 (ι)
2986 5729 3008 5750 ⁹
3043 5718 3413 5799 Βθὶὶξὰιιὶαω,
3444 5726 3533 5781 hic
3576 5731 3625 5781 et
3669 5720 3746 5775 ἐπέ

358 5791 475 5864 fra.
556 5792 658 5862 (τη)
684 5790 743 5860 C,
779 5790 964 5853 nocte.
1042 5796 1124 5869 (η)
1155 5796 1425 5869 Witiges.
