3924 6214
185 243 305 310 565
913 245 1281 310 HISTORIA
1323 249 1423 310 DE
1471 248 1672 312 VITIS
1716 247 1904 312 ROM.
1949 248 2182 310 PONT.
2217 281 2295 294 —
2323 248 2386 311 S.
2434 247 2864 312 SILVERIUS.
3479 246 3602 311 566

346 396 576 454 unum,
611 382 674 441 et
703 383 924 460 portus
954 382 1278 442 Romanus
1307 400 1344 442 a
1371 382 1610 444 Gothis.
1647 383 1954 444 Patricius
1981 382 2358 444 venerabilis
2387 382 2712 445 Vilisarius
2753 382 3096 464 pugnando
3145 382 3292 445 vicit
3335 384 3594 460 Gothos,

352 491 416 548 et
443 487 848 567 postmodum
881 488 1180 566 fugerunt
1212 489 1400 550 Gothi
1431 492 1792 551 Ravennam
1816 497 1959 570 post
1987 509 2224 552 annum
2259 509 2474 551 unum.

435 602 601 654 ιω
659 594 897 655 Eodem
956 599 1240 675 tempore
1300 603 1478 657 tanta
1529 599 1727 658 fames
1785 597 1904 657 fuit
1961 616 2074 677 per
2130 598 2492 659 universum
2549 599 2880 672 mundum,
2944 605 3015 660 ut
3068 599 3294 660 Dacius
3349 599 3594 679 episco-

352 719 474 781 pus
532 700 804 760 civitatis
889 701 1374 764 Mediolanensis
1457 704 1758 765 relatione
1815 722 1929 765 sua
2011 704 2130 764 hoc
2207 705 2530 764 evidenter
2615 707 2990 779 narraverit,
3077 707 3246 786 quod
3324 707 3386 767 in
3448 725 3594 788 par-

351 808 523 868 tibus
597 807 867 886 Liguriw
971 809 1263 870 mulieres
1357 811 1518 872 ﬁlios
1607 831 1753 871 suos
1837 811 2255 872 comedissent
2336 812 2604 890 penuria
2687 813 2893 885 famis,
2981 832 3138 892 quas
3225 813 3439 874 retulit
3523 833 3595 874 ex

350 915 646 976 Ecclesia:
705 934 834 974 suae.
890 915 1080 976 fuisse
1139 917 1380 978 familia
1437 918 1540 997 (a).
1602 918 1837 979 Eodem
1915 923 2199 998 tempore
2274 919 2622 980 ambulavit
2697 920 3022 980 Vilisarius
3076 920 3376 998 patricius
3434 922 3596 980 Nea-

265 1025 304 1082 5
353 1022 574 1102 polim,
638 1027 700 1081 et
754 1022 1071 1083 ordinavit
1131 1042 1294 1084 eam.
1353 1026 1431 1085 Et
1486 1026 1889 1104 postmodum
1948 1027 2120 1086 venit
2177 1029 2438 1086 Romam
2483 1045 2498 1097 ;
2556 1027 2664 1106 qui
2739 1032 3064 1106 susceptus
3120 1033 3215 1088 est
3271 1046 3309 1088 a
3365 1027 3599 1087 domno

352 1130 620 1192 Silverio
677 1130 975 1210 benigne,
1039 1135 1102 1190 et
1159 1130 1316 1191 abiit
1377 1130 1453 1211 (ὁ)
1512 1132 1840 1194 Vilisarius
1896 1133 2195 1212 patricius
2253 1134 2315 1193 in
2377 1133 2680 1214 palatium
2735 1133 3103 1194 Pincianum
3157 1133 3254 1213 (c),
3309 1133 3399 1194 Id.
3455 1133 3601 1194 Maii

351 1234 462 1315 (ἀ),
525 1236 745 1298 indict.
808 1255 913 1296 xv.
972 1237 1147 1297 Tunc
1205 1242 1340 1297 erat
1396 1237 1661 1315 Vigilius
1719 1239 1878 1299 diae.
1940 1239 2382 1318 apocrisiarius
2448 1240 3010 1318 Constantinopoli.
3075 1239 3305 1300 Dolens
3387 1244 3598 1299 autem

352 1347 642 1422 Augusta
699 1363 812 1424 pro
870 1343 1175 1405 Anthimo
1237 1344 1622 1424 patriarcha,
1672 1345 1841 1425 quod
1900 1345 2220 1426 depositus
2274 1346 2492 1406 fuisset
2547 1365 2585 1406 a
2640 1347 3028 1406 sanctissimo
3085 1345 3354 1425 Agapito
3408 1363 3596 1425 papa,

351 1449 462 1528 qui
520 1467 663 1510 eum
723 1449 1089 1510 haereticum
1151 1451 1504 1530 reperisset,
1559 1458 1622 1512 et
1668 1453 1732 1512 in
1784 1452 1991 1513 locum
2041 1453 2175 1531 ejus
2221 1453 2644 1514 constituisset
2691 1454 2985 1513 Mennam
3045 1469 3292 1512 servum
3347 1451 3459 1512 Dei
3490 1449 3596 1530 (e):

227 1557 306 1619 lO
351 1561 502 1617 tunc
549 1559 854 1636 Augusta,
919 1557 1185 1618 concilio
1248 1576 1360 1618 usa
1417 1577 1559 1618 cum
1622 1559 1848 1636 Vigilio
1907 1559 2200 1632 diacono,
2260 1559 2428 1619 misit
2483 1559 2780 1638 epistolas
2837 1577 2982 1618 suas
3030 1560 3291 1617 Romam
3338 1555 3602 1617 Silverio

353 1682 558 1744 papa},
625 1683 858 1744 rogans
915 1670 976 1724 et
1033 1664 1414 1725 obsecrans:
1453 1668 1540 1726 Ne
1599 1665 1918 1745 pigriteris
1973 1666 2052 1726 ad
2111 1685 2225 1728 nos
2282 1667 2517 1738 venire,
2581 1672 2691 1726 aut
2730 1671 2895 1726 certe
2954 1682 3180 1725 revoca
3227 1663 3600 1724 Anthimum

349 1770 416 1831 in
475 1771 685 1831 locum
743 1789 949 1831 suum.
1009 1770 1125 1841 Qui
1182 1770 1332 1830 dum
1391 1771 1646 1849 legisset
1700 1771 2099 1832 beatissimus
2173 1773 2472 1834 Silverius
2550 1773 2812 1844 litteras,
2884 1771 3208 1850 ingemuit,
3271 1776 3334 1831 et
3392 1769 3595 1830 dixit:

349 1875 538 1938 Modo
597 1877 724 1938 scio
781 1877 931 1956 quia
990 1877 1122 1937 haec
1180 1883 1368 1938 causa
1426 1878 1615 1937 finem
1673 1878 1818 1937 vitae
1895 1897 2049 1939 mea:
2125 1878 2389 1938 adduxit
2453 1878 2550 1959 (/).
2613 1878 2736 1939 Sed
2820 1878 3217 1938 beatissimus
3301 1877 3600 1938 Silverius

351 1982 647 2044 fiduciam
706 1983 948 2044 habens
1005 1983 1069 2042 in
1124 1986 1252 2044 Deo
1310 1989 1373 2043 et
1427 1983 1613 2044 beato
1669 1985 1854 2043 Petro
1916 1984 2224 2062 apostolo,
2281 1985 2599 2065 rescripsit
2652 1986 2996 2064 Augustae:
3041 1984 3311 2044 Domina
3363 1984 3602 2060 Augus-

224 2089 304 2151 15
353 2094 438 2163 ta,
497 2109 614 2168 ego
672 2110 802 2152 rem
863 2091 1047 2151 istam
1105 2091 1387 2150 facturus
1445 2109 1769 2170 nunquam
1829 2109 1958 2163 ero,
2017 2096 2087 2150 ut
2143 2109 2429 2152 revocem
2519 2091 2842 2151 hominem
2926 2091 3292 2150 haereticum
3365 2089 3428 2149 in
3487 2107 3600 2149 sua

350 2196 638 2275 nequitia
693 2196 1088 2258 damnatum.
1145 2200 1321 2258 Tunc
1377 2195 1708 2276 indignata
1765 2199 2050 2276 Augusta
2107 2197 2278 2257 misit
2334 2197 2650 2275 jussiones
2709 2197 2788 2258 ad
2847 2196 3206 2259 Vilisarium
3267 2194 3598 2275 patricium

351 2321 465 2383 per
520 2303 815 2382 Vigilium
875 2303 1123 2366 diacon.
1185 2304 1271 2364 ita
1329 2303 1723 2364 continentes
1758 2321 1771 2362 :
1805 2303 1960 2365 Vide
2017 2304 2261 2383 aliquas
2313 2304 2672 2365 occasiones
2729 2305 2792 2364 in
2853 2303 3185 2365 Silverium
3251 2307 3602 2382 papaln,et

350 2409 598 2488 depone
655 2409 832 2469 illum
892 2410 973 2470 ab
1030 2410 1420 2490 episcopatu,
1481 2415 1590 2470 aut
1647 2415 1817 2470 certe
1873 2409 2138 2470 festinus
2191 2409 2542 2470 transmitte
2601 2428 2742 2469 eum
2805 2409 2885 2469 ad
2942 2427 3078 2469 nos.
3141 2410 3299 2469 Ecce
3355 2408 3444 2468 ibi
3483 2407 3599 2468 ha-

350 2515 461 2577 bes
515 2515 812 2594 Vigilium
870 2516 1410 2589 archidiaconum,
1473 2523 1536 2576 et
1592 2515 2071 2596 apocrisiarium
2140 2521 2426 2576 nostrum
2485 2516 2947 2589 charissimum,
3012 2515 3121 2594 qui
3175 2515 3357 2576 nobis
3414 2514 3600 2594 polli-

229 2625 310 2685 20
350 2621 512 2683 citus
568 2627 661 2682 est
715 2641 1009 2684 revocare
1064 2622 1436 2682 Antbimum
1494 2621 1944 2701 patriarcham.
2004 2623 2084 2683 Et
2141 2627 2289 2683 tunc
2346 2622 2619 2701 suscepit
2669 2621 3020 2700 jussionem
3099 2621 3426 2682 Vilisarius
3485 2639 3597 2700 pa-

357 2729 600 2802 tricius,
662 2728 875 2789 dicens
909 2745 922 2786 :
959 2731 1093 2807 Ego
1151 2728 1404 2807 quidem
1455 2727 1804 2808 jussionem
1861 2728 2047 2803 facio,
2107 2729 2215 2789 sed
2270 2729 2398 2802 ille,
2456 2728 2565 2806 qui
2619 2729 2879 2789 interest
2933 2729 2997 2786 in
3057 2745 3208 2788 nece
3259 2726 3350 2807 (g)
3403 2727 3600 2788 Silve-

355 2838 432 2898 rii
491 2855 697 2918 papae,
758 2837 891 2917 ipse
949 2837 1259 2898 rationem
1319 2838 1536 2898 reddet
1591 2838 1668 2898 de
1725 2838 1908 2899 factis
1967 2838 2093 2898 suis
2173 2838 2442 2898 Domino
2516 2844 2727 2898 nostro
2811 2839 2959 2898 Jesu
3035 2835 3304 2898 Christo.
3358 2838 3437 2896 Et
3492 2855 3598 2895 ur-

356 2951 541 3023 gente
592 2943 874 3022 jussione
933 2945 1222 3005 exierunt
1280 2944 1533 3024 quidam
1596 2944 1736 3004 falsi
1795 2949 2000 3018 testes,
2063 2943 2174 3022 qui
2226 2950 2288 3004 et
2329 2944 2670 3004 dixerunt:
2706 2943 2864 3015 Quia
2921 2961 3034 3002 nos
3093 2942 3303 3002 multis
3362 2941 3600 3002 vicibus

353 3050 437 3131 (Ιι)
491 3051 848 3111 invenimus
905 3051 1236 3112 Silverium
1297 3069 1528 3130 papam
1586 3052 1821 3130 scripta
1880 3050 2232 3111 mittentem
2292 3051 2370 3111 ad
2433 3069 2644 3129 regem
2695 3050 3088 3112 Gothorum:
3126 3048 3284 3110 Veni
3325 3047 3407 3109 ad
3458 3065 3598 3127 por-

248 3158 321 3216 25
362 3162 518 3231 tam,
579 3175 720 3237 quae
797 3158 1154 3237 appellatur
1234 3158 1542 3232 Asinaria,
1622 3158 1809 3236 juxta
1892 3161 2252 3231 Lateranas,
2313 3163 2376 3218 et
2439 3157 2756 3218 civitatem
2816 3156 2928 3217 tibi
2985 3156 3189 3231 trado,
3254 3161 3318 3216 et
3373 3155 3597 3216 Vilisa-

359 3264 520 3324 rium
575 3263 932 3343 patricium.
993 3265 1171 3336 Quod
1232 3265 1492 3325 audiens
1550 3265 1872 3325 Vilisarius
1929 3283 2056 3324 non
2107 3264 2421 3325 credebat.
2481 3264 2732 3326 Sciebat
2791 3263 2984 3334 ‘enim
3043 3261 3213 3342 quod
3267 3281 3378 3342 per
3433 3261 3597 3322 invi-

350 3370 520 3430 diam
578 3369 716 3430 baec
775 3370 852 3430 de
909 3388 982 3432 eo
1041 3371 1436 3432 dicebantur.
1498 3371 1622 3433 Sed
1677 3370 1827 3430 dum
1887 3371 2066 3431 multi
2123 3371 2188 3430 in
2246 3371 2465 3432 eadem
2518 3371 2917 3432 accusatione
2971 3369 3398 3449 persisterent,
3459 3385 3598 3448 per-

350 3476 580 3537 timuit.

433 3591 590 3644 ιθι
653 3585 828 3644 Tunc
908 3583 1056 3644 fecit
1138 3584 1394 3644 beatum
1482 3583 1812 3645 Silverium
1893 3602 2123 3664 papam
2205 3584 2417 3645 venire
2501 3585 2579 3645 ad
2633 3604 2696 3646 se
2745 3585 2810 3645 in
2869 3584 3172 3664 palatium
3242 3582 3448 3644 Pincis
3503 3581 3597 3662 (ι).

349 3690 426 3750 Et
475 3689 554 3750 ad
633 3690 908 3769 primum
973 3695 1035 3750 et
1093 3689 1439 3750 secundum
1499 3689 1707 3750 velum
1785 3690 2043 3751 retinuit
2116 3709 2368 3751 omnem
2445 3691 2706 3752 clerum.
2768 3693 2903 3763 Quo
2961 3691 3244 3770 ingresso
3300 3688 3602 3750 Silverius

349 3814 488 3857 cum
547 3796 772 3872 Vigilio
831 3796 948 3857 soli
1002 3797 1065 3856 in
1125 3797 1428 3858 Mausole.
1487 3797 1807 3858 Antonina
1875 3797 2139 3876 patricia
2189 3797 2446 3876 jacebat
2500 3799 2563 3857 in
2621 3798 2806 3870 lecto,
2867 3803 2930 3856 et
2985 3795 3309 3857 Vilisarius
3363 3796 3440 3876 (j)
3504 3813 3601 3855 se-

348 3902 536 3963 debat
587 3903 663 3963 ad
726 3903 915 3982 pedes
968 3902 1124 3979 ejus.
1188 3905 1264 3962 Et
1321 3904 1471 3963 dum
1522 3922 1665 3963 eum
1743 3902 1998 3964 vidisset
2082 3904 2404 3964 Antonina
2487 3903 2772 3982 patricia,
2835 3903 2993 3963 dixit
3049 3902 3129 3964 ad
3189 3920 3332 3962 eum
3387 3919 3400 3960 :
3459 3900 3592 3973 Dic,

274 4007 309 4064 5
350 4007 601 4068 domine
660 4008 882 4070 Siiveri
942 4027 1128 4088 papa,
1192 4009 1342 4088 quid
1425 4009 1686 4070 fecimus
1756 4009 1869 4069 tibi
1927 4015 1988 4069 et
2045 4009 2368 4082 Romanis,
2431 4015 2499 4068 ut
2559 4014 2624 4068 tu
2684 4009 2836 4068 velis
2893 4028 3006 4068 nos
3063 4009 3128 4068 in
3186 4026 3411 4068 manus
3470 4009 3593 4068 Go-

351 4113 602 4173 thorum
663 4114 957 4174 tradere?
1011 4115 1232 4175 Adhuc
1287 4134 1360 4176 eo
1418 4116 1718 4195 loquente
1767 4116 2084 4194 ingressus
2147 4117 2423 4177 Joannes
2510 4115 2931 4175 subdiaconus
3016 4113 3413 4193 regionarius
3468 4113 3599 4193 pri-

352 4238 470 4279 ma;
527 4220 821 4299 regionis,
886 4221 1028 4281 tulit
1087 4221 1349 4302 pallium
1401 4222 1478 4282 de
1537 4222 1700 4283 collo
1755 4222 1910 4301 ejus,
1975 4229 2038 4282 et
2093 4223 2272 4282 duxit
2326 4223 2389 4282 in
2449 4222 2829 4282 cubiculum.
2890 4223 2968 4282 Et
3023 4220 3381 4299 exspolians
3427 4237 3597 4292 eum,

348 4325 556 4385 induit
611 4345 756 4387 eum
815 4333 986 4387 veste
1039 4327 1414 4388 monachica
1471 4327 1577 4408 (lc),
1643 4333 1705 4389 et
1762 4327 2093 4389 abscondit
2151 4347 2317 4389 eum.
2377 4331 2552 4388 Tunc
2611 4329 2822 4388 Sixtus
2900 4327 3323 4387 subdiaconus
3387 4326 3596 4405 regio-

349 4431 565 4491 narius
621 4432 896 4511 regionis
953 4438 1165 4505 sextaa,
1226 4433 1447 4494 videns
1504 4453 1645 4494 eum
1699 4433 1836 4512 jam
1895 4434 2302 4507 monachum,
2359 4453 2646 4512 egressus
2703 4437 2896 4508 foras,
2958 4433 3274 4495 nuntiavit
3331 4433 3411 4494 ad
3469 4433 3596 4494 cle-

233 4539 308 4598 10
348 4557 512 4610 rum,
575 4539 788 4599 dicens
843 4557 856 4598 :
919 4541 1078 4611 Quia
1131 4541 1403 4600 domnus
1474 4558 1642 4620 papa
1717 4541 2038 4619 depositus
2093 4548 2210 4614 est,
2271 4547 2333 4602 et
2389 4542 2590 4602 factus
2645 4547 2738 4602 est
2799 4541 3170 4602 monachus.
3233 4539 3352 4613 Qui
3408 4539 3598 4602 etiam

347 4646 677 4707 audientes
731 4646 1031 4725 fugerunt
1086 4665 1324 4719 omnes,
1388 4665 1574 4726 quem
1633 4649 1906 4726 suscepit
1959 4649 2223 4726 Vigilius
2282 4649 2763 4709 archidiaconus
2819 4648 2882 4707 in
2937 4668 3050 4708 sua
3107 4649 3286 4728 quasi
3344 4648 3493 4721 fide,
3539 4652 3602 4706 ct

350 4752 522 4812 misit
576 4770 718 4812 eum
776 4753 841 4812 in
899 4753 1187 4813 exsilium
1244 4752 1308 4811 in
1361 4753 1618 4813 Pontias
1675 4752 1766 4834 (Ι).
1823 4755 1900 4813 Et
1958 4754 2331 4814 sustentavit
2383 4772 2525 4815 eum
2586 4773 2748 4834 pane
2825 4754 3252 4814 tribulationis
3310 4759 3372 4813 et
3429 4771 3597 4832 aqua

352 4859 662 4937 angustia:
715 4859 838 4940 (m).
890 4859 1006 4930 Qui
1057 4859 1375 4932 deﬁciens,
1437 4865 1721 4920 mortuus
1778 4865 1895 4932 est,
1948 4867 2009 4920 et
2066 4862 2385 4922 confessor
2444 4861 2648 4921 factus
2706 4866 2820 4920 est.
2883 4861 3000 4930 Qui
3060 4866 3123 4918 et
3173 4859 3454 4937 sepultus
3509 4864 3603 4919 est

351 4965 418 5026 in
470 4965 691 5026 eodem
748 4965 887 5026 loco
944 4982 1031 5026 xu
1081 4965 1395 5026 Kalendas
1451 4965 1622 5027 Julii.
1683 4966 1903 5045 Ibique
1961 4969 2235 5029 occurrit
2295 4967 2629 5029 multitudo
2688 4967 2850 5027 male
2908 4964 3301 5036 habentium,
3354 4969 3417 5023 et
3472 4963 3600 5024 sal-

230 5074 310 5135 15
356 5077 608 5134 vantur.
672 5073 786 5132 Hic
842 5072 991 5133 fecit
1048 5072 1510 5132 ordinationem
1571 5091 1760 5132 unam
1822 5093 1934 5153 per
1989 5093 2265 5135 mensem
2317 5073 2697 5144 Decembris,
2752 5072 3200 5152 presbyteros‘
3234 5072 3329 5142 14,
3365 5067 3599 5147 episco-

356 5197 472 5259 pos
523 5197 637 5258 per
691 5177 940 5240 diversa
993 5178 1133 5238 loca
1188 5198 1364 5239 num.
1415 5181 1511 5252 19,
1547 5185 1609 5240 et
1664 5181 1928 5241 cessavit
1985 5181 2386 5261 episcopatus
2443 5177 2628 5237 dies'
2681 5180 2984 5257 quinque.

1379 5425 1628 5472 NOTULE
1669 5423 2056 5472 HARGINALES
2099 5423 2415 5470 FABROTTI.

255 5629 370 5712 (ειν
391 5633 456 5712 9‘.
480 5629 554 5712 ‘39.
576 5629 834 5712 Ηυέἀθσι
868 5628 1482 5712 θκ.¹”⁸ωί¹ίὲιη1ἓοο.¹ἓεέυ
1517 5648 1633 5712 ειὲίρ
1667 5630 1773 5712 ίιςξυ
1805 5631 2026 5712 tetulit:
2066 5625 2499 5712 (ἰηἿιίξῖξίέανίίτ
2538 5623 2637 5712 (⁶)Ϊ
2655 5621 2972 5712 “ﬁala”?
2987 5621 3289 5712 .‘_’_i_“°i.‘if‘9:
3320 5624 3501 5712 (‘03!
3517 5620 3599 5712 {21:

180 5693 361 5772 Maii.
390 5693 618 5772 (eiVide
647 5701 847 5772 Barea.
881 5700 952 5772 ad
981 5717 1112 5755 ann.
1145 5703 1269 5756 538.
1312 5705 1384 5772 (Γ)
1416 5703 1474 5772 (3,
1509 5702 1767 5756 adducit.
1812 5704 1885 5770 (g)
1917 5707 1981 5765 Β,
2013 5693 2319 5772 intercedit
2348 5696 2405 5772 in
2439 5711 2659 5772 necem.
2699 5693 3098 5772 jh:)__‘;saepius.
3145 5693 3212 5772 (ἐξ
3238 5695 3302 5762 Β,
3326 5693 3384 5747 in
3405 5693 3600 5772 Rincis

179 5771 270 5832 vel
302 5762 510 5830 Pineii.
555 5771 620 5842 (j)
653 5775 674 5795 '
707 5771 1024 5828 Belisarius
1056 5762 1375 5844 patricius?
1399 5762 1476 5841 (kj
1507 5776 1527 5794 ‘
1561 5762 1902 5826 monastica.
1945 5762 2007 5842 (Ζ)
2042 5773 2106 5834 C,
2140 5770 2210 5824 ad
2246 5769 2575 5824 Pontianas.
2618 5762 2719 5835 (θη)
2753 5762 2876 5824 Vide
2906 5762 3110 5822 Heron.
3143 5762 3215 5818 ad
3237 5780 3369 5819 ann.
3401 5765 3526 5820 538.
