3924 6214
195 284 310 348 5⁵77
950 278 1320 349 HISTORIA
1365 288 1466 349 DE
1511 287 1716 351 VITIS
1760 285 1948 351 ROM.
1997 287 2226 352 PONT.
2272 323 2349 334 —-
2394 291 2458 351 S.
2505 284 2868 351 VIGILIUS.
3491 285 3612 350 578

1588 648 1755 717 LXI.
1820 647 2208 718 VlGlLlUS.

957 879 1120 926 ANNO
1163 881 1401 927 cunisn
1443 867 1587 942 540,
1634 883 1975 930 JUSTINIANI
2019 886 2140 929 iur.
2193 870 2290 943 it,
2335 883 2556 930 VITIGIS
2599 883 2733 928 nec.
2781 871 2840 926 4.

438 1261 601 1314 108
646 1253 933 1333 Vigilius,
980 1255 1234 1317 natione
1281 1260 1621 1330 Romanus,
1689 1276 1764 1318 ex
1826 1263 2004 1338 patre
2047 1260 2292 1320 Joanne
2353 1257 2630 1328 consule,
2679 1257 2839 1317 sedit
2899 1276 3099 1317 annos
3156 1260 3227 1318 l7
3274 1257 3380 1340 (a),
3430 1278 3611 1321 men-

352 1378 452 1421 ses
495 1359 801 1440 quinque,
846 1361 977 1422 dies
1019 1363 1119 1422 26.
1166 1362 1402 1424 Eodem
1452 1369 1732 1444 tempore
1775 1363 2103 1425 Vilisarius
2153 1363 2450 1443 patricius
2507 1363 2821 1424 commisit
2875 1363 3110 1425 bellum
3171 1383 3312 1425 cum
3363 1366 3612 1446 Guitige

350 1466 436 1547 (ὁ)
483 1485 630 1547 rege
675 1465 1043 1542 Gothorum,
1094 1469 1202 1548 qui
1245 1488 1350 1531 rex
1399 1471 1641 1549 fugiens
1688 1477 1877 1532 noctu
1921 1471 2238 1532 insecutus
2296 1479 2389 1533 est
2444 1491 2587 1532 eum
2644 1473 2918 1533 Joannes
2963 1474 3035 1553 (c)
3085 1473 3381 1550 magister
3443 1473 3609 1534 mili-

353 1579 516 1646 tum,
562 1573 663 1633 cui
706 1592 1055 1653 cognomen
1098 1576 1574 1654 Sanguinarius,
1625 1585 1688 1639 et
1732 1578 1928 1638 tcnuit
1973 1597 2137 1651 eum,
2188 1585 2249 1639 et
2292 1579 2555 1639 adduxit
2617 1578 2696 1638 ad
2762 1579 3142 1647 Vilisarium.
3193 1585 3256 1639 ct
3307 1580 3387 1639 ad
3439 1580 3614 1658 Vigi-

267 1683 306 1739 5
352 1681 508 1740 lium
555 1682 843 1742 Romam.
889 1683 1066 1742 Tunc
1109 1682 1418 1743 dederunt
1460 1685 1516 1744 ei
1561 1691 1957 1745 sacramenta
1999 1685 2060 1744 in
2109 1687 2429 1746 basilicam
2473 1685 2600 1746 Juli
2645 1684 2752 1764 (cl),
2803 1691 2870 1745 ut
2927 1687 3166 1746 salvum
3232 1687 3409 1746 illum
3472 1706 3614 1767 per-

353 1786 661 1847 ducerent
702 1787 784 1848 ad
824 1789 1249 1849 Justinianum
1296 1789 1769 1870 imperatorem.
1831 1793 2026 1864 Quem
2087 1812 2228 1853 cum
2293 1793 2618 1852 duxissent
2679 1793 3314 1872 Constantinopolim,
3361 1795 3614 1873 gavisus

359 1899 454 1954 est
495 1893 863 1974 imperator,
912 1901 974 1955 ct
1016 1895 1164 1955 fecit
1208 1915 1350 1956 eum
1397 1898 1729 1976 patricium
1788 1905 1850 1958 et
1910 1900 2228 1972 comitem,
2277 1905 2340 1959 et
2386 1898 2730 1958 transmisit
2773 1917 2914 1958 cum
2951 1899 3138 1977 juxta
3194 1900 3348 1960 fines
3392 1903 3614 1961 Persa-

357 2019 525 2074 rum,
587 2005 648 2060 et
706 1999 794 2060 ibi
849 2001 1042 2061 vitam
1102 2001 1322 2062 finivit.
1388 2003 1746 2064 Vilisarium
1807 2023 1952 2064 vero
2011 2006 2426 2082 interrogavit
2469 2006 2832 2084 imperator,
2881 2005 3199 2084 quomodo
3245 2025 3308 2066 se
3353 2006 3617 2068 haberet

358 2125 504 2167 cum
551 2107 850 2168 Romanis
895 2108 993 2168 vel
1037 2109 1354 2188 quomodo
1397 2110 1458 2170 in
1506 2111 1644 2171 loco
1709 2111 1956 2172 Silverii
2011 2113 2331 2172 statuisset
2387 2112 2706 2190 Vigilium.
2762 2114 2856 2184 Et,
2903 2111 3049 2172 dato
3095 2113 3174 2172 ab
3220 2132 3292 2174 eo
3353 2133 3614 2193 respon-

231 2213 311 2275 IO
359 2232 452 2287 so,
501 2219 739 2294 gratgas
783 2214 838 2275 ei
881 2221 1148 2293 egerunt
1202 2216 1548 2296 imperator
1607 2223 1670 2277 et
1729 2222 2032 2295 augusta;
2082 2223 2143 2277 et
2186 2219 2334 2278 data
2375 2218 2432 2278 ei
2477 2218 2806 2296 dignitate,
2855 2219 3082 2278 iterum
3143 2220 3311 2279 misit
3362 2239 3505 2280 eum
3553 2220 3616 2280 in

361 2320 639 2380 Africam
685 2321 762 2380 ad
808 2322 1172 2382 Gundarum
1219 2323 1289 2404 (e)
1338 2343 1549 2402 regem
1596 2325 2071 2385 Guandalorum
2117 2324 2221 2404 (/),
2269 2330 2330 2384 et
2378 2331 2443 2384 ut
2487 2344 2628 2403 quae
2675 2325 2907 2384 fecerat
2951 2324 3014 2384 in
3058 2325 3239 2384 Italia
3283 2326 3516 2386 faceret
3557 2333 3622 2387 et

359 2426 424 2486 in
480 2426 713 2488 Africa.
772 2428 890 2499 Qui
948 2428 1203 2490 veniens
1264 2429 1326 2489 in
1389 2429 1543 2490 fines
1598 2431 1821 2491 Africae
1883 2431 1998 2490 sub
2053 2432 2199 2491 dolo
2258 2431 2427 2510 pacis
2491 2431 2804 2490 interfecit
2863 2431 3228 2492 Gundarum
3277 2431 3359 2512 (g)
3406 2451 3616 2512 regem

364 2533 857 2609 Guandalorum,
905 2541 963 2595 et
1012 2535 1266 2596 redacta
1309 2543 1401 2597 est
1441 2537 1650 2597 Africa
1695 2538 1810 2597 sub
1855 2538 2337 2617 rempublicam.
2386 2540 2564 2598 Tunc
2625 2538 2961 2598 Belisarius
3007 2538 3309 2617 patricius
3351 2539 3428 2600 de
3472 2558 3618 2619 spo-

364 2638 462 2698 liis
507 2639 973 2701 Guandalorum
1025 2641 1102 2722 (h)
1166 2643 1422 2702 veniens
1485 2644 1777 2717 Romam,
1837 2644 2068 2705 obtulit
2125 2645 2308 2704 beato
2370 2646 2554 2704 Petro
2599 2644 2908 2722 apostolo
2951 2664 3062 2723 per
3119 2663 3344 2705 manus
3408 2645 3621 2724 Vigilli

235 2748 318 2806 15
369 2765 551 2826 papae
595 2765 843 2808 crucem
887 2767 1143 2809 auream
1189 2768 1330 2810 cum
1375 2750 1660 2828 gemmis,
1712 2770 1852 2829 qua:
1898 2757 2121 2830 pensat
2165 2751 2358 2810 libras
2403 2756 2690 2822 centum;
2739 2750 2801 2809 in
2848 2769 2975 2829 qua
3018 2751 3266 2829 scripsit
3324 2751 3618 2812 victorias

367 2871 512 2913 suas
555 2852 648 2933 (ι).
695 2855 1048 2915 Cerostatas
1091 2862 1422 2934 argenteas
1465 2856 1798 2918 deauratas
1843 2856 2114 2936 majores
2157 2857 2336 2931 duas,
2386 2874 2526 2934 quae
2571 2861 2740 2914 stant
2783 2874 2981 2934 usque
3035 2855 3224 2915 hodie
3275 2862 3421 2916 ante
3479 2875 3618 2918 cor-

369 2979 487 3040 pus
530 2959 697 3020 beati
741 2961 908 3021 Petri
951 2962 1243 3040 apostoli.
1292 2962 1416 3024 Sed
1459 2969 1522 3023 et
1563 2963 1688 3023 alia
1733 2963 1934 3024 multa
1977 2963 2146 3023 dona
2206 2967 2268 3022 et
2329 2962 2757 3040 elcemosynas
2803 2979 3149 3040 pauperum
3197 2961 3459 3039 largitus
3503 2967 3616 3022 est.

375 3067 548 3127 Fecit
589 3067 774 3127 etiam
822 3067 1155 3129 Belisarius
1200 3070 1500 3149 patricius
1544 3070 2007 3130 xenodochium
2056 3069 2117 3128 in
2165 3069 2268 3128 via
2325 3068 2475 3140 lata,
2539 3073 2598 3126 et
2657 3067 2746 3146 (j)
2809 3067 2869 3126 in
2933 3067 3033 3126 via
3090 3067 3401 3128 Flaminia
3435 3067 3622 3147 juxta

370 3175 685 3236 civitatem
730 3175 948 3237 hortas
992 3177 1069 3258 (lc)
1119 3179 1570 3240 monasterium
1617 3179 1819 3239 sancti
1861 3177 2203 3250 Juvclanis,
2254 3176 2360 3237 ubi
2405 3175 2830 3256 possessiones
2873 3182 2937 3236 et
2978 3175 3148 3235 dona
3193 3176 3393 3238 multa
3435 3177 3624 3256 largi-

258 3283 336 3341 20
380 3289 478 3343 tus
521 3288 639 3346 est.

457 3395 619 3450 108
666 3389 901 3452 Eodem
946 3397 1228 3472 tempore
1270 3392 1604 3454 Theodora
1647 3397 1921 3472 augusta
1963 3391 2213 3472 scripsit
2268 3391 2347 3451 ad
2408 3389 2705 3469 Vigilium
2764 3408 2994 3469 papam
3045 3406 3060 3450 :
3108 3389 3285 3463 Veni,
3343 3389 3619 3471 adimple

372 3495 554 3557 nobis
596 3515 738 3577 quae
784 3516 898 3577 pro
942 3498 1112 3559 bona
1154 3499 1475 3560 voluntate
1532 3505 1643 3560 tua
1699 3499 2042 3579 promisisti
2102 3499 2179 3560 de
2240 3505 2415 3578 patre
2472 3503 2683 3557 nostro
2729 3496 3052 3570 Anthimo,
3099 3503 3162 3558 et
3204 3515 3430 3560 revoca
3473 3516 3615 3560 eum

369 3603 432 3662 in
475 3603 753 3664 ofﬁcium
799 3623 1006 3665 suum.
1055 3605 1150 3666 Ad
1195 3604 1331 3666 haec
1375 3605 1694 3686 rescripsit
1736 3605 2000 3685 Vigilius
2047 3623 2060 3664 :
2109 3605 2288 3665 Absit
2333 3605 2452 3664 hoc
2509 3623 2547 3663 a
2605 3623 2724 3675 me,
2787 3603 3046 3664 domina
3085 3606 3392 3684 Augusta.
3440 3604 3622 3664 Prius

371 3709 616 3771 locutus
659 3729 797 3770 sum
845 3711 1008 3772 male
1069 3718 1131 3772 et
1183 3712 1573 3792 insipienter,
1634 3713 1823 3774 modo
1883 3718 2094 3773 autem
2155 3711 2328 3771 nullo
2389 3711 2574 3770 modo
2633 3710 2746 3770 tibi
2803 3711 3148 3784 consentio,
3210 3718 3280 3772 ut
3335 3730 3620 3772 revocem

292 3817 328 3874 5
370 3816 688 3878 hominem
735 3817 1100 3879 haereticum
1146 3825 1208 3880 et
1250 3819 1876 3880 anathematizatum.
1923 3821 2001 3880 Et
2043 3819 2094 3878 si
2138 3819 2434 3896 indignus
2477 3817 2746 3878 vicarius
2789 3837 2926 3876 sum
2983 3817 3150 3877 beati
3214 3818 3381 3878 Petri
3435 3836 3621 3896 apos-

368 3923 500 3997 toli,
551 3924 868 4004 quomodo
918 3925 1169 3986 fuerunt
1212 3931 1641 3986 antecessores
1686 3925 1809 3986 mei
1851 3925 2229 3985 sanctissimi
2272 3924 2576 4002 Agapitus
2619 3927 2678 3982 et
2725 3923 3047 3995 Silverius,
3097 3923 3205 4001 qui
3248 3941 3391 3982 cum
3437 3922 3614 3982 dam-

370 4031 726 4091 naverunt?
769 4033 944 4092 Tunc
988 4032 1256 4092 Romani
1298 4032 1585 4093 fecerunt
1627 4032 2061 4111 suggestiones
2123 4049 2265 4090 suas
2319 4034 2539 4090 contra
2581 4028 2902 4106 Vigilium,
2949 4047 3022 4088 eo
3067 4028 3236 4106 quod
3280 4047 3419 4088 cum
3469 4047 3620 4089 con-

369 4136 508 4196 silio
571 4135 706 4215 ejus
761 4137 1084 4217 depositus
1139 4138 1358 4198 fuisset
1413 4138 1712 4199 Silverius
1770 4137 2172 4198 beatiSsimus
2227 4154 2394 4215 papa
2448 4140 2859 4213 suggerentes
2905 4133 2972 4214 (ἰ)
3018 4134 3237 4213 pietati
3283 4142 3428 4209 tuae,
3477 4135 3626 4214 quia

371 4241 536 4302 male
579 4243 709 4321 agit
749 4262 892 4303 cum
937 4243 1129 4304 servis
1174 4244 1295 4304 tuis
1338 4245 1658 4317 Romanis,
1706 4250 1768 4304 et
1811 4263 1953 4304 cum
1997 4243 2135 4322 ipsa
2181 4242 2359 4322 plebe
2405 4260 2517 4301 sua
2564 4258 2578 4299 ε
2627 4239 2775 4319 quia
2839 4239 3219 4300 homicidam
3277 4240 3455 4300 illum
3514 4259 3621 4301 ac-

259 4349 332 4411 10
371 4367 686 4410 cusamus.
733 4349 834 4410 Sic
877 4355 970 4411 est
1010 4350 1073 4411 in
1123 4351 1397 4412 furorem
1456 4369 1690 4426 versus,
1761 4356 1828 4411 ut
1881 4350 2062 4411 daret
2120 4349 2370 4439 alapam
2431 4347 2680 4408 notario
2744 4365 2882 4421 suo,
2932 4347 3042 4426 qui
3087 4365 3234 4408 mox
3295 4347 3376 4409 ad
3436 4347 3627 4428 pedes

374 4454 511 4534 ejus
554 4454 806 4530 cadens,
853 4456 1222 4536 exspiravit.

453 4569 618 4622 104
662 4563 817 4623 Item
861 4562 1035 4624 dedit
1085 4569 1338 4644 neptem
1396 4582 1576 4624 suam
1632 4562 1924 4642 Vigiliam
1987 4561 2085 4643 (m)
2139 4561 2382 4622 Asterio
2442 4561 2708 4634 consuli,
2772 4561 2972 4622 filium
3037 4561 3317 4625 mulieris
3372 4562 3621 4637 vidum;

371 4687 498 4750 quo
543 4686 690 4730 casu
733 4669 1024 4747 faciente,
1070 4669 1218 4731 fecit
1259 4688 1402 4731 eum
1449 4669 1647 4732 teneri
1689 4676 1897 4744 nocte,
1947 4675 2008 4732 et
2055 4669 2273 4730 tandiu
2317 4668 2474 4729 caedi
2517 4669 2800 4748 quandiu
2843 4670 3038 4730 vitam
3081 4669 3312 4732 ﬁniret.
3337 4670 3472 4742 Quo
3515 4689 3629 4731 au-

367 4775 526 4850 dito,
570 4777 855 4855 Augusta
897 4776 1068 4837 misit
1105 4776 1515 4839 Anthemium
1559 4777 1913 4838 scribonem
1957 4794 2099 4837 cum
2136 4775 2526 4854 jussionibus
2568 4777 2717 4850 suis,
2767 4782 2829 4836 et
2886 4795 3028 4836 cum
3089 4777 3320 4838 virtute
3379 4776 3624 4856 majore

367 4883 636 4942 Romam
678 4882 892 4944 dicens
939 4900 952 4942 :
1001 4884 1274 4963 Excepto
1319 4883 1384 4944 in
1427 4883 1688 4944 basilica
1730 4883 1929 4944 sancti
1970 4883 2141 4943 Petri
2186 4901 2372 4962 parce
2417 4882 2524 4961 (η).
2573 4885 2727 4942 Nam
2791 4882 2844 4941 si
2897 4882 2962 4941 in
3020 4883 3372 4956 Lateranis,
3430 4888 3622 4961 atque

285 4991 322 5050 5
368 4988 432 5049 in
479 4987 716 5069 palatio
761 4994 872 5050 aut
914 4990 979 5050 in
1023 4989 1307 5070 qualibet
1350 4991 1612 5052 ecclesia
1652 4991 1968 5051 inveneris
2009 4989 2330 5068 Vigilium,
2381 5008 2526 5049 mox
2569 4988 2862 5067 imposito
2925 4987 2990 5046 in
3049 4987 3193 5046 navi
3260 4987 3333 5067 (ο)
3391 4989 3628 5067 perduc

367 5114 514 5157 eum
561 5114 755 5176 usque
800 5096 876 5156 ad
925 5115 1061 5157 nos.
1109 5099 1266 5157 Nam
1311 5097 1362 5158 si
1407 5116 1532 5158 non
1577 5097 1817 5171 feceris,
1870 5117 1981 5176 per
2023 5097 2336 5158 viventem
2387 5095 2450 5154 in
2496 5094 2728 5153 sacula
2770 5091 3080 5153 excoriari
3124 5097 3184 5152 te
3229 5093 3626 5166 faciam.Qui

363 5201 737 5263 Anthemius
779 5202 984 5264 scribo
1035 5202 1285 5265 veniens
1343 5206 1630 5277 Romam,
1693 5203 1939 5267 invenit
1995 5221 2138 5264 eum
2203 5202 2266 5262 in
2329 5199 2594 5260 ecclesia
2649 5203 2883 5259 sanctae
2944 5196 3184 5258 Cecilia:
3228 5216 3267 5258 x
3309 5197 3626 5262 Kalendas

1391 5422 1642 5471 NOTULE
1684 5423 2073 5470 MARGINALES
2119 5424 2234 5468 ΕΔΒ
2245 5422 2444 5468 ROTTI.

282 5598 356 5670 (α)
387 5598 449 5673 Β,
479 5614 612 5673 ann.
648 5599 734 5673 16.
813 5598 890 5670 (b)
919 5597 1158 5673 Witige.
1234 5602 1303 5670 (c)
1333 5604 1562 5673 '_quem
1595 5601 1831 5673 fugienti

2095 5604 2184 5673 est
2210 5600 2513 5673 Joannes._
2564 5598 2640 5668 (ιι)
2671 5597 2938 5673 (ξηᾷυιίὶε
2995 5596 3167 5673 ως),
3203 5597 3620 5656 Gontharidem

319 5668 375 5745 et
400 5672 578 5745 infra.
603 5743 624 5745 _r
655 5671 727 5741 (Γ)
756 5673 780 5745 γ’
815 5668 1235 5745 Vandalorum.
1261 5668 1288 5745 ς
1312 5668 1438 5745 (9)”¹
1470 5668 1761 5745 Gunthart

2071 5672 2178 5728 ’tde
2209 5676 2412 5745 Baron.
2443 5669 2513 5725 ad
2541 5671 2814 5726 αηη.545.
2891 5671 2960 5737 (1')
2985 5668 3422 5745 C,__(_le_!j98tmtﬂo
3503 5673 3620 5745 (ῙΓ

212 5739 402 5818 Α¹ί¹³ί¹ε
465 5739 557 5812 tu"
589 5739 1191 5818 (ἱνίφιεὲευὲἔοείέαο-
1229 5739 1382 5818 (ιλαὲ
1417 5743 1812 5818 θυεεβιτίιηιιε,
1862 5739 2161 5818 inquiunt-
2240 5745 2338 5818 (τη)
2388 5744 2448 5818 C_.
2499 5745 2767 5818 nepetam
2814 5757 2988 5798 suum
3037 5739 3308 5814 Vigilius.
3387 5745 3466 5818 (η)
3499 5739 3622 5802 "Si

211 5828 343 5872 eum
373 5811 670 5870 inveneris
697 5811 758 5870 in
788 5812 1033 5873 basilica
1060 5814 1127 5875 B.
1156 5813 1307 5872 Petri
1335 5811 1584 5891 apostoli
1610 5811 1805 5892 parce.
1879 5811 1962 5888 (of
1987 5817 2008 5840 "
2039 5814 2384 5892 impositum
2415 5814 2475 5872 in
2506 5811 2719 5874 navim.
