  <div class='ocr_page' id='page_1' title='image "/cluster/home/n/w/nwhite01/storage/ocr_20150623/128/uva.x000829780/295.png"; bbox 0 0 3924 6214; ppageno 0'>
   <div class='ocr_carea' id='block_1_1' title="bbox 308 274 3724 374">
    <p class='ocr_par' dir='ltr' id='par_1_1' title="bbox 308 274 3724 374">
     <span class='ocr_line' id='line_1_1' title="bbox 308 274 3724 374; baseline 0.002 -11"><span class='ocrx_word' id='word_1_1' title='bbox 308 301 424 365; x_wconf 78' lang='lat'>579</span> <span class='ocrx_word' id='word_1_2' title='bbox 1262 274 1265 277; x_wconf 53' lang='grc'>“</span> <span class='ocrx_word' id='word_1_3' title='bbox 1468 296 1879 364; x_wconf 81' lang='lat' dir='ltr'><strong>ANASTASII</strong></span> <span class='ocrx_word' id='word_1_4' title='bbox 1922 296 2549 364; x_wconf 85' lang='lat' dir='ltr'>BIBLIOTHEGARII</span> <span class='ocrx_word' id='word_1_5' title='bbox 3594 304 3724 374; x_wconf 83' lang='lat'>580</span> 
     </span>
    </p>
   </div>
   <div class='ocr_carea' id='block_1_2' title="bbox 466 436 3723 516">
    <p class='ocr_par' dir='ltr' id='par_1_2' title="bbox 466 436 3723 516">
     <span class='ocr_line' id='line_1_2' title="bbox 466 436 3723 516; baseline 0.002 -16"><span class='ocrx_word' id='word_1_6' title='bbox 466 436 847 499; x_wconf 84' lang='lat' dir='ltr'>Decembris.</span> <span class='ocrx_word' id='word_1_7' title='bbox 922 436 1000 496; x_wconf 91' lang='lat' dir='ltr'>Et</span> <span class='ocrx_word' id='word_1_8' title='bbox 1045 440 1307 515; x_wconf 84' lang='lat' dir='ltr'>rogante</span> <span class='ocrx_word' id='word_1_9' title='bbox 1352 436 1588 516; x_wconf 90' lang='lat' dir='ltr'>populo</span> <span class='ocrx_word' id='word_1_10' title='bbox 1631 441 1842 497; x_wconf 89' lang='lat' dir='ltr'>tentus</span> <span class='ocrx_word' id='word_1_11' title='bbox 1885 440 2001 496; x_wconf 90' lang='lat' dir='ltr'>est.</span> <span class='ocrx_word' id='word_1_12' title='bbox 2046 437 2195 497; x_wconf 88' lang='lat' dir='ltr'>Erat</span> <span class='ocrx_word' id='word_1_13' title='bbox 2239 438 2406 498; x_wconf 91' lang='lat' dir='ltr'>enim</span> <span class='ocrx_word' id='word_1_14' title='bbox 2461 436 2689 499; x_wconf 79' lang='lat' dir='ltr'>natalis</span> <span class='ocrx_word' id='word_1_15' title='bbox 2747 436 2884 516; x_wconf 88' lang='lat' dir='ltr'>ejus</span> <span class='ocrx_word' id='word_1_16' title='bbox 2946 438 3101 513; x_wconf 88' lang='lat' dir='ltr'>dies,</span> <span class='ocrx_word' id='word_1_17' title='bbox 3148 457 3414 502; x_wconf 90' lang='lat' dir='ltr'>munera</span> <span class='ocrx_word' id='word_1_18' title='bbox 3455 442 3723 507; x_wconf 89' lang='lat' dir='ltr'>tradens</span> 
     </span>
    </p>
   </div>
   <div class='ocr_carea' id='block_1_3' title="bbox 464 544 3722 631">
    <p class='ocr_par' dir='ltr' id='par_1_3' title="bbox 464 544 3722 631">
     <span class='ocr_line' id='line_1_3' title="bbox 464 544 3722 631; baseline 0.002 -25"><span class='ocrx_word' id='word_1_19' title='bbox 464 545 726 626; x_wconf 90' lang='lat' dir='ltr'>populo,</span> <span class='ocrx_word' id='word_1_20' title='bbox 772 545 880 623; x_wconf 86' lang='lat' dir='ltr'>qui</span> <span class='ocrx_word' id='word_1_21' title='bbox 924 551 1142 605; x_wconf 91' lang='lat' dir='ltr'>tenens</span> <span class='ocrx_word' id='word_1_22' title='bbox 1184 544 1476 623; x_wconf 85' lang='lat' dir='ltr'>deposuit</span> <span class='ocrx_word' id='word_1_23' title='bbox 1534 563 1675 604; x_wconf 91' lang='lat' dir='ltr'>eum</span> <span class='ocrx_word' id='word_1_24' title='bbox 1741 563 1853 624; x_wconf 90' lang='lat' dir='ltr'>per</span> <span class='ocrx_word' id='word_1_25' title='bbox 1905 544 2200 616; x_wconf 78' lang='lat' dir='ltr'>Tiberim,</span> <span class='ocrx_word' id='word_1_26' title='bbox 2249 550 2311 605; x_wconf 90' lang='lat' dir='ltr'>et</span> <span class='ocrx_word' id='word_1_27' title='bbox 2370 544 2538 605; x_wconf 92' lang='lat' dir='ltr'>misit</span> <span class='ocrx_word' id='word_1_28' title='bbox 2598 544 2659 604; x_wconf 92' lang='lat' dir='ltr'>in</span> <span class='ocrx_word' id='word_1_29' title='bbox 2722 546 2955 606; x_wconf 84' lang='lat' dir='ltr'>navim.</span> <span class='ocrx_word' id='word_1_30' title='bbox 3003 546 3187 608; x_wconf 80' lang='lat' dir='ltr'>Plebs</span> <span class='ocrx_word' id='word_1_31' title='bbox 3230 553 3439 609; x_wconf 89' lang='lat' dir='ltr'>autem</span> <span class='ocrx_word' id='word_1_32' title='bbox 3489 548 3572 631; x_wconf 91' lang='lat' dir='ltr'>(a)</span> <span class='ocrx_word' id='word_1_33' title='bbox 3616 570 3722 612; x_wconf 90' lang='lat' dir='ltr'>se-</span> 
     </span>
    </p>
   </div>
   <div class='ocr_carea' id='block_1_4' title="bbox 346 649 3722 736">
    <p class='ocr_par' dir='ltr' id='par_1_4' title="bbox 346 649 3722 736">
     <span class='ocr_line' id='line_1_4' title="bbox 346 649 3722 736; baseline 0.002 -25"><span class='ocrx_word' id='word_1_34' title='bbox 346 654 422 713; x_wconf 79' lang='grc'>10</span> <span class='ocrx_word' id='word_1_35' title='bbox 465 652 776 731; x_wconf 88' lang='lat' dir='ltr'>quebatur</span> <span class='ocrx_word' id='word_1_36' title='bbox 818 670 957 712; x_wconf 92' lang='lat' dir='ltr'>eum</span> <span class='ocrx_word' id='word_1_37' title='bbox 1005 650 1456 712; x_wconf 90' lang='lat' dir='ltr'>acclamantem</span> <span class='ocrx_word' id='word_1_38' title='bbox 1506 649 1607 731; x_wconf 83' lang='lat' dir='ltr'>(b),</span> <span class='ocrx_word' id='word_1_39' title='bbox 1655 656 1725 711; x_wconf 93' lang='lat' dir='ltr'>ut</span> <span class='ocrx_word' id='word_1_40' title='bbox 1766 651 2115 712; x_wconf 90' lang='lat' dir='ltr'>orationem</span> <span class='ocrx_word' id='word_1_41' title='bbox 2162 651 2241 711; x_wconf 93' lang='lat' dir='ltr'>ab</span> <span class='ocrx_word' id='word_1_42' title='bbox 2286 670 2358 711; x_wconf 94' lang='lat' dir='ltr'>eo</span> <span class='ocrx_word' id='word_1_43' title='bbox 2403 651 2781 731; x_wconf 83' lang='lat' dir='ltr'>acciperent.</span> <span class='ocrx_word' id='word_1_44' title='bbox 2829 654 2988 713; x_wconf 89' lang='lat' dir='ltr'>Data</span> <span class='ocrx_word' id='word_1_45' title='bbox 3029 654 3336 728; x_wconf 88' lang='lat' dir='ltr'>oratione,</span> <span class='ocrx_word' id='word_1_46' title='bbox 3385 657 3722 736; x_wconf 77' lang='lat' dir='ltr'>respondit</span> 
     </span>
    </p>
   </div>
   <div class='ocr_carea' id='block_1_5' title="bbox 461 758 3714 843">
    <p class='ocr_par' dir='ltr' id='par_1_5' title="bbox 461 758 3714 843">
     <span class='ocr_line' id='line_1_5' title="bbox 461 758 3714 843; baseline 0.002 -24"><span class='ocrx_word' id='word_1_47' title='bbox 461 759 667 820; x_wconf 91' lang='lat' dir='ltr'>omnis</span> <span class='ocrx_word' id='word_1_48' title='bbox 709 758 980 838; x_wconf 92' lang='lat' dir='ltr'>populus</span> <span class='ocrx_word' id='word_1_49' title='bbox 1024 762 1245 830; x_wconf 90' lang='lat' dir='ltr'>Amen,</span> <span class='ocrx_word' id='word_1_50' title='bbox 1279 764 1342 818; x_wconf 90' lang='lat' dir='ltr'>et</span> <span class='ocrx_word' id='word_1_51' title='bbox 1385 763 1557 817; x_wconf 92' lang='lat' dir='ltr'>mota</span> <span class='ocrx_word' id='word_1_52' title='bbox 1612 763 1706 817; x_wconf 90' lang='lat' dir='ltr'>est</span> <span class='ocrx_word' id='word_1_53' title='bbox 1761 758 1960 818; x_wconf 91' lang='lat' dir='ltr'>navis.</span> <span class='ocrx_word' id='word_1_54' title='bbox 2006 758 2306 818; x_wconf 86' lang='lat' dir='ltr'>Videntes</span> <span class='ocrx_word' id='word_1_55' title='bbox 2366 758 2657 833; x_wconf 87' lang='lat' dir='ltr'>Romani,</span> <span class='ocrx_word' id='word_1_56' title='bbox 2704 760 2877 838; x_wconf 88' lang='lat' dir='ltr'>quod</span> <span class='ocrx_word' id='word_1_57' title='bbox 2934 761 3231 823; x_wconf 83' lang='lat' dir='ltr'>movisset</span> <span class='ocrx_word' id='word_1_58' title='bbox 3276 761 3349 843; x_wconf 79' lang='grc' dir='ltr'>(ο)</span> <span class='ocrx_word' id='word_1_59' title='bbox 3395 763 3595 837; x_wconf 81' lang='lat' dir='ltr'>navis,</span> <span class='ocrx_word' id='word_1_60' title='bbox 3645 764 3714 826; x_wconf 89' lang='lat' dir='ltr'>in</span> 
     </span>
    </p>
   </div>
   <div class='ocr_carea' id='block_1_6' title="bbox 461 864 3719 946">
    <p class='ocr_par' dir='ltr' id='par_1_6' title="bbox 461 864 3719 946">
     <span class='ocr_line' id='line_1_6' title="bbox 461 864 3719 946; baseline 0.002 -19"><span class='ocrx_word' id='word_1_61' title='bbox 461 885 587 945; x_wconf 91' lang='lat' dir='ltr'>qua</span> <span class='ocrx_word' id='word_1_62' title='bbox 631 866 888 927; x_wconf 82' lang='lat' dir='ltr'>sedebat</span> <span class='ocrx_word' id='word_1_63' title='bbox 929 864 1215 943; x_wconf 87' lang='lat' dir='ltr'>Vigilius,</span> <span class='ocrx_word' id='word_1_64' title='bbox 1263 870 1411 925; x_wconf 91' lang='lat' dir='ltr'>tunc</span> <span class='ocrx_word' id='word_1_65' title='bbox 1453 864 1643 944; x_wconf 76' lang='lat' dir='ltr'>C(Bpit</span> <span class='ocrx_word' id='word_1_66' title='bbox 1686 864 1958 944; x_wconf 91' lang='lat' dir='ltr'>populus</span> <span class='ocrx_word' id='word_1_67' title='bbox 2009 864 2252 944; x_wconf 82' lang='lat' dir='ltr'>jactare</span> <span class='ocrx_word' id='word_1_68' title='bbox 2315 870 2457 945; x_wconf 89' lang='lat' dir='ltr'>post</span> <span class='ocrx_word' id='word_1_69' title='bbox 2517 884 2661 927; x_wconf 93' lang='lat' dir='ltr'>eum</span> <span class='ocrx_word' id='word_1_70' title='bbox 2724 866 2989 946; x_wconf 87' lang='lat' dir='ltr'>lapides,</span> <span class='ocrx_word' id='word_1_71' title='bbox 3047 868 3265 944; x_wconf 85' lang='lat' dir='ltr'>fustes,</span> <span class='ocrx_word' id='word_1_72' title='bbox 3312 869 3603 946; x_wconf 90' lang='lat' dir='ltr'>cacabos,</span> <span class='ocrx_word' id='word_1_73' title='bbox 3651 877 3719 933; x_wconf 91' lang='lat' dir='ltr'>et</span> 
     </span>
    </p>
   </div>
   <div class='ocr_carea' id='block_1_7' title="bbox 460 971 3716 1048">
    <p class='ocr_par' dir='ltr' id='par_1_7' title="bbox 460 971 3716 1048">
     <span class='ocr_line' id='line_1_7' title="bbox 460 971 3716 1048; baseline 0.001 -13"><span class='ocrx_word' id='word_1_74' title='bbox 460 975 665 1035; x_wconf 89' lang='lat' dir='ltr'>dicere</span> <span class='ocrx_word' id='word_1_75' title='bbox 715 991 727 1032; x_wconf 89' lang='lat'>:</span> <span class='ocrx_word' id='word_1_76' title='bbox 778 975 998 1033; x_wconf 85' lang='lat' dir='ltr'>Fames</span> <span class='ocrx_word' id='word_1_77' title='bbox 1043 979 1152 1033; x_wconf 92' lang='lat' dir='ltr'>tua</span> <span class='ocrx_word' id='word_1_78' title='bbox 1195 977 1425 1044; x_wconf 91' lang='lat' dir='ltr'>tecum,</span> <span class='ocrx_word' id='word_1_79' title='bbox 1473 971 1825 1032; x_wconf 88' lang='lat' dir='ltr'>mortalitas</span> <span class='ocrx_word' id='word_1_80' title='bbox 1870 972 2076 1032; x_wconf 79' lang='lat' dir='ltr'>tecum</span> <span class='ocrx_word' id='word_1_81' title='bbox 2125 989 2138 1031; x_wconf 91' lang='lat'><strong>:</strong></span> <span class='ocrx_word' id='word_1_82' title='bbox 2189 972 2352 1033; x_wconf 91' lang='lat' dir='ltr'>male</span> <span class='ocrx_word' id='word_1_83' title='bbox 2395 972 2597 1033; x_wconf 86' lang='lat' dir='ltr'>fecisti</span> <span class='ocrx_word' id='word_1_84' title='bbox 2654 974 2974 1048; x_wconf 78' lang='lat' dir='ltr'>Romanis,</span> <span class='ocrx_word' id='word_1_85' title='bbox 3035 975 3199 1036; x_wconf 90' lang='lat' dir='ltr'>male</span> <span class='ocrx_word' id='word_1_86' title='bbox 3259 975 3547 1039; x_wconf 87' lang='lat' dir='ltr'>invenias</span> <span class='ocrx_word' id='word_1_87' title='bbox 3601 997 3716 1039; x_wconf 84' lang='lat' dir='ltr'>va-</span> 
     </span>
    </p>
   </div>
   <div class='ocr_carea' id='block_1_8' title="bbox 459 1078 2726 1160">
    <p class='ocr_par' dir='ltr' id='par_1_8' title="bbox 459 1078 2726 1160">
     <span class='ocr_line' id='line_1_8' title="bbox 459 1078 2726 1160; baseline -0.001 -18"><span class='ocrx_word' id='word_1_88' title='bbox 459 1084 576 1143; x_wconf 90' lang='lat' dir='ltr'>dis.</span> <span class='ocrx_word' id='word_1_89' title='bbox 622 1084 700 1142; x_wconf 89' lang='lat' dir='ltr'>Et</span> <span class='ocrx_word' id='word_1_90' title='bbox 742 1081 995 1160; x_wconf 88' lang='lat' dir='ltr'>quidem</span> <span class='ocrx_word' id='word_1_91' title='bbox 1044 1079 1128 1159; x_wconf 86' lang='lat' dir='ltr'>(d)</span> <span class='ocrx_word' id='word_1_92' title='bbox 1170 1085 1483 1140; x_wconf 87' lang='lat' dir='ltr'>amatores</span> <span class='ocrx_word' id='word_1_93' title='bbox 1527 1078 1661 1157; x_wconf 91' lang='lat' dir='ltr'>ejus</span> <span class='ocrx_word' id='word_1_94' title='bbox 1704 1079 1900 1139; x_wconf 90' lang='lat' dir='ltr'>secuti</span> <span class='ocrx_word' id='word_1_95' title='bbox 1943 1098 2083 1139; x_wconf 93' lang='lat' dir='ltr'>eum</span> <span class='ocrx_word' id='word_1_96' title='bbox 2131 1085 2278 1139; x_wconf 90' lang='lat' dir='ltr'>sunt</span> <span class='ocrx_word' id='word_1_97' title='bbox 2319 1080 2395 1139; x_wconf 92' lang='lat' dir='ltr'>de</span> <span class='ocrx_word' id='word_1_98' title='bbox 2440 1079 2726 1141; x_wconf 89' lang='lat' dir='ltr'>ecclesia.</span> 
     </span>
    </p>
   </div>
   <div class='ocr_carea' id='block_1_9' title="bbox 543 1188 3720 1268">
    <p class='ocr_par' dir='ltr' id='par_1_9' title="bbox 543 1188 3720 1268">
     <span class='ocr_line' id='line_1_9' title="bbox 543 1188 3720 1268; baseline 0.001 -17"><span class='ocrx_word' id='word_1_99' title='bbox 543 1199 705 1251; x_wconf 70' lang='lat'>105</span> <span class='ocrx_word' id='word_1_100' title='bbox 751 1190 869 1262; x_wconf 88' lang='lat' dir='ltr'>Qui</span> <span class='ocrx_word' id='word_1_101' title='bbox 910 1189 1226 1267; x_wconf 89' lang='lat' dir='ltr'>ingressus</span> <span class='ocrx_word' id='word_1_102' title='bbox 1268 1188 1545 1249; x_wconf 90' lang='lat' dir='ltr'>Siciliam</span> <span class='ocrx_word' id='word_1_103' title='bbox 1591 1188 1655 1247; x_wconf 90' lang='lat' dir='ltr'>in</span> <span class='ocrx_word' id='word_1_104' title='bbox 1699 1188 2018 1248; x_wconf 91' lang='lat' dir='ltr'>civitatem</span> <span class='ocrx_word' id='word_1_105' title='bbox 2060 1189 2497 1261; x_wconf 90' lang='lat' dir='ltr'>Catanensem,</span> <span class='ocrx_word' id='word_1_106' title='bbox 2555 1189 2895 1268; x_wconf 88' lang='lat' dir='ltr'>permissus</span> <span class='ocrx_word' id='word_1_107' title='bbox 2956 1195 3051 1251; x_wconf 90' lang='lat' dir='ltr'>est</span> <span class='ocrx_word' id='word_1_108' title='bbox 3104 1191 3311 1253; x_wconf 89' lang='lat' dir='ltr'>facere</span> <span class='ocrx_word' id='word_1_109' title='bbox 3362 1191 3720 1256; x_wconf 89' lang='lat' dir='ltr'>ordinatio-</span> 
     </span>
    </p>
   </div>
   <div class='ocr_carea' id='block_1_10' title="bbox 460 1294 3721 1377">
    <p class='ocr_par' dir='ltr' id='par_1_10' title="bbox 460 1294 3721 1377">
     <span class='ocr_line' id='line_1_10' title="bbox 460 1294 3721 1377; baseline 0 -17"><span class='ocrx_word' id='word_1_110' title='bbox 460 1318 602 1360; x_wconf 91' lang='lat' dir='ltr'>nem</span> <span class='ocrx_word' id='word_1_111' title='bbox 648 1316 761 1377; x_wconf 91' lang='lat' dir='ltr'>per</span> <span class='ocrx_word' id='word_1_112' title='bbox 805 1315 1080 1357; x_wconf 90' lang='lat' dir='ltr'>mensem</span> <span class='ocrx_word' id='word_1_113' title='bbox 1124 1294 1485 1355; x_wconf 89' lang='lat' dir='ltr'>Decembris</span> <span class='ocrx_word' id='word_1_114' title='bbox 1530 1294 1928 1374; x_wconf 88' lang='lat' dir='ltr'>presbyteros</span> <span class='ocrx_word' id='word_1_115' title='bbox 1971 1300 2032 1354; x_wconf 90' lang='lat' dir='ltr'>et</span> <span class='ocrx_word' id='word_1_116' title='bbox 2074 1294 2393 1368; x_wconf 89' lang='lat' dir='ltr'>diaconos,</span> <span class='ocrx_word' id='word_1_117' title='bbox 2420 1294 2483 1354; x_wconf 92' lang='lat' dir='ltr'>in</span> <span class='ocrx_word' id='word_1_118' title='bbox 2528 1295 2757 1374; x_wconf 89' lang='lat' dir='ltr'>quibus</span> <span class='ocrx_word' id='word_1_119' title='bbox 2802 1297 3220 1358; x_wconf 90' lang='lat' dir='ltr'>retransmisit</span> <span class='ocrx_word' id='word_1_120' title='bbox 3262 1301 3528 1360; x_wconf 82' lang='lat' dir='ltr'>Romam</span> <span class='ocrx_word' id='word_1_121' title='bbox 3572 1301 3721 1362; x_wconf 79' lang='lat' dir='ltr'>Am-</span> 
     </span>
    </p>
   </div>
   <div class='ocr_carea' id='block_1_11' title="bbox 459 1400 3720 1488">
    <p class='ocr_par' dir='ltr' id='par_1_11' title="bbox 459 1400 3720 1488">
     <span class='ocr_line' id='line_1_11' title="bbox 459 1400 3720 1488; baseline 0.001 -22"><span class='ocrx_word' id='word_1_122' title='bbox 459 1406 724 1485; x_wconf 90' lang='lat' dir='ltr'>pliatum</span> <span class='ocrx_word' id='word_1_123' title='bbox 771 1404 1227 1484; x_wconf 88' lang='lat' dir='ltr'>presbyterum,</span> <span class='ocrx_word' id='word_1_124' title='bbox 1276 1409 1340 1462; x_wconf 88' lang='lat' dir='ltr'>et</span> <span class='ocrx_word' id='word_1_125' title='bbox 1380 1401 1840 1461; x_wconf 90' lang='lat' dir='ltr'>vicedominum</span> <span class='ocrx_word' id='word_1_126' title='bbox 1886 1419 2093 1473; x_wconf 90' lang='lat' dir='ltr'>suum,</span> <span class='ocrx_word' id='word_1_127' title='bbox 2140 1407 2203 1461; x_wconf 95' lang='lat' dir='ltr'>et</span> <span class='ocrx_word' id='word_1_128' title='bbox 2244 1400 2646 1461; x_wconf 86' lang='lat' dir='ltr'>Valentinum</span> <span class='ocrx_word' id='word_1_129' title='bbox 2691 1402 3083 1483; x_wconf 89' lang='lat' dir='ltr'>episcopum,</span> <span class='ocrx_word' id='word_1_130' title='bbox 3130 1423 3168 1466; x_wconf 94' lang='lat' dir='ltr'>a</span> <span class='ocrx_word' id='word_1_131' title='bbox 3211 1410 3429 1466; x_wconf 86' lang='lat' dir='ltr'>sancta</span> <span class='ocrx_word' id='word_1_132' title='bbox 3473 1406 3548 1488; x_wconf 74' lang='grc' dir='ltr'>(ε)</span> <span class='ocrx_word' id='word_1_133' title='bbox 3594 1408 3720 1468; x_wconf 89' lang='lat' dir='ltr'>Ru-</span> 
     </span>
    </p>
   </div>
   <div class='ocr_carea' id='block_1_12' title="bbox 462 1506 3717 1587">
    <p class='ocr_par' dir='ltr' id='par_1_12' title="bbox 462 1506 3717 1587">
     <span class='ocr_line' id='line_1_12' title="bbox 462 1506 3717 1587; baseline 0 -13"><span class='ocrx_word' id='word_1_134' title='bbox 462 1514 611 1587; x_wconf 78' lang='lat' dir='ltr'>fina,</span> <span class='ocrx_word' id='word_1_135' title='bbox 658 1519 720 1573; x_wconf 92' lang='lat' dir='ltr'>et</span> <span class='ocrx_word' id='word_1_136' title='bbox 762 1511 1073 1582; x_wconf 90' lang='lat' dir='ltr'>Secunda,</span> <span class='ocrx_word' id='word_1_137' title='bbox 1121 1510 1199 1570; x_wconf 92' lang='lat' dir='ltr'>ad</span> <span class='ocrx_word' id='word_1_138' title='bbox 1244 1508 1724 1570; x_wconf 90' lang='lat' dir='ltr'>custodiendum</span> <span class='ocrx_word' id='word_1_139' title='bbox 1785 1508 2110 1568; x_wconf 88' lang='lat' dir='ltr'>Lateranis</span> <span class='ocrx_word' id='word_1_140' title='bbox 2152 1506 2260 1587; x_wconf 67' lang='grc' dir='ltr'>(Γ),</span> <span class='ocrx_word' id='word_1_141' title='bbox 2308 1513 2371 1569; x_wconf 91' lang='lat' dir='ltr'>et</span> <span class='ocrx_word' id='word_1_142' title='bbox 2413 1508 2898 1586; x_wconf 88' lang='lat' dir='ltr'>gubernandum</span> <span class='ocrx_word' id='word_1_143' title='bbox 2960 1511 3222 1572; x_wconf 89' lang='lat' dir='ltr'>clerum.</span> <span class='ocrx_word' id='word_1_144' title='bbox 3281 1514 3362 1574; x_wconf 81' lang='lat' dir='ltr'>Et</span> <span class='ocrx_word' id='word_1_145' title='bbox 3419 1512 3563 1576; x_wconf 90' lang='lat' dir='ltr'>vale</span> <span class='ocrx_word' id='word_1_146' title='bbox 3614 1513 3717 1575; x_wconf 81' lang='lat' dir='ltr'>fa-</span> 
     </span>
    </p>
   </div>
   <div class='ocr_carea' id='block_1_13' title="bbox 379 1614 3716 1695">
    <p class='ocr_par' dir='ltr' id='par_1_13' title="bbox 379 1614 3716 1695">
     <span class='ocr_line' id='line_1_13' title="bbox 379 1614 3716 1695; baseline 0.001 -16"><span class='ocrx_word' id='word_1_147' title='bbox 379 1623 415 1679; x_wconf 86' lang='lat'><strong>5</strong></span> <span class='ocrx_word' id='word_1_148' title='bbox 458 1621 631 1682; x_wconf 89' lang='lat' dir='ltr'>ciens</span> <span class='ocrx_word' id='word_1_149' title='bbox 672 1620 989 1689; x_wconf 84' lang='lat' dir='ltr'>omnibus,</span> <span class='ocrx_word' id='word_1_150' title='bbox 1035 1618 1351 1695; x_wconf 88' lang='lat' dir='ltr'>ingressus</span> <span class='ocrx_word' id='word_1_151' title='bbox 1394 1622 1487 1676; x_wconf 90' lang='lat' dir='ltr'>est</span> <span class='ocrx_word' id='word_1_152' title='bbox 1528 1614 2139 1693; x_wconf 88' lang='lat' dir='ltr'>Constantinopolim</span> <span class='ocrx_word' id='word_1_153' title='bbox 2183 1614 2248 1674; x_wconf 88' lang='lat' dir='ltr'>in</span> <span class='ocrx_word' id='word_1_154' title='bbox 2292 1614 2519 1694; x_wconf 86' lang='lat' dir='ltr'>Vigilia</span> <span class='ocrx_word' id='word_1_155' title='bbox 2561 1616 2813 1676; x_wconf 93' lang='lat' dir='ltr'>Domini</span> <span class='ocrx_word' id='word_1_156' title='bbox 2859 1617 3058 1678; x_wconf 88' lang='lat' dir='ltr'>nostri</span> <span class='ocrx_word' id='word_1_157' title='bbox 3097 1618 3245 1679; x_wconf 86' lang='lat' dir='ltr'>Jesu</span> <span class='ocrx_word' id='word_1_158' title='bbox 3291 1617 3547 1680; x_wconf 90' lang='lat' dir='ltr'>Christi.</span> <span class='ocrx_word' id='word_1_159' title='bbox 3595 1619 3716 1683; x_wconf 91' lang='lat' dir='ltr'>Ob-</span> 
     </span>
    </p>
   </div>
   <div class='ocr_carea' id='block_1_14' title="bbox 459 1722 3707 1803">
    <p class='ocr_par' dir='ltr' id='par_1_14' title="bbox 459 1722 3707 1803">
     <span class='ocr_line' id='line_1_14' title="bbox 459 1722 3707 1803; baseline 0 -15"><span class='ocrx_word' id='word_1_160' title='bbox 459 1728 596 1788; x_wconf 91' lang='lat' dir='ltr'>vius</span> <span class='ocrx_word' id='word_1_161' title='bbox 638 1733 731 1787; x_wconf 89' lang='lat' dir='ltr'>est</span> <span class='ocrx_word' id='word_1_162' title='bbox 774 1727 829 1785; x_wconf 92' lang='lat' dir='ltr'>ei</span> <span class='ocrx_word' id='word_1_163' title='bbox 872 1726 1235 1803; x_wconf 86' lang='lat' dir='ltr'>imperator,</span> <span class='ocrx_word' id='word_1_164' title='bbox 1283 1728 1344 1781; x_wconf 93' lang='lat' dir='ltr'>et</span> <span class='ocrx_word' id='word_1_165' title='bbox 1385 1722 1738 1781; x_wconf 87' lang='lat' dir='ltr'>osculantes</span> <span class='ocrx_word' id='word_1_166' title='bbox 1781 1739 1845 1781; x_wconf 90' lang='lat' dir='ltr'>se</span> <span class='ocrx_word' id='word_1_167' title='bbox 1890 1727 2219 1799; x_wconf 66' lang='lat' dir='ltr'>coeperunt</span> <span class='ocrx_word' id='word_1_168' title='bbox 2260 1722 2431 1795; x_wconf 81' lang='lat' dir='ltr'>flere,</span> <span class='ocrx_word' id='word_1_169' title='bbox 2494 1727 2555 1782; x_wconf 90' lang='lat' dir='ltr'>et</span> <span class='ocrx_word' id='word_1_170' title='bbox 2611 1722 2789 1801; x_wconf 90' lang='lat' dir='ltr'>plebs</span> <span class='ocrx_word' id='word_1_171' title='bbox 2850 1722 2959 1785; x_wconf 91' lang='lat' dir='ltr'>illa</span> <span class='ocrx_word' id='word_1_172' title='bbox 3020 1724 3328 1803; x_wconf 89' lang='lat' dir='ltr'>psallebat</span> <span class='ocrx_word' id='word_1_173' title='bbox 3369 1731 3519 1788; x_wconf 86' lang='lat' dir='ltr'>ante</span> <span class='ocrx_word' id='word_1_174' title='bbox 3563 1745 3707 1788; x_wconf 89' lang='lat' dir='ltr'>eum</span> 
     </span>
    </p>
   </div>
   <div class='ocr_carea' id='block_1_15' title="bbox 456 1827 3221 1913">
    <p class='ocr_par' dir='ltr' id='par_1_15' title="bbox 456 1827 3221 1913">
     <span class='ocr_line' id='line_1_15' title="bbox 456 1827 3221 1913; baseline -0.001 -19"><span class='ocrx_word' id='word_1_175' title='bbox 456 1851 654 1913; x_wconf 90' lang='lat' dir='ltr'>usque</span> <span class='ocrx_word' id='word_1_176' title='bbox 698 1832 776 1891; x_wconf 86' lang='lat' dir='ltr'>ad</span> <span class='ocrx_word' id='word_1_177' title='bbox 820 1830 1146 1891; x_wconf 90' lang='lat' dir='ltr'>ecclesiam</span> <span class='ocrx_word' id='word_1_178' title='bbox 1189 1834 1421 1889; x_wconf 71' lang='lat' dir='ltr'>sanctae</span> <span class='ocrx_word' id='word_1_179' title='bbox 1467 1827 1720 1907; x_wconf 71' lang='lat' dir='ltr'>Sophim</span> <span class='ocrx_word' id='word_1_180' title='bbox 1767 1845 1780 1887; x_wconf 93' lang='lat'>:</span> <span class='ocrx_word' id='word_1_181' title='bbox 1829 1829 1986 1888; x_wconf 89' lang='lat' dir='ltr'>Ecce</span> <span class='ocrx_word' id='word_1_182' title='bbox 2030 1828 2285 1889; x_wconf 89' lang='lat' dir='ltr'>advenit</span> <span class='ocrx_word' id='word_1_183' title='bbox 2327 1827 2690 1890; x_wconf 91' lang='lat' dir='ltr'>dominator</span> <span class='ocrx_word' id='word_1_184' title='bbox 2730 1831 3052 1907; x_wconf 88' lang='lat' dir='ltr'>Dominus,</span> <span class='ocrx_word' id='word_1_185' title='bbox 3102 1837 3221 1893; x_wconf 89' lang='lat' dir='ltr'>etc.</span> 
     </span>
    </p>
   </div>
   <div class='ocr_carea' id='block_1_16' title="bbox 542 1935 3712 2019">
    <p class='ocr_par' dir='ltr' id='par_1_16' title="bbox 542 1935 3712 2019">
     <span class='ocr_line' id='line_1_16' title="bbox 542 1935 3712 2019; baseline 0 -19"><span class='ocrx_word' id='word_1_186' title='bbox 542 1948 705 2001; x_wconf 68' lang='lat'>106</span> <span class='ocrx_word' id='word_1_187' title='bbox 746 1941 865 1999; x_wconf 90' lang='lat' dir='ltr'>Per</span> <span class='ocrx_word' id='word_1_188' title='bbox 908 1937 1230 1999; x_wconf 91' lang='lat' dir='ltr'>biennium</span> <span class='ocrx_word' id='word_1_189' title='bbox 1274 1955 1422 1997; x_wconf 89' lang='lat' dir='ltr'>vero</span> <span class='ocrx_word' id='word_1_190' title='bbox 1467 1936 1723 1995; x_wconf 84' lang='lat' dir='ltr'>fuerunt</span> <span class='ocrx_word' id='word_1_191' title='bbox 1779 1935 2215 1995; x_wconf 86' lang='lat' dir='ltr'>contentiones</span> <span class='ocrx_word' id='word_1_192' title='bbox 2272 1936 2350 1996; x_wconf 92' lang='lat' dir='ltr'>de</span> <span class='ocrx_word' id='word_1_193' title='bbox 2415 1936 2714 1997; x_wconf 88' lang='lat' dir='ltr'>Anthimo</span> <span class='ocrx_word' id='word_1_194' title='bbox 2759 1937 3148 2016; x_wconf 89' lang='lat' dir='ltr'>patriarcha,</span> <span class='ocrx_word' id='word_1_195' title='bbox 3193 1939 3519 2018; x_wconf 92' lang='lat' dir='ltr'>quomodo</span> <span class='ocrx_word' id='word_1_196' title='bbox 3564 1958 3712 2019; x_wconf 84' lang='lat' dir='ltr'>pro-</span> 
     </span>
    </p>
   </div>
   <div class='ocr_carea' id='block_1_17' title="bbox 457 2041 3709 2126">
    <p class='ocr_par' dir='ltr' id='par_1_17' title="bbox 457 2041 3709 2126">
     <span class='ocr_line' id='line_1_17' title="bbox 457 2041 3709 2126; baseline -0 -17"><span class='ocrx_word' id='word_1_197' title='bbox 457 2048 728 2109; x_wconf 82' lang='lat' dir='ltr'>misisset</span> <span class='ocrx_word' id='word_1_198' title='bbox 766 2064 910 2107; x_wconf 92' lang='lat' dir='ltr'>eum</span> <span class='ocrx_word' id='word_1_199' title='bbox 954 2045 1017 2105; x_wconf 91' lang='lat' dir='ltr'>in</span> <span class='ocrx_word' id='word_1_200' title='bbox 1064 2046 1270 2105; x_wconf 90' lang='lat' dir='ltr'>locum</span> <span class='ocrx_word' id='word_1_201' title='bbox 1334 2062 1514 2104; x_wconf 92' lang='lat' dir='ltr'>suum</span> <span class='ocrx_word' id='word_1_202' title='bbox 1576 2043 1923 2114; x_wconf 85' lang='lat' dir='ltr'>restituere,</span> <span class='ocrx_word' id='word_1_203' title='bbox 1970 2041 2323 2102; x_wconf 88' lang='lat' dir='ltr'>cautionem</span> <span class='ocrx_word' id='word_1_204' title='bbox 2371 2060 2593 2103; x_wconf 89' lang='lat' dir='ltr'>manus</span> <span class='ocrx_word' id='word_1_205' title='bbox 2636 2062 2765 2103; x_wconf 77' lang='lat' dir='ltr'>suae</span> <span class='ocrx_word' id='word_1_206' title='bbox 2828 2044 2883 2104; x_wconf 94' lang='lat' dir='ltr'>ei</span> <span class='ocrx_word' id='word_1_207' title='bbox 2943 2045 3345 2107; x_wconf 87' lang='lat' dir='ltr'>ostendentes</span> <span class='ocrx_word' id='word_1_208' title='bbox 3388 2046 3709 2126; x_wconf 91' lang='lat' dir='ltr'>quomodo</span> 
     </span>
    </p>
   </div>
   <div class='ocr_carea' id='block_1_18' title="bbox 458 2149 3710 2237">
    <p class='ocr_par' dir='ltr' id='par_1_18' title="bbox 458 2149 3710 2237">
     <span class='ocr_line' id='line_1_18' title="bbox 458 2149 3710 2237; baseline 0 -21"><span class='ocrx_word' id='word_1_209' title='bbox 458 2156 831 2237; x_wconf 89' lang='lat' dir='ltr'>promiserat</span> <span class='ocrx_word' id='word_1_210' title='bbox 872 2171 1014 2213; x_wconf 92' lang='lat' dir='ltr'>eum</span> <span class='ocrx_word' id='word_1_211' title='bbox 1058 2152 1120 2211; x_wconf 94' lang='lat' dir='ltr'>in</span> <span class='ocrx_word' id='word_1_212' title='bbox 1166 2151 1450 2210; x_wconf 89' lang='lat' dir='ltr'>ordinem</span> <span class='ocrx_word' id='word_1_213' title='bbox 1495 2168 1675 2209; x_wconf 89' lang='lat' dir='ltr'>suum</span> <span class='ocrx_word' id='word_1_214' title='bbox 1723 2167 2038 2209; x_wconf 88' lang='lat' dir='ltr'>revocare.</span> <span class='ocrx_word' id='word_1_215' title='bbox 2088 2149 2210 2210; x_wconf 92' lang='lat' dir='ltr'>Sed</span> <span class='ocrx_word' id='word_1_216' title='bbox 2262 2150 2526 2229; x_wconf 85' lang='lat' dir='ltr'>Vigilius</span> <span class='ocrx_word' id='word_1_217' title='bbox 2579 2150 2942 2211; x_wconf 86' lang='lat' dir='ltr'>nullatenus</span> <span class='ocrx_word' id='word_1_218' title='bbox 3000 2152 3089 2213; x_wconf 91' lang='lat' dir='ltr'>eis</span> <span class='ocrx_word' id='word_1_219' title='bbox 3148 2152 3349 2213; x_wconf 90' lang='lat' dir='ltr'>voluit</span> <span class='ocrx_word' id='word_1_220' title='bbox 3389 2152 3710 2217; x_wconf 77' lang='lat' dir='ltr'>consenti-</span> 
     </span>
    </p>
   </div>
   <div class='ocr_carea' id='block_1_19' title="bbox 458 2255 3711 2338">
    <p class='ocr_par' dir='ltr' id='par_1_19' title="bbox 458 2255 3711 2338">
     <span class='ocr_line' id='line_1_19' title="bbox 458 2255 3711 2338; baseline -0.002 -14"><span class='ocrx_word' id='word_1_221' title='bbox 458 2282 547 2336; x_wconf 90' lang='lat' dir='ltr'>re,</span> <span class='ocrx_word' id='word_1_222' title='bbox 594 2262 700 2321; x_wconf 91' lang='lat' dir='ltr'>sed</span> <span class='ocrx_word' id='word_1_223' title='bbox 746 2265 923 2320; x_wconf 87' lang='lat' dir='ltr'>tanta</span> <span class='ocrx_word' id='word_1_224' title='bbox 966 2257 1298 2317; x_wconf 91' lang='lat' dir='ltr'>roboratus</span> <span class='ocrx_word' id='word_1_225' title='bbox 1340 2256 1570 2315; x_wconf 90' lang='lat' dir='ltr'>virtute</span> <span class='ocrx_word' id='word_1_226' title='bbox 1632 2256 1831 2333; x_wconf 85' lang='lat' dir='ltr'>magis</span> <span class='ocrx_word' id='word_1_227' title='bbox 1888 2255 2047 2315; x_wconf 92' lang='lat' dir='ltr'>mori</span> <span class='ocrx_word' id='word_1_228' title='bbox 2109 2255 2529 2328; x_wconf 88' lang='lat' dir='ltr'>desiderabat,</span> <span class='ocrx_word' id='word_1_229' title='bbox 2576 2275 2767 2335; x_wconf 91' lang='lat' dir='ltr'>quam</span> <span class='ocrx_word' id='word_1_230' title='bbox 2813 2257 3022 2319; x_wconf 87' lang='lat' dir='ltr'>vivere</span> <span class='ocrx_word' id='word_1_231' title='bbox 3064 2257 3176 2337; x_wconf 86' lang='lat' dir='ltr'>(g).</span> <span class='ocrx_word' id='word_1_232' title='bbox 3221 2260 3400 2320; x_wconf 91' lang='lat' dir='ltr'>Tune</span> <span class='ocrx_word' id='word_1_233' title='bbox 3443 2258 3711 2338; x_wconf 81' lang='lat' dir='ltr'>Vigilius</span> 
     </span>
    </p>
   </div>
   <div class='ocr_carea' id='block_1_20' title="bbox 378 2361 3709 2448">
    <p class='ocr_par' dir='ltr' id='par_1_20' title="bbox 378 2361 3709 2448">
     <span class='ocr_line' id='line_1_20' title="bbox 378 2361 3709 2448; baseline -0.001 -17"><span class='ocrx_word' id='word_1_234' title='bbox 378 2375 412 2431; x_wconf 86' lang='lat'><strong>5</strong></span> <span class='ocrx_word' id='word_1_235' title='bbox 461 2387 625 2448; x_wconf 87' lang='lat' dir='ltr'>papa</span> <span class='ocrx_word' id='word_1_236' title='bbox 667 2366 825 2426; x_wconf 87' lang='lat' dir='ltr'>dixit</span> <span class='ocrx_word' id='word_1_237' title='bbox 872 2383 885 2424; x_wconf 89' lang='lat'>:</span> <span class='ocrx_word' id='word_1_238' title='bbox 932 2368 1016 2426; x_wconf 91' lang='lat' dir='ltr'>Ut</span> <span class='ocrx_word' id='word_1_239' title='bbox 1058 2363 1261 2435; x_wconf 88' lang='lat' dir='ltr'>video,</span> <span class='ocrx_word' id='word_1_240' title='bbox 1310 2380 1435 2422; x_wconf 92' lang='lat' dir='ltr'>non</span> <span class='ocrx_word' id='word_1_241' title='bbox 1480 2380 1579 2422; x_wconf 91' lang='lat' dir='ltr'>me</span> <span class='ocrx_word' id='word_1_242' title='bbox 1625 2362 1905 2421; x_wconf 88' lang='lat' dir='ltr'>fecerunt</span> <span class='ocrx_word' id='word_1_243' title='bbox 1966 2361 2045 2421; x_wconf 91' lang='lat' dir='ltr'>ad</span> <span class='ocrx_word' id='word_1_244' title='bbox 2104 2366 2162 2421; x_wconf 89' lang='lat' dir='ltr'>te</span> <span class='ocrx_word' id='word_1_245' title='bbox 2220 2362 2432 2423; x_wconf 92' lang='lat' dir='ltr'>venire</span> <span class='ocrx_word' id='word_1_246' title='bbox 2489 2363 2906 2437; x_wconf 88' lang='lat' dir='ltr'>Justinianus,</span> <span class='ocrx_word' id='word_1_247' title='bbox 2954 2370 3017 2425; x_wconf 94' lang='lat' dir='ltr'>et</span> <span class='ocrx_word' id='word_1_248' title='bbox 3068 2364 3403 2428; x_wconf 78' lang='lat' dir='ltr'>Theodore</span> <span class='ocrx_word' id='word_1_249' title='bbox 3446 2365 3709 2446; x_wconf 88' lang='lat' dir='ltr'>piissimi</span> 
     </span>
    </p>
   </div>
   <div class='ocr_carea' id='block_1_21' title="bbox 459 2468 3709 2556">
    <p class='ocr_par' dir='ltr' id='par_1_21' title="bbox 459 2468 3709 2556">
     <span class='ocr_line' id='line_1_21' title="bbox 459 2468 3709 2556; baseline 0 -22"><span class='ocrx_word' id='word_1_250' title='bbox 459 2474 795 2556; x_wconf 87' lang='lat' dir='ltr'>principes,</span> <span class='ocrx_word' id='word_1_251' title='bbox 843 2471 949 2532; x_wconf 91' lang='lat' dir='ltr'>sed</span> <span class='ocrx_word' id='word_1_252' title='bbox 997 2470 1183 2531; x_wconf 89' lang='lat' dir='ltr'>hodie</span> <span class='ocrx_word' id='word_1_253' title='bbox 1240 2469 1367 2529; x_wconf 87' lang='lat' dir='ltr'>scio</span> <span class='ocrx_word' id='word_1_254' title='bbox 1429 2469 1596 2548; x_wconf 93' lang='lat' dir='ltr'>quod</span> <span class='ocrx_word' id='word_1_255' title='bbox 1640 2468 2095 2528; x_wconf 89' lang='lat' dir='ltr'>Diocletianum</span> <span class='ocrx_word' id='word_1_256' title='bbox 2143 2473 2204 2528; x_wconf 91' lang='lat' dir='ltr'>et</span> <span class='ocrx_word' id='word_1_257' title='bbox 2246 2468 2675 2530; x_wconf 90' lang='lat' dir='ltr'>Eleutheriam</span> <span class='ocrx_word' id='word_1_258' title='bbox 2720 2470 2968 2544; x_wconf 91' lang='lat' dir='ltr'>inveni;</span> <span class='ocrx_word' id='word_1_259' title='bbox 3015 2471 3201 2532; x_wconf 89' lang='lat' dir='ltr'>facite</span> <span class='ocrx_word' id='word_1_260' title='bbox 3245 2478 3317 2532; x_wconf 94' lang='lat' dir='ltr'>ut</span> <span class='ocrx_word' id='word_1_261' title='bbox 3360 2472 3575 2545; x_wconf 86' lang='lat' dir='ltr'>vultis,</span> <span class='ocrx_word' id='word_1_262' title='bbox 3621 2472 3709 2534; x_wconf 85' lang='lat' dir='ltr'>di-</span> 
     </span>
    </p>
   </div>
   <div class='ocr_carea' id='block_1_22' title="bbox 458 2575 3703 2661">
    <p class='ocr_par' dir='ltr' id='par_1_22' title="bbox 458 2575 3703 2661">
     <span class='ocr_line' id='line_1_22' title="bbox 458 2575 3703 2661; baseline -0 -20"><span class='ocrx_word' id='word_1_263' title='bbox 458 2600 584 2661; x_wconf 85' lang='lat' dir='ltr'>gna</span> <span class='ocrx_word' id='word_1_264' title='bbox 626 2580 792 2642; x_wconf 90' lang='lat' dir='ltr'>enim</span> <span class='ocrx_word' id='word_1_265' title='bbox 839 2579 1017 2638; x_wconf 89' lang='lat' dir='ltr'>factis</span> <span class='ocrx_word' id='word_1_266' title='bbox 1061 2577 1316 2657; x_wconf 87' lang='lat' dir='ltr'>recipio.</span> <span class='ocrx_word' id='word_1_267' title='bbox 1361 2579 1537 2637; x_wconf 89' lang='lat' dir='ltr'>Tunc</span> <span class='ocrx_word' id='word_1_268' title='bbox 1581 2575 1753 2635; x_wconf 88' lang='lat' dir='ltr'>dedit</span> <span class='ocrx_word' id='word_1_269' title='bbox 1809 2575 2060 2655; x_wconf 92' lang='lat' dir='ltr'>alapam</span> <span class='ocrx_word' id='word_1_270' title='bbox 2117 2575 2179 2635; x_wconf 93' lang='lat' dir='ltr'>in</span> <span class='ocrx_word' id='word_1_271' title='bbox 2236 2576 2457 2636; x_wconf 80' lang='lat' dir='ltr'>faciem</span> <span class='ocrx_word' id='word_1_272' title='bbox 2514 2575 2649 2655; x_wconf 90' lang='lat' dir='ltr'>ejus</span> <span class='ocrx_word' id='word_1_273' title='bbox 2703 2577 2962 2657; x_wconf 91' lang='lat' dir='ltr'>quidam</span> <span class='ocrx_word' id='word_1_274' title='bbox 3025 2578 3238 2639; x_wconf 90' lang='lat' dir='ltr'>dicens</span> <span class='ocrx_word' id='word_1_275' title='bbox 3284 2596 3298 2638; x_wconf 92' lang='lat'>:</span> <span class='ocrx_word' id='word_1_276' title='bbox 3347 2579 3703 2654; x_wconf 87' lang='lat' dir='ltr'>Homicida,</span> 
     </span>
    </p>
   </div>
   <div class='ocr_carea' id='block_1_23' title="bbox 458 2682 3708 2765">
    <p class='ocr_par' dir='ltr' id='par_1_23' title="bbox 458 2682 3708 2765">
     <span class='ocr_line' id='line_1_23' title="bbox 458 2682 3708 2765; baseline -0.001 -16"><span class='ocrx_word' id='word_1_277' title='bbox 458 2688 676 2764; x_wconf 89' lang='lat' dir='ltr'>nescis,</span> <span class='ocrx_word' id='word_1_278' title='bbox 726 2687 952 2765; x_wconf 88' lang='lat' dir='ltr'>quibus</span> <span class='ocrx_word' id='word_1_279' title='bbox 995 2685 1311 2764; x_wconf 86' lang='lat' dir='ltr'>loqueris?</span> <span class='ocrx_word' id='word_1_280' title='bbox 1353 2684 1560 2745; x_wconf 91' lang='lat' dir='ltr'>Nescis</span> <span class='ocrx_word' id='word_1_281' title='bbox 1604 2683 1753 2762; x_wconf 92' lang='lat' dir='ltr'>quia</span> <span class='ocrx_word' id='word_1_282' title='bbox 1797 2682 2127 2742; x_wconf 82' lang='lat' dir='ltr'>Silverium</span> <span class='ocrx_word' id='word_1_283' title='bbox 2176 2702 2407 2763; x_wconf 89' lang='lat' dir='ltr'>papam</span> <span class='ocrx_word' id='word_1_284' title='bbox 2453 2684 2755 2757; x_wconf 90' lang='lat' dir='ltr'>occidisti,</span> <span class='ocrx_word' id='word_1_285' title='bbox 2805 2690 2867 2745; x_wconf 92' lang='lat' dir='ltr'>et</span> <span class='ocrx_word' id='word_1_286' title='bbox 2908 2684 3108 2745; x_wconf 85' lang='lat' dir='ltr'>ﬁlium</span> <span class='ocrx_word' id='word_1_287' title='bbox 3167 2685 3448 2746; x_wconf 88' lang='lat' dir='ltr'>mulieris</span> <span class='ocrx_word' id='word_1_288' title='bbox 3501 2686 3708 2747; x_wconf 74' lang='lat' dir='ltr'>vidua:</span> 
     </span>
    </p>
   </div>
   <div class='ocr_carea' id='block_1_24' title="bbox 458 2789 3711 2871">
    <p class='ocr_par' dir='ltr' id='par_1_24' title="bbox 458 2789 3711 2871">
     <span class='ocr_line' id='line_1_24' title="bbox 458 2789 3711 2871; baseline -0.001 -15"><span class='ocrx_word' id='word_1_289' title='bbox 458 2796 537 2857; x_wconf 91' lang='lat' dir='ltr'>ad</span> <span class='ocrx_word' id='word_1_290' title='bbox 580 2795 781 2855; x_wconf 89' lang='lat' dir='ltr'>calces</span> <span class='ocrx_word' id='word_1_291' title='bbox 825 2798 887 2854; x_wconf 90' lang='lat' dir='ltr'>et</span> <span class='ocrx_word' id='word_1_292' title='bbox 928 2794 1122 2852; x_wconf 89' lang='lat' dir='ltr'>fustes</span> <span class='ocrx_word' id='word_1_293' title='bbox 1164 2790 1552 2851; x_wconf 76' lang='lat' dir='ltr'>interfecisti.</span> <span class='ocrx_word' id='word_1_294' title='bbox 1606 2792 1783 2850; x_wconf 88' lang='lat' dir='ltr'>Tunc</span> <span class='ocrx_word' id='word_1_295' title='bbox 1839 2789 2083 2867; x_wconf 78' lang='lat' dir='ltr'>fugiens</span> <span class='ocrx_word' id='word_1_296' title='bbox 2126 2789 2189 2849; x_wconf 94' lang='lat' dir='ltr'>in</span> <span class='ocrx_word' id='word_1_297' title='bbox 2236 2789 2563 2850; x_wconf 85' lang='lat' dir='ltr'>ecclesiam</span> <span class='ocrx_word' id='word_1_298' title='bbox 2626 2796 2860 2851; x_wconf 60' lang='lat' dir='ltr'>sanctae</span> <span class='ocrx_word' id='word_1_299' title='bbox 2921 2791 3310 2871; x_wconf 72' lang='lat' dir='ltr'>Euphemim,</span> <span class='ocrx_word' id='word_1_300' title='bbox 3359 2791 3565 2852; x_wconf 90' lang='lat' dir='ltr'>tenuit</span> <span class='ocrx_word' id='word_1_301' title='bbox 3608 2810 3711 2854; x_wconf 89' lang='lat' dir='ltr'>co-</span> 
     </span>
    </p>
   </div>
   <div class='ocr_carea' id='block_1_25' title="bbox 340 2894 3701 2977">
    <p class='ocr_par' dir='ltr' id='par_1_25' title="bbox 340 2894 3701 2977">
     <span class='ocr_line' id='line_1_25' title="bbox 340 2894 3701 2977; baseline -0.001 -13"><span class='ocrx_word' id='word_1_302' title='bbox 340 2905 415 2966; x_wconf 78' lang='grc'>10</span> <span class='ocrx_word' id='word_1_303' title='bbox 457 2904 737 2963; x_wconf 90' lang='lat' dir='ltr'>lumnam</span> <span class='ocrx_word' id='word_1_304' title='bbox 785 2899 1019 2961; x_wconf 90' lang='lat' dir='ltr'>altaris.</span> <span class='ocrx_word' id='word_1_305' title='bbox 1069 2899 1185 2970; x_wconf 86' lang='lat' dir='ltr'>Qui</span> <span class='ocrx_word' id='word_1_306' title='bbox 1229 2903 1463 2958; x_wconf 89' lang='lat' dir='ltr'>tractus</span> <span class='ocrx_word' id='word_1_307' title='bbox 1507 2902 1601 2957; x_wconf 90' lang='lat' dir='ltr'>est</span> <span class='ocrx_word' id='word_1_308' title='bbox 1643 2896 1723 2956; x_wconf 94' lang='lat' dir='ltr'>ab</span> <span class='ocrx_word' id='word_1_309' title='bbox 1768 2914 1864 2968; x_wconf 90' lang='lat' dir='ltr'>ea,</span> <span class='ocrx_word' id='word_1_310' title='bbox 1910 2901 1971 2956; x_wconf 91' lang='lat' dir='ltr'>et</span> <span class='ocrx_word' id='word_1_311' title='bbox 2014 2894 2250 2974; x_wconf 89' lang='lat' dir='ltr'>ejectus</span> <span class='ocrx_word' id='word_1_312' title='bbox 2293 2895 2444 2956; x_wconf 87' lang='lat' dir='ltr'>foris</span> <span class='ocrx_word' id='word_1_313' title='bbox 2484 2895 2569 2977; x_wconf 74' lang='lat' dir='ltr'>(li)</span> <span class='ocrx_word' id='word_1_314' title='bbox 2615 2897 2966 2958; x_wconf 85' lang='lat' dir='ltr'>ecclesiam.</span> <span class='ocrx_word' id='word_1_315' title='bbox 3013 2898 3309 2977; x_wconf 89' lang='lat' dir='ltr'>Fecitque</span> <span class='ocrx_word' id='word_1_316' title='bbox 3364 2897 3701 2960; x_wconf 86' lang='lat' dir='ltr'>Theodora</span> 
     </span>
    </p>
   </div>
   <div class='ocr_carea' id='block_1_26' title="bbox 454 3001 3692 3089">
    <p class='ocr_par' dir='ltr' id='par_1_26' title="bbox 454 3001 3692 3089">
     <span class='ocr_line' id='line_1_26' title="bbox 454 3001 3692 3089; baseline -0.002 -18"><span class='ocrx_word' id='word_1_317' title='bbox 454 3014 736 3089; x_wconf 85' lang='lat' dir='ltr'>Augusta</span> <span class='ocrx_word' id='word_1_318' title='bbox 780 3007 943 3067; x_wconf 89' lang='lat' dir='ltr'>mitti</span> <span class='ocrx_word' id='word_1_319' title='bbox 986 3008 1199 3066; x_wconf 86' lang='lat' dir='ltr'>funem</span> <span class='ocrx_word' id='word_1_320' title='bbox 1245 3005 1308 3065; x_wconf 92' lang='lat' dir='ltr'>in</span> <span class='ocrx_word' id='word_1_321' title='bbox 1356 3004 1584 3064; x_wconf 90' lang='lat' dir='ltr'>collum</span> <span class='ocrx_word' id='word_1_322' title='bbox 1630 3002 1785 3081; x_wconf 79' lang='lat' dir='ltr'>ejus,</span> <span class='ocrx_word' id='word_1_323' title='bbox 1835 3007 1897 3062; x_wconf 90' lang='lat' dir='ltr'>et</span> <span class='ocrx_word' id='word_1_324' title='bbox 1941 3001 2106 3063; x_wconf 86' lang='lat' dir='ltr'>trahi</span> <span class='ocrx_word' id='word_1_325' title='bbox 2150 3022 2262 3082; x_wconf 89' lang='lat' dir='ltr'>per</span> <span class='ocrx_word' id='word_1_326' title='bbox 2306 3007 2500 3062; x_wconf 92' lang='lat' dir='ltr'>totam</span> <span class='ocrx_word' id='word_1_327' title='bbox 2555 3002 2874 3062; x_wconf 91' lang='lat' dir='ltr'>civitatem</span> <span class='ocrx_word' id='word_1_328' title='bbox 2933 3023 3132 3084; x_wconf 90' lang='lat' dir='ltr'>usque</span> <span class='ocrx_word' id='word_1_329' title='bbox 3187 3005 3268 3065; x_wconf 92' lang='lat' dir='ltr'>ad</span> <span class='ocrx_word' id='word_1_330' title='bbox 3332 3022 3692 3085; x_wconf 88' lang='lat' dir='ltr'>vesperum.</span> 
     </span>
    </p>
   </div>
   <div class='ocr_carea' id='block_1_27' title="bbox 453 3108 3702 3189">
    <p class='ocr_par' dir='ltr' id='par_1_27' title="bbox 453 3108 3702 3189">
     <span class='ocr_line' id='line_1_27' title="bbox 453 3108 3702 3189; baseline -0.002 -10"><span class='ocrx_word' id='word_1_331' title='bbox 453 3122 628 3180; x_wconf 89' lang='lat' dir='ltr'>Tunc</span> <span class='ocrx_word' id='word_1_332' title='bbox 672 3116 894 3176; x_wconf 88' lang='lat' dir='ltr'>missus</span> <span class='ocrx_word' id='word_1_333' title='bbox 934 3120 1030 3175; x_wconf 90' lang='lat' dir='ltr'>est</span> <span class='ocrx_word' id='word_1_334' title='bbox 1070 3113 1132 3172; x_wconf 92' lang='lat' dir='ltr'>in</span> <span class='ocrx_word' id='word_1_335' title='bbox 1179 3111 1550 3183; x_wconf 89' lang='lat' dir='ltr'>custodiam,</span> <span class='ocrx_word' id='word_1_336' title='bbox 1597 3116 1661 3170; x_wconf 88' lang='lat' dir='ltr'>et</span> <span class='ocrx_word' id='word_1_337' title='bbox 1701 3109 1971 3169; x_wconf 85' lang='lat' dir='ltr'>dabatur</span> <span class='ocrx_word' id='word_1_338' title='bbox 2013 3108 2069 3170; x_wconf 92' lang='lat' dir='ltr'>ei</span> <span class='ocrx_word' id='word_1_339' title='bbox 2114 3109 2429 3171; x_wconf 92' lang='lat' dir='ltr'>modicum</span> <span class='ocrx_word' id='word_1_340' title='bbox 2475 3110 2655 3189; x_wconf 88' lang='lat' dir='ltr'>panis</span> <span class='ocrx_word' id='word_1_341' title='bbox 2697 3114 2761 3170; x_wconf 92' lang='lat' dir='ltr'>et</span> <span class='ocrx_word' id='word_1_342' title='bbox 2802 3127 3009 3189; x_wconf 72' lang='lat' dir='ltr'>aquae.</span> <span class='ocrx_word' id='word_1_343' title='bbox 3060 3110 3275 3172; x_wconf 89' lang='lat' dir='ltr'>Clerus</span> <span class='ocrx_word' id='word_1_344' title='bbox 3317 3118 3532 3173; x_wconf 88' lang='lat' dir='ltr'>autem</span> <span class='ocrx_word' id='word_1_345' title='bbox 3583 3114 3702 3175; x_wconf 87' lang='lat' dir='ltr'>Ro-</span> 
     </span>
    </p>
   </div>
   <div class='ocr_carea' id='block_1_28' title="bbox 457 3216 3702 3302">
    <p class='ocr_par' dir='ltr' id='par_1_28' title="bbox 457 3216 3702 3302">
     <span class='ocr_line' id='line_1_28' title="bbox 457 3216 3702 3302; baseline -0.002 -16"><span class='ocrx_word' id='word_1_346' title='bbox 457 3245 703 3298; x_wconf 93' lang='lat' dir='ltr'>manus,</span> <span class='ocrx_word' id='word_1_347' title='bbox 760 3222 865 3302; x_wconf 90' lang='lat' dir='ltr'>qui</span> <span class='ocrx_word' id='word_1_348' title='bbox 930 3239 1073 3282; x_wconf 91' lang='lat' dir='ltr'>cum</span> <span class='ocrx_word' id='word_1_349' title='bbox 1133 3238 1207 3280; x_wconf 93' lang='lat' dir='ltr'>eo</span> <span class='ocrx_word' id='word_1_350' title='bbox 1265 3223 1422 3295; x_wconf 89' lang='lat' dir='ltr'>erat,</span> <span class='ocrx_word' id='word_1_351' title='bbox 1486 3217 1658 3278; x_wconf 87' lang='lat' dir='ltr'>missi</span> <span class='ocrx_word' id='word_1_352' title='bbox 1714 3222 1864 3278; x_wconf 88' lang='lat' dir='ltr'>sunt</span> <span class='ocrx_word' id='word_1_353' title='bbox 1916 3217 1980 3276; x_wconf 92' lang='lat' dir='ltr'>in</span> <span class='ocrx_word' id='word_1_354' title='bbox 2040 3216 2325 3278; x_wconf 83' lang='lat' dir='ltr'>exsilium</span> <span class='ocrx_word' id='word_1_355' title='bbox 2392 3235 2506 3296; x_wconf 90' lang='lat' dir='ltr'>per</span> <span class='ocrx_word' id='word_1_356' title='bbox 2563 3216 2809 3277; x_wconf 90' lang='lat' dir='ltr'>diversa</span> <span class='ocrx_word' id='word_1_357' title='bbox 2868 3217 3026 3291; x_wconf 88' lang='lat' dir='ltr'>loca,</span> <span class='ocrx_word' id='word_1_358' title='bbox 3094 3217 3174 3278; x_wconf 92' lang='lat' dir='ltr'>ad</span> <span class='ocrx_word' id='word_1_359' title='bbox 3235 3218 3494 3280; x_wconf 89' lang='lat' dir='ltr'>metalla</span> <span class='ocrx_word' id='word_1_360' title='bbox 3556 3219 3702 3281; x_wconf 87' lang='lat' dir='ltr'>inci-</span> 
     </span>
    </p>
   </div>
   <div class='ocr_carea' id='block_1_29' title="bbox 456 3326 3319 3393">
    <p class='ocr_par' dir='ltr' id='par_1_29' title="bbox 456 3326 3319 3393">
     <span class='ocr_line' id='line_1_29' title="bbox 456 3326 3319 3393; baseline -0.005 -1"><span class='ocrx_word' id='word_1_361' title='bbox 456 3332 686 3393; x_wconf 90' lang='lat' dir='ltr'>denda.</span> <span class='ocrx_word' id='word_1_362' title='bbox 3314 3326 3319 3334; x_wconf 86' lang='lat'><strong><em>&#39;</em></strong></span> 
     </span>
    </p>
   </div>
   <div class='ocr_carea' id='block_1_30' title="bbox 543 3429 3704 3511">
    <p class='ocr_par' dir='ltr' id='par_1_30' title="bbox 543 3429 3704 3511">
     <span class='ocr_line' id='line_1_30' title="bbox 543 3429 3704 3511; baseline -0.001 -13"><span class='ocrx_word' id='word_1_363' title='bbox 543 3445 699 3498; x_wconf 73' lang='grc' dir='ltr'>ιθτ</span> <span class='ocrx_word' id='word_1_364' title='bbox 747 3439 924 3496; x_wconf 89' lang='lat' dir='ltr'>Tunc</span> <span class='ocrx_word' id='word_1_365' title='bbox 968 3432 1155 3496; x_wconf 87' lang='lat' dir='ltr'>Gothi</span> <span class='ocrx_word' id='word_1_366' title='bbox 1200 3433 1481 3492; x_wconf 89' lang='lat' dir='ltr'>fecerunt</span> <span class='ocrx_word' id='word_1_367' title='bbox 1522 3430 1641 3491; x_wconf 91' lang='lat' dir='ltr'>sibi</span> <span class='ocrx_word' id='word_1_368' title='bbox 1686 3448 1896 3509; x_wconf 82' lang='lat' dir='ltr'>regem</span> <span class='ocrx_word' id='word_1_369' title='bbox 1949 3430 2232 3490; x_wconf 90' lang='lat' dir='ltr'>Baduam</span> <span class='ocrx_word' id='word_1_370' title='bbox 2295 3430 2385 3511; x_wconf 84' lang='grc' dir='ltr'>(ι’),</span> <span class='ocrx_word' id='word_1_371' title='bbox 2447 3430 2557 3510; x_wconf 92' lang='lat' dir='ltr'>qui</span> <span class='ocrx_word' id='word_1_372' title='bbox 2611 3429 2816 3492; x_wconf 90' lang='lat' dir='ltr'>Totila</span> <span class='ocrx_word' id='word_1_373' title='bbox 2872 3430 3385 3511; x_wconf 85' lang='lat' dir='ltr'>nuncupabatur,</span> <span class='ocrx_word' id='word_1_374' title='bbox 3443 3436 3512 3494; x_wconf 87' lang='lat' dir='ltr'>et</span> <span class='ocrx_word' id='word_1_375' title='bbox 3567 3432 3704 3495; x_wconf 84' lang='lat' dir='ltr'>des-</span> 
     </span>
    </p>
   </div>
   <div class='ocr_carea' id='block_1_31' title="bbox 456 3537 3706 3612">
    <p class='ocr_par' dir='ltr' id='par_1_31' title="bbox 456 3537 3706 3612">
     <span class='ocr_line' id='line_1_31' title="bbox 456 3537 3706 3612; baseline -0.001 -7"><span class='ocrx_word' id='word_1_376' title='bbox 456 3545 667 3606; x_wconf 91' lang='lat' dir='ltr'>cendit</span> <span class='ocrx_word' id='word_1_377' title='bbox 705 3546 990 3612; x_wconf 90' lang='lat' dir='ltr'>Romam,</span> <span class='ocrx_word' id='word_1_378' title='bbox 1024 3546 1089 3601; x_wconf 94' lang='lat' dir='ltr'>et</span> <span class='ocrx_word' id='word_1_379' title='bbox 1129 3539 1373 3600; x_wconf 90' lang='lat' dir='ltr'>obsedit</span> <span class='ocrx_word' id='word_1_380' title='bbox 1415 3556 1576 3598; x_wconf 85' lang='lat' dir='ltr'>eam.</span> <span class='ocrx_word' id='word_1_381' title='bbox 1610 3540 1686 3597; x_wconf 86' lang='lat' dir='ltr'>Et</span> <span class='ocrx_word' id='word_1_382' title='bbox 1728 3539 1897 3597; x_wconf 91' lang='lat' dir='ltr'>facta</span> <span class='ocrx_word' id='word_1_383' title='bbox 1939 3543 2031 3597; x_wconf 86' lang='lat' dir='ltr'>est</span> <span class='ocrx_word' id='word_1_384' title='bbox 2073 3538 2270 3598; x_wconf 89' lang='lat' dir='ltr'>fames</span> <span class='ocrx_word' id='word_1_385' title='bbox 2315 3537 2593 3597; x_wconf 87' lang='lat' dir='ltr'>maxima</span> <span class='ocrx_word' id='word_1_386' title='bbox 2634 3537 2698 3597; x_wconf 93' lang='lat' dir='ltr'>in</span> <span class='ocrx_word' id='word_1_387' title='bbox 2744 3537 2996 3599; x_wconf 89' lang='lat' dir='ltr'>civitate</span> <span class='ocrx_word' id='word_1_388' title='bbox 3041 3540 3353 3606; x_wconf 88' lang='lat' dir='ltr'>Romana.</span> <span class='ocrx_word' id='word_1_389' title='bbox 3401 3543 3475 3599; x_wconf 91' lang='lat' dir='ltr'>ut</span> <span class='ocrx_word' id='word_1_390' title='bbox 3518 3539 3706 3601; x_wconf 72' lang='lat' dir='ltr'>etiam</span> 
     </span>
    </p>
   </div>
   <div class='ocr_carea' id='block_1_32' title="bbox 459 3643 3706 3723">
    <p class='ocr_par' dir='ltr' id='par_1_32' title="bbox 459 3643 3706 3723">
     <span class='ocr_line' id='line_1_32' title="bbox 459 3643 3706 3723; baseline -0.002 -11"><span class='ocrx_word' id='word_1_391' title='bbox 459 3656 638 3712; x_wconf 85' lang='lat' dir='ltr'>natos</span> <span class='ocrx_word' id='word_1_392' title='bbox 681 3669 825 3711; x_wconf 91' lang='lat' dir='ltr'>suos</span> <span class='ocrx_word' id='word_1_393' title='bbox 868 3648 1101 3709; x_wconf 88' lang='lat' dir='ltr'>vellent</span> <span class='ocrx_word' id='word_1_394' title='bbox 1143 3645 1493 3707; x_wconf 89' lang='lat' dir='ltr'>comedere.</span> <span class='ocrx_word' id='word_1_395' title='bbox 1539 3643 1650 3705; x_wconf 91' lang='lat' dir='ltr'>Die</span> <span class='ocrx_word' id='word_1_396' title='bbox 1708 3644 1776 3723; x_wconf 70' lang='grc' dir='ltr'>(ι)</span> <span class='ocrx_word' id='word_1_397' title='bbox 1834 3650 2041 3705; x_wconf 91' lang='lat' dir='ltr'>autem</span> <span class='ocrx_word' id='word_1_398' title='bbox 2107 3644 2292 3704; x_wconf 90' lang='lat' dir='ltr'>tertia</span> <span class='ocrx_word' id='word_1_399' title='bbox 2348 3644 2593 3705; x_wconf 87' lang='lat' dir='ltr'>decima</span> <span class='ocrx_word' id='word_1_400' title='bbox 2646 3644 2928 3705; x_wconf 91' lang='lat' dir='ltr'>introivit</span> <span class='ocrx_word' id='word_1_401' title='bbox 2986 3645 3051 3705; x_wconf 92' lang='lat' dir='ltr'>in</span> <span class='ocrx_word' id='word_1_402' title='bbox 3110 3645 3428 3706; x_wconf 89' lang='lat' dir='ltr'>civitatem</span> <span class='ocrx_word' id='word_1_403' title='bbox 3488 3649 3706 3707; x_wconf 81' lang='lat' dir='ltr'>Roma-</span> 
     </span>
    </p>
   </div>
   <div class='ocr_carea' id='block_1_33' title="bbox 457 3750 3702 3835">
    <p class='ocr_par' dir='ltr' id='par_1_33' title="bbox 457 3750 3702 3835">
     <span class='ocr_line' id='line_1_33' title="bbox 457 3750 3702 3835; baseline -0.002 -16"><span class='ocrx_word' id='word_1_404' title='bbox 457 3778 630 3833; x_wconf 90' lang='lat' dir='ltr'>nam,</span> <span class='ocrx_word' id='word_1_405' title='bbox 675 3758 891 3818; x_wconf 90' lang='lat' dir='ltr'>indict.</span> <span class='ocrx_word' id='word_1_406' title='bbox 938 3773 1042 3817; x_wconf 76' lang='lat' dir='ltr'>XIV</span> <span class='ocrx_word' id='word_1_407' title='bbox 1090 3753 1196 3835; x_wconf 70' lang='lat' dir='ltr'>(lc),</span> <span class='ocrx_word' id='word_1_408' title='bbox 1254 3771 1365 3832; x_wconf 89' lang='lat' dir='ltr'>per</span> <span class='ocrx_word' id='word_1_409' title='bbox 1422 3756 1667 3831; x_wconf 89' lang='lat' dir='ltr'>portam</span> <span class='ocrx_word' id='word_1_410' title='bbox 1726 3752 1925 3811; x_wconf 89' lang='lat' dir='ltr'>sancti</span> <span class='ocrx_word' id='word_1_411' title='bbox 1982 3750 2183 3810; x_wconf 89' lang='lat' dir='ltr'>Pauli.</span> <span class='ocrx_word' id='word_1_412' title='bbox 2248 3753 2409 3811; x_wconf 87' lang='lat' dir='ltr'>Tota</span> <span class='ocrx_word' id='word_1_413' title='bbox 2467 3750 2632 3810; x_wconf 90' lang='lat' dir='ltr'>enim</span> <span class='ocrx_word' id='word_1_414' title='bbox 2696 3755 2878 3811; x_wconf 91' lang='lat' dir='ltr'>nocte</span> <span class='ocrx_word' id='word_1_415' title='bbox 2941 3751 3089 3811; x_wconf 90' lang='lat' dir='ltr'>fecit</span> <span class='ocrx_word' id='word_1_416' title='bbox 3150 3750 3419 3812; x_wconf 90' lang='lat' dir='ltr'>buccina</span> <span class='ocrx_word' id='word_1_417' title='bbox 3475 3752 3702 3831; x_wconf 88' lang='lat' dir='ltr'>clangi,</span> 
     </span>
    </p>
   </div>
   <div class='ocr_carea' id='block_1_34' title="bbox 374 3856 3701 3947">
    <p class='ocr_par' dir='ltr' id='par_1_34' title="bbox 374 3856 3701 3947">
     <span class='ocr_line' id='line_1_34' title="bbox 374 3856 3701 3947; baseline -0.003 -18"><span class='ocrx_word' id='word_1_418' title='bbox 374 3872 412 3930; x_wconf 86' lang='lat'><strong>5</strong></span> <span class='ocrx_word' id='word_1_419' title='bbox 455 3885 651 3947; x_wconf 87' lang='lat' dir='ltr'>usque</span> <span class='ocrx_word' id='word_1_420' title='bbox 696 3866 842 3925; x_wconf 91' lang='lat' dir='ltr'>dum</span> <span class='ocrx_word' id='word_1_421' title='bbox 890 3868 1149 3924; x_wconf 90' lang='lat' dir='ltr'>cunctus</span> <span class='ocrx_word' id='word_1_422' title='bbox 1194 3859 1467 3940; x_wconf 90' lang='lat' dir='ltr'>populus</span> <span class='ocrx_word' id='word_1_423' title='bbox 1511 3859 1778 3937; x_wconf 85' lang='lat' dir='ltr'>fugeret,</span> <span class='ocrx_word' id='word_1_424' title='bbox 1826 3863 1938 3918; x_wconf 93' lang='lat' dir='ltr'>aut</span> <span class='ocrx_word' id='word_1_425' title='bbox 1980 3876 2093 3936; x_wconf 90' lang='lat' dir='ltr'>per</span> <span class='ocrx_word' id='word_1_426' title='bbox 2135 3856 2426 3918; x_wconf 89' lang='lat' dir='ltr'>ecclesias</span> <span class='ocrx_word' id='word_1_427' title='bbox 2469 3875 2534 3917; x_wconf 92' lang='lat' dir='ltr'>se</span> <span class='ocrx_word' id='word_1_428' title='bbox 2577 3856 2878 3930; x_wconf 91' lang='lat' dir='ltr'>celarent,</span> <span class='ocrx_word' id='word_1_429' title='bbox 2928 3875 3005 3918; x_wconf 91' lang='lat' dir='ltr'>ne</span> <span class='ocrx_word' id='word_1_430' title='bbox 3050 3857 3262 3938; x_wconf 88' lang='lat' dir='ltr'>gladio</span> <span class='ocrx_word' id='word_1_431' title='bbox 3309 3858 3580 3920; x_wconf 89' lang='lat' dir='ltr'>Romani</span> <span class='ocrx_word' id='word_1_432' title='bbox 3622 3857 3701 3920; x_wconf 91' lang='lat' dir='ltr'>vi-</span> 
     </span>
    </p>
   </div>
   <div class='ocr_carea' id='block_1_35' title="bbox 457 3963 3707 4048">
    <p class='ocr_par' dir='ltr' id='par_1_35' title="bbox 457 3963 3707 4048">
     <span class='ocr_line' id='line_1_35' title="bbox 457 3963 3707 4048; baseline -0.003 -13"><span class='ocrx_word' id='word_1_433' title='bbox 457 3982 585 4035; x_wconf 91' lang='lat' dir='ltr'>tam</span> <span class='ocrx_word' id='word_1_434' title='bbox 629 3973 909 4034; x_wconf 88' lang='lat' dir='ltr'>ﬁnirent.</span> <span class='ocrx_word' id='word_1_435' title='bbox 955 3972 1277 4048; x_wconf 88' lang='lat' dir='ltr'>Ingressus</span> <span class='ocrx_word' id='word_1_436' title='bbox 1321 3971 1530 4026; x_wconf 92' lang='lat' dir='ltr'>autem</span> <span class='ocrx_word' id='word_1_437' title='bbox 1577 3984 1686 4025; x_wconf 83' lang='lat' dir='ltr'>rex</span> <span class='ocrx_word' id='word_1_438' title='bbox 1732 3964 2041 4024; x_wconf 88' lang='lat' dir='ltr'>habitavit</span> <span class='ocrx_word' id='word_1_439' title='bbox 2083 3982 2225 4024; x_wconf 89' lang='lat' dir='ltr'>cum</span> <span class='ocrx_word' id='word_1_440' title='bbox 2271 3964 2593 4036; x_wconf 81' lang='lat' dir='ltr'>Romanis,</span> <span class='ocrx_word' id='word_1_441' title='bbox 2639 3963 2822 4043; x_wconf 90' lang='lat' dir='ltr'>quasi</span> <span class='ocrx_word' id='word_1_442' title='bbox 2885 3969 3065 4043; x_wconf 90' lang='lat' dir='ltr'>pater</span> <span class='ocrx_word' id='word_1_443' title='bbox 3119 3982 3261 4024; x_wconf 92' lang='lat' dir='ltr'>cum</span> <span class='ocrx_word' id='word_1_444' title='bbox 3322 3964 3490 4025; x_wconf 79' lang='lat' dir='ltr'>filiis.</span> <span class='ocrx_word' id='word_1_445' title='bbox 3536 3967 3707 4027; x_wconf 88' lang='lat' dir='ltr'>Tune</span> 
     </span>
    </p>
   </div>
   <div class='ocr_carea' id='block_1_36' title="bbox 456 4069 3700 4162">
    <p class='ocr_par' dir='ltr' id='par_1_36' title="bbox 456 4069 3700 4162">
     <span class='ocr_line' id='line_1_36' title="bbox 456 4069 3700 4162; baseline -0.003 -20"><span class='ocrx_word' id='word_1_446' title='bbox 456 4081 715 4162; x_wconf 91' lang='lat' dir='ltr'>quidam</span> <span class='ocrx_word' id='word_1_447' title='bbox 760 4078 837 4139; x_wconf 92' lang='lat' dir='ltr'>de</span> <span class='ocrx_word' id='word_1_448' title='bbox 881 4076 1276 4138; x_wconf 87' lang='lat' dir='ltr'>senatoribus</span> <span class='ocrx_word' id='word_1_449' title='bbox 1327 4073 1637 4151; x_wconf 86' lang='lat' dir='ltr'>fugientes</span> <span class='ocrx_word' id='word_1_450' title='bbox 1696 4071 1980 4132; x_wconf 91' lang='lat' dir='ltr'>Techeus</span> <span class='ocrx_word' id='word_1_451' title='bbox 2022 4069 2113 4150; x_wconf 82' lang='grc' dir='ltr'>(ἰ),</span> <span class='ocrx_word' id='word_1_452' title='bbox 2161 4070 2447 4143; x_wconf 84' lang='lat' dir='ltr'>Albinus,</span> <span class='ocrx_word' id='word_1_453' title='bbox 2509 4074 2573 4130; x_wconf 93' lang='lat' dir='ltr'>et</span> <span class='ocrx_word' id='word_1_454' title='bbox 2630 4069 2896 4130; x_wconf 87' lang='lat' dir='ltr'>Basilius</span> <span class='ocrx_word' id='word_1_455' title='bbox 2956 4070 3258 4150; x_wconf 84' lang='lat' dir='ltr'>patricius</span> <span class='ocrx_word' id='word_1_456' title='bbox 3313 4070 3700 4144; x_wconf 85' lang='lat' dir='ltr'>exconsules,</span> 
     </span>
    </p>
   </div>
   <div class='ocr_carea' id='block_1_37' title="bbox 454 4177 3695 4268">
    <p class='ocr_par' dir='ltr' id='par_1_37' title="bbox 454 4177 3695 4268">
     <span class='ocr_line' id='line_1_37' title="bbox 454 4177 3695 4268; baseline -0.004 -19"><span class='ocrx_word' id='word_1_457' title='bbox 454 4188 720 4268; x_wconf 88' lang='lat' dir='ltr'>ingressi</span> <span class='ocrx_word' id='word_1_458' title='bbox 784 4192 932 4247; x_wconf 90' lang='lat' dir='ltr'>sunt</span> <span class='ocrx_word' id='word_1_459' title='bbox 1007 4180 1637 4261; x_wconf 89' lang='lat' dir='ltr'>Constantinopolim,</span> <span class='ocrx_word' id='word_1_460' title='bbox 1722 4185 1787 4239; x_wconf 90' lang='lat' dir='ltr'>et</span> <span class='ocrx_word' id='word_1_461' title='bbox 1847 4183 2157 4258; x_wconf 66' lang='lat' dir='ltr'>praesente</span> <span class='ocrx_word' id='word_1_462' title='bbox 2236 4182 2379 4237; x_wconf 88' lang='lat' dir='ltr'>ante</span> <span class='ocrx_word' id='word_1_463' title='bbox 2460 4177 2909 4256; x_wconf 88' lang='lat' dir='ltr'>imperatorem</span> <span class='ocrx_word' id='word_1_464' title='bbox 2989 4177 3211 4239; x_wconf 83' lang='lat' dir='ltr'>afﬂicti</span> <span class='ocrx_word' id='word_1_465' title='bbox 3283 4183 3348 4240; x_wconf 90' lang='lat' dir='ltr'>et</span> <span class='ocrx_word' id='word_1_466' title='bbox 3408 4177 3695 4240; x_wconf 89' lang='lat' dir='ltr'>desolati.</span> 
     </span>
    </p>
   </div>
   <div class='ocr_carea' id='block_1_38' title="bbox 454 4282 3701 4367">
    <p class='ocr_par' dir='ltr' id='par_1_38' title="bbox 454 4282 3701 4367">
     <span class='ocr_line' id='line_1_38' title="bbox 454 4282 3701 4367; baseline -0.004 -10"><span class='ocrx_word' id='word_1_467' title='bbox 454 4294 828 4358; x_wconf 77' lang='lat' dir='ltr'>Conselatus</span> <span class='ocrx_word' id='word_1_468' title='bbox 889 4296 982 4353; x_wconf 93' lang='lat' dir='ltr'>est</span> <span class='ocrx_word' id='word_1_469' title='bbox 1037 4294 1248 4351; x_wconf 88' lang='lat' dir='ltr'>autem</span> <span class='ocrx_word' id='word_1_470' title='bbox 1310 4307 1418 4349; x_wconf 92' lang='lat' dir='ltr'>eos</span> <span class='ocrx_word' id='word_1_471' title='bbox 1478 4288 1849 4367; x_wconf 89' lang='lat' dir='ltr'>imperator,</span> <span class='ocrx_word' id='word_1_472' title='bbox 1900 4290 1979 4349; x_wconf 87' lang='lat' dir='ltr'>et</span> <span class='ocrx_word' id='word_1_473' title='bbox 2047 4283 2271 4344; x_wconf 91' lang='lat' dir='ltr'>ditavit</span> <span class='ocrx_word' id='word_1_474' title='bbox 2332 4302 2461 4358; x_wconf 90' lang='lat' dir='ltr'>eos,</span> <span class='ocrx_word' id='word_1_475' title='bbox 2527 4284 2686 4345; x_wconf 91' lang='lat' dir='ltr'>sicut</span> <span class='ocrx_word' id='word_1_476' title='bbox 2758 4282 2935 4363; x_wconf 90' lang='lat' dir='ltr'>digni</span> <span class='ocrx_word' id='word_1_477' title='bbox 2995 4288 3178 4344; x_wconf 92' lang='lat' dir='ltr'>erant</span> <span class='ocrx_word' id='word_1_478' title='bbox 3245 4282 3539 4345; x_wconf 87' lang='lat' dir='ltr'>consules</span> <span class='ocrx_word' id='word_1_479' title='bbox 3583 4285 3701 4346; x_wconf 84' lang='lat' dir='ltr'>Ro-</span> 
     </span>
    </p>
   </div>
   <div class='ocr_carea' id='block_1_39' title="bbox 458 4402 656 4463">
    <p class='ocr_par' dir='ltr' id='par_1_39' title="bbox 458 4402 656 4463">
     <span class='ocr_line' id='line_1_39' title="bbox 458 4402 656 4463; baseline -0.01 0"><span class='ocrx_word' id='word_1_480' title='bbox 458 4402 656 4463; x_wconf 91' lang='lat' dir='ltr'>mani.</span> 
     </span>
    </p>
   </div>
   <div class='ocr_carea' id='block_1_40' title="bbox 542 4495 3711 4585">
    <p class='ocr_par' dir='ltr' id='par_1_40' title="bbox 542 4495 3711 4585">
     <span class='ocr_line' id='line_1_40' title="bbox 542 4495 3711 4585; baseline -0.003 -18"><span class='ocrx_word' id='word_1_481' title='bbox 542 4517 701 4569; x_wconf 71' lang='lat'>108</span> <span class='ocrx_word' id='word_1_482' title='bbox 746 4506 983 4568; x_wconf 88' lang='lat' dir='ltr'>Eodem</span> <span class='ocrx_word' id='word_1_483' title='bbox 1041 4510 1324 4585; x_wconf 89' lang='lat' dir='ltr'>tempore</span> <span class='ocrx_word' id='word_1_484' title='bbox 1386 4501 1555 4561; x_wconf 90' lang='lat' dir='ltr'>misit</span> <span class='ocrx_word' id='word_1_485' title='bbox 1614 4500 1960 4578; x_wconf 90' lang='lat' dir='ltr'>imperator</span> <span class='ocrx_word' id='word_1_486' title='bbox 2014 4497 2409 4560; x_wconf 88' lang='lat' dir='ltr'>Justinianus</span> <span class='ocrx_word' id='word_1_487' title='bbox 2464 4500 2789 4560; x_wconf 84' lang='lat' dir='ltr'>Narsetem</span> <span class='ocrx_word' id='word_1_488' title='bbox 2853 4496 3217 4558; x_wconf 90' lang='lat' dir='ltr'>eunuchum</span> <span class='ocrx_word' id='word_1_489' title='bbox 3278 4501 3342 4557; x_wconf 90' lang='lat' dir='ltr'>et</span> <span class='ocrx_word' id='word_1_490' title='bbox 3398 4495 3711 4558; x_wconf 85' lang='lat' dir='ltr'>cubicula-</span> 
     </span>
    </p>
   </div>
   <div class='ocr_carea' id='block_1_41' title="bbox 457 4602 3709 4688">
    <p class='ocr_par' dir='ltr' id='par_1_41' title="bbox 457 4602 3709 4688">
     <span class='ocr_line' id='line_1_41' title="bbox 457 4602 3709 4688; baseline -0.004 -12"><span class='ocrx_word' id='word_1_491' title='bbox 457 4616 617 4676; x_wconf 92' lang='lat' dir='ltr'>rium</span> <span class='ocrx_word' id='word_1_492' title='bbox 662 4632 845 4674; x_wconf 91' lang='lat' dir='ltr'>suum</span> <span class='ocrx_word' id='word_1_493' title='bbox 889 4613 952 4673; x_wconf 92' lang='lat' dir='ltr'>in</span> <span class='ocrx_word' id='word_1_494' title='bbox 1005 4612 1268 4683; x_wconf 87' lang='lat' dir='ltr'>Italiam,</span> <span class='ocrx_word' id='word_1_495' title='bbox 1316 4608 1447 4688; x_wconf 90' lang='lat' dir='ltr'>qui,</span> <span class='ocrx_word' id='word_1_496' title='bbox 1494 4606 1644 4665; x_wconf 88' lang='lat' dir='ltr'>data</span> <span class='ocrx_word' id='word_1_497' title='bbox 1686 4624 1901 4684; x_wconf 90' lang='lat' dir='ltr'>pugna</span> <span class='ocrx_word' id='word_1_498' title='bbox 1943 4624 2085 4665; x_wconf 90' lang='lat' dir='ltr'>eum</span> <span class='ocrx_word' id='word_1_499' title='bbox 2130 4604 2365 4675; x_wconf 91' lang='lat' dir='ltr'>Gothis,</span> <span class='ocrx_word' id='word_1_500' title='bbox 2414 4603 2675 4664; x_wconf 92' lang='lat' dir='ltr'>donavit</span> <span class='ocrx_word' id='word_1_501' title='bbox 2716 4603 2773 4664; x_wconf 92' lang='lat' dir='ltr'>ei</span> <span class='ocrx_word' id='word_1_502' title='bbox 2819 4606 2979 4665; x_wconf 92' lang='lat' dir='ltr'>Deus</span> <span class='ocrx_word' id='word_1_503' title='bbox 3022 4602 3377 4676; x_wconf 89' lang='lat' dir='ltr'>victoriam,</span> <span class='ocrx_word' id='word_1_504' title='bbox 3424 4608 3491 4664; x_wconf 88' lang='lat' dir='ltr'>et</span> <span class='ocrx_word' id='word_1_505' title='bbox 3545 4603 3709 4665; x_wconf 85' lang='lat' dir='ltr'>occi-</span> 
     </span>
    </p>
   </div>
   <div class='ocr_carea' id='block_1_42' title="bbox 454 4709 3841 4800">
    <p class='ocr_par' dir='ltr' id='par_1_42' title="bbox 454 4709 3841 4800">
     <span class='ocr_line' id='line_1_42' title="bbox 454 4709 3841 4800; baseline -0.004 -15"><span class='ocrx_word' id='word_1_506' title='bbox 454 4742 559 4785; x_wconf 91' lang='lat' dir='ltr'>sus</span> <span class='ocrx_word' id='word_1_507' title='bbox 602 4727 696 4783; x_wconf 93' lang='lat' dir='ltr'>est</span> <span class='ocrx_word' id='word_1_508' title='bbox 739 4740 869 4793; x_wconf 86' lang='lat' dir='ltr'>rex,</span> <span class='ocrx_word' id='word_1_509' title='bbox 930 4726 994 4780; x_wconf 91' lang='lat' dir='ltr'>et</span> <span class='ocrx_word' id='word_1_510' title='bbox 1054 4714 1390 4779; x_wconf 90' lang='lat' dir='ltr'>multitudo</span> <span class='ocrx_word' id='word_1_511' title='bbox 1451 4711 1801 4774; x_wconf 91' lang='lat' dir='ltr'>Gothorum</span> <span class='ocrx_word' id='word_1_512' title='bbox 1857 4711 2167 4773; x_wconf 89' lang='lat' dir='ltr'>interfecti</span> <span class='ocrx_word' id='word_1_513' title='bbox 2226 4715 2397 4771; x_wconf 92' lang='lat' dir='ltr'>sunt.</span> <span class='ocrx_word' id='word_1_514' title='bbox 2459 4712 2636 4771; x_wconf 85' lang='lat' dir='ltr'>Tune</span> <span class='ocrx_word' id='word_1_515' title='bbox 2691 4710 3005 4771; x_wconf 91' lang='lat' dir='ltr'>adunatus</span> <span class='ocrx_word' id='word_1_516' title='bbox 3064 4709 3268 4770; x_wconf 90' lang='lat' dir='ltr'>clerus</span> <span class='ocrx_word' id='word_1_517' title='bbox 3326 4714 3710 4789; x_wconf 85' lang='lat' dir='ltr'>rogaverunt</span> <span class='ocrx_word' id='word_1_518' title='bbox 3829 4785 3841 4800; x_wconf 42' lang='grc' dir='ltr'><strong><em>ο</em></strong></span> 
     </span>
    </p>
   </div>
   <div class='ocr_carea' id='block_1_43' title="bbox 454 4815 3711 4903">
    <p class='ocr_par' dir='ltr' id='par_1_43' title="bbox 454 4815 3711 4903">
     <span class='ocr_line' id='line_1_43' title="bbox 454 4815 3711 4903; baseline -0.005 -11"><span class='ocrx_word' id='word_1_519' title='bbox 454 4833 803 4903; x_wconf 85' lang='lat' dir='ltr'>Narsetem,</span> <span class='ocrx_word' id='word_1_520' title='bbox 850 4833 919 4888; x_wconf 91' lang='lat' dir='ltr'>ut</span> <span class='ocrx_word' id='word_1_521' title='bbox 966 4844 1091 4885; x_wconf 93' lang='lat' dir='ltr'>una</span> <span class='ocrx_word' id='word_1_522' title='bbox 1133 4842 1275 4885; x_wconf 90' lang='lat' dir='ltr'>cum</span> <span class='ocrx_word' id='word_1_523' title='bbox 1319 4820 1456 4897; x_wconf 87' lang='lat' dir='ltr'>ejus</span> <span class='ocrx_word' id='word_1_524' title='bbox 1498 4818 1901 4897; x_wconf 88' lang='lat' dir='ltr'>suggestione</span> <span class='ocrx_word' id='word_1_525' title='bbox 1943 4822 2243 4897; x_wconf 91' lang='lat' dir='ltr'>rogarent</span> <span class='ocrx_word' id='word_1_526' title='bbox 2286 4816 2655 4897; x_wconf 88' lang='lat' dir='ltr'>principem,</span> <span class='ocrx_word' id='word_1_527' title='bbox 2708 4823 2780 4877; x_wconf 91' lang='lat' dir='ltr'>ut</span> <span class='ocrx_word' id='word_1_528' title='bbox 2820 4817 2873 4877; x_wconf 90' lang='lat' dir='ltr'>si</span> <span class='ocrx_word' id='word_1_529' title='bbox 2916 4817 3125 4878; x_wconf 92' lang='lat' dir='ltr'>adhuc</span> <span class='ocrx_word' id='word_1_530' title='bbox 3166 4816 3408 4878; x_wconf 89' lang='lat' dir='ltr'>viveret</span> <span class='ocrx_word' id='word_1_531' title='bbox 3447 4815 3711 4897; x_wconf 79' lang='lat' dir='ltr'>Vigilius</span> 
     </span>
    </p>
   </div>
   <div class='ocr_carea' id='block_1_44' title="bbox 456 4921 3709 5020">
    <p class='ocr_par' dir='ltr' id='par_1_44' title="bbox 456 4921 3709 5020">
     <span class='ocr_line' id='line_1_44' title="bbox 456 4921 3709 5020; baseline -0.006 -20"><span class='ocrx_word' id='word_1_532' title='bbox 456 4956 646 5020; x_wconf 88' lang='lat' dir='ltr'>papa,</span> <span class='ocrx_word' id='word_1_533' title='bbox 700 4942 811 4997; x_wconf 91' lang='lat' dir='ltr'>aut</span> <span class='ocrx_word' id='word_1_534' title='bbox 869 4932 1293 5014; x_wconf 83' lang='lat' dir='ltr'>presbyteros,</span> <span class='ocrx_word' id='word_1_535' title='bbox 1352 4945 1461 4989; x_wconf 89' lang='lat' dir='ltr'>seu</span> <span class='ocrx_word' id='word_1_536' title='bbox 1523 4926 1821 4986; x_wconf 90' lang='lat' dir='ltr'>diaconos</span> <span class='ocrx_word' id='word_1_537' title='bbox 1865 4924 1990 5006; x_wconf 73' lang='grc' dir='ltr'>(τη),</span> <span class='ocrx_word' id='word_1_538' title='bbox 2036 4924 2135 4986; x_wconf 89' lang='lat' dir='ltr'>vel</span> <span class='ocrx_word' id='word_1_539' title='bbox 2179 4924 2406 4998; x_wconf 83' lang='lat' dir='ltr'>clerus,</span> <span class='ocrx_word' id='word_1_540' title='bbox 2452 4924 2561 5004; x_wconf 90' lang='lat' dir='ltr'>qui</span> <span class='ocrx_word' id='word_1_541' title='bbox 2603 4943 2747 4984; x_wconf 91' lang='lat' dir='ltr'>cum</span> <span class='ocrx_word' id='word_1_542' title='bbox 2792 4923 3013 4985; x_wconf 91' lang='lat' dir='ltr'>eodem</span> <span class='ocrx_word' id='word_1_543' title='bbox 3056 4922 3283 5002; x_wconf 85' lang='lat' dir='ltr'>Vigilio</span> <span class='ocrx_word' id='word_1_544' title='bbox 3339 4923 3598 4984; x_wconf 88' lang='lat' dir='ltr'>fuerant</span> <span class='ocrx_word' id='word_1_545' title='bbox 3649 4921 3709 4982; x_wconf 92' lang='lat' dir='ltr'>in</span> 
     </span>
    </p>
   </div>
   <div class='ocr_carea' id='block_1_45' title="bbox 454 5028 3712 5120">
    <p class='ocr_par' dir='ltr' id='par_1_45' title="bbox 454 5028 3712 5120">
     <span class='ocr_line' id='line_1_45' title="bbox 454 5028 3712 5120; baseline -0.006 -13"><span class='ocrx_word' id='word_1_546' title='bbox 454 5045 744 5108; x_wconf 83' lang='lat' dir='ltr'>exsilium</span> <span class='ocrx_word' id='word_1_547' title='bbox 788 5037 1124 5120; x_wconf 87' lang='lat' dir='ltr'>deportati,</span> <span class='ocrx_word' id='word_1_548' title='bbox 1173 5039 1656 5096; x_wconf 90' lang='lat' dir='ltr'>reverterentur.</span> <span class='ocrx_word' id='word_1_549' title='bbox 1706 5034 2011 5113; x_wconf 90' lang='lat' dir='ltr'>Suscepta</span> <span class='ocrx_word' id='word_1_550' title='bbox 2054 5036 2265 5093; x_wconf 92' lang='lat' dir='ltr'>autem</span> <span class='ocrx_word' id='word_1_551' title='bbox 2311 5030 2616 5091; x_wconf 90' lang='lat' dir='ltr'>relatione</span> <span class='ocrx_word' id='word_1_552' title='bbox 2659 5029 2962 5103; x_wconf 90' lang='lat' dir='ltr'>Narsetis,</span> <span class='ocrx_word' id='word_1_553' title='bbox 3006 5029 3105 5091; x_wconf 93' lang='lat' dir='ltr'>vel</span> <span class='ocrx_word' id='word_1_554' title='bbox 3148 5028 3359 5090; x_wconf 92' lang='lat' dir='ltr'>cuncti</span> <span class='ocrx_word' id='word_1_555' title='bbox 3402 5028 3559 5090; x_wconf 85' lang='lat' dir='ltr'>cleri</span> <span class='ocrx_word' id='word_1_556' title='bbox 3602 5030 3712 5089; x_wconf 78' lang='lat' dir='ltr'>RO&#39;</span> 
     </span>
    </p>
   </div>
   <div class='ocr_carea' id='block_1_46' title="bbox 458 5138 3709 5225">
    <p class='ocr_par' dir='ltr' id='par_1_46' title="bbox 458 5138 3709 5225">
     <span class='ocr_line' id='line_1_46' title="bbox 458 5138 3709 5225; baseline -0.006 -8"><span class='ocrx_word' id='word_1_557' title='bbox 458 5154 630 5217; x_wconf 90' lang='lat' dir='ltr'>mani</span> <span class='ocrx_word' id='word_1_558' title='bbox 674 5153 855 5212; x_wconf 62' lang='lat' dir='ltr'>laetus</span> <span class='ocrx_word' id='word_1_559' title='bbox 899 5148 1157 5208; x_wconf 73' lang='lat' dir='ltr'>effectus</span> <span class='ocrx_word' id='word_1_560' title='bbox 1199 5151 1292 5206; x_wconf 93' lang='lat' dir='ltr'>est</span> <span class='ocrx_word' id='word_1_561' title='bbox 1333 5145 1697 5225; x_wconf 87' lang='lat' dir='ltr'>imperator,</span> <span class='ocrx_word' id='word_1_562' title='bbox 1734 5148 1797 5205; x_wconf 91' lang='lat' dir='ltr'>et</span> <span class='ocrx_word' id='word_1_563' title='bbox 1839 5140 2499 5225; x_wconf 84' lang='lat' dir='ltr'>omnes__inclyti_ejus</span> <span class='ocrx_word' id='word_1_564' title='bbox 2542 5140 2829 5225; x_wconf 87' lang='lat' dir='ltr'>eo_quod</span> <span class='ocrx_word' id='word_1_565' title='bbox 2874 5140 3157 5225; x_wconf 85' lang='lat' dir='ltr'>requiem</span> <span class='ocrx_word' id='word_1_566' title='bbox 3202 5138 3520 5225; x_wconf 61' lang='lat' dir='ltr'>donasset</span> <span class='ocrx_word' id='word_1_567' title='bbox 3549 5139 3709 5200; x_wconf 87' lang='lat' dir='ltr'>Deus</span> 
     </span>
    </p>
   </div>
   <div class='ocr_carea' id='block_1_47' title="bbox 454 5218 3706 5306">
    <p class='ocr_par' dir='ltr' id='par_1_47' title="bbox 454 5218 3706 5306">
     <span class='ocr_line' id='line_1_47' title="bbox 454 5218 3706 5306; baseline -0.006 -8"><span class='ocrx_word' id='word_1_568' title='bbox 454 5232 777 5298; x_wconf 81' lang='lat' dir='ltr'>Romanis.</span> <span class='ocrx_word' id='word_1_569' title='bbox 826 5232 904 5290; x_wconf 90' lang='lat' dir='ltr'>Et</span> <span class='ocrx_word' id='word_1_570' title='bbox 948 5245 1093 5289; x_wconf 85' lang='lat' dir='ltr'>mox</span> <span class='ocrx_word' id='word_1_571' title='bbox 1139 5226 1306 5287; x_wconf 89' lang='lat' dir='ltr'>misit</span> <span class='ocrx_word' id='word_1_572' title='bbox 1339 5218 1655 5306; x_wconf 78' lang='lat' dir='ltr'>jussiones</span> <span class='ocrx_word' id='word_1_573' title='bbox 1697 5243 1843 5285; x_wconf 90' lang='lat' dir='ltr'>suas</span> <span class='ocrx_word' id='word_1_574' title='bbox 1888 5241 2001 5303; x_wconf 91' lang='lat' dir='ltr'>per</span> <span class='ocrx_word' id='word_1_575' title='bbox 2041 5218 2290 5283; x_wconf 82' lang='lat' dir='ltr'>diversa</span> <span class='ocrx_word' id='word_1_576' title='bbox 2330 5218 2489 5296; x_wconf 86' lang='lat' dir='ltr'>loca,</span> <span class='ocrx_word' id='word_1_577' title='bbox 2538 5221 2645 5281; x_wconf 92' lang='lat' dir='ltr'>ubi</span> <span class='ocrx_word' id='word_1_578' title='bbox 2680 5218 3069 5282; x_wconf 37' lang='lat' dir='ltr'>fuerant&#39;in</span> <span class='ocrx_word' id='word_1_579' title='bbox 3128 5218 3425 5281; x_wconf 82' lang='lat' dir='ltr'>exsilium</span> <span class='ocrx_word' id='word_1_580' title='bbox 3480 5218 3706 5299; x_wconf 83' lang='lat' dir='ltr'>depor-</span> 
     </span>
    </p>
   </div>
   <div class='ocr_carea' id='block_1_48' title="bbox 1476 5468 2528 5524">
    <p class='ocr_par' dir='ltr' id='par_1_48' title="bbox 1476 5468 2528 5524">
     <span class='ocr_line' id='line_1_48' title="bbox 1476 5468 2528 5524; baseline -0.011 0"><span class='ocrx_word' id='word_1_581' title='bbox 1476 5474 1731 5524; x_wconf 73' lang='grc' dir='ltr'>Νοτοωκ</span> <span class='ocrx_word' id='word_1_582' title='bbox 1773 5468 2164 5517; x_wconf 66' lang='grc' dir='ltr'>ιιΑιιθιΝΑιιςε</span> <span class='ocrx_word' id='word_1_583' title='bbox 2206 5469 2528 5516; x_wconf 78' lang='lat' dir='ltr'>FABROTTI.</span> 
     </span>
    </p>
   </div>
   <div class='ocr_carea' id='block_1_49' title="bbox 369 5662 3705 5770">
    <p class='ocr_par' dir='ltr' id='par_1_49' title="bbox 369 5662 3705 5770">
     <span class='ocr_line' id='line_1_49' title="bbox 369 5662 3705 5770; baseline 0 0"><span class='ocrx_word' id='word_1_584' title='bbox 369 5696 444 5770; x_wconf 86' lang='grc' dir='ltr'>(α)</span> <span class='ocrx_word' id='word_1_585' title='bbox 474 5698 495 5721; x_wconf 64' lang='grc' dir='ltr'><strong><em>α</em></strong></span> <span class='ocrx_word' id='word_1_586' title='bbox 531 5690 699 5770; x_wconf 55' lang='lat' dir='ltr'>Plebs.</span> <span class='ocrx_word' id='word_1_587' title='bbox 730 5693 919 5770; x_wconf 54' lang='lat' dir='ltr'>autem</span> <span class='ocrx_word' id='word_1_588' title='bbox 953 5693 1008 5746; x_wconf 72' lang='lat' dir='ltr'>et</span> <span class='ocrx_word' id='word_1_589' title='bbox 1039 5688 1312 5770; x_wconf 59' lang='grc' dir='ltr'>ρρριιιμεξ-</span> <span class='ocrx_word' id='word_1_590' title='bbox 1331 5685 1465 5770; x_wconf 65' lang='grc' dir='ltr'>-..(ἔθ)</span> <span class='ocrx_word' id='word_1_591' title='bbox 1493 5678 2254 5770; x_wconf 39' lang='grc' dir='ltr'>ςκαοοιασιξιηξηριξεξεωιεῆσ</span> <span class='ocrx_word' id='word_1_592' title='bbox 2273 5746 2311 5770; x_wconf 70' lang='grc' dir='ltr'><strong><em>η</em></strong></span> <span class='ocrx_word' id='word_1_593' title='bbox 2332 5668 3395 5770; x_wconf 50' lang='lat' dir='ltr'>(323310“,2saetn9z...t&lt;¥23“idfm</span> <span class='ocrx_word' id='word_1_594' title='bbox 3440 5662 3705 5770; x_wconf 56' lang='lat'>(9.3;)!</span> 
     </span>
    </p>
   </div>
   <div class='ocr_carea' id='block_1_50' title="bbox 298 5738 3704 5837">
    <p class='ocr_par' dir='ltr' id='par_1_50' title="bbox 298 5738 3704 5837">
     <span class='ocr_line' id='line_1_50' title="bbox 298 5738 3704 5837; baseline -0.003 3"><span class='ocrx_word' id='word_1_595' title='bbox 298 5738 556 5824; x_wconf 59' lang='grc' dir='ltr'>εειξῑέιεεῖ</span> <span class='ocrx_word' id='word_1_596' title='bbox 575 5738 707 5837; x_wconf 65' lang='lat'>&quot;(7)</span> <span class='ocrx_word' id='word_1_597' title='bbox 728 5738 1310 5837; x_wconf 57' lang='lat' dir='ltr'>fLB&#39;tEéhééeffb’i&#39;&lt;&quot;g&#39;&gt;&#39;</span> <span class='ocrx_word' id='word_1_598' title='bbox 1331 5738 1461 5837; x_wconf 54' lang='lat' dir='ltr'>ve;</span> <span class='ocrx_word' id='word_1_599' title='bbox 1486 5752 1688 5837; x_wconf 62' lang='grc' dir='ltr'>βςνρη.</span> <span class='ocrx_word' id='word_1_600' title='bbox 1721 5753 1791 5837; x_wconf 62' lang='grc' dir='ltr'>ιειι</span> <span class='ocrx_word' id='word_1_601' title='bbox 1813 5750 2083 5837; x_wconf 54' lang='lat' dir='ltr'>sna-5.4%</span> <span class='ocrx_word' id='word_1_602' title='bbox 2164 5749 2240 5832; x_wconf 60' lang='lat' dir='ltr'>eo</span> <span class='ocrx_word' id='word_1_603' title='bbox 2259 5738 2591 5837; x_wconf 37' lang='lat'>921523;-</span> <span class='ocrx_word' id='word_1_604' title='bbox 2619 5738 3160 5837; x_wconf 55' lang='grc' dir='ltr'>(πλοιὲεάἑὲναίίυ</span> <span class='ocrx_word' id='word_1_605' title='bbox 3237 5742 3317 5815; x_wconf 63' lang='grc' dir='ltr'>(λ)</span> <span class='ocrx_word' id='word_1_606' title='bbox 3352 5739 3420 5809; x_wconf 69' lang='grc' dir='ltr'>οι</span> <span class='ocrx_word' id='word_1_607' title='bbox 3450 5738 3704 5816; x_wconf 61' lang='lat' dir='ltr'><strong>“quam</strong></span> 
     </span>
    </p>
   </div>
   <div class='ocr_carea' id='block_1_51' title="bbox 299 5814 1848 5916">
    <p class='ocr_par' dir='ltr' id='par_1_51' title="bbox 299 5814 1848 5916">
     <span class='ocr_line' id='line_1_51' title="bbox 299 5814 1848 5916; baseline -0.012 -19"><span class='ocrx_word' id='word_1_608' title='bbox 595 5814 1330 5911; x_wconf 22' lang='lat' dir='ltr'>Cri3jm(vlt)wC,ﬁCintheuls.</span> <span class='ocrx_word' id='word_1_609' title='bbox 1410 5827 1509 5902; x_wconf 68' lang='grc' dir='ltr'>(νη)</span> <span class='ocrx_word' id='word_1_610' title='bbox 1539 5830 1560 5852; x_wconf 79' lang='lat'><strong>&#39;</strong></span> <span class='ocrx_word' id='word_1_611' title='bbox 1594 5825 1848 5898; x_wconf 67' lang='lat' dir='ltr'>Presbytt</span> 
     </span>
    </p>
   </div>
   <div class='ocr_carea' id='block_1_52' title="bbox 1496 5814 3045 5916">
    <p class='ocr_par' dir='ltr' id='par_1_52' title="bbox 1496 5814 3045 5901">
     <span class='ocr_line' id='line_1_52' title="bbox 1496 5814 3045 5901; baseline -0.006 -18"><span class='ocrx_word' id='word_1_612' title='bbox 1496 5828 1509 5901; x_wconf 87' lang='grc'>&gt;</span> <span class='ocrx_word' id='word_1_613' title='bbox 1539 5830 1560 5852; x_wconf 80' lang='lat'><strong>&#39;</strong></span> <span class='ocrx_word' id='word_1_614' title='bbox 1594 5822 1939 5898; x_wconf 79' lang='lat' dir='ltr'>Presbyteri,</span> <span class='ocrx_word' id='word_1_615' title='bbox 1971 5814 2232 5893; x_wconf 63' lang='lat' dir='ltr'>diaconi,</span> <span class='ocrx_word' id='word_1_616' title='bbox 2259 5814 2387 5879; x_wconf 71' lang='lat' dir='ltr'>Vide</span> <span class='ocrx_word' id='word_1_617' title='bbox 2415 5823 2617 5877; x_wconf 76' lang='lat' dir='ltr'>Baron.</span> <span class='ocrx_word' id='word_1_618' title='bbox 2652 5814 2724 5873; x_wconf 85' lang='lat' dir='ltr'>ad</span> <span class='ocrx_word' id='word_1_619' title='bbox 2749 5832 2883 5873; x_wconf 75' lang='lat' dir='ltr'>ann.</span> <span class='ocrx_word' id='word_1_620' title='bbox 2914 5816 3045 5874; x_wconf 76' lang='grc'>554.</span> 
     </span>
    </p>
   </div>
  </div>
