3924 6214
352 254 471 318 623

355 385 676 445 familiares
705 382 1166 452 efficiant,etiam
1198 386 1417 440 rectam
1448 382 1624 439 fidem
1648 397 1709 440 se
1722 382 2006 440 simulant
2031 383 2089 450 Α

354 459 691 519 vindicare:
727 456 979 512 maxime
1009 455 1164 528 apud
1195 454 1421 527 cos,qui
1452 454 1689 511 fraudes
1718 453 2001 526 ipsorum,

360 535 418 587 et
446 529 612 602 dolos
641 527 934 602 ignorant.
957 548 995 602 _»

431 594 939 683 Narset‘i'quoque‘
952 596 1216 683 insinuat
1243 595 1448 679 (Epist.-
1463 597 1520 662 5,
1538 596 1621 683 ¹αά
1649 596 1836 683 litare.)
1866 594 2013 683 utusi

361 671 610 744 inquieti
624 666 965 743 huiusmodi
980 666 1558 724 hominesinveniant
1576 666 1880 740 quidpiam
1901 666 2013 722 sibi

363 742 694 798 molestiam
726 742 1075 798 ingenerans
1104 739 1163 795 in
1181 738 1473 796 decisione
1503 739 1707 798 synodi
1726 737 2014 798 generalis

363 757 694 799 Πιοιθειιειιιι
726 757 1075 799 ΙΠΕΘΠΘῘἮΠΒ
1104 757 1163 795 1n
1181 757 1435 796 (180181011

363 755 694 799 motestxam
726 757 1075 814 ingenerans
1104 756 1163 795 1n
1181 755 1473 796 (1801810116
1503 755 1707 811 synoai
1726 755 2014 821 generalis

362 811 865 886 Constantinopoli
890 810 1188 886 celebrata:
1218 828 1322 883 per
1351 811 1602 886 primam
1632 810 2014 886 indictwnem

363 902 552 957 nuper
581 880 860 964 elapsam,
899 905 926 934 «
946 884 1030 964 _ad
1052 880 1261 964 sedem
1294 880 1694 964 apostolicam,
1720 881 2013 963 quomodo

363 950 596 1029 semper
628 950 854 1029 factum
876 957 986 1023 est,
1005 952 1218 1029 electis
1266 950 1565 1029 aliquibus
1593 953 1686 1029 _de
1733 950 1878 1029 suis,
1914 950 2014 1023 qui

365 1023 514 1106 dare
533 1030 591 1106 et
621 1026 881 1106 accipere
911 1024 1195 1106 rationem
1227 1023 1470 1106 possent
1493 1023 1751 1106 dirigant
1767 1041 1792 1106 ;‘
1815 1028 1871 1079 et
1898 1039 2013 1106 non

364 1097 583 1178 clausis
625 1093 812 1178 oculis
857 1112 1069 1178 corpus
1113 1093 1325 1178 Christi
1371 1095 1474 1178 ρει
1521 1093 1727 1176 nostri,
1773 1093 1888 1178 hoc
1926 1097 2017 1149 est

364 1166 1021 1239 sanctamecclesiam,
1050 1166 1331 1239 lacerent.
1376 1166 1869 1239 Comprimendos
1908 1182 2015 1239 au-

363 1245 485 1311 tem
515 1238 718 1311 subdit
746 1236 1388 1311 hujusmOdiAbomines
1422 1236 1751 1311 principali,
1786 1236 1875 1291 vel
1915 1237 2014 1307 ju-

593 1307 974 1392 auctoritate;
1008 1308 1387 1392 quiaregulae
1423 1307 1674 1392 Patrum
1878 1324 2016 1392 spe:

363 1381 588 1438 cialiter
619 1379 1069 1462 constituerunt,
1104 1385 1170 1438 ut
1198 1379 1805 1462 si'quasccl‘esiastici
1838 1379 2015 1434 officii

364 1469 634 1535 personaz
666 1452 761 1510 cui
808 1453 1109 1524 subjectus
1153 1456 1245 1509 est
1291 1449 1586 1519 restiterit,
1619 1449 1709 1532 vel
1747 1466 2016 1508 seorsum

365 1524 684 1581 collegerit.
716 1528 821 1581 aut
865 1523 1048 1581 altare
1096 1523 1361 1581 erexerit.
1402 1539 1504 1579 seu
1556 1521 1817 1577 schisma
1865 1521 2015 1576 fece-

365 1536 684 1609 couegerit,
716 1536 821 1581 aut
865 1536 1048 1606 altare
1096 1536 1361 1591 erexerit,
1402 1539 1504 1579 seu
1556 1536 1817 1577 scmsma
1865 1536 2013 1576 tece-

365 1595 622 1676 ri_t,_1s_te
663 1597 1201 1676 escpmmumcetur
1249 1598 1439 1676 atque
1472 1594 1804 1651 damnetur.
1830 1592 2013 1676 .Quod

365 1667 416 1725 si
446 1664 612 1724 forte
661 1671 719 1723 et
766 1665 876 1722 hoc
922 1664 1360 1739 contempserit,
1391 1668 1448 1721 et
1484 1664 1892 1737 permanserit,
1926 1664 2014 1719 di-

1493 246 1905 312 ANASTASII
1946 245 2603 312 BIBLIOTHEBARII.

3650 232 3781 311 6H

2114 380 2369 453 visiones
2397 384 2456 436 et
2485 379 2760 453 Aschisma
2807 378 3110 453 faciendo;
3142 388 3249 451 per
3292 380 3615 453 potestates
3663 394 3779 453 pu-

2120 452 2303 527 blicas
2333 450 2717 527 opprimatur.
2751 473 2780 502 ››
2814 451 3093 527 Producit
3138 450 3548 527 auctoritatem
3579 450 3779 527 syno—

2122 520 2721 595 diChalcedonensis
2762 527 2880 595 act.
2914 540 2991 588 ιν,
3025 523 3085 595 in
3123 520 3382 595 epistola
3422 520 3777 595 archiman-

2118 594 2434 721 dgitarum,
2485 600 2543 651 et
2588 593 2778 651 sancti
2823 592 3139 668 Augustini
3169 592 3251 649 in
3298 593 3598 650 Encbirid.
3640 606 3773 670 cap.

2193 736 2451 809 Sanctus
2467 736 2563 809 hic
2593 735 2851 808 pontifex
2880 736 3105 809 potitus
3124 734 3213 792 est
3226 734 3486 809 laude,et
3502 735 3778 809 felicitate

2122 807 2424 881 spectandi
2438 807 2666 881 labores
2680 807 3148 881 suoscoronatos
3166 808 3604 881 compressione
3623 808 3783 865 schi-

2123 878 2331 955 smatis
2360 895 2463 951 per
2490 880 2765 955 Africam,
2800 878 3118 955 Illyricum,
3153 884 3211 934 et
3239 878 3488 955 Italiam,
3524 880 3642 935 imo
3675 897 3784 955 per

2122 950 2461 1024 universum
2509 950 2908 1024 Christianum
2952 951 3177 1024 grbem,
3210 950 3465 1024 exceptis
3499 950 3782 1024 tantum-

2123 1022 2296 1095 modo
2324 1021 2598 1095 Ecclesiis
2629 1022 2932 1095 Istriag,_ac
2963 1021 3236 1095 Venetia,
3261 1021 3545 1095 subjectis
3566 1024 3787 1095 metro—

2124 1091 2315 1165 politaa
2359 1091 2985 1165 Aquileiensi.7Viotor
3031 1094 3269 1150 Tunun.
3318 1091 3390 1149 in'
3436 1093 3646 1151 Chron.
3700 1093 3777 1150 ad

2123 1164 2261 1220 ann.
2292 1164 2560 1231 554,555
2586 1169 2645 1221 et
2673 1164 2799 1220 459.

2195 1235 2258 1291 In
2289 1234 2492 1291 Galliis
2524 1252 2641 1291 non
2653 1236 2826 1292 modo
2836 1234 3124 1291 unitatem
3136 1242 3272 1292 cum
3286 1238 3490 1291 sancta
3512 1236 3782 1292 Romana

2124 1306 2261 1362 sede
2289 1306 2625 1370 custodivit,
2658 1308 2759 1363 sed
2802 1307 2978 1363 etiam
3028 1307 3303 1364 Remanas
3340 1308 3454 1363 sed
3490 1309 3781 1367 vicarium

2121 1393 2223 1449 per
2249 1379 2562 1434 universam
2593 1378 2837 1452 Gallium
2859 1377 3167 1452 constituit
3203 1378 3549 1452 episcopum
3576 1378 3778 1452 areis-

2123 1453 2372 1521 tensem,
2405 1453 2647 1521 rogante
2676 1449 3207 1521 Cbildeberto;cum
3233 1449 3507 1507 antea'ab
3528 1450 3784 1521 inclina-

2123 1520 2281 1576 tione
2314 1520 2561 1594 Romani
2578 1520 2823 1594 imperii
2865 1521 2926 1575 in
2956 1520 3061 1594 illa
3088 1521 3387 1594 provincia
3407 1520 3780 1594 ecclesiasti-

2123 1608 2212 1667 ca,
2242 1591 2397 1667 parti
2427 1590 2697 1667 ejusdem
2710 1590 3144 1667 solummodo'a
3173 1591 3454 1650 Romanis
3485 1593 3780 1667 pontiﬁci-

2123 1661 2622 1720 bus—Arelatensis
2652 1663 3061 1737 praeficeretur.

1536 2005 1822 2080 LXIII.
1897 2005 2375 2080 JOANNBS
2452 2008 2594 2078 III.

1274 2190 1438 2238 anno
1482 2189 1728 2237 cnaxs'n
1771 2174 1911 2249 559,
1956 2189 2290 2238 ms'rmmm
2332 2191 2735 2239 mrsaaroms
2779 2177 2880 2239 33.

1865 2340 2263 2356 ψ

614 2494 781 2549 uo
838 2487 1117 2550 Joannes
1182 2485 1440 2548 natione
1500 2488 1842 2562 Romanus,
1891 2507 1969 2550 ex
2030 2494 2210 2569 patre
2272 2488 2632 2564 Anastasio,
2696 2486 2927 2551 illustri
2986 2485 3148 2561 viro,
3212 2485 3376 2550 sedit
3429 2500 3635 2550 annos
3680 2490 3782 2561 £2,

531 2591 665 2655 dies
704 2595 805 2667 27,
854 2610 1100 2654 menses
1145 2593 1213 2654 11
1259 2591 1371 2673 (a).
1417 2592 1531 2654 Hic
1574 2594 1811 2655 amavit
1851 2600 1913 2657 et
1954 2595 2333 2656 restauravit
2390 2595 2753 2658 cmmeteria
2812 2595 3175 2657 sanctorum
3242 2599 3623 2675 martyrum.
3668 2592 3787 2655 me

533 2698 861 2762 constituit
902 2703 974 2760 ut
1014 2698 1365 2760 oblationes
1408 2704 1471 2762 et
1511 2701 1812 2783 ampullas
1854 2700 1941 2785 (ὁ)
1982 2701 2082 2765 vel
2122 2702 2464 2764 luminaria
2513 2703 2579 2763 in
2642 2700 2877 2764 eisdem
2944 2700 3322 2763 cameteriis
3382 2718 3497 2781 per
3560 2718 3782 2765 omnes

533 2804 898 2869 Dominicas
981 2803 1061 2867 de
1129 2804 1454 2895 Lateranis
1525 2806 2062 2871 ministrarentur.
2107 2808 2224 2871 Hic
2292 2809 2555 2890 perfecit
2615 2808 2945 2871 ecclesiam
3003 2805 3436 2889 apostolorum
3462 2880 3465 2883 λ
3495 2806 3781 2890 Philippi

452 2914 490 2972 5
537 2915 601 2973 et
640 2910 881 2986 Jacobi,
930 2916 994 2972 et
1044 2909 1358 2973 dedicavit
1398 2930 1564 2975 eam.
1608 2912 1848 2976 Eodem
1893 2920 2179 2997 tempore
2241 2915 2461 2978 Heruli
2520 2916 2586 2977 in
2646 2913 2868 2978 Tarsia
2910 2913 2985 2996 (c)
3028 2918 3366 2989 venerunt,
3406 2918 3474 2976 et
3532 2912 3784 2977 levave-

532 3022 684 3083 runt
724 3016 844 3080 sibi
895 3035 1110 3096 regem
1176 3017 1472 3080 Sindualt
1529 3018 1642 3100 (ά),
1707 3025 1771 3081 et
1816 3022 2194 3101 permebant
2254 3024 2547 3083 cunctam
2609 3020 2883 3084 Italiam.
2927 3022 3009 3083 At
3067 3025 3355 3101 egressus
3414 3021 3647 3082 Narses
3702 3019 3783 3081 ad

538 3142 707 3201 eum,
751 3123 1122 3187 interfectus
1174 3129 1269 3186 est
1324 3143 1457 3200 rex,
1505 3130 1568 3187 et
1625 3142 1877 3190 omnem
1941 3133 2194 3208 gentem
2255 3127 2636 3191 Herulorum
2690 3126 2811 3189 sibi
2861 3126 3248 3208 subjugavit.
3313 3120 3554 3193 Deinde
3612 3120 3785 3191 venit

538 3230 847 3311 Amingus
889 3230 1017 3292 dux
1059 3231 1470 3306 Francorum,
1519 3237 1582 3294 et
1640 3233 2022 3296 Bucellinus.
2071 3234 2275 3297 Simili
2334 3234 2525 3297 modo
2586 3240 2651 3296 et
2708 3233 2824 3315 ipsi
2891 3234 3268 3315 premebant
3326 3232 3601 3296 Italiam.
3636 3232 3783 3313 _Sed

536 3338 885 3405 auxiliante
925 3336 1194 3400 Domino
1237 3343 1301 3400 et
1340 3337 1462 3421 ipsi
1504 3357 1543 3400 a
1582 3339 1841 3404 Narsete
1883 3330 2198 3404 interfecti
2239 3347 2407 3404 sunt.
2458 3342 2605 3404 Erat
2647 3360 2796 3421 ergo
2841 3346 2978 3403 tota
3028 3340 3215 3403 Italia
3253 3341 3559 3422 gaudens.
3607 3334 3785 3404 Tunc

416 3428 495 3507 10
534 3444 809 3509 Romani
848 3443 1088 3507 invidia
1129 3444 1303 3507 ducti
1344 3436 1813 3527 suggestionem
1854 3450 2141 3511 fecerunt
2192 3448 2551 3512 Justiniano
2608 3447 2703 3529 (ε),
2749 3453 2813 3511 et
2879 3446 3156 3530 Sophim,
3205 3448 3357 3529 quia
3417 3447 3787 3530 expedierat

534 3551 837 3614 Romanis
880 3550 1120 3627 Gothis,
1169 3551 1423 3628 servire,
1470 3570 1664 3635 quam
1710 3555 1962 3618 Graecis.
2009 3555 2129 3620 Ubi
2188 3558 2415 3618 Narses
2470 3553 2800 3617 eunuchus
2862 3554 3157 3637 imperat,
3208 3559 3273 3617 et
3338 3554 3596 3617 servitio
3657 3546 3786 3616 non

533 3656 809 3739 subjicit.
854 3659 935 3721 Et
985 3658 1300 3739 piissimus
1354 3660 1651 3741 princeps
1717 3666 1934 3723 noster
1992 3661 2129 3724 haec
2187 3662 2463 3741 ignorat.
2508 3663 2634 3724 Aut
2692 3661 2893 3723 libera
2954 3680 3069 3723 nos
3134 3658 3212 3722 de
3273 3678 3469 3722 manu
3512 3658 3676 3741 ejus,
3725 3664 3789 3723 et

538 3764 856 3828 civitatem
900 3767 1278 3842 Romanam,
1326 3772 1438 3828 aut
1477 3771 1646 3830 certe
1687 3786 1801 3830 nos
1842 3767 2143 3848 gentibus
2186 3768 2609 3832 deserviamus
2655 3767 2759 3850 (f).
2805 3769 2941 3842 Quo
2994 3767 3236 3845 audito,
3283 3768 3509 3830 Narses
3570 3766 3726 3831 dicit
3767 3788 3783 3831 :

540 3870 608 3935 Si
651 3871 817 3934 male
861 3871 980 3935 feci
1021 3872 1343 3947 Romanis,
1389 3873 1557 3935 male
1612 3873 1954 3935 inveniam.
1998 3876 2174 3937 Tunc
2240 3892 2527 3956 egressus
2584 3877 2811 3937 Narses
2870 3875 2950 3937 de
3011 3877 3232 3949 Roma,
3279 3872 3455 3935 venit
3512 3876 3784 3957 Campa-

419 3966 495 4039 15
537 3977 731 4054 niam,
780 3983 843 4041 et
884 3978 1132 4060 scripsit
1172 3979 1347 4060 genti
1387 3978 1979 4060 Longobardorum,
2025 3986 2097 4043 ut
2136 3982 2449 4056 venirent,
2498 3986 2562 4043 et
2602 3980 2997 4063 possiderent
3038 3976 3310 4043 Italiam.
3356 3978 3441 4042 Ut
3491 3982 3786 4062 cegnovit

532 4086 809 4149 Joannes
879 4105 1071 4169 papa,
1134 4086 1288 4167 quia
1345 4086 1816 4167 suggestionem
1876 4106 2059 4149 suam
2121 4087 2203 4149 ad
2260 4087 2710 4169 imperatorem
2770 4092 2991 4150 contra
3050 4089 3379 4149 Narsetem
3443 4087 3779 4164 misissent,

532 4192 799 4256 festinus
843 4192 1016 4257 venit
1057 4191 1411 4274 Neapolim,
1458 4193 1775 4277 coepitque
1819 4211 1963 4258 eum
2023 4194 2299 4257 Joannes
2360 4213 2530 4276 papa
2587 4213 2837 4275 rogare,
2902 4200 2976 4257 ut
3032 4198 3457 4258 reverteretur
3517 4190 3777 4259 Romam

532 4296 643 4380 (g).
687 4302 865 4362 Tunc
918 4302 1146 4363 Narses
1196 4299 1357 4363 dixit
1401 4317 1416 4361 :
1484 4300 1612 4377 Dic,
1679 4300 2073 4364 sanctissime
2131 4318 2323 4382 papa,
2388 4300 2540 4381 quid
2600 4300 2768 4362 male
2827 4299 2949 4362 feci
3009 4299 3310 4362 Romanis
3338 4300 3369 4361 ἲ
3412 4299 3661 4385 Vadam
3702 4300 3777 4364 ad

530 4404 723 4490 pedes
764 4404 901 4485 ejus
941 4405 1051 4487 qui
1093 4424 1193 4469 me
1236 4406 1430 4483 misit,
1474 4412 1549 4468 ut
1587 4412 1929 4489 cognoscat
1967 4407 2173 4471 omnis
2213 4407 2420 4483 Italia,
2466 4406 2785 4488 quomodo
2828 4405 2977 4471 totis
3018 4406 3257 4469 viribus
3316 4407 3614 4471 laboravi
3664 4424 3773 4490 pro

408 4508 493 4574 20
530 4488 630 4573 ea.
675 4510 1025 4592 Respondit
1063 4513 1342 4578 Joannes
1383 4530 1577 4594 papa,
1622 4488 1838 4575 dicens
1881 4533 1904 4575 :
1946 4514 2143 4578 Citius
2184 4532 2300 4594 ego
2344 4514 2596 4593 vadem,
2641 4532 2836 4596 quam
2880 4519 2949 4577 tu
3007 4514 3087 4577 de
3149 4513 3271 4577 hac
3331 4519 3507 4578 terra
3569 4488 3774 4598 egres-

534 4635 639 4679 sus
678 4618 895 4681 fueris.
942 4620 1253 4681 Reversus
1294 4621 1391 4680 est
1432 4635 1585 4698 ergo
1627 4619 1854 4681 Narses
1909 4637 2053 4682 cum
2112 4620 2508 4684 sanctissimo
2568 4606 2815 4685 Joanne
2873 4639 3065 4703 papa.
3109 4621 3289 4685 Tunc
3349 4621 3777 4685 sanctissimus

532 4742 700 4807 papa
741 4720 1006 4789 retinuit
1046 4744 1112 4788 se
1153 4726 1221 4788 in
1263 4724 1628 4788 cosmeterio
1671 4730 2036 4788 sanctorum
2077 4726 2347 4791 'l‘iburtii
2388 4733 2452 4791 et
2491 4728 2831 4806 Valeriani,
2878 4733 2943 4791 et
2984 4724 3297 4790 habitavit
3356 4728 3449 4795 ibi
3509 4728 3772 4792 multum

532 4832 860 4916 temporis,
906 4835 981 4894 ut
1021 4830 1216 4894 etiam
1271 4830 1600 4912 episcopos
1655 4838 2053 4897 consecraret
2102 4834 2363 4897 ibidem.
2424 4837 2652 4899 Narses
2709 4853 2860 4898 vero
2919 4834 3245 4916 ingressus
3303 4835 3599 4913 Romam,
3643 4836 3775 4917 post

529 4940 817 5003 multum,
848 4937 1152 5019 temporis
1193 4941 1480 5001 mortuus
1521 4944 1618 5002 est
1650 4957 1665 5015 ;
1712 4938 1893 5021 cujus
1934 4959 2165 5024 corpus
2204 4942 2484 5024 positum
2528 4947 2624 5004 est
2662 4942 2729 5005 in
2772 4940 2997 5004 locello
3058 4940 3381 5023 plumbeo,
3429 4947 3498 5006 et
3557 4940 3771 5005 reduc-

409 5046 490 5108 25
535 5050 615 5108 ιω
658 5050 807 5109 sunt
884 5060 1105 5106 omnes
1164 5042 1401 5107 divitia:
1475 5045 1559 5129 (ἡ)
1627 5045 1767 5128 ejus
1824 5047 2459 5131 Constantinopolim.
2504 5049 2749 5115 Eodem,
2805 5052 3094 5130 tempore
3149 5048 3430 5112 Joannes
3490 5066 3662 5131 papa
3711 5050 3770 5108 et

528 5153 665 5235 ipse
724 5155 1016 5217 mortuus
1076 5155 1194 5222 est.
1241 5156 1306 5216 et
1360 5154 1644 5235 sepultus
1704 5154 1772 5217 in
1829 5154 2093 5219 basilica
2158 5156 2329 5220 beati
2386 5156 2558 5220 Petri
2618 5156 2735 5219 sub
2796 5156 2897 5219 die
2939 5156 3017 5219 13
3060 5155 3292 5218 mensis
3331 5154 3486 5219 Julii
3525 5156 3622 5239 (ι).
3663 5152 3768 5217 Hic

408 5263 493 5327 30
530 5262 680 5326 fecit
720 5257 1155 5323 ordinationes
1194 5260 1353 5324 duas
1392 5280 1508 5346 per
1547 5280 1831 5327 mensem
1874 5263 2236 5328 Decembris
2294 5264 2697 5347 presbyteros
2758 5262 2985 5344 viginti
3039 5281 3270 5327 novem
3324 5262 3435 5346 (λ),
3478 5262 3764 5326 diaconos

1551 5432 1801 5481 norum
1840 5418 2224 5483 maculans
2264 5432 2585 5483 ransom.

437 5564 517 5635 (a)
540 5563 606 5634 Β,
643 5577 781 5620 ann.
818 5562 905 5632 13,
939 5556 1140 5622 minus
1170 5566 1239 5623 14
1269 5566 1328 5624 d.

368 5633 596 5692 ad'ann.
627 5635 849 5693 Domini
873 5636 1001 5695 555.

370 5704 836 5786 ti:_Lov_zgobard_.,
866 5725 985 5786 cap.
1009 5709 1074 5786 _5_.

369 5778 680 5860 reductum
710 5784 799 5842 est
822 5778 964 5841 cum
993 5778 1232 5840 divitiis.
1303 5783 1373 5854 (ι)
1405 5780 1466 5854 C,
1496 5798 1561 5840 ιιι
1594 5781 1735 5841 Idus

1406 5566 1485 5641 (ιτ)
1518 5568 1593 5641 ϐλ
1610 5568 1843 5641 emulsa.
1919 5570 1993 5640 (c)
2026 5568 2085 5641 ζ),
2122 5567 2409 5641 Τυωὶωι
2430 5566 2523 5625 vel
2552 5565 2856 5641 Tusciam.

1089 5636 1169 5713 (ε)
1192 5640 1253 5713 G,
1286 5631 1543 5713 Justino.
1562 5631 1708 5698 ’γωδ
1734 5631 1944 5698 Baro».
2071 5631 2216 5698 ἀηη.
2248 5640 2477 5713 Domini
2501 5640 2628 5696 567.
2664 5711 2673 5713 Α
2702 5640 2777 5711 (f)
2805 5631 2955 5713 Vide
3249 5636 3508 5696 Dinaiib
3536 5653 3556 5694 ι
3582 5631 3748 5713 deﬁt.

1139 5706 1461 5795 @Baron.
1496 5711 1597 5768 loc.
1628 5713 1727 5769 cit.
1756 5713 1956 5842 probat
1981 5712 2269 5771 Narsetem
2304 5711 2431 5785 jam
2471 5716 2598 5770 ante
3215 5716 3542 5769 revocantur.
3618 5706 3711 5782 (It)b

1139 5797 1232 5840 us.
1303 5783 1373 5854 (ι)
1405 5780 1466 5854 C,
1496 5798 1561 5840 ιιι
1594 5781 1735 5841 Idus
1798 5780 1880 5841 ul.
1960 5783 2026 5858 (1)
2058 5783 2117 5856 0,
2149 5784 2241 5842 38.

2935 5566 3017 5637 (ἀ)
3042 5569 3108 5636 C,
3134 5564 3405 5625 Sindml.
3439 5564 3569 5637 Vide
3588 5568 3755 5637 ῌωζω
