3924 6214
389 291 507 355 699
1535 294 1953 357 ANASTASII
1997 294 2655 358 BIBLIOTHECARII.
3673 299 3768 364 700

391 427 810 501 cmmetcrium,
845 427 1000 499 quod
1030 444 1144 501 non
1191 425 1282 482 via
1327 426 1658 501 Ardeatina,
1693 431 1757 501 ut
1781 426 2040 501 Ascripsit
2068 435 2121 501 Α
2149 443 2248 483 eas
2269 425 2327 501 in
2343 426 2608 501 Angliam
2628 426 2854 501 littaras
2874 423 3768 501 misitBonit‘aciusdiusupersles

391 499 730 576 Onupbrius
751 499 819 576 in
843 497 1307 576 cmmeteriorum
1330 499 1623 572 Catalogo,
1651 499 1756 576 sed
1779 497 2038 576 Num'en-
2068 497 2121 501 “
2149 515 2264 576 non
2298 497 2864 576 fuitiieodemenim
2896 515 3050 576 anno
3081 497 3504 576 sexcentesimo
3524 497 3767 559 vicesimo

391 569 542 629 tana'
566 588 744 645 prope
774 570 946 627 Urbis
995 571 1211 626 mmnia
1258 571 1438 626 situm
1488 569 1616 626 esse
1647 571 1800 626 inter
1846 571 2039 625 Romae
2150 570 2377 695 quinto,
2407 570 2500 626 die
2528 569 2805 626 vicesima
2835 569 3095 626 secunda
3135 569 3423 636 Octobris,
3457 587 3766 643 supremum

393 645 784 695 subterraneae
814 641 1126 695 scriptores
1152 642 1294 695 satis
1314 643 1598 695 convenit.
1618 641 1838 695 Ibidem
1865 641 2039 695 etiam
2192 641 2306 695 iem
2338 640 2501 695 obiit.
2534 645 2610 695 et.
2641 646 2705 695 ut
2725 641 2900 695 habet
2926 640 3294 695 Anastasius.
3325 643 3568 695 sepultus
3602 653 3671 695 est
3711 645 3766 695 ad

393 640 784 724 subterraneae
814 641 1126 724 scriptores
1145 642 1294 724 satis
1314 643 1598 724 convenit.
1618 641 1839 724 Ibidem
1855 641 2039 724 etiam
2150 640 2306 724 diem
2334 640 2501 724 obiit,
2534 645 2610 709 et,
2640 646 2705 724 ut
2725 641 2900 724 habet
2926 640 3294 724 Anastasius,
3312 640 3568 724 sepultqu
3602 653 3679 724 est
3711 645 3769 700 ad

393 720 518 771 erat
547 715 792 771 ecclesia
813 712 1238 786 S.Nicomedis,
1267 730 1443 786 quam
1464 717 1747 786 vetustate
1770 713 2041 768 fatiscen-
2151 713 2212 768 Β.
2247 718 2473 768 Petrum
2501 713 2800 786 apostolum
2825 712 2914 768 die
2943 714 3201 786 vicesimo,
3223 712 3415 784 quinto
3443 715 3633 786 mensis
3647 714 3766 772 Octo-

392 790 510 842 tem
533 786 824 842 Adrianus
855 785 898 850 I,
930 790 995 840 ut
1025 785 1201 856 refert
1224 783 1568 856 Anastasius
1598 784 1769 850 infra,
1803 801 2041 840 renova-
2152 783 2605 856 br1'§,postquam
2622 783 2885 856 sedisset
2904 800 3077 856 annos
3105 783 3577 856 quinquc,menses
3595 784 3764 854 deem,

394 858 496 913 vit.
525 857 636 913 Sed
667 862 999 929 temporum
1031 855 1356 929 iniuriaita
1387 855 1509 929 solo
1557 861 1786 929 aequata
1835 860 1942 926 est,
1975 859 2044 929 ut
2153 860 2217 910 ut
2247 853 2792 929 ba‘bent‘Gott‘ridus
2821 853 3206 929 Vitegrbiensis
3236 853 3296 910 in
3319 854 3620 929 Chronico,
3641 857 3769 929 Luit-

395 933 596 984 nostra
625 924 912 984 aetate-vix
932 924 1225 999 parietinae
1256 925 1414 999 illius
1445 927 1565 981 sint
1585 924 1933 999 conspicuae.
1956 927 2040 980 Ad
2151 926 2431 998 prandus,
2460 925 2772 999 Catalogus
2801 925 3108 999 nominum
3121 924 3593 998 apostolicorum,
3617 928 3766 984 codex

398 999 796 1056 cmmeterium
846 996 976 1053 vero
1027 1000 1193 1070 quod,
1212 997 1440 1070 attinet,
1472 1015 1604 1053 cum
1643 996 1776 1070 ante
1808 997 2044 1070 Bosium
2153 996 2987 1070 ips.‘Anastasiicolbertinus
3010 1001 3068 1052 et
3117 996 3371 1070 quatuor
3408 1014 3476 1053 ex
3522 999 3766 1070 catalogis

399 1075 552 1149 esset
591 1071 890 1149 ignotum,
911 1067 1119 1149 Bosius
1159 1069 1306 1149 illud
1351 1068 1609 1149 primum
1645 1069 1860 1124 detexit
1889 1085 2043 1149 anno
2153 1067 2375 1149 ς]ςὶιίοω
2406 1068 2742 1149 Beronianaa
2775 1067 3058 1149 praefixis;
3093 1067 3153 1124 et
3175 1069 3335 1149 quod
3359 1085 3482 1149 rem
3503 1074 3654 1149 extra
3676 1067 3765 1125 du-

399 1087 552 1126 esset
591 1087 877 1142 ignomm,
911 1087 1119 1125 Hosius
1159 1087 1306 1124 mun
1351 1087 1609 1196 plrimum
1645 1087 1860 1124 detexit
1889 1087 2043 1124 anno
2153 1087 2375 1148 urmcze
2406 1087 2742 1124 naromanaa
2775 1087 3058 1149 prmnxis;
3093 1087 3150 1124 et
3179 1087 3335 1140 quon
3359 1087 3482 1125 rem
3503 1087 3653 1124 extra
3676 1087 3765 1125 nu-

399 1142 558 1222 i_601,
590 1157 768 1214 prope
799 1139 968 1196 Urbis
1001 1140 1214 1195 mmnia
1237 1141 1330 1223 via
1413 1139 2046 1266 umentanu,com‘plec-
2153 1139 2318 1194 bium
2338 1140 2532 1266 ponit,
2561 1141 2688 1266 eius
2711 1139 3078 1266 epitaphium
3111 1156 3145 1194 a
3175 1140 3418 1222 Baronio
3474 1141 3765 1210 recitatum,

399 1217 657 1266 titurnue
686 1218 804 1266 tres
835 1215 937 1266 aut
967 1218 1217 1266 quatuor
1243 1229 1469 1266 v1arum
1501 1217 1741 1266 semitas
1771 1216 1876 1266 totl
1922 1227 2043 1266 em-
2154 1211 2310 1266 quod
2382 1211 2570 1266 uobus
2644 1229 2694 1266 ιε
2724 1227 2874 1266 versi
2924 1227 2992 1266 us
3023 1209 3340 1266 clauditur.

398 1209 664 1293 titurque.
686 1209 804 1293 fres
835 1215 937 1268 aut
967 1218 1217 1284 quatuor
1243 1212 1469 1268 viarum
1501 1211 1741 1268 semitas
1771 1209 2043 1267 totidem-
2154 1211 2310 1282 quod
2338 1209 2570 1267 duobus
2592 1209 2694 1267 bis
2724 1209 2992 1266 versibus
3023 1209 3340 1267 clauditur.

401 1299 512 1355 quo
534 1282 822 1339 cumcum.
1127 1389 1310 1445 PAG"
2154 1349 2370 1400 Culmen
2394 1351 2748 1423 apostolicum
2777 1351 3018 1424 quinque
3066 1355 3119 1401 et
3146 1351 3231 1401 his
3255 1352 3552 1424 mensibus,
3583 1353 3716 1404 annis

1318 1432 1330 1445 -
2279 1413 2432 1463 Rexit
2456 1417 2506 1463 et
2534 1413 2601 1463 ad
2631 1427 2811 1480 magni
2840 1415 3052 1464 culmen
3073 1413 3298 1464 honoris
3327 1415 3457 1466 abit.

479 1495 659 1553 Linea
691 1497 776 1552 12.
807 1526 877 1538 --
903 1495 1008 1566 Qui
1033 1496 1315 1568 defunctus
1343 1497 1585 1569 sepultus
1614 1504 1710 1553 est.
1729 1496 2044 1569 Postquam

1725 1785 1987 1856 LXXII.
2041 1785 2495 1856 HONORIUS.

1553 1951 1719 1997 srmo
1762 1951 1999 1997 camsn
2041 1936 2181 2009 626,
2229 1951 2513 1998 nauem
2557 1937 2655 1997 17.

652 2227 814 2280 uo
882 2220 1199 2282 Honorius
1268 2221 1526 2284 natione
1597 2223 1973 2304 Campanus,
2047 2243 2124 2285 ex
2198 2229 2374 2304 patre
2456 2220 2750 2286 Petronio
2833 2221 3113 2296 consule,
3187 2221 3354 2284 sedit
3432 2240 3618 2283 annos
3686 2222 3758 2292 12,

568 2345 813 2387 menses
872 2329 974 2400 11,
1019 2327 1153 2388 dies
1216 2330 1290 2388 11
1353 2330 1458 2410 (a).
1508 2330 1619 2390 Hic
1683 2331 2073 2411 temporibus
2129 2331 2256 2392 suis
2317 2331 2518 2392 multa
2585 2329 2756 2391 bona
2815 2329 2983 2390 fecit.
3050 2329 3164 2391 Hic
3222 2329 3492 2391 erudivit
3545 2329 3760 2390 clerum.

568 2433 986 2513 Temporibus
1027 2434 1156 2495 suis
1197 2437 1526 2498 renovavit
1566 2456 1819 2500 omnem
1864 2437 2166 2498 familiam
2209 2437 2380 2499 beati
2420 2437 2591 2498 Petri
2634 2435 2907 2516 apostoli
2949 2435 3054 2517 (ὁ),
3105 2442 3168 2497 et
3210 2435 3524 2498 investivit
3558 2435 3759 2496 confes—

572 2539 811 2600 sionem
856 2539 1023 2601 beati
1066 2542 1234 2603 Petri
1277 2560 1353 2603 ex
1395 2549 1659 2622 argento
1704 2564 1887 2624 puro,
1934 2545 2104 2624 quod
2148 2550 2373 2625 pensat
2429 2543 2623 2605 libras
2683 2548 2938 2604 centum
2999 2543 3371 2623 octuaginta
3430 2548 3489 2604 et
3539 2547 3753 2622 septem.

492 2647 529 2706 5
572 2646 895 2708 Investivit
925 2648 1126 2728 regias
1161 2647 1396 2727 januas
1439 2650 1502 2710 in
1547 2642 1832 2731 ingressu
1878 2651 2155 2712 ecclesiae
2213 2649 2508 2730 majores,
2556 2668 2697 2730 quae
2759 2649 3166 2730 appellantur
3228 2649 3532 2711 medianae
3578 2666 3644 2710 ex
3679 2664 3755 2708 ar-

573 2758 788 2832 gento,
834 2772 974 2834 quae
1037 2761 1308 2834 pensant
1367 2756 1562 2818 libras
1624 2757 2046 2837 noningentas
2106 2757 2510 2838 septuaginta
2581 2756 2882 2837 quinque,
2932 2755 3082 2818 fecit
3138 2761 3203 2818 et
3267 2760 3592 2818 cerostatas
3653 2771 3756 2814 ma-

565 2859 740 2940 jores
782 2858 860 2941 (c)
900 2879 976 2922 ex
1020 2869 1284 2942 argento
1315 2863 1494 2944 paria
1535 2858 1681 2938 duo,
1731 2884 1873 2945 qua;
1917 2870 2065 2925 sunt
2107 2870 2252 2926 ante
2293 2882 2521 2944 corpus
2563 2863 2734 2924 beati
2773 2862 2945 2930 Petri
2986 2863 3284 2944 apostoli,
3331 2881 3576 2944 pensan.
3630 2859 3758 2938 sing.

573 2967 767 3028 libras
834 2969 974 3028 2‘72.
1022 2969 1191 3031 Fecit
1259 2976 1323 3032 et
1391 2971 1471 3032 ad
1540 2971 1798 3033 beatum
1869 2973 2185 3034 Andream
2251 2970 2632 3052 apostolum,
2681 2969 2788 3030 ubi
2857 2989 3074 3050 supra,
3146 2975 3298 3032 ante
3366 2968 3755 3032 confessionem

575 3071 825 3134 tabulas
884 3093 962 3137 ex
1022 3083 1310 3156 argento,
1358 3090 1500 3158 quae
1545 3097 1722 3158 pens.
1792 3079 1934 3140 libr.
1981 3079 2386 3159 septuaginta
2449 3082 2594 3139 tres.
2669 3075 2872 3155 Hujus
2935 3077 3329 3158 temporibus
3387 3077 3592 3139 levata:
3646 3077 3758 3134 sunt

459 3178 536 3238 10
578 3179 788 3241 trabes
863 3181 928 3242 in
993 3184 1257 3245 ecclesia
1328 3184 1496 3246 beati
1569 3185 1735 3246 Petri
1804 3186 2074 3267 apostoli
2145 3203 2408 3246 numero
2478 3183 2815 3245 sexdecim.
2890 3183 3002 3245 Hic
3085 3183 3409 3266 cooperuit
3489 3179 3756 3244 ecclesiam

575 3306 827 3350 omnem
897 3307 972 3351 ex
1044 3290 1278 3352 tabulis
1318 3290 1406 3371 (ά)
1452 3291 1652 3365 aereis,
1700 3311 1858 3372 quas
1928 3292 2162 3354 levavit
2228 3291 2307 3353 de
2377 3289 2640 3371 templo,
2687 3290 2858 3372 quod
2936 3291 3302 3372 appellatur
3371 3286 3756 3367 Romaa(e)ex

581 3412 889 3456 consensu
935 3395 1197 3475 piissimi
1239 3397 1522 3458 Heraclei
1577 3398 1997 3479 imperatoris.
2063 3399 2299 3460 Eodem
2360 3403 2645 3478 temporc
2706 3397 2855 3458 fecit
2913 3398 3244 3460 ecclesiam
3305 3399 3499 3460 beatae
3553 3390 3756 3475 Agnetis

584 3501 878 3579 martyris
949 3501 1240 3563 milliario
1310 3502 1390 3562 ab
1461 3504 1614 3565 urbe
1686 3507 1886 3566 Roma
1953 3505 2162 3579 tertio,
2234 3505 2337 3565 via
2421 3507 2842 3578 Numentana,
2918 3523 2957 3565 a
3025 3505 3184 3580 solo,
3276 3505 3384 3566 ubi
3462 3498 3754 3583 requiescit.

481 3605 491 3617 '
581 3625 770 3685 quam
843 3607 1120 3688 undique
1188 3609 1437 3670 ornavit
1505 3616 1569 3671 et
1636 3611 1989 3690 exquisivit,
2067 3611 2175 3672 ubi
2244 3611 2453 3691 posuit
2521 3611 2721 3672 multa
2782 3611 2974 3673 dona.
3049 3613 3316 3676 Ornavit
3357 3617 3555 3674 autem
3592 3601 3756 3686 sepul-

465 3713 540 3772 15
582 3731 756 3774 crum
801 3713 938 3792 ejus
980 3723 1057 3775 ex
1099 3723 1386 3794 argento,
1433 3717 1602 3797 quod
1647 3737 1909 3797 pensan.
1956 3719 2150 3780 libras
2189 3720 2331 3779 252.
2377 3717 2592 3778 Posuit
2633 3723 2696 3780 et
2756 3718 3028 3798 desuper
3085 3719 3398 3780 ciburium
3459 3715 3527 3798 (/)
3574 3726 3754 3775 aereum

581 3820 952 3882 deauratum
1027 3822 1201 3884 mira:
1273 3824 1748 3903 magnitudinis.
1823 3824 1992 3886 Fecit
2063 3829 2124 3884 et
2194 3823 2514 3886 Gabatbos
2584 3843 2808 3886 aureos
2869 3831 3142 3906 quatuor
3187 3825 3295 3906 (g),
3343 3841 3585 3906 pensan.
3631 3817 3754 3893 sing.

587 3927 782 3988 libras
851 3929 1150 4009 singulas.
1227 3931 1398 3992 Fecit
1469 3932 1757 3993 absidam
1831 3931 2112 4011 ejusdem
2183 3931 2464 3993 baeilicaa
2535 3949 2614 3992 ex
2684 3931 2932 3994 musibo
2999 3931 3111 4013 (Ιι),
3186 3932 3298 3993 ubi
3366 3931 3544 3993 etiam
3603 3922 3760 3986 multa

580 4035 744 4096 bona
787 4034 862 4116 (ἢ
902 4036 1152 4098 obtulit.
1216 4037 1387 4100 Idem
1452 4039 1602 4100 fecit
1672 4039 1994 4100 basilicam
2071 4038 2242 4099 beati
2313 4037 2697 4116 Apollinaris
2768 4038 3062 4118 martyris
3131 4039 3196 4099 in
3268 4039 3422 4100 urbe
3489 4039 3676 4102 Roma,
3710 4027 3756 4087 in

581 4143 823 4223 porticu
871 4142 1038 4205 beati
1081 4145 1250 4206 Petri
1293 4147 1582 4226 apostoli,
1632 4166 1774 4227 qua:
1818 4147 2174 4226 appellatur
2217 4145 2297 4204 ad
2341 4144 2623 4225 palmata
2664 4163 2702 4205 a
2744 4144 2902 4219 solo,
2951 4145 3060 4205 ubi
3101 4145 3276 4206 dona
3318 4144 3510 4206 multa
3546 4136 3756 4216 largitus

581 4255 676 4311 est
717 4248 818 4330 ω.

665 4362 830 4416 no
870 4356 983 4418 Hic
1052 4357 1199 4419 fecit
1268 4360 1678 4421 constitutum
1748 4360 1811 4419 in
1884 4357 2183 4432 Ecclesia,
2255 4362 2318 4419 et
2387 4356 2666 4418 decrevit
2731 4362 2802 4418 ut
2870 4376 2984 4438 per
3043 4376 3299 4418 omnem
3355 4348 3751 4418 hebdomadam

583 4462 862 4525 Sabbato
921 4466 1022 4528 die
1084 4471 1268 4526 exeat
1321 4466 1570 4527 Litania
1627 4467 1709 4526 ad
1773 4467 2027 4526 beatum
2087 4445 2543 4544 Apollinarem,
2590 4469 2654 4526 et
2707 4463 2787 4525 ad
2849 4463 3104 4526 beatum
3175 4467 3426 4526 Petrum
3470 4453 3753 4541 apostolum

584 4589 727 4632 cum
797 4570 1050 4651 hymnis
1119 4579 1181 4634 et
1249 4573 1507 4634 canticis
1577 4573 1850 4652 populus
1919 4573 2124 4634 omnis
2193 4591 2523 4633 occurrere
2593 4571 2846 4633 debeat.
2894 4572 3068 4634 Fecit
3136 4577 3199 4634 et
3259 4569 3566 4633 ecclesiam
3618 4561 3755 4622 beato

585 4677 843 4758 Cyriaco
888 4680 1152 4759 martyri
1193 4698 1231 4739 a
1273 4679 1406 4740 solo
1469 4679 1570 4739 via
1632 4679 1899 4739 Ostiensi
1972 4679 2264 4740 milliario
2335 4679 2627 4758 septimo,
2676 4678 2785 4739 ubi
2855 4683 2917 4740 et
2987 4679 3225 4741 donum
3298 4675 3536 4740 obtulit.
3575 4664 3753 4732 Eodem

506 4788 543 4846 5
587 4792 871 4865 tempore
915 4787 1062 4848 fecit
1103 4785 1430 4846 ecclesiam
1476 4785 1805 4846 beatorum
1851 4785 2198 4865 Martyrum
2259 4791 2536 4865 quatuor
2603 4787 3088 4859 Coronatorum,
3136 4803 3328 4865 quam
3371 4788 3434 4845 et
3487 4768 3753 4840 dedicavit.

586 4899 649 4955 et
690 4892 927 4954 donum
971 4890 1222 4954 obtulit.
1271 4891 1443 4952 Fecit
1501 4892 1827 4952 ecclesiam
1898 4893 2084 4954 beato
2128 4893 2427 4956 Severino
2471 4911 2510 4953 a
2568 4892 2703 4954 solo
2758 4891 2942 4972 juxta
3021 4893 3340 4954 civitatem
3396 4882 3750 4951 Tiburtinam.

589 4999 882 5060 milliario
953 4999 1035 5060 ab
1092 4997 1264 5058 'urbe
1333 4999 1619 5060 Romana
1691 4999 2006 5073 vicesimo,
2073 5019 2264 5080 quam
2333 4999 2467 5079 ipse
2537 4998 2877 5073 dedicavtt,
2946 5004 3004 5062 et
3077 5000 3246 5061 dona
3312 4996 3503 5058 multa
3561 4980 3753 5051 obtulit.

589 5105 938 5168 Renovavit
982 5110 1043 5164 et
1085 5105 1510 5166 coemeterium
1559 5107 1889 5170 beatorum
1964 5112 2312 5186 martyrum
2383 5105 2732 5167 Marcellini
2789 5113 2850 5168 et
2909 5106 3102 5181 Petri,
3159 5106 3263 5167 via
3330 5100 3630 5176 Lavicana-
3667 5087 3754 5148 Εο·

591 5214 734 5274 dem
780 5217 1064 5291 tempore
1106 5212 1252 5274 fecit
1294 5213 1616 5275 basilicam
1649 5214 1834 5276 beato
1876 5213 2214 5276 Pancratio
2261 5212 2548 5292 martyri,
2597 5212 2700 5273 via
2760 5213 3037 5288 Aurelia,
3085 5212 3378 5276 milliario
3443 5197 3754 5302 secundo

474 5321 551 5382 l0
591 5319 751 5390 solo,
798 5323 860 5378 et
899 5319 1152 5380 ornavit
1192 5320 1550 5401 sepulcrum
1595 5321 1730 5402 ejus
1775 5339 1851 5382 ex
1893 5326 2179 5400 argento,
2229 5320 2399 5400 quod
2443 5337 2708 5398 pensan.
2755 5321 2949 5382 libras
3009 5327 3258 5383 centum
3312 5310 3548 5395 'viginti.
3586 5305 3650 5367 Et
3693 5294 3754 5356 ibi

591 5423 918 5488 constituit
960 5426 1126 5488 mola
1166 5427 1231 5488 in
1277 5446 1527 5488 murum
1571 5429 1636 5490 in
1679 5429 1818 5490 loco
1861 5426 2120 5505 Trajani
2166 5426 2353 5506 juxta
2414 5444 2667 5487 murum
2729 5427 3022 5506 civitatis,
3070 5433 3133 5489 et
3191 5427 3453 5488 formam
3508 5429 3628 5496 qui!3
3673 5401 3751 5462 de‘

1619 5580 1867 5627 NOTULE
1908 5577 2292 5625 IARGINALES
2335 5575 2654 5624 FABROTTI.

505 5690 579 5773 (ᾳ)
609 5690 651 5744 Β
673 5689 956 5760 5,”ιῐιὶῐιιιε
985 5693 1019 5748 3
1044 5691 1180 5776 dieb
1282 5691 1404 5818 (bl;
1439 5688 1740 5774 cimiliam.
1778 5693 1856 5774 0,.
1905 5689 2054 5772 cerni

505 5778 658 5818 mora
729 5762 851 5818 (ἀν
881 5763 1110 5818 tegulis.
1190 5764 1260 5818 (ei
1285 5767 1306 5788 ·
1395 5761 1595 5818 omuh.
1671 5765 1773 5818 (ιγ
1797 5762 2054 5818 Ciborlux

2208 5731 2218 5742 .
2252 5695 2316 5757 Β,
2350 5685 2648 5760 cymiliam
2696 5691 2780 5746 vel
2831 5688 3270 5762 supellectilem.
3311 5726 3320 5730 -
3373 5681 3477 5756 (c)'
3505 5659 3751 5763 οενθοξίδίῆ

2202 5764 2311 5818 [ω’
2345 5759 2599 5818 Gabatas
2626 5760 2679 5816 3.
2756 5760 3150 5818 (hl'musivo.
3226 5755 3508 5818 (ﬂ'dona.
3572 5741 3626 5813 Ο)
3669 5723 3736 5789 Ρ⁸¹

435 5746 691 5892 ΞὲἓέαΒ
717 5746 809 5835 ’(ἀ)
830 5765 851 5786 α
881 5746 1174 5838 tegnlis."
1190 5764 1260 5836 (ε)
1285 5746 1322 5788 λθ
1343 5746 1595 5818 Romuli.
1629 5746 1984 5836 "(inditam-1

2058 5777 2116 5817 n.
2195 5746 2316 5831 (g)"
2345 5746 2599 5818 Gabatas
2626 5760 2679 5816 3.
2756 5746 3150 5833 (h)'inusivo.
3226 5746 3508 5829 (Q'do'na.
3572 5746 3607 5813 0
