3924 6214
160 301 288 365 709
951 300 1321 364 HISTORIA
1366 298 1468 362 DE
1511 298 1712 363 VITIS
1758 298 1946 362 HOM.
1993 299 2222 361 PONT.
2255 333 2332 345 --
2358 297 2815 364 SEVERINUS.
3462 305 3580 368 ’710

167 439 274 504 est,
301 432 394 508 vel
427 431 792 491 schismatici
844 432 1055 488 iterum
1113 436 1247 505 post
1294 431 1530 488 Honorii
1576 435 1822 488 mortem
1854 434 1907 498 Α
1935 430 2130 498 tionis,
2165 447 2347 508 quam
2359 431 2591 508 _mortis
2635 434 2738 487 aut
2765 430 3098 508 sepultura,
3131 437 3379 508 utisape
3403 437 3486 506 fit,
3519 438 3578 494 in

167 502 312 580 lapsi
346 509 542 580 sun_t._
612 574 650 580 η
821 578 837 580 _
864 579 871 580 ί
1067 579 1074 580 7
1115 502 1148 580 ’Δ
1267 576 1276 580 Α
1567 576 1576 580 _
1937 520 2237 580 summam
2264 502 2500 580 collato,
2541 502 3158 580 ex_quo_m‘anifes_tum
3191 507 3256 561 ﬁt
3284 502 3390 563 nos
3412 502 3582 580 juxta

287 595 414 633 um.
450 578 572 650 120,
612 574 769 650 linea
813 578 901 650 2_0.
937 606 999 615 -—~
1034 575 1173 650 Qui
1202 576 1384 650 etiam
1423 576 1664 650 sepultus
1721 583 1815 650 est.
1929 579 2183 650 mentem
2212 575 2502 650 Anastasii
2535 574 3116 650 ordinationemejus
3152 583 3303 634 recte
3332 574 3581 650 conjun-

171 649 324 706 Obiit
352 644 918 718 tandemHonorius
949 644 1099 718 papa
1119 644 1210 718 die
1232 644 1580 718 duodecima
1603 645 1821 718 mensis
1930 645 2083 700 xisse
2114 661 2246 718 cum
2281 645 2372 718 die
2417 649 2486 700 27
2533 645 2798 718 Octobris
2853 647 2990 718 anni
3018 644 3154 714 ⁷625,
3189 667 3343 715 cum,
3377 644 3580 707 eodem

170 721 436 777 Octobris
483 717 622 775 anni
675 715 1080 789 sexcentesimi
1125 715 1410 789 trigesimi
1441 717 1624 772 octavi
1653 722 1821 789 post—
1932 721 2099 782 teste,
2133 715 2342 789 obierit
2364 722 2426 789 et
2457 717 2736 789 sepultus
2754 717 2832 772 sit
2857 717 2918 789 in
2953 719 3192 775 basilica
3236 721 3386 777 beati
3425 722 3578 781 Petri

166 809 369 865 quam,
395 796 460 846 ut
478 790 657 865 habet
678 788 1039 865 Anastasius,
1063 787 1314 865 sedisset
1332 787 1820 865 annosduodecim,
1934 787 2182 860 apostoli
2211 787 2311 844 sub
2341 787 2430 844 die
2454 787 2651 860 quarto
2679 787 2806 844 Idus
2837 788 3096 844 Octobris.

164 859 377 920 nienses
410 861 683 929 undecim,
717 860 832 916 die:
861 859 1255 932 septemdecim,
1287 863 1408 915 tam
1447 859 1554 915 'die
1591 859 1824 916 ordina-

1453 1175 1750 1246 LXXlll.
1807 1175 2310 1247 SEVERINUS.

1331 1339 1498 1387 ΛιιΝο
1541 1338 1778 1385 cnnls'rl
1821 1324 1964 1398 638,
2011 1340 2295 1385 nauem
2335 1325 2438 1386 29.

414 1596 524 1656 121
574 1593 930 1666 Severinus,
997 1592 1254 1654 natione
1317 1594 1659 1663 Romanus,
1727 1609 1803 1652 ex
1867 1596 2045 1671 patre
2129 1591 2394 1664 Abieno,
2461 1591 2622 1654 sedit
2680 1611 2925 1654 menses
2985 1594 3166 1669 duos,
3230 1596 3362 1658 dies
3423 1617 3582 1678 qua-

333 1710 478 1764 tuor
520 1701 628 1783 (a).
673 1700 876 1780 Hujus
934 1699 1326 1780 temporibus
1387 1698 1781 1760 devastatum
1851 1703 1944 1758 est
1986 1697 2375 1778 episcopium
2434 1701 2855 1762 Lateranense
2899 1719 2937 1761 a
2980 1702 3281 1764 Mauricio
3326 1703 3583 1767 chartu-

327 1809 490 1872 lario
560 1814 624 1870 et
665 1808 863 1870 Isacio
925 1807 1187 1888 patricio
1230 1811 1295 1867 et
1335 1804 1611 1866 exarcho
1655 1803 1878 1877 Italia,
1925 1823 2068 1865 cum
2113 1804 2324 1865 adhuc
2367 1805 2608 1867 electus
2669 1813 2830 1868 esset
2891 1807 3161 1869 domnus
3223 1811 3578 1872 Severinus.

329 1916 455 1979 Sed
519 1921 859 1996 antequam
924 1913 1168 1976 veniret
1229 1911 1484 1988 Isacius,
1547 1911 1886 1972 Mauricius
1945 1911 2092 1972 dolo
2154 1911 2380 1972 ductus
2455 1912 2754 1975 adversus
2833 1915 3176 1976 Ecclesiam
3255 1917 3368 1978 Dei
3429 1937 3581 1979 con-

249 2025 286 2083 5
330 2023 472 2084 silio
533 2021 691 2083 inito
753 2039 896 2082 cum
966 2018 1344 2100 quibusdam
1418 2019 1727 2099 perversis
1805 2017 2192 2090 hominibus,
2273 2019 2696 2080 incitaverunt
2775 2021 3119 2082 exercitum
3201 2025 3580 2102 Romanum,

328 2130 632 2202 dicentes,
714 2128 865 2208 quia
946 2125 1098 2207 quid
1179 2125 1436 2206 prodest
1524 2124 1695 2205 quod
1778 2129 1970 2184 tanta
2057 2125 2337 2204 pecunia
2417 2133 2813 2204 congregata
2893 2133 3042 2188 sunt
3122 2129 3187 2189 in
3267 2131 3583 2212 episcopio

329 2233 738 2299 Lateranensi
780 2233 860 2295 ab
919 2232 1197 2294 Honorio
1260 2250 1449 2312 papa,
1525 2237 1589 2292 et
1657 2231 1836 2291 miles
1906 2231 2022 2292 iste
2095 2231 2252 2291 nihil
2319 2231 2544 2292 exinde
2628 2233 2973 2294 subventns
3042 2233 3258 2310 habet,
3331 2240 3584 2317 quando

333 2350 394 2405 et
435 2361 606 2422 roga
650 2347 894 2414 veslra,
942 2358 1100 2420 quas
1161 2339 1435 2400 domnus
1518 2338 1866 2418 imperator
1929 2337 2104 2398 vobis
2163 2357 2278 2418 per
2336 2338 2501 2399 vices
2566 2340 2910 2413 mandavit,
2959 2340 3048 2400 ibi
3093 2349 3244 2403 sunt
3287 2361 3324 2404 a
3366 2351 3583 2406 sancto

331 2451 464 2511 viro
528 2436 1067 2510 reconditains
1128 2445 1358 2506 auditis
1415 2449 1786 2506 exarserunt
1858 2462 2077 2506 omnes
2139 2445 2440 2506 adversus
2520 2445 2864 2507 Ecclesiam
2952 2448 3086 2521 Dei,
3155 2454 3220 2509 et
3279 2458 3587 2513 venerunt

221 2559 294 2618 10
335 2573 552 2618 omnes
595 2575 634 2616 a
677 2554 936 2614 minimo
1019 2552 1338 2627 concitati,
1426 2570 1646 2612 omnes
1730 2552 1982 2624 armati,
2069 2551 2179 2630 qui
2263 2551 2504 2612 inventi
2587 2558 2735 2612 sunt
2814 2553 2880 2612 in
2966 2554 3216 2616 civitate
3301 2558 3585 2619 Romana

336 2682 372 2724 a
413 2681 612 2744 puero
685 2679 881 2740 usque
965 2660 1046 2720 ad
1109 2677 1321 2721 senem
1406 2659 1469 2718 in
1555 2658 1873 2737 episcopio
1959 2658 2389 2737 suprascripto
2473 2659 2902 2732 Lateranensi,
2951 2667 3012 2721 et
3058 2681 3184 2721 non
3243 2669 3586 2741 potuerunt

335 2789 523 2832 manu
585 2768 842 2830 militari
902 2766 1182 2840 introire,
1251 2767 1402 2846 quia
1463 2766 1833 2826 restiterunt
1896 2764 1984 2826 eis
2045 2765 2155 2844 qui
2217 2771 2399 2826 erant
2457 2784 2599 2826 cum
2671 2767 3062 2828 sanctissimo
3118 2767 3352 2830 domno
3395 2771 3582 2834 Seve-

334 2878 498 2939 rino.

413 2986 529 3046 122
570 2985 748 3044 Tunc
807 2981 1025 3042 videns
1083 2979 1207 3041 hoc
1270 2978 1628 3052 Mauricius,
1674 2977 1824 3058 quia
1884 2977 2043 3038 nihil
2109 2982 2449 3058 potuerunt
2506 2979 2735 3052 facere,
2783 2978 2930 3041 dolo
2993 2980 3218 3042 ductus
3283 2983 3430 3045 fecit
3495 2981 3585 3045 ibi

331 3089 674 3154 exercitum
759 3087 1051 3161 residere,
1139 3087 1309 3148 intra
1391 3085 1777 3167 episcopium
1861 3088 2308 3159 Lateranense,
2375 3091 2437 3146 et
2512 3087 2768 3146 fuerunt
2848 3086 2937 3147 ibi
3021 3087 3154 3149 dies
3240 3095 3390 3152 tres.
3433 3093 3586 3153 Post

331 3199 609 3260 triduum
695 3200 905 3257 autem
991 3193 1274 3255 introivit
1355 3193 1696 3255 Mauricius
1777 3211 1920 3254 cum
2000 3193 2346 3272 judicibus,
2395 3193 2504 3272 qui
2586 3193 2824 3254 inventi
2907 3201 3055 3256 sunt
3115 3214 3258 3256 cum
3326 3197 3463 3277 ipso
3518 3199 3581 3260 in

332 3305 620 3378 consilio,
684 3307 747 3364 et
805 3301 1243 3382 sigillaverunt
1307 3299 1390 3381 (ὁ)
1451 3317 1637 3360 omne
1720 3299 2084 3361 vestiarium
2170 3299 2469 3374 ecclesia,
2535 3319 2644 3360 seu
2706 3300 3001 3382 cimbylia
3061 3303 3382 3384 episcopii,
3442 3324 3584 3385 qua

247 3415 287 3472 5
331 3411 562 3474 diversi
644 3407 1157 3471 Christianissimi
1257 3407 1696 3487 imperatores,
1783 3425 1892 3467 seu
1996 3406 2242 3486 patricii
2346 3412 2409 3467 et
2517 3407 2828 3482 consules,
2936 3428 3048 3488 pro
3155 3409 3585 3492 redemptione

334 3520 691 3582 animarum
753 3533 1009 3578 suarum
1067 3515 1253 3575 beato
1312 3515 1499 3575 Petro
1572 3514 1862 3594 apostolo
1946 3513 2352 3594 reliquerant,
2420 3520 2490 3574 ut
2552 3515 2936 3594 pauperibus
2997 3516 3261 3597 singulis
3339 3524 3584 3599 tempo-

338 3627 511 3688 ribus
555 3644 670 3706 pro
713 3622 1019 3685 alimonia
1062 3620 1134 3702 (ε)
1181 3626 1616 3700 erogarentur,
1664 3639 1770 3682 seu
1834 3626 2095 3700 prOpter
2155 3620 2650 3701 redemptionem
2717 3622 3130 3702 captivorum.
3179 3625 3255 3685 Et
3306 3631 3585 3704 postmo-

343 3735 492 3797 dum
570 3732 741 3794 misit
798 3729 1138 3792 Mauricius
1194 3728 1492 3808 epistolas
1551 3727 1840 3788 suas-ad
1901 3727 2167 3788 Isacium
2241 3727 2574 3807 patricium
2657 3729 3022 3790 Ravennam
3098 3731 3176 3791 de
3240 3731 3358 3792 hoc
3417 3731 3587 3812 quod

337 3847 548 3902 actum
594 3843 709 3912 est,
757 3835 1074 3916 quomodo
1117 3834 1250 3914 ipse
1303 3852 1444 3894 cum
1511 3834 1787 3895 exercitu
1850 3833 2182 3912 sigillasset
2249 3852 2435 3894 omne
2497 3833 2862 3894 vestiarium
2933 3835 3286 3916 episcopii;
3332 3844 3396 3897 et
3437 3839 3589 3917 quia

221 3951 296 4009 10
339 3949 471 4008 sine
543 3945 756 4026 aliqua
816 3943 1072 4004 lasione
1133 3959 1387 4002 omnem
1451 3940 1870 4002 substantiam
1930 3958 2095 4019 sape
2152 3939 2384 4000 dictam
2443 3940 2796 4019 potuissent
2857 3941 3230 4020 depradari.
3305 3945 3588 4024 Cumque

338 4054 472 4115 bac
534 4052 744 4114 verius
805 4048 1202 4128 cognovisset
1271 4046 1524 4118 Isacius,
1591 4047 1764 4107 venit
1824 4045 1885 4106 in
1949 4046 2266 4106 civitatem
2331 4048 2702 4118 Romanam,
2749 4053 2813 4106 et
2857 4047 3028 4107 misit
3068 4066 3289 4109 omnes
3348 4051 3586 4129 prima-

338 4166 432 4222 tos
476 4159 564 4241 (ιι)
608 4156 902 4219 Ecclesia
961 4155 1242 4235 singulos
1303 4145 1415 4234 per
1473 4153 1754 4232 singulas
1817 4152 2100 4213 civitates
2161 4151 2225 4212 in
2287 4152 2600 4225 exsilium,
2647 4158 2718 4213 ut
2778 4171 2905 4214 non
2968 4153 3188 4215 fuisset
3231 4156 3341 4235 qui
3397 4157 3455 4218 ei
3498 4175 3591 4219 re-

337 4267 551 4328 sistere
594 4263 912 4326 debuisset
953 4261 1030 4322 de
1075 4262 1266 4322 clero.
1314 4261 1392 4320 Et
1434 4265 1577 4340 post
1617 4259 1752 4320 dies
1795 4259 2151 4339 aliquantos
2195 4258 2515 4338 ingressus
2557 4265 2652 4320 est
2694 4260 2928 4320 Isacius
2971 4261 3273 4342 patricius
3317 4262 3380 4322 in
3427 4263 3586 4344 epis-

339 4375 590 4455 copium
632 4375 1068 4442 Lateranense,
1119 4373 1182 4429 et
1223 4367 1343 4428 fuit
1384 4366 1470 4426 ibi
1514 4385 1625 4446 per
1666 4365 1799 4428 dies
1841 4372 2007 4440 octo,
2057 4384 2253 4446 usque
2297 4365 2448 4426 dum
2493 4385 2713 4428 omnes
2775 4367 3194 4430 substantiam
3257 4368 3434 4432 illam
3478 4369 3588 4432 de-

227 4481 300 4540 15
341 4481 798 4562 pradarentur.

421 4589 538 4650 123
581 4585 819 4649 Eodem
879 4589 1163 4664 tempore
1223 4580 1453 4642 direxit
1511 4579 1738 4641 exinde
1793 4598 1868 4642 ex
1930 4586 2107 4660 parte
2169 4599 2244 4641 ex
2288 4581 2642 4643 substantia
2705 4581 2844 4662 ipsa
2888 4580 2964 4663 (θ)
3006 4581 3070 4643 in
3116 4583 3431 4647 civitatem
3490 4604 3590 4646 re-

340 4695 506 4774 giam
571 4693 651 4755 ad
715 4691 1073 4753 Heracliam
1135 4689 1604 4769 imperatorem.
1637 4687 2074 4748 'Postmodum
2161 4689 2488 4750 ordinatus
2560 4696 2655 4751 est
2725 4690 3156 4750 sanctissimus
3230 4692 3587 4765 Severinus,

338 4809 399 4865 et
455 4819 743 4864 reversus
813 4803 909 4860 est
989 4797 1224 4859 Isacius
1307 4797 1698 4856 Ravennam.
1764 4793 1877 4854 Hic
1939 4796 2266 4856 renovavit
2337 4797 2621 4858 absidam
2686 4796 2762 4878 (χ)
2831 4795 2998 4856 beati
3071 4796 3241 4856 Petri
3303 4792 3593 4876 Apostoli

335 4929 408 4972 ex
453 4908 724 4981 musivo,
781 4905 948 4986 quod
1011 4904 1292 4964 dirutum
1364 4907 1523 4964 erat.
1586 4902 1700 4961 Hic
1762 4901 1980 4963 dilexit
2040 4903 2300 4976 clerum,
2370 4909 2432 4965 et
2493 4904 2790 4964 onmibus
2873 4903 3108 4963 donum
3155 4901 3235 4983 (g)
3284 4920 3589 4980 augmen-

259 5020 294 5078 5
337 5019 512 5080 tavit.
597 5015 745 5077 Fuit
830 5017 1042 5074 autem
1131 5015 1408 5083 sanctus,
1491 5008 1802 5088 benignus
1880 5028 2069 5089 super
2169 5029 2388 5071 omnes
2467 5010 2780 5084 homines,
2872 5015 3118 5070 amator
3210 5027 3587 5090 pauperum,

333 5126 546 5204 largus
589 5127 653 5183 et
695 5120 1084 5181 mitissimus.
1131 5117 1305 5179 Fecit
1345 5121 1555 5177 autem
1601 5115 1927 5196 episcopos
1971 5135 2084 5196 per
2124 5116 2372 5177 diversa
2441 5116 2582 5176 loca
2639 5135 2903 5177 numero
2966 5122 3261 5196 quatuor.
3335 5115 3448 5176 Hic
3491 5115 3587 5177 di-

337 5231 504 5293 misit
546 5229 632 5311 (Ιι)
676 5227 850 5291 omni
893 5225 1060 5287 clero
1104 5243 1324 5304 rogam
1369 5223 1705 5302 integram.
1755 5223 1874 5296 Qui
1915 5223 2103 5284 etiam
2149 5222 2433 5300 sepultus
2475 5227 2570 5283 est
2612 5221 2691 5281 ad
2735 5221 2991 5283 beatum
3035 5226 3291 5286 Petrum
3335 5231 3584 5303 aposto-

333 5338 465 5399 lum
511 5336 629 5398 sub
672 5335 774 5398 die
817 5337 1045 5415 quarto
1089 5333 1300 5393 Nonas
1340 5329 1627 5409 Augusti,
1677 5334 1740 5390 et
1782 5329 2046 5390 cessavit
2089 5329 2486 5409 episcOpatus
2530 5345 2776 5388 menses
2832 5336 3128 5408 quatuor,
3187 5331 3322 5393 dies
3363 5329 3587 5410 viginti

332 5463 586 5508 novem.

1364 5559 1617 5606 NOTULE
1657 5559 2041 5607 MARGINALES
2084 5558 2406 5604 FABHOTTI.

239 5689 315 5756 (α)
346 5691 553 5743 Baron.
588 5685 671 5740 ait
700 5679 1125 5756 Anastasiurrget'
1141 5679 1571 5756 tribueremens.
1591 5675 1870 5756 andecz'gn.
1905 5676 2308 5756 (bllutrantes
2327 5675 2436 5731 sub
2469 5674 2661 5756 specie
2693 5673 2854 5756 pacis
2885 5673 3074 5756 sigilli
3095 5678 3168 5756 (ρ)
3189 5675 3588 5756 Eleemosyna.

239 5692 315 5756 (a)
346 5692 553 5743 Baron.
588 5692 671 5740 az't
700 5692 1056 5739 Anastaszum
1069 5695 1121 5735 et
1141 5692 1381 5734 mouere
1398 5693 1571 5732 mens.
1597 5693 1615 5730 τ

66 5728 242 5829 Sd)
261 5765 462 5814 Baron.
477 5757 720 5829 intelligi
731 5762 894 5829 putat
911 5750 1244 5810 cardinales.
1279 5750 1349 5822 (e)
1372 5753 1505 5822 Ipsa
1516 5748 1615 5804 sub

2039 5692 2294 5730 utr-antes
2327 5692 2436 5731 suo
2469 5693 2496 5731 s
2541 5692 2661 5731 8016
2693 5692 2854 5745 ρειοιε
2885 5692 3060 5747 snglu.
3095 5692 3168 5744 (ε)
3190 5692 3588 5750 meemosyna.

2039 5747 2432 5818 mquandam.
2464 5692 2914 5821 (88,0.psidem.
2948 5746 3283 5821 (g)B,donis
3300 5747 3381 5801 vel
3396 5747 3588 5808 bonis.

81 5807 349 5903 Viti—8',
370 5807 602 5886 assii;
