3906 6220
364 272 372 283 τ
395 254 516 317 723
1543 259 1963 323 ANASTASII
2003 261 2656 329 BIBLIOTHEGARII.
3259 284 3262 288 “
3681 285 3785 349 724

562 390 884 475 patricius,
920 409 994 453 eo
1038 391 1210 472 quod
1252 391 1553 456 Mauricio
1596 394 1803 456 omnis
1845 396 2156 458 exercitus
2196 398 2394 460 Italiae
2437 407 2833 465 sacramenta
2874 404 3150 471 dedisset
3178 407 3287 492 (a),
3321 411 3494 477 misit
3531 416 3778 497 Donum,

563 499 933 579 magistrum
978 498 1249 560 militum
1292 505 1355 560 et
1396 500 1791 562 sacellarium
1837 522 2045 578 suum,
2080 504 2160 565 ad
2200 504 2517 567 civitatem
2567 511 2831 571 Romam
2875 530 3019 574 cum
3062 517 3367 594 exemita,
3400 522 3513 601 qui
3552 526 3785 590 veniens

562 611 629 673 in
672 607 984 670 civitatem
1030 608 1403 681 Romanam,
1450 626 1668 669 omnes
1720 608 1987 689 judices,
2035 629 2141 671 seu
2207 612 2516 673 exercitus
2562 615 2905 690 Romanus,
2954 619 3072 691 Qui
3115 621 3291 701 prius
3332 642 3399 686 se
3442 645 3586 690 cum
3627 632 3784 695 Mau-

563 718 716 780 ricio
758 718 1152 776 sacramento
1214 712 1738 788 constrinxerant,
1806 715 2029 777 timore
2098 716 2273 778 dueti
2331 718 2717 782 dimittentes
2776 723 3149 788 Mauricium
3211 728 3663 799 ehartularium
3692 738 3782 821 (II),

444 832 517 893 15
562 842 782 891 omnes
823 840 888 884 se
930 838 1072 882 cum
1115 821 1361 881 Domno
1396 818 1750 899 junxerunt
1784 820 1886 901 (c).

650 937 816 992 uo
870 926 957 1008 (ἀ)
1026 928 1107 986 Et
1163 925 1445 1006 ingresso
1507 945 1581 988 eo
1638 929 1901 988 Romam
1962 927 2124 1007 fugit
2178 929 2519 993 Mauricius
2574 932 2654 993 ad
2711 933 2964 998 beatam
3024 939 3287 1002 Mariam
3345 945 3427 1006 ad
3496 950 3782 1035 Praesepe,

563 1054 749 1120 quem
818 1033 1109 1095 tollentes
1163 1032 1241 1093 de
1295 1032 1557 1093 ecclesia
1631 1033 1938 1095 miserunt
2009 1033 2223 1114 bojam
2282 1034 2357 1116 (ε)
2414 1037 2480 1097 in
2534 1040 2766 1101 collum
2819 1044 2979 1122 ejus.
3039 1045 3343 1111 Similiter
3420 1058 3486 1114 et
3563 1075 3782 1135 omnes,

566 1143 677 1226 qui
730 1143 796 1203 in
854 1138 1114 1200 consilio
1171 1156 1314 1200 cum
1372 1138 1509 1219 ipso
1565 1139 1839 1213 fuerant,
1896 1139 2239 1219 imbojatos
2295 1140 2370 1223 (Ι)
2430 1144 2597 1206 misit
2653 1149 3021 1211 Ravennam
3080 1170 3193 1232 per
3262 1173 3487 1221 manus
3543 1163 3788 1228 Maurini

565 1246 888 1320 Scribonis,
937 1251 999 1307 et
1052 1244 1348 1307 Thomati
1399 1244 1482 1326 (g)
1541 1245 1933 1307 chartularii.
1980 1247 2099 1319 Qui
2157 1248 2537 1312 dedocentes
2594 1271 2701 1314 eos
2774 1265 3203 1335 pervenerunt
3247 1261 3437 1341 juxta
3492 1268 3786 1334 civitatem

485 1363 523 1422 5
566 1358 995 1421 Ravennatem
1064 1351 1129 1412 in
1198 1351 1407 1413 locum
1468 1351 1578 1431 qui
1636 1352 1866 1413 dicitur
1925 1352 2172 1414 Ficulas
2216 1353 2299 1436 (Ιι)
2357 1355 2729 1421 duodecimo
2797 1362 3089 1427 milliario
3147 1385 3185 1428 a
3240 1368 3527 1450 civitate,
3605 1382 3667 1438 et
3715 1378 3787 1442 ibi

567 1462 1039 1527 decollaverunt
1106 1458 1503 1533 Mauricium,
1567 1458 1719 1538 quia
1772 1459 1859 1520 sic
1913 1458 1977 1520 in
2038 1460 2353 1523 mandatis
2427 1472 2806 1545 acceperant
2875 1487 2916 1530 a
2982 1474 3409 1557 suprascripto
3463 1480 3677 1558 Isacio,
3731 1491 3787 1547 ut

566 1570 754 1635 unius
810 1567 1126 1630 civitatem
1201 1568 1629 1626 Ravennatem
1687 1583 1813 1625 non
1895 1564 2355 1644 ingrederetur.
2416 1571 2495 1631 Et
2544 1578 2881 1654 postquam
2954 1575 3302 1643 decollatus
3358 1590 3473 1660 est,
3531 1586 3787 1653 levantes

567 1680 759 1758 caput
812 1672 967 1753 ejus,
1031 1671 1348 1731 duxerunt
1400 1668 1479 1750 (τ’)
1537 1671 1928 1733 Ravennam.
2015 1671 2247 1735 Videns
2320 1681 2534 1737 autem
2610 1679 2842 1741 Isacius
2924 1689 3119 1763 caput
3184 1687 3496 1766 Mauricii,
3557 1696 3786 1773 gavisus

568 1790 684 1847 est.
740 1783 819 1843 Et
872 1777 1021 1840 fecit
1074 1776 1153 1838 ad
1210 1775 1567 1855 exemplum
1626 1775 1970 1838 multorum
2028 1777 2093 1838 in
2152 1778 2317 1841 circo
2376 1783 2741 1846 Ravennate
2805 1785 2870 1846 in
2939 1788 3218 1868 stipitem
3281 1794 3457 1874 poni.
3503 1796 3650 1862 Illos
3689 1821 3785 1864 au-

447 1894 524 1957 10
564 1896 690 1953 tem
733 1886 844 1968 qui
885 1902 1028 1947 cum
1071 1882 1208 1963 ipso
1250 1881 1470 1944 directi
1511 1882 1765 1945 fuerant
1806 1902 2024 1946 omnes
2065 1884 2404 1966 imbojalos
2450 1887 2533 1970 (λ)
2578 1888 2771 1969 jussit
2824 1898 3000 1956 arcta
3053 1899 3337 1961 custodia
3378 1901 3445 1963 in
3501 1922 3787 1971 carcerem

565 1994 752 2069 mitti,
813 1990 1099 2071 cogitans
1156 2006 1264 2050 eos
1318 1988 1638 2068 quomodo
1694 1989 1987 2068 puniret;
2046 1991 2155 2053 sed
2211 2011 2351 2054 cum
2425 2013 2502 2056 ea
2570 2003 2912 2077 agerentur
2980 2020 3129 2064 mox
3195 2005 3307 2067 Dei
3367 2007 3611 2088 judicio
3663 2014 3792 2095 ipsis

566 2102 786 2165 diebus
827 2114 1160 2180 percussus
1200 2094 1414 2156 divino
1456 2095 1584 2155 ictu
1627 2095 1867 2157 interiit
1908 2097 2162 2175 Isacius,
2209 2104 2271 2160 et
2315 2107 2600 2164 mortuus
2657 2110 2773 2166 est.
2821 2105 2874 2168 li
2932 2113 3145 2171 autem
3189 2112 3302 2192 qui
3345 2115 3573 2180 reclusi
3612 2128 3790 2192 erant,

568 2211 870 2272 exeuntes
910 2203 990 2264 de
1032 2218 1304 2274 carcere,
1349 2200 1582 2263 reversi
1625 2207 1774 2262 sunt
1814 2201 2047 2282 singuli
2088 2222 2201 2284 per
2256 2205 2399 2268 loca
2462 2226 2598 2270 sua.
2643 2210 2919 2274 Audiens
2962 2212 3084 2276 hoc
3127 2215 3476 2298 imperator
3519 2223 3624 2306 (lt),
3666 2230 3792 2308 quia

572 2316 906 2377 delunctus
948 2317 1042 2371 est
1083 2306 1336 2384 Isacius,
1374 2306 1545 2417 misit
1582 2307 1984 2369 Theodorum
2028 2311 2363 2390 patricium
2409 2316 2777 2392 exarchum,
2810 2319 2911 2381 cui
2939 2331 3436 2402 cognomentum
3466 2306 3786 2417 Callioppa,

457 2426 533 2486 l5
574 2421 656 2485 ad
699 2417 1039 2499 regendam
1083 2432 1335 2475 omnem
1380 2412 1649 2475 Italiam.

656 2531 815 2588 ηε
876 2521 1029 2602 Ipsis
1098 2519 1490 2601 temporibus
1554 2521 1730 2582 venit
1798 2523 2080 2602 Pyrrhus
2122 2543 2200 2586 ex
2241 2527 2471 2604 Africa,
2519 2530 2630 2610 qui
2701 2532 2908 2595 fuerat
2972 2537 3341 2615 patriarcha
3380 2542 3782 2611 Constantino-

569 2633 913 2716 politanus,
957 2628 1019 2689 in
1066 2628 1288 2689 urbem
1351 2629 1615 2688 Romam
1677 2628 1758 2689 ad
1821 2628 2049 2692 limina
2090 2634 2525 2712 aportolorum
2568 2635 2662 2718 (ι).
2711 2639 2829 2712 Qui
2869 2640 3188 2721 ingressus
3245 2646 3531 2711 libellum
3592 2653 3785 2716 obtulit

569 2757 710 2803 cum
755 2754 871 2798 sua
910 2732 1367 2814 subscriptione
1410 2733 1772 2813 apostolica:
1832 2740 2064 2798 nostris
2108 2738 2272 2800 sedis
2313 2739 2379 2799 in
2424 2744 2761 2822 praesentia
2802 2748 3012 2809 cuncti
3075 2750 3226 2812 cleri
3268 2759 3333 2815 et
3376 2758 3617 2838 populi,
3657 2779 3782 2823 con-

565 2846 875 2909 demnans
914 2841 981 2903 in
1022 2840 1245 2903 eodem
1288 2839 1501 2902 libello
1545 2840 1761 2902 omnia
1813 2861 1957 2922 quae
1999 2861 2038 2904 a
2079 2862 2144 2906 se
2203 2845 2303 2908 vel
2346 2865 2384 2908 a
2426 2848 2858 2914 decessoribus
2899 2854 3028 2915 suis
3070 2858 3306 2939 scripta
3347 2862 3448 2923 vel
3489 2870 3628 2927 acta
3662 2873 3784 2929 sunt

480 2956 518 3017 5
561 2952 858 3015 adversus
926 2946 1398 3009 immaculatam
1467 2951 1748 3009 nostram
1816 2948 2031 3010 ﬁdem.
2076 2950 2185 3012 His
2252 2951 2470 3033 itaque
2513 2955 2594 3016 ab
2639 2974 2713 3018 eo
2770 2960 3065 3037 peractis,
3110 2962 3260 3025 fecit
3330 2984 3477 3029 eum
3549 2989 3780 3034 munera

564 3075 825 3137 erogare
866 3055 930 3117 in
973 3054 1279 3134 populum
1327 3052 1453 3134 (m),
1498 3057 1561 3114 ct
1621 3053 1989 3116 cathedram
2032 3056 2091 3117 ei
2132 3059 2285 3138 poni
2335 3059 2526 3139 juxta
2582 3062 2803 3138 altare,
2851 3064 3176 3130 honorans
3219 3088 3364 3132 eum
3411 3080 3483 3135 ut
3523 3078 3782 3140 sacerdo-

566 3170 694 3226 tem
737 3160 928 3241 regia:
970 3158 1261 3232 civitatis,
1304 3159 1531 3219 Postea
1573 3176 1790 3220 rursus
1832 3178 2006 3223 more
2049 3164 2224 3224 canis
2277 3164 2359 3225 ad
2421 3169 2748 3248 proprium
2809 3171 3157 3252 impietatis
3198 3178 3505 3241 vomitum
3552 3183 3782 3264 repeda-

562 3269 654 3330 vit
695 3266 805 3348 (n).
851 3267 1030 3327 Tunc
1070 3263 1498 3325 sanctissimus
1526 3263 1896 3326 Theodorus
1940 3286 2126 3347 papa,
2165 3287 2520 3332 convocans
2564 3274 2892 3338 universos
2932 3276 3011 3358 (0)
3058 3277 3430 3345 Sacerdotes
3471 3292 3537 3348 et
3576 3263 3783 3350 clerum

559 3375 627 3436 in
668 3372 931 3435 ecclesia
970 3370 1141 3431 beati
1181 3369 1351 3431 Petri
1394 3371 1828 3451 apostolorum
1874 3372 2197 3454 principis,
2246 3376 2691 3441 condemnavit
2730 3400 2875 3442 eum
2929 3384 3046 3445 sub
3090 3385 3347 3449 vinculo
3389 3392 3784 3455 anathematis

444 3483 521 3542 10
553 3478 741 3559 juxta
782 3475 1134 3538 mercedem
1177 3494 1251 3538 ac
1294 3477 1774 3539 retributionem
1821 3479 2074 3558 proprie
2132 3484 2667 3561 transgressionis,
2713 3489 3085 3552 canonicam
3141 3511 3399 3572 poenam
3443 3498 3572 3561 sive
3611 3499 3781 3582 depo-

563 3585 854 3647 sitionem
897 3582 1211 3663 excipiens
1254 3582 1372 3664 (p).
1418 3582 1537 3656 Qui
1580 3583 1917 3663 praedictus
1959 3584 2237 3665 Pyrrhus
2281 3605 2565 3650 reversus
2608 3598 2702 3653 est
2743 3592 2809 3654 in
2856 3601 3064 3675 partes
3108 3599 3404 3662 Orientis.

642 3697 804 3751 us
847 3689 1082 3750 Eodem
1128 3694 1412 3768 tempore
1456 3688 1735 3750 relevata
1775 3695 1923 3750 sunt
1978 3708 2247 3772 corpora
2290 3700 2653 3757 sanctorum
2719 3705 3068 3780 martyrum
3116 3703 3328 3779 Primi,
3378 3712 3444 3769 et
3484 3710 3777 3787 Feliciani,

556 3816 697 3877 qua:
740 3800 922 3859 erant
960 3795 1026 3856 in
1069 3794 1361 3857 arenario
1404 3795 1674 3876 sepulta,
1721 3796 1823 3857 via
1865 3799 2289 3873 Numentana,
2334 3807 2399 3862 et
2439 3802 2716 3867 adducta
2755 3813 2906 3868 sunt
2946 3808 3011 3869 in
3059 3810 3280 3873 urbem
3327 3815 3618 3879 Romam.
3648 3818 3775 3891 Quae

554 3908 618 3965 et
657 3901 983 3965 recondita
1024 3906 1172 3962 sunt
1212 3901 1279 3962 in
1322 3900 1584 3962 basilica
1623 3901 1795 3963 beati
1836 3902 2147 3982 Stephani
2203 3910 2838 4003 protomartyris‘(q),
2885 3912 2993 3976 ubi
3036 3922 3100 3977 et
3159 3916 3329 3980 dona
3389 3921 3637 3998 obtulit,
3678 3943 3773 4004 ga-

456 4013 481 4033 ⁸
549 4008 778 4071 bathas
820 4026 1044 4070 aureas
1085 4013 1233 4082 tres,
1282 4007 1530 4069 tabulas
1573 4026 1648 4069 ex
1692 4015 1956 4088 argento
2019 4014 2166 4070 ante
2226 4012 2708 4092 confessionem,
2756 4036 2939 4081 arcus
3000 4028 3339 4101 argenteos
3402 4026 3584 4092 duos.
3626 4030 3777 4097 Fecit

469 4118 507 4178 5
549 4115 876 4178 ecclesiam
918 4115 1105 4177 beato
1146 4115 1506 4187 Valentino,
1550 4114 1653 4176 via
1712 4116 2048 4189 Flaminia,
2087 4115 2276 4195 juxta
2318 4125 2576 4198 pontem
2622 4122 2907 4185 Milvium
2972 4144 3010 4186 a
3072 4127 3232 4203 solo,
3278 4149 3473 4210 quam
3515 4134 3644 4216 ipse
3681 4135 3775 4197 de-

547 4221 802 4296 dicavit,
846 4225 909 4282 et
951 4221 1119 4282 dona
1159 4223 1358 4283 multa
1400 4221 1650 4283 obtulit.
1698 4224 1871 4284 Fecit
1911 4223 2260 4284 oratorium
2326 4225 2512 4288 beato
2572 4229 2871 4292 Silvestro
2916 4231 2997 4314 (r)
3039 4233 3208 4296 intra
3248 4237 3633 4321 episcopium
3673 4244 3776 4304 La-

544 4332 899 4397 teranense,
945 4328 1056 4389 ubi
1096 4334 1159 4389 et
1199 4329 1368 4391 dona
1408 4330 1675 4408 largitus
1707 4335 1822 4391 est.
1854 4330 2027 4392 Fecit
2068 4334 2132 4391 et
2172 4333 2519 4395 oratorium
2563 4335 2750 4398 beato
2794 4339 2998 4419 Euplo
3044 4343 3306 4423 martyri
3348 4346 3503 4408 foris
3547 4354 3771 4428 portam

540 4434 711 4496 beati
750 4434 933 4497 Pauli
973 4436 1264 4515 apostoli,
1312 4435 1484 4517 quod
1526 4437 1716 4497 etiam
1757 4437 2029 4498 ornavit.
3260 4520 3269 4531 θ

624 4547 789 4602 ην
834 4540 903 4622 (ε)
944 4543 1122 4603 Tunc
1163 4541 1594 4604 sanctissimus
1634 4540 2005 4604 Theodorus
2067 4562 2235 4625 papa
2277 4546 2526 4626 scripsit
2569 4550 2764 4612 Paulo
2806 4552 3188 4631 patriarcha
3248 4557 3438 4638 regia
3497 4560 3766 4655 civitatis,

539 4651 667 4708 tam
711 4664 942 4726 rogans
985 4665 1305 4726 quamque
1350 4645 1724 4725 regulariter
1763 4647 2117 4728 increpans,
2166 4669 2412 4714 necnon
2458 4673 2570 4735 per
2624 4658 3062 4739 apocrisarios,
3109 4667 3181 4722 ut
3221 4662 3463 4726 dictum
3507 4672 3617 4741 est,
3663 4645 3763 4747 pro

535 4752 658 4814 hoc
699 4752 973 4813 maxime
1015 4752 1360 4812 destinatos
1401 4753 1880 4832 prmsentialiter
1920 4755 2268 4819 admonens
2308 4765 2372 4820 et
2412 4768 2796 4840 contestans,
2842 4771 3160 4846 quatenus
3201 4771 3529 4852 proprium
3572 4792 3763 4836 emen-

532 4859 714 4920 daret
754 4862 1205 4931 commentum,
1250 4861 1439 4937 atque
1481 4858 1561 4919 ad
1603 4858 2019 4922 orthodoxam
2081 4862 2271 4925 fidem
2334 4866 2661 4931 catholicae
2720 4872 3014 4934 Ecclesiae
3074 4883 3406 4939 remearet.
3452 4881 3531 4941 Et
3570 4896 3757 4959 neque

451 4963 489 5020 5
530 4968 846 5041 rogantes,
895 4980 1101 5041 neque
1168 4961 1565 5044 increpantes
1635 4970 1977 5046 potuerunt
2031 4987 2175 5031 eum
2220 4989 2260 5032 a
2301 4990 2414 5035 suo
2460 4976 2793 5040 conamine
2862 4998 3121 5061 quoquo
3191 4983 3383 5047 modo
3454 5003 3750 5049 revocare.

1537 5212 1787 5262 NOTULE
1827 5216 2216 5267 ιιΑιιίὶιΜιεε
2257 5220 2557 5269 FABROTTI
2567 5251 2583 5270 ο

426 5408 1043 5505 ((ξξὲιξξά-ξίὲιξΐίρξιιε
1072 5428 1204 5505 cum
1235 5416 1393 5505 omni
1425 5418 1679 5505 exercitu
1710 5419 1813 5505 tali
1861 5428 2229 5505 sacramenta
2274 5425 2410 5505 sibi
2434 5427 2685 5505 invicem
2731 5430 3051 5505 dedissent.
3127 5435 3206 5505 (ὁ)
3236 5435 3303 5503 Β,
3334 5437 3462 5493 add.
3494 5432 3740 5505 Romani.

353 5484 756 5578 mimis:
786 5484 1413 5578 αρξέἒίὶξλῌθτίίὲΐξιηὲε,
1460 5490 1537 5578 (εί)
1573 5492 1698 5578 vae
1735 5493 1917 5578 θατοη
1948 5494 2018 5578 a4
2048 5512 2163 5578 03m
2188 5499 2410 5578 ρςηηςηί
2436 5484 2612 5578 ως
2641 5484 2711 5578 e
2741 5484 3061 5578 ἔοὲἔιὲιῗέά
3098 5484 3738 5578 εὲὶύῖιὶσῐιῖὶηῖᾜῑκέ

341 5554 529 5650 ἐξίίέξλ
554 5552 774 5650 μίξιὶιβε
810 5556 1282 5650 Τὶὲρέηβὲξίςμμρι)
1328 5552 1575 5650 Ιῗὲρξιζίὲεέιε
1600 5563 1705 5650 ..Βς
1760 5571 1841 5618 εει
1858 5633 1871 5650 .
1892 5564 2126 5650 εεσίεδίίι
2181 5552 2710 5650 Ρέεριέφξδέδῖἶὶιράἱὲ
2745 5552 2969 5650 ῧὲπῖἇῖ
3005 5552 3544 5650 Ἶίῑᾶξιῖεῖὲἴὲἷὶὲὶίι
3584 5552 3737 5650 “vi:

349 5623 530 5729 92.13:.
552 5623 794 5729 292203,
809 5623 1405 5729 n55).£02i‘:"3-;_,(’.2
1436 5623 1779 5729 @3953?
1802 5633 2036 5729 "4;.‘1'3’:
2076 5639 2296 5729 ’ἐρητίῖιξ
2318 5623 2501 5729 δέδξῗ
2523 5623 2978 5729 ﬁliiﬁlii}?-
3043 5623 3135 5729 Ῐίὲἳ)
3150 5623 3517 5729 ἲέἷὲἑὲιῖὲῖῗ
3526 5623 3614 5729 Eoi
3628 5623 3741 5705 ῖτιῖέ

342 5702 535 5757 Baron
562 5701 632 5753 ad
656 5716 767 5758 ann
800 5701 1029 5760 Πονηίηί
1055 5702 1181 5757 648.
1258 5701 1336 5774 (p)
1367 5701 1426 5773 C,
1460 5704 1804 5761 decernens.
1877 5717 1884 5764 4

345 5772 417 5828 ad
445 5786 562 5829 ann
588 5770 804 5832 Domini
820 5776 947 5832 648.

2186 5715 2293 5766 mte
2338 5701 2541 5768 Ccelio.‘
2604 5701 2682 5784 '(r)
2712 5701 3728 5795 C‘B,‘Sebastialno.VaS—Fid;me

720 5792 802 5832 ιηι
820 5792 947 5832 οιιδ.
