3906 6220
314 321 436 388 739
852 270 863 275 ’
1470 309 1888 376 ANAS’I‘ASII
1928 308 2586 375 BIBLIOTHEGARII.
3616 313 3736 377 τω

482 445 788 513 conﬁteri.
861 446 996 517 Qua
1068 443 1145 505 de
1215 462 1281 506 re
1348 443 1711 523 hujusmodi
1781 446 2154 525 pravitatem
2226 464 2405 506 suam
2476 444 2845 518 defendens,
2892 444 3064 525 quod
3133 462 3464 525 nunquam
3535 464 3658 508 nec
3700 464 3738 508 a

368 562 443 622 10
486 554 800 637 prioribus
843 550 1152 612 hareticis
1195 557 1648 630 prasumptum
1696 557 1807 624 est,
1856 550 1990 631 ipse
2032 552 2095 610 in
2142 551 2247 610 lite
2292 550 2375 630 (a)
2420 569 2801 630 prasumere
2844 549 3087 613 studuit
3126 550 3192 611 in
3236 555 3488 612 tantum
3517 550 3632 633 (ὁ),
3672 558 3739 613 ut

486 664 685 723 altare
726 664 958 720 sancta
1002 662 1234 719 nostra
1277 656 1463 729 sedis,
1510 656 1679 736 quod
1724 663 1862 717 erat
1901 658 1965 717 in
2011 657 2201 717 domo
2244 657 2538 718 Placidia
2583 663 2899 719 sacratum
2943 657 3008 718 in
3067 657 3416 719 venerabili
3480 659 3738 720 oraculo

486 770 877 842 subvertens,
922 765 1245 845 diriperet,
1320 762 1664 843 prohibens
1733 782 1811 825 ne
1882 763 2270 826 adorandam
2343 769 2406 825 et
2474 765 2951 826 immuculatam
3024 764 3300 827 hostiam
3372 765 3742 846 apocrisarii

492 875 687 939 nostri
731 872 963 934 ibidem
1007 873 1136 931 Deo
1179 868 1402 930 offerre
1444 868 1716 943 valeant,
1767 888 1882 930 nec
1927 869 2389 931 communionis
2431 876 2828 931 sacramenta
2870 870 3248 951 percipiant.
3283 870 3403 942 Qui
3445 869 3743 932 videlicet

489 979 858 1064 apocrisarii
900 997 974 1039 ex
1019 975 1440 1057 praceptione
1484 975 1753 1055 apostol.
1802 975 2194 1037 auctoritatis
2251 985 2730 1039 commoverunt
2790 996 2957 1052 eum,
3006 982 3078 1039 ut
3141 978 3220 1038 de
3285 977 3399 1038 tali
3440 975 3739 1039 haretico

372 1096 443 1155 l5
488 1091 732 1151 intentu
781 1084 1117 1146 recederet.
1164 1084 1418 1142 Necnon
1463 1087 1526 1141 et
1567 1082 1907 1142 contestari
1950 1082 2065 1143 visi
2109 1088 2256 1143 sunt
2298 1081 2399 1163 (c),
2447 1084 2992 1162 persecutionibus
3059 1083 3322 1146 diversis
3381 1102 3525 1145 cum
3604 1084 3740 1146 aliis

488 1191 859 1258 orthodoxis
918 1190 1089 1262 vitis,
1154 1194 1216 1250 et
1274 1187 1737 1248 venerabilibus
1809 1189 2239 1250 sacerdotibus
2308 1190 2625 1251 insecutus
2669 1195 2764 1252 est
2805 1209 2912 1251 eos
2978 1189 3092 1271 (ιι),
3139 1190 3448 1271 quosdam
3516 1209 3734 1252 eorum

489 1300 789 1364 custodia
833 1296 1182 1369 retrudens,
1230 1294 1387 1355 alios
1430 1294 1492 1353 in
1537 1294 1826 1355 exsilium
1870 1295 2237 1374 deportans,
2284 1294 2452 1355 'alios
2508 1314 2718 1356 auzem
2784 1295 3155 1358 verberibus
3195 1296 3598 1357 committens
3641 1294 3736 1378 (ε).

490 1408 731 1482 Quibus
773 1422 933 1485 pene
975 1420 1227 1463 omnem
1276 1400 1580 1461 mundum
1623 1400 2149 1462 conturbantibus
2192 1420 2269 1462 ex
2311 1402 2572 1463 diversis
2613 1401 2769 1463 locis
2811 1402 3133 1483 querelam
3198 1407 3420 1464 contra
3479 1421 3592 1464 eos
3660 1402 3735 1463 ad

488 1512 899 1596 apostolicam
943 1516 1220 1571 nostram
1293 1507 1503 1568 sedem
1575 1507 1830 1587 plurimi
1899 1508 2239 1569 orthodoxi
2306 1508 2602 1570 detulisse
2672 1514 3131 1571 monstrantur.
3176 1508 3625 1589 Conjurantes,
3669 1515 3737 1571 ut

370 1624 449 1684 20
491 1622 685 1683 totius
728 1617 983 1679 malitia
1030 1621 1346 1693 tantaque
1389 1614 1729 1674 eversionis
1772 1633 1884 1693 per
1926 1614 2337 1694 apostolicam
2380 1614 2819 1676 auctoritatem
2863 1613 3239 1676 abscindunt
3280 1615 3363 1696 (ί)
3413 1634 3735 1677 commen-
3774 1608 3783 1615 ’

489 1734 625 1790 tum
675 1744 690 1787 :
737 1730 1046 1805 quatenus
1089 1720 1346 1781 minime
1391 1720 1581 1781 totius
1626 1738 1854 1801 corpus
1875 1720 1959 1801 (g)
2003 1719 2334 1782 catholica
2378 1721 2674 1783 Ecclesia
2718 1720 3005 1783 nocibilis
3047 1740 3265 1784 eorum
3309 1720 3737 1804 ectheseosUa)

491 1835 762 1913 languor
802 1830 1195 1908 disrumpere
1239 1826 1468 1887 valeat.

573 1947 729 2000 is!
805 1937 982 1999 Tunc
1046 1933 1355 1995 Martinus
1424 1932 1855 1994 sanctissimus
1923 1950 1996 1994 ac
2065 1932 2461 1994 beatissimus
2531 1932 2860 2013 episcopus
2922 1933 3111 2009 misit,
3187 1939 3250 1996 et
3332 1935 3736 2015 congregavit

490 2047 818 2127 episcopos
860 2042 923 2102 in
971 2039 1188 2101 urbem
1238 2042 1500 2100 Romam
1564 2057 1828 2100 numero
1889 2046 2141 2100 centum
2205 2047 2268 2101 et
2328 2040 2630 2120 quinque,
2678 2045 2740 2102 et
2799 2041 2947 2102 fecit
3014 2041 3324 2121 synodum
3389 2041 3728 2103 secundum

491 2153 847 2213 institutum
895 2148 967 2228 (ι’)
1005 2149 1264 2206 Patrum
1337 2145 1835 2205 orthodoxorum
1892 2145 1957 2206 in
2029 2146 2292 2207 ecclesia
2360 2146 2707 2207 Salvatoris
2765 2146 2952 2226 juxta
3022 2147 3408 2227 episcopium
3481 2150 3729 2209 Latera-

492 2268 706 2312 nense.
781 2243 1155 2308 Sedentibus
1245 2242 1552 2321 episcopis
1630 2249 1693 2302 et
1763 2243 2163 2322 presbyteris,
2230 2244 2579 2304 astantibus
2649 2243 2930 2306 diaconis
3013 2251 3075 2306 et
3157 2245 3324 2307 clero
3409 2246 3724 2320 universo,

411 2360 448 2417 5
493 2355 1073 2418 condemnaverunt
1145 2348 1373 2428 Cyrum
1461 2348 1984 2423 Alexandrinum,
2059 2350 2369 2430 Sergium,
2438 2350 2752 2430 Pyrrhum
2837 2356 2900 2412 et
2985 2352 3251 2412 Paulum
3342 2353 3728 2432 patriarchas

492 2456 1243 2538 Constantinopolitanos,
1292 2454 1402 2534 qui
1472 2454 1782 2515 novitates
1851 2461 2072 2516 contra
2141 2456 2615 2517 immaculatam
2685 2456 2874 2519 ﬁdem
2946 2464 3492 2539 prasumpserunt
3560 2461 3726 2522 inne-

492 2576 717 2633 ctere..
755 2565 1001 2646 Quippe
1069 2562 1371 2643 quoniam
1440 2561 1641 2642 ipsam
1713 2561 2048 2623 excludere
2118 2568 2531 2643 properantes
2593 2562 3036 2625 hareticorum
3098 2566 3468 2644 dogmatum
3516 2573 3728 2629 contra

436 2701 441 2705 ·
492 2673 871 2739 catholicam
897 2669 1009 2733 Dei
1051 2669 1393 2731 Ecclesiam
1435 2668 1867 2730 confusionem
1912 2668 2452 2731 concinnaverunt
2482 2668 2570 2750 (ί),
2597 2669 3021 2732 anathematis
3066 2670 3305 2735 ultione
3349 2672 3627 2753 perculsi
3645 2671 3726 2754 (ἑ)

493 2788 639 2847 sunt
678 2780 772 2862 (Ι).
818 2779 969 2851 Qua
1040 2775 1319 2856 synodus
1387 2774 1575 2837 hodie
1645 2775 1903 2838 archivo
1970 2775 2265 2839 Ecclesia
2334 2776 2714 2839 continetur.
2761 2779 2842 2839 Et
2897 2777 3138 2840 faciens
3196 2779 3592 2862 exemplaria
3630 2797 3731 2860 per

375 2896 452 2956 10
490 2906 710 2953 omnes
778 2888 1015 2947 tractus
1084 2881 1357 2945 Orientis
1425 2886 1489 2943 et
1558 2881 1910 2961 Occidentis
1978 2882 2232 2958 direxit,
2276 2887 2342 2945 et
2406 2901 2523 2966 per
2589 2901 2817 2946 manus
2885 2883 3392 2947 orthodoxorum
3454 2886 3728 2950 ﬁdelium

492 2991 945 3060 disseminavit.
1019 2989 1176 3071 Ipsis
1244 2988 1465 3051 diebus
1533 2988 1763 3051 direxit
1827 2989 2176 3071 imperator
2262 2989 2328 3051 in
2401 2990 2653 3054 Italiam
2710 2990 3075 3074 Olympium
3143 2992 3608 3055 cubicularium
3673 2998 3731 3055 et

492 3102 835 3169 exarchum
880 3096 961 3160 ad
1002 3095 1345 3176 regendam
1388 3113 1642 3157 omnem
1712 3095 1989 3171 Italiam,
2035 3096 2407 3177 pracipiens
2477 3102 2541 3159 et
2599 3097 2815 3160 dicens
2861 3115 2881 3160 :
2923 3100 3192 3180 Oportet
3254 3098 3522 3181 gloriam
3564 3104 3730 3164 tuam

494 3219 565 3276 ut
604 3212 766 3283 sicut
807 3206 989 3271 nobis
1042 3203 1349 3285 suggessit
1416 3202 1654 3265 Paulus
1721 3204 2089 3283 patriarcha
2148 3203 2338 3285 hujus
2381 3224 2419 3266 a
2460 3207 2589 3268 Deo
2650 3206 3103 3269 conservanda
3166 3207 3351 3271 urbis
3410 3226 3731 3294 pangere.

494 3323 573 3383 Et
641 3318 693 3379 si
763 3314 1019 3397 quidem
1089 3309 1403 3372 inveneris
1473 3309 1866 3390 provinciam
1936 3310 2137 3391 ipsum
2208 3311 2704 3374 consentientem
2773 3312 2840 3374 in
2908 3317 3061 3395 typo
3123 3332 3163 3376 a
3203 3314 3389 3377 nobis
3454 3316 3735 3397 exposita

376 3429 451 3490 15
494 3432 710 3489 tenere
751 3438 993 3494 omnes,
1038 3416 1150 3498 qui
1190 3415 1279 3477 ibi
1320 3420 1487 3491 sunt,
1536 3415 1883 3496 episcopos,
1931 3424 1996 3479 et
2034 3416 2368 3480 hareticos
2409 3435 2840 3497 possessorum
2886 3418 2992 3501 (m)
3033 3424 3224 3501 atque
3282 3420 3727 3497 habitatorum,

497 3538 562 3597 et
602 3528 988 3613 peregrinos,
1063 3530 1127 3586 et
1193 3523 1260 3584 in
1324 3522 1545 3584 eodem
1617 3522 2018 3585 subseribant
2060 3522 2167 3604 (η).
2216 3524 2283 3586 Si
2325 3528 2536 3585 autem
2581 3524 2901 3605 quomodo
2943 3525 3125 3588 nobis
3166 3527 3478 3608 suggessit
3513 3528 3727 3591 Platon

499 3638 810 3722 gloriosus
852 3632 1176 3715 patricius,
1204 3635 1267 3692 et
1307 3630 1664 3711 Eupraxius
1705 3629 2040 3709 gloriosus,
2074 3631 2403 3711 potueritis
2432 3631 2698 3693 suadere
2740 3633 3044 3694 exercitui
3070 3634 3321 3722 ibidem
3350 3634 3724 3708 consistenti,

487 3748 789 3830 jubemus
833 3740 1032 3803 teneri
1074 3739 1439 3815 Martinum,
1486 3738 1595 3818 qui
1637 3737 1739 3799 hic
1783 3743 1918 3799 erat
1959 3738 2380 3818 apocrisarius
2420 3738 2486 3798 in
2532 3739 2706 3819 regia
2768 3740 2945 3802 urbe.
2991 3716 3081 3803 Et
3137 3742 3543 3822 postmodum
3603 3760 3725 3804 om-

495 3874 608 3918 nes
651 3850 944 3915 ecclesias
987 3847 1264 3926 relegere
1307 3865 1478 3919 eum,
1522 3845 1672 3925 quia
1715 3846 1917 3907 factus
1962 3850 2055 3907 est
2096 3864 2135 3906 a
2176 3845 2362 3906 nobis
2405 3844 2799 3907 orthodoxus
2843 3851 3053 3926 typus.
3098 3852 3163 3908 et
3202 3865 3426 3909 omnes
3467 3844 3727 3929 episcOpi

376 3968 454 4028 20
495 3961 697 4025 Italia
738 3958 803 4018 in
846 3956 984 4037 ipso
1028 3952 1445 4014 subseribant.
1493 3952 1560 4015 Si
1603 3956 1814 4012 autem
1858 3951 2228 4015 inveneritis
2272 3949 2351 4033 (ο)
2395 3952 2785 4013 contrarium
2848 3952 2913 4012 in
2970 3952 3085 4013 tali
3144 3969 3335 4014 causa
3400 3952 3723 4015 exercitum

494 4069 755 4133 tacitum
817 4063 1142 4136 hahetote,
1190 4061 1390 4122 donec
1450 4059 1847 4121 obtinueritis
1893 4058 1977 4141 (ρ)
2022 4059 2452 4140 provinciam;
2499 4065 2564 4120 et
2632 4059 2960 4140 potueritis
3028 4060 3207 4122 vobis
3267 4061 3608 4122 exercitum
3650 4056 3723 4139 (ᾳ)

495 4191 865 4257 aggregare,
912 4176 1125 4232 tamen
1170 4170 1469 4229 Romana
1513 4166 1785 4228 civitatis
1829 4173 2021 4246 atque
2062 4165 2445 4226 Ravennatis
2488 4163 2589 4245 (r),
2637 4170 2710 4226 ut
2751 4182 2827 4227 ea
2869 4184 3011 4247 qua
3074 4154 3154 4227 a'
3180 4166 3364 4229 nobis
3426 4171 3722 4248 pracepta

494 4289 660 4356 sunt,
708 4277 1085 4361 quantocius
1126 4275 1380 4355 explere
1422 4273 1682 4336 valeatis
1712 4272 1806 4355 (ε).

578 4396 739 4451 1"
785 4385 902 4459 Qui
968 4382 1305 4465 pradictus
1373 4380 1701 4463 Olympius
1767 4378 2024 4442 veniens
2091 4379 2155 4440 in
2200 4380 2518 4442 civitatem
2588 4382 2940 4443 Romanam
3011 4381 3253 4442 invenit
3293 4386 3573 4443 sanctam
3616 4380 3720 4440 Ro-

495 4514 750 4560 manam
820 4490 1160 4554 Ecclesiam
1232 4487 1655 4550 coadunatam
1727 4505 1871 4547 cum
1941 4485 2235 4548 omnibus
2305 4486 2616 4566 episcopis
2682 4487 2907 4561 Italia,
2951 4505 3060 4548 seu
3105 4486 3562 4561 sacerdotibus,
3631 4481 3718 4545 vel

496 4606 686 4668 clero.
732 4602 814 4662 Et
876 4599 1095 4661 volens
1159 4595 1425 4676 implere
1488 4600 1563 4654 e’a
1622 4611 1765 4672 qua
1827 4594 1887 4654 ei
1938 4593 2119 4671 jussa
2188 4598 2354 4667 sunt,
2402 4611 2626 4654 amans
2687 4611 2900 4654 secum
2971 4592 3320 4655 exercitum
3362 4591 3607 4654 virtutis
3645 4588 3726 4671 (1).

499 4708 703 4773 voluit
742 4705 1013 4768 schisma
1055 4706 1291 4763 sancta
1334 4698 1617 4761 ecclesia
1663 4697 1753 4778 (ιι)
1792 4699 2234 4762 intromittere.
2281 4701 2412 4761 Hoc
2467 4718 2583 4780 per
2640 4699 2989 4780 plurimum
3047 4703 3298 4779 tempus
3358 4703 3567 4761 actum
3624 4699 3724 4757 est.

494 4820 575 4881 Et
644 4833 773 4876 non
842 4812 1022 4873 illum
1094 4806 1496 4886 omnipotens
1564 4807 1730 4865 Deus
1804 4806 2091 4885 permisit
2157 4824 2301 4886 qua
2371 4805 2695 4867 nitebatur
2763 4805 3088 4886 perﬁcere.
3161 4804 3399 4867 Videns
3466 4822 3609 4883 ergo
3670 4816 3727 4861 se

500 4943 539 4985 a
594 4927 815 4984 sancta
881 4917 995 4979 Dei
1064 4910 1380 4975 catholica
1447 4916 1638 4991 atque
1710 4912 2060 4991 apostolica
2127 4912 2405 4974 Ecclesia
2467 4916 2861 4992 superatum,
2907 4928 3160 4974 necesse
3228 4908 3459 4973 habuit
3516 4909 3592 4971 de
3629 4922 3727 4968 sua

501 5028 683 5110 quasi
752 5024 924 5087 mala
992 5016 1347 5081 intentione
1416 5016 1757 5092 declinare,
1808 5023 1878 5080 ut
1945 5019 2117 5099 quod
2187 5037 2317 5081 non
2386 5018 2594 5100 potuit
2662 5036 2777 5098 per
2845 5036 3105 5080 manum
3166 5023 3481 5081 armatam
3521 5016 3724 5077 facere.

502 5106 618 5188 sub
687 5119 985 5184 haretico
1057 5113 1245 5175 modo
1304 5114 1383 5196 (υ)
1453 5133 1566 5195 per
1638 5115 1970 5177 missarum
2056 5116 2365 5179 solemnia
2431 5117 2497 5177 in
2566 5114 2833 5178 ecclesia
2914 5116 3029 5178 Dei
3109 5120 3345 5178 sancta
3428 5106 3728 5179 Genitricis

1533 5293 1785 5341 NOTULJE
1828 5293 2220 5340 MABGINALES
2262 5293 2586 5339 FABBOTTI.

420 5419 495 5491 (a)
526 5415 756 5491 lllicire.
835 5411 908 5491 (_b)
941 5410 1004 5491 In
1030 5412 1266 5491 tantum
1295 5425 1424 5491 vere
1452 5410 1698 5491 vesania
1732 5408 2100 5491 prorupit,_ut
2120 5408 2359 5491 altare."
2390 5411 2462 5491 (ο)
2478 5410 2931 5491 commoverunt
2956 5412 3190 5491 eum_ut
3318 5407 3499 5491 huius
3517 5398 3725 5491 δεῇ·εῴ

348 5470 1005 5549 intentionerecederet.
1030 5482 1265 5538 Necnon
1297 5484 1354 5536 ct
1382 5482 1694 5537 contestari
1717 5470 1849 5537 eum
1875 5470 2031 5553 jussi
2059 5484 2219 5553 sunt.
2289 5480 2366 5553 (vi)
2396 5470 2458 5553 at
2478 5478 2576 5535 ille
2604 5478 2926 5553 insecutus.
2987 5482 3133 5553 (θ)οι
3157 5470 3512 5553 submittens
3542 5470 3727 5553 Δ

350 5539 747 5622 ἔὸἷῖίάξιῖὲὶὶιίιξ
774 5539 871 5629 (9)
894 5559 1080 5629 totum
1104 5569 1345 5629 corpus.
1384 5554 1501 5629 7(h)
1521 5539 1904 5629 executionis:
1952 5539 2359 5629 _(z_')instituta.'
2414 5552 2481 5622 (j)
2512 5539 3053 5629 continuaverunt.'
3089 5539 3169 5629 (ᾗ)
3192 5549 3478 5629 percussi.
3534 5539 3726 5629 (ιῖΥῷ

351 5620 536 5694 Daren
565 5630 635 5686 ad
664 5645 776 5685 ann
804 5620 1026 5684 Domini
1050 5625 1177 5681 649.
1215 5620 1336 5696 ’(ηῑ)
1369 5628 1430 5690 B,
1456 5620 1833 5696 professores.
1890 5620 2171 5696 (n)'facias
2192 5626 2387 5696 tenere
2417 5620 2628 5696 omnes
2646 5620 2746 5696 qui
2771 5620 2994 5696 ibidem
3020 5620 3599 5696 sunt,fepisoopos_,¢t
3617 5627 3728 5696 p09;

349 5683 631 5771 Egerii-es,
662 5683 1545 5784 atque'habitatorcs'in'eodém.
1564 5683 1963 5784 subscribere:
2015 5692 2417 5784 (0)1i‘pv‘eneris.
2444 5692 2557 5784 “(pl
2579 5683 2927 5784 obtinperisl.
3081 5683 3726 5784 maiorpm.‘n(r)"tam£l

349 5760 628 5837 Romanis
645 5760 916 5840 civitatis,
948 5786 1126 5844 quam
1151 5773 1209 5825 et
1227 5766 1603 5823 Ravennatis.
1689 5768 1757 5842 (δ)
1788 5760 2033 5823 valeas.‘
2069 5760 2153 5838 ’(ι)
2183 5762 2245 5823 C.
2273 5760 2563 5824 exercitus
2589 5762 2823 5821 virtute.
2906 5760 3071 5844 (τοῖα
3119 5760 3386 5825 sanctam
3413 5760 3724 5824 socium.

347 5852 426 5937 (a)
454 5845 796 5926 subreptitio
826 5844 1020 5907 modo.
