3906 6220
124 159 282 222 809,
934 160 1296 222 HISTORIA
1343 163 1443 224 DE
1486 163 1708 224 Vl'l‘IS.
1735 163 1925 226 ROM.
1971 165 2201 227 PONT.
2233 199 2310 208 —
2342 167 2407 227 S.
2455 167 2795 229 AGATHO.
3449 174 3570 233 811)

399 299 578 368 Ιξιιξῑ
621 291 735 363 Die
781 293 863 365 12-
913 294 1146 366 mensis
1201 294 1560 365 Decembris
1606 296 2041 376 (a).residente
2104 298 2344 377 synodo
2399 316 2550 362 cum.
2605 301 2740 378 ejus
2800 299 3036 380 pietate
3096 303 3367 382 suscepti
3422 311 3570 366 sunt

309 399 485 472 missi
527 399 696 464 sedis
736 400 1120 479 apostolicae,
1171 406 1241 462 ct-
1280 402 1574 482 praecepit
1617 421 1724 464 eos
1767 403 1831 463 in
1875 403 2116 482 synodo
2168 403 2248 485 (ὸ)
2295 404 2565 468 residere
2609 408 3075 488 Praesentantes
3117 407 3325 470 locum
3383 428 3565 472 sanc-

309 505 534 576 tissimi
578 525 650 568 ac
693 506 1038 581 beatissimi
1080 508 1428 587 Agathonis
1474 527 1678 588 papae.
1707 509 1948 582 Quibus
1989 510 2224 571 dictum
2271 516 2364 572 est
2407 517 2475 576 ut
2518 489 2738 576 omnes
2781 513 2974 576 libros
3017 534 3174 595 quos
3217 515 3448 578 scirent
3485 516 3567 577 ad

309 632 570 684 causam
615 613 1144 694 ﬁdeipertinere,
1191 634 1404 680 coram
1448 617 1690 696 synodo
1735 617 2140 692 adducerent,
2191 619 2360 698 quod
2404 624 2468 680 et
2509 620 2742 683 factum
2799 626 2914 682 est.
2959 623 3056 686 Et,
3095 627 3317 684 vocato
3371 625 3564 685 Geor-

215 723 277 790 5ἷ
308 721 413 801 gio
457 721 744 794 diacono
771 727 836 784 et
879 722 1375 804 chartophylace
1419 724 1714 792 Ecclesia}
1755 725 2499 805 Constantinopolitanae,
2547 731 2935 807 praeceptum
2993 733 3086 790 est
3141 729 3198 790 ei
3261 735 3334 791 ut,
3378 728 3566 808 juxta

307 847 532 902 eorum
576 829 877 896 notitiam.
913 830 1278 898 codicescx
1321 831 1708 898 bibliotheca
1750 831 2042 896 Ecclesiae
2087 832 2166 894 ad
2221 833 2495 894 medium
2553 834 2910 908 deduceret,
2975 841 3039 896 et
3098 836 3255 897 dum.
3311 836 3573 910 adducti

307 943 520 1008 essent
561 942 624 999 et
667 937 1122 1017 relegerentur,
1168 938 1419 1020 utrique
1465 939 1699 1006 similes
1742 940 1974 1020 reperti
2021 939 2092 1020 (ο)
2139 945 2302 1016 sunt,
2352 941 2510 1002 duas
2552 946 2809 1004 naturas
2865 941 3148 1023 duasque
3208 943 3566 1007 voluntates

308 1051 374 1107 et
416 1044 815 1124 operationes
857 1045 924 1105 in
969 1045 1236 1110 Domino
1278 1047 1428 1108 Jesu
1471 1046 1716 1111 Christo
1762 1045 2090 1112 habentes.
2124 1049 2202 1108 Et
2245 1048 2540 1120 confusus
2582 1048 2892 1112 Macarius
2935 1068 3146 1110 coram
3191 1050 3432 1130 synodo
3475 1051 3566 1111 in-

311 1156 536 1220 ventus
608 1157 704 1214 est
773 1151 1070 1221 mendax.
1134 1153 1311 1214 Tunc
1377 1152 1705 1216 interdixit
1749 1153 1950 1233 pietas
1990 1153 2351 1233 Augustalis
2396 1155 2660 1234 Georgio
2705 1155 3047 1236 patriarhae
3090 1161 3160 1216 ut
3202 1156 3460 1218 minime
3501 1156 3566 1217 in

178 1260 264 1324 10
308 1259 758 1328 Ecclesiasua.
789 1258 1135 1339 susciperet
1176 1260 1518 1339 Macarium
1566 1260 1662 1322 vel
1706 1259 1842 1339 ejus
1884 1260 2195 1335 homines,
2242 1261 2624 1322 interdicens
2680 1262 2739 1323 ei
2798 1281 3184 1342 processum.
3232 1265 3378 1324 Haec
3434 1262 3564 1343 pri-

311 1366 598 1446 maejus
639 1365 824 1437 ruina
866 1365 1007 1440 fuit,
1054 1366 1154 1428 die
1201 1368 1275 1427 I3
1319 1365 1404 1448 (εἰ)
1452 1367 2070 1440 mensisFebruarii,
2123 1368 2466 1430 auxiliante
2510 1369 2696 1431 beato
2742 1372 2926 1432 Petro
2971 1370 3284 1450 apostolo,
3330 1375 3404 1432 ut
3456 1387 3562 1431 ve-

310 1474 514 1545 litatis
555 1474 785 1544 lumen.
816 1478 1174 1554 appareret,
1220 1473 1588 1543 intromissa
1622 1480 1778 1540 sunt:
1814 1493 2027 1540 coram
2073 1475 2313 1556 synodo
2357 1476 2813 1540 venerabilium
2857 1479 3116 1538 Patrum
3157 1476 3334 1538 dicta.
3365 1476 3562 1538 Joan-

307 1581 407 1646 nis
463 1579 1174 1661 Constantinopolitani,
1233 1581 1472 1661 Cyrilli,
1532 1579 1884 1656 Athanasii,
1931 1582 2167 1660 Basilii,
2218 1582 2523 1662 Gregorii,
2570 1582 2871 1663 Dionysii.
2921 1583 3162 1657 Hilarii,
3221 1581 3558 1657 Ambrosii,

309 1693 374 1756 et
414 1679 662 1762 Leonis,
710 1687 868 1755 duas
912 1687 1236 1752 nuturales
1278 1688 1635 1753 voluntates
1679 1687 1860 1769 (e).et
1901 1690 2304 1770 Operationes
2344 1689 2423 1752 in.
2453 1689 2722 1765 Christo,
2771 1690 3113 1769 dicentium
3157 1690 3238 1752 ad
3281 1689 3562 1752 satisfac-

177 1798 280 1864 155;
309 1814 472 1865 nem.
501 1794 807 1876 principis
849 1794 948 1862 vel
991 1795 1238 1875 synodi.

397 1911 568 1972 ιιι,
603 1901 924 1983 Sequenti.
951 1901 1050 1966 die
1091 1901 1160 1962 in
1201 1901 1420 1964 eodem
1466 1902 1803 1982 secretario
1845 1902 2157 1966 residente
2217 1904 2458 1984 synodo
2521 1922 2648 1965 una
2709 1921 2850 1965 cum
2909 1903 3215 1985 principe,
3261 1902 3563 1984 synodica

306 2009 687 2073 sanctissimi
726 2009 1076 2091 Agathonis
1119 2029 1301 2091 papae
1346 2010 1578 2072 relecta
1621 2016 1736 2084 est,
1787 2016 1849 2072 et
1891 2011 1971 2072 ad
2014 2010 2262 2090 singula
2315 2011 2724 2091 comprobata
2785 2014 3040 2072 Patrum
3103 2011 3280 2072 dicta.
3327 2010 3564 2072 inserta

305 2118 421 2201 (f),
467 2117 532 2180 in
577 2137 708 2198 qua
745 2117 1055 2198 synodica.
1089 2117 1364 2198 episcopi
1407 2117 1845 2181 Occidentalis.
1885 2118 2080 2198 partis
2141 2117 2653 2199 subscripserunt
2706 2137 2988 2180 numero.
3031 2123 3286 2180 centum
3337 2117 3564 2197 viginti

305 2225 588 2307 quinque
628 2225 739 2305 (g).
786 2227 1064 2305 Cumque
1108 2230 1254 2305 post
1292 2225 1430 2287 haec
1473 2225 2002 2299 adhortatusest,
2052 2244 2167 2287 nec
2210 2226 2514 2287 dicendus
2557 2225 2868 2288 Macarius
2927 2244 2966 2285 a
3021 2230 3257 2303 sancta‘
3294 2224 3559 2304 synodo,

223 2335 264 2393 5
303 2333 417 2396 vel.
449 2352 490 2394 a
529 2332 650 2412 pio,
681 2332 988 2412 principe,
1033 2333 1622 2413 omnique'senatu,
1671 2337 1738 2393 ut
1780 2332 2183 2412 profiteretur
2227 2351 2418 2394 unam
2482 2338 2596 2394 aut
2652 2332 2810 2394 duas
2869 2331 3157 2394 conﬁteri
3201 2330 3562 2394 voluntates

303 2441 406 2504 vel
448 2439 872 2520 operationes,
916 2439 1025 2519 qui
1068 2439 1425 2502 nullatenus
1469 2433 1730 2512 audivit,
1778 2440 1900 2510 sed:
1932 2439 2142 2519 potius
2186 2458 2390 2520 neque
2436 2458 2626 2506 unam
2673 2457 2878 2520 neque
2922 2439 3079 2500 duas
3122 2437 3188 2499 in
3233 2438 3562 2512 salvatore

304 2547 514 2611 dicere
557 2546 779 2609 voluit.
825 2543 926 2626 (Ιι)-
955 2546 1192 2626 Deinde
1237 2545 1501 2626 protulit
1559 2544 1879 2625 piissimus
1916 2551 1979 2606 et
2021 2547 2454 2608 serenissimus
2519 2547 2810 2627 princeps
2869 2551 3107 2622 tomum
3154 2545 3242 2606 ad.
3278 2545 3562 2624 relegen-

303 2653 484 2728 dum,
530 2653 593 2716 in
638 2671 826 2733 quem
872 2671 1112 2717 vanum.
1151 2653 1518 2716 hiereticum
1569 2651 1808 2730 dogma
1851 2651 2112 2729 Macarii
2151 2658 2289 2714 erat
2339 2653 2790 2734 conscriptum,
2838 2658 2900 2715 et
2952 2651 3092 2732 ejus
3145 2669 3340 2712 manu
3382 2651 3566 2724 subs-

302 2761 578 2841 criptum
597 2760 990 2841 apertissime
1012 2778 1216 2836 unum.
1229 2760 1618 2822 voluntatem
1644 2758 1716 2820 in
1743 2759 2011 2821 Domino
2033 2759 2430 2821 afﬁrmantis.
2459 2760 2590 2821 Sub
2613 2760 2809 2840 ipsius
2828 2757 3235 2838 inscriptione
3255 2763 3319 2818 et
3359 2757 3567 2819 Theo-

188 2872 269 2932 l.0
313 2867 797 2949 expatriarchaa,
846 2867 1067 2947 utique
1105 2866 1291 2946 juxta
1334 2885 1486 2942 eum.
1538 2872 1829 2943 tenorem.
1863 2865 1952 2926 ibi
2011 2865 2383 2946 subscriptio
2441 2871 2580 2928 erat
2622 2866 2713 2947 (ι).
2759 2867 2836 2926 Et
2891 2865 3316 2944 interrogatus
3374 2864 3567 2925 Geor-

303 2975 448 3056 gius
490 2974 872 3056 patriar-cha,
917 2973 969 3034 si
1013 2974 1382 3052 eamﬁdcm
1427 2990 1628 3053 quam.
1664 2971 1849 3034 docet
1903 2971 2079 3034 sedes
2140 2972 2508 3051 apostolica,
2566 2971 2968 3053 amplectitur
3009 2970 3097 3052 (λ)
3142 2969 3320 3050 juxta
3363 2969 3564 3050 scrip-

304 3089 514 3145 turam
556 3081 898 3164 venerandi
939 3080 1288 3160 Agathonis
1332 3098 1536 3160 papae,
1585 3097 1695 3140 seu
1737 3083 2098 3152 sanctorum
2143 3096 2216 3138 ac
2260 3077 2716 3152 venerabilium
2759 3081 3042 3153 Patrum,
3077 3075 3559 3158 quirespondit

307 3189 501 3271 quod,
551 3194 809 3270 accepta
851 3188 1126 3262 licentia,
1187 3187 1252 3247 in
1308 3186 1650 3267 scriptione
1709 3184 1814 3266 (lc),
1876 3205 2018 3266 quae
2077 3189 2438 3266 opportuna
2493 3189 2693 3261 erant,
2743 3185 3174 3265 responderet.
3220 3185 3300 3246 Et
3339 3183 3404 3245 in
3467 3183 3564 3244 his

304 3297 668 3359 recedentes
709 3296 809 3358 die
854 3297 927 3357 I7
976 3293 1207 3356 mensis
1251 3293 1598 3370 Februarii,
1648 3292 1750 3368 die
1794 3292 2142 3366 Dominico,
2192 3293 2363 3370 intra
2401 3292 2729 3354 oraculum
2773 3292 2976 3354 sancti
3019 3290 3189 3353 Petri
3244 3289 3414 3351 intra
3455 3307 3565 3370 pa-

185 3409 263 3468 15
311 3405 530 3466 latium
575 3408 820 3465 astante
866 3401 936 3483 (ι)
981 3401 1240 3464 sincleto
1286 3400 1415 3482 (ιη),
1461 3380 1773 3480 Simulque
1817 3405 1879 3462 et
1923 3400 2303 3481 patriarcha,
2349 3400 2593 3480 legatos
2655 3398 2820 3461 sedis
2872 3398 3236 3479 apostolich
3293 3395 3567 3478 suscepit

305 3511 426 3593 (n),
470 3510 754 3590 relegens
797 3508 876 3591 (ο)
919 3507 1388 3590 suggestionem
1447 3507 1635 3579 aliam
1694 3525 1810 3587 pro
1867 3524 2098 3578 eorum.
2133 3506 2684 3570 commendatione
2729 3504 2818 3587 (p)
2868 3523 2905 3566 a
2947 3505 3340 3580 sanctissimo
3398 3521 3566 3585 papa

307 3619 634 3680 directam.
683 3616 801 3690 Qui
844 3616 1147 3696 Georgius
1189 3614 1615 3676 sanctissimus
1657 3613 2019 3694 patriarcha
2062 3615 2377 3694 professus
2419 3618 2512 3676 est
2554 3632 2628 3675 eo
2673 3613 2773 3674 die
2816 3613 2882 3674 in
2925 3612 3174 3693 scriptis
3230 3611 3387 3686 duas
3431 3595 3560 3688 na-

311 3733 484 3787 turas
526 3725 808 3804 duasque
850 3722 1206 3785 voluntates
1250 3727 1312 3783 et
1353 3721 1749 3802 operationes
1790 3721 1854 3781 in
1899 3721 2164 3782 Domino
2207 3722 2352 3784 Jesu
2397 3721 2645 3784 Christo
2703 3739 2768 3782 se
2824 3719 3077 3782 credere
3135 3724 3199 3781 et
3255 3717 3563 3800 praedica-

307 3851 397 3906 re,
446 3832 605 3894 sicut
645 3832 824 3894 sedes
868 3829 1216 3911 apostolica
1259 3829 1476 3902 credit,
1525 3827 2069 3890 anathematizans
2113 3847 2218 3890 eos
2261 3828 2370 3908 qui
2414 3846 2606 3888 unam
2666 3831 2983 3901 naturam,
3049 3825 3441 3888 voluntatem
3500 3829 3564 3884 et

183 3944 264 4004 20
307 3939 742 4022 operationem
786 3939 851 4000 in
894 3937 1163 4001 Domino
1206 3938 1355 3998 Jesu
1398 3934 1646 3996 Christo
1690 3934 1927 3996 dicunt.

389 4055 550 4118 145
594 4045 1058 4118 Dievicesima
1100 4043 1323 4123 quinta
1368 4042 1600 4111 mensis
1642 4041 1990 4116 Februarii,
2053 4040 2360 4103 residente
2422 4040 2662 4120 synodo
2717 4059 2847 4101 una
2909 4057 3058 4102 cum
3115 4037 3221 4118 pio
3283 4034 3588 4116 principe.-

302 4154 616 4234 simulque
659 4159 722 4216 et
763 4152 988 4236 legatis
1031 4151 1202 4212 sedis.
1238 4149 1632 4236 apostolicae,
1674 4148 2015 4222 Macarium
2062 4148 2278 4210 adesse
2321 4146 2668 4227 jusserunt.
2718 4148 2798 4206 Et
2856 4144 3004 4206 data
3067 4163 3105 4206 a
3163 4141 3449 4223 principe
3492 4141 3563 4203 li-

309 4262 522 4326 centia
562 4267 635 4323 ut
672 4279 747 4330 se.
782 4265 1016 4340 partes,
1064 4258 1203 4339 quis
1244 4257 1314 4318 in
1354 4276 1514 4338 quas
1556 4256 1750 4326 vellet
1789 4256 1896 4339 (ᾳ),
1929 4256 2260 4330 divideret,
2307 4254 2613 4335 Georgius
2655 4251 3026 4335 patriarcha
3068 4249 3259 4331 regias
3302 4249 3572 4314 civitatis

306 4388 452 4431 cum
497 4367 626 4429 suis
669 4367 733 4428 in
780 4371 993 4448 partes
1035 4363 1536 4427 orthodoxorum
1583 4365 1793 4440 stetit;
1839 4363 2147 4427 Macarius
2190 4381 2338 4425 vero
2383 4381 2524 4437 cum
2570 4361 2700 4424 suis
2751 4360 2816 4422 in
2861 4364 3041 4442 parte
3084 4358 3210 4421 alia
3251 4355 3572 4426 hmretico-

220 4482 258 4540 5
308 4495 472 4547 rum.
518 4477 602 4537 Et
638 4474 1020 4545 deduc-entes
1062 4473 1140 4534 ad
1187 4471 1467 4540 medium
1510 4471 1962 4551 professionem
2009 4471 2260 4551 Georgii
2301 4469 2708 4552 patriarchae,
2755 4487 2948 4551 quam
2991 4469 3248 4541 fecerat,
3283 4468 3573 4547 porrecta-

301 4589 400 4648 est
445 4581 522 4664 (ν)
568 4580 840 4664 principi
883 4585 946 4641 et
991 4580 1224 4641 relecta
1283 4583 1400 4640 est.
1460 4581 1538 4640 Et
1592 4579 2013 4640 commonitus
2057 4578 2525 4660 suprascriptus
2583 4577 2896 4654 Macarius
2953 4575 3106 4656 quid
3166 4573 3428 4635 sentiret
3469 4571 3579 4646 vel,

299 4690 605 4764 crederet,
669 4687 996 4768 respondit
1064 4705 1129 4748 se
1200 4686 1265 4746 in
1341 4704 1415 4747 ea
1487 4683 1555 4766 (ε)
1633 4685 1898 4765 perﬁdia
1940 4705 2130 4767 quam
2176 4691 2323 4748 ante
2369 4690 2805 4766 proposuerat,
2853 4683 3218 4765 perdurare,
3265 4684 3330 4742 et.
3368 4678 3569 4740 nulla-

304 4805 490 4860 tenus
533 4795 906 4858 orthodoxre
948 4794 1093 4855 ﬁdei
1149 4792 1566 4873 acquiescere.
1619 4794 1705 4853 Ea
1749 4792 1907 4855 hora
1949 4798 2169 4854 sancta
2213 4791 2490 4873 synodus
2532 4810 2663 4852 una
2718 4810 2861 4853 cum
2920 4789 3200 4872 principe
3245 4784 3380 4867 ejus
3422 4802 3568 4858 ora-

300 4907 470 4968 rium
533 4902 770 4968 aut‘erri
824 4901 1155 4983 jusserunt
1209 4919 1248 4962 a
1304 4899 1466 4962 collo
1525 4898 1684 4978 ejus,
1743 4905 1806 4962 et
1862 4899 2157 4963 exsiliens
2201 4900 2467 4961 Basilius
2509 4897 2844 4978 episcopus
2897 4895 3209 4961 Cretensis
3251 4892 3568 4968 Ecclesiae,

1330 5118 1584 5180 Νοτυιλλξ
1624 5118 2009 5174 ΜΑιιᾱιμΑιεε
2052 5118 2370 5174 FABROTTI.

211 5292 292 5360 (a)
321 5285 700 5367 C.Novem_or.
776 5283 853 5355 (ὁ)
880 5281 1219 5355 ίεγηοάυε.
1298 5279 1366 5363 (ρ)
1399 5283 1419 5304 ¹”
1451 5277 1742 5334 verissimi
1773 5279 2034 5363 reperti.
2087 5278 2215 5405 ((2%;
2252 5278 2338 5333 14.
2368 5349 2377 5358 ι
2415 5276 2530 5356 (8))
2553 5275 2701 5330 duas
2727 5275 2968 5329 naturas
2999 5276 3057 5329 et
3083 5272 3413 5328 voluntates
3484 5270 3565 5350 gf)

211 5359 372 5405 iinlia
402 5357 664 5405 ingentis-
741 5358 819 5405 (al
852 5357 910 5405 C.
948 5355 1069 5405 120.
1147 5351 1228 5405 (In
1264 5351 1388 5405 Vule
1416 5355 1598 5405 Baron
1628 5351 1703 5405 ad
1733 5369 1846 5405 ann
1876 5351 2095 5405 Dommz
2199 5353 2251 5404 1.
2331 5349 2398 5405 (ι)
2427 5350 2447 5371 ¹’
2481 5363 2539 5400 ιη
2570 5362 2685 5405 quo
2718 5361 2835 5400 una
2863 5345 3152 5405 voluntas,
3197 5347 3256 5398 et
3301 5342 3565 5396 haeretica

149 5362 168 5383 '
198 5342 381 5416 dictis
402 5357 664 5414 insertis.
741 5342 819 5425 (g‘)
837 5342 910 5411 Ὀ.
948 5342 1069 5409 1ΞΟ.
1130 5351 1228 5425 Δ(Ιι)
1264 5342 1388 5406 Vide
1416 5355 1598 5425 Baron
1628 5351 1703 5406 ad
1733 5342 2104 5425 (ιηηζῡοηιιήἱ
2125 5342 2251 5405 681.
2331 5342 2447 5425 (ἔλθ’
2481 5345 2539 5425 in
2570 5362 2685 5419 quo
2718 5361 2835 5400 una
2863 5345 3152 5425 voluntas,
3197 5347 3256 5425 et
3301 5342 3571 5425 hfreretica

151 5413 425 5506 dogmata
455 5413 692 5486 Macarii
723 5413 890 5506 erant
917 5413 1267 5506 conscripta,
1299 5425 1357 5478 et
1389 5423 1729 5506 ejusinnanu
1761 5422 2113 5506 subscripta,
2150 5425 2208 5475 et
2233 5413 2808 5506 apertissimepnam
2839 5416 3197 5506 voluntatem
3229 5414 3296 5506 in.
3322 5413 3568 5492 Domino

157 5487 529 5559 afﬁ’rmantia.
564 5501 696 5555 Post
725 5497 916 5570 ipsius
948 5487 1471 5570 subscriptionem,
1497 5498 1553 5570 et
1583 5493 1893 5570 Theodori.
1972 5487 2043 5565 (ᾖ
2074 5487 2106 5570 ξ
2131 5487 2580 5570 amplecteretur
2600 5489 2770 5570 juxta
2799 5488 3036 5561 scripta.
3114 5487 3198 5570 (ﬁt)
3229 5487 3341 5570 'li‘n
3357 5487 3570 5570 ‘scri‘p-

155 5552 1050 5645 te."ﬁliustanteis—ﬁngustus
1083 5552 1260 5645 simul
1292 5569 1355 5645 et.
1378 5552 1716 5645 Patriarcha
1746 5552 2035 5645 legatosiw
2065 5564 2162 5636 (νη)
2196 5552 2525 5645 '.‘sync‘ell_o.
2581 5552 2735 5645 ﬁt)"
2767 5552 3187 5645 susceperunt;
3213 5632 3223 5645 ⁸
3245 5556 3394 5645 (0),“
3425 5552 3570 5645 reip:

153 5627 368 5716 gentes:
449 5641 536 5716 (p)_
569 5647 592 5669 ‘
639 5643 704 5716 Β.
749 5627 1258 5703 οὸιῗάθωηθῑὶοῐιθ.
1339 5635 1413 5713 (q)
1461 5641 1480 5662 "
1528 5635 1588 5694 in
1631 5627 1860 5713 partem
1905 5627 2084 5714 quam
2129 5627 2497 5712 quis'vellct.
2575 5627 2710 5712 (νγα
2754 5636 2811 5693 et
2852 5627 3252 5711 porrexerunt.
3301 5627 3397 5706 '(s)
3444 5630 3465 5652 "
3508 5627 3570 5684 in

153 5719 374 5778 eadem.

468 5841 731 5910 Panos.
777 5838 1102 5908 CXXVIII.
3164 5827 3243 5894 26
