3906 6220
247 199 366 260 893
427 263 435 266 _
1053 200 1422 262 HISTORIA
1467 202 1569 262 DE
1612 201 1816 264 VITIS
1860 202 2050 265 ROM.
2097 201 2329 265 PONT.
2380 238 2457 248 —
2503 205 2858 268 SERGIUS.
3543 211 3663 272 894

410 330 640 394 domus
679 331 886 407 Juliae,
936 352 1078 413 quae
1122 352 1310 414 super
1352 353 1643 414 campum
1691 335 1961 416 respicit,
2012 336 2366 416 occupavit.
2413 339 2696 417 Cumque
2756 357 2920 399 unus
2981 339 3104 401 alio
3151 337 3233 421 (a)
3278 341 3485 406 locum
3533 365 3659 409 non

285 444 360 503 i5
407 441 680 514 cederet,
728 441 836 500 sed
880 441 1128 520 utrique
1171 442 1530 502 immaniter
1572 443 1654 522 (ὁ)
1697 444 2132 522 perdurarent,
2181 451 2249 504 ut
2295 465 2455 505 unus
2526 446 2719 506 alium
2765 453 3114 526 superaret,
3162 449 3385 512 ininito
3448 455 3657 515 consi-

405 549 491 609 lio
523 548 822 627 primates
877 547 1164 627 judicum
1209 555 1265 609 et
1315 550 1622 610 exercitus
1692 553 1990 611 Romana:
2055 552 2316 625 militiae,
2366 553 2460 611 vel
2506 553 2655 614 cleri
2700 552 2774 632 (ς)
2821 554 3094 632 plurima
3156 575 3322 635 pars,
3371 564 3433 618 et
3495 580 3654 639 prae-

406 655 621 716 sertim
685 655 1083 717 sacerdotum
1147 663 1335 735 atque
1398 656 1626 717 civium
1701 657 2038 717 multitudo
2110 658 2188 717 ad
2261 678 2507 718 sacrum
2581 660 2888 739 palatium
2962 668 3393 740 perrexerunt,
3445 673 3507 726 et
3550 667 3656 728 diu

404 766 863 842 pertractantes
906 762 1057 842 quid
1125 763 1261 823 fieri
1331 764 1588 824 deberet
1659 763 2005 842 qualiterve
2076 766 2346 824 duorum
2420 767 2858 826 altercantium
2931 768 3272 829 electorum
3345 772 3658 852 sopiretur

403 869 721 929 contentio
766 868 874 949 (d).
921 870 1048 929 Deo
1094 877 1412 931 annuente
1455 871 1519 930 in
1586 889 1919 949 personam
1981 872 2373 932 denominati
2448 874 2648 950 Sergii
2723 875 3098 934 venerabilis
3174 881 3322 936 tunc
3394 880 3656 958 presby-

278 975 362 1036 20
403 976 522 1036 teri
565 977 1021 1037 concordantes
1065 995 1128 1037 se
1173 978 1594 1052 contulerunt,
1643 996 1913 1056 eumque
1958 978 2034 1038 de
2081 979 2285 1038 medio
2332 980 2548 1059 populi
2605 979 2894 1040 tollentes
2962 982 3026 1040 in
3089 984 3417 1044 oraculum
3484 987 3655 1047 beati

403 1083 656 1144 Caesarii
699 1083 992 1162 martyris
1035 1083 1283 1156 Christi,
1334 1085 1503 1163 quod
1558 1091 1651 1145 est
1720 1085 1888 1144 intra
1960 1092 2434 1145 sacrosanctum
2507 1089 3007 1167 suprascriptum
3083 1089 3386 1168 palatium
3453 1093 3653 1152 intro-

404 1191 852 1266 duxerunt,ret
913 1191 1138 1252 exinde
1198 1192 1261 1251 in
1335 1195 1748 1253 Lateranense
1821 1193 2208 1272 episcopium
2281 1212 2422 1253 cum
2487 1195 2747 1255 laudum
2813 1194 3378 1258 declamationibus
3421 1198 3495 1278 (e)
3541 1200 3651 1260 de-

403 1297 744 1359 duxerunt.
790 1299 869 1359 Et
920 1298 1169 1378 quamis
1236 1299 1401 1360 fores
1470 1299 1836 1378 patriarchii
1907 1299 2281 1360 intrinsecus
2352 1308 2559 1362 essent
2632 1302 2890 1362 munitae
2965 1309 3027 1362 et
3105 1302 3357 1377 clausae,
3439 1310 3649 1367 tamen

403 1422 552 1484 pars
619 1423 760 1484 quae
830 1404 1199 1484 praedictum
1269 1405 1694 1466 venerabilem
1763 1405 1970 1466 virum
2034 1405 2332 1484 elegerat,
2383 1408 2533 1487 quia
2595 1413 2656 1468 et
2698 1408 2967 1468 validior
3010 1415 3166 1483 erat,
3215 1410 3543 1490 praevaluit
3591 1417 3652 1473 et

278 1513 358 1572 25
402 1512 683 1592 ingressa
715 1518 835 1573 est.

485 1625 649 1680 159
693 1621 826 1692 Quo
897 1619 1178 1699 ingresso
1249 1639 1411 1681 unus
1454 1638 1487 1680 e
1531 1621 1776 1682 duobus
1848 1623 2083 1695 electis,
2157 1623 2221 1683 id
2294 1628 2388 1684 est
2461 1623 2830 1685 Theodorus
2904 1623 3434 1704 archipresbyter,
3480 1625 3648 1688 illico

400 1727 679 1807 quivevit
721 1745 792 1788 ac
836 1745 901 1787 se
961 1728 1339 1788 humiliavit.
1385 1731 1463 1788 Et
1531 1728 1851 1807 ingressus
1923 1730 2404 1792 denominatum
2474 1731 2939 1791 sanctissimum
3012 1731 3279 1792 electum
3351 1732 3650 1794 salutavit

399 1853 473 1895 ac
513 1834 829 1896 osculatus
873 1839 987 1895 est.
1031 1835 1402 1896 Paschalem
1447 1854 1593 1895 vero
1652 1837 1826 1897 nullo
1893 1838 2076 1898 modo
2140 1838 2346 1899 cordis
2417 1839 2649 1898 duritia
2719 1838 2783 1898 id
2851 1839 3056 1899 facere
3130 1839 3399 1912 sinebat,
3446 1841 3647 1901 donec

399 1949 652 2004 coactus
696 1948 756 2003 et
799 1944 1116 2016 confusus,
1163 1943 1379 2003 volens
1425 1945 1660 2016 nolens,
1710 1964 1894 2004 suum
1940 1945 2266 2005 dominum
2332 1952 2393 2006 et
2454 1947 2722 2006 electum
2782 1946 3100 2024 ingressus
3161 1947 3484 2008 salutaret.
3531 1947 3649 2018 Qui

313 2051 352 2110 5
399 2051 590 2111 etiam
649 2050 972 2111 Paschalis
1034 2049 1319 2110 clanculo
1383 2069 1508 2110 non
1563 2052 1827 2111 cessavit
1874 2055 2234 2113 Ravennam
2280 2071 2427 2114 suos
2474 2053 2717 2113 mittere
2763 2054 3003 2126 missos,
3055 2054 3487 2133 promissaque
3532 2073 3644 2134 pe-

399 2157 584 2218 cunia
627 2157 724 2218 vel
795 2157 932 2218 aliis
1002 2157 1260 2218 diversis
1316 2158 1518 2231 donis,
1563 2160 1874 2220 Joannem
1947 2160 2280 2239 patricium
2353 2166 2416 2220 et
2487 2160 2854 2232 exarchum,
2902 2167 3320 2236 cognomento
3390 2161 3640 2241 Platyn,

399 2284 540 2326 cum
603 2265 730 2325 suis
783 2264 1124 2344 judicibus,
1172 2264 1424 2325 nemine
1467 2265 1725 2337 sciente,
1775 2269 2038 2326 Romam
2084 2267 2298 2327 venire
2331 2267 2735 2346 persuadere.
2787 2267 2905 2338 Qui
2947 2268 3034 2327 sic
3080 2267 3290 2327 abdite
3335 2267 3529 2340 venit,
3576 2273 3648 2328 ut

394 2391 510 2432 nec
552 2373 754 2450 signa,
801 2390 916 2433 nec
958 2371 1169 2432 banda
1209 2390 1351 2431 cum
1398 2373 1621 2432 militia
1667 2373 1932 2432 Romani
1975 2375 2289 2433 exercitus
2333 2374 2753 2434 occurrissent
2795 2373 2851 2432 ei
2889 2373 3076 2451 juxta
3119 2373 3644 2434 consuetudinem

392 2479 457 2540 in
502 2479 882 2559 competenti
925 2480 1087 2552 loco,
1135 2479 1254 2538 nisi
1296 2497 1332 2538 a
1375 2479 1457 2559 (/')
1502 2481 1857 2560 propinquo
1903 2483 2202 2542 Romanae
2247 2482 2540 2542 civitatis.
2589 2481 2706 2552 Qui
2749 2481 2899 2541 dum
2965 2481 3238 2542 venisset
3304 2485 3366 2542 et
3426 2499 3645 2543 omnes

271 2589 352 2648 lt)
394 2587 458 2648 in
504 2606 838 2667 personam
885 2587 1085 2665 Sergii
1128 2587 1500 2647 sanctissimi
1545 2588 1885 2648 invenisset
1927 2589 2336 2662 consensisse,
2383 2589 2475 2648 illi
2521 2589 2775 2668 quidem
2834 2589 3168 2667 suffragari
3230 2607 3356 2649 non
3418 2589 3642 2650 voluit.

391 2694 686 2756 Ecclesiae
730 2699 942 2755 tamen
997 2694 1168 2754 beati
1226 2693 1394 2754 Petri
1464 2694 1732 2772 apostoli
1803 2694 1969 2754 idem
2035 2695 2346 2755 exarchus
2417 2714 2530 2773 per
2599 2694 2881 2773 ejusdem
2925 2694 3249 2755 Paschalis
3294 2695 3635 2770 miseriam,

392 2801 776 2881 stipendium
823 2807 883 2861 et
925 2801 1228 2862 damnum
1271 2800 1509 2874 intulit,
1556 2802 1726 2880 quod
1775 2801 1854 2880 (g)
1900 2801 1978 2860 ab
2039 2803 2257 2862 eodem
2320 2801 2610 2861 Paschali
2674 2801 3102 2880 suprascripto
3165 2800 3438 2861 exarcho
3493 2821 3639 2880 pro-

393 2908 654 2970 missum
700 2909 927 2984 fuerat,
973 2909 1037 2968 id
1082 2914 1174 2969 est
1229 2913 1482 2969 centum
1546 2909 1682 2968 auri
1744 2909 2050 2969 librarum
2098 2927 2134 2968 a
2177 2914 2354 2987 parte
2417 2908 2709 2968 Ecclesiae
2773 2912 3128 2986 expetente,
3177 2907 3397 2986 Sergio
3458 2926 3641 2969 sanc-

396 3015 634 3077 tissimo
679 3017 876 3078 electo
921 3017 1350 3096 proclamante
1393 3017 1562 3096 quod
1621 3035 1823 3096 neque
1888 3015 2276 3095 promisisset
2337 3015 2508 3088 dare,
2559 3034 2764 3094 neque
2826 3015 3207 3094 possibilitas
3250 3015 3442 3075 dandi
3487 3034 3637 3095 sup-

273 3126 352 3185 15
397 3129 592 3205 petat,
640 3130 702 3185 et
743 3129 814 3184 ut
855 3124 935 3184 ad
979 3122 1532 3202 compunctionem
1604 3123 1844 3183 animos
1915 3123 2261 3184 videntium
2334 3127 2780 3195 commoveret,
2829 3122 3168 3182 cantharos
3239 3127 3302 3182 et
3343 3141 3636 3199 coronas,

396 3251 538 3311 quae
583 3236 728 3292 ante
772 3249 1018 3292 sacrum
1064 3231 1262 3292 altare
1305 3236 1367 3290 et
1409 3231 1861 3292 confessionem
1908 3230 2076 3291 beati
2119 3231 2288 3291 Petri
2331 3230 2600 3310 apostoli
2645 3249 2720 3290 ex
2773 3229 3034 3308 antiquo
3097 3229 3480 3309 pendebant,
3528 3231 3638 3290 de-

393 3339 546 3419 poni
588 3337 735 3400 fecit
777 3343 836 3400 et
880 3338 1132 3418 pignori
1174 3337 1358 3398 tradi.
1407 3339 1528 3400 Sed
1563 3357 1675 3399 nec
1738 3338 1802 3398 in
1864 3338 1986 3399 hoc
2057 3339 2222 3399 ﬂexa
2290 3344 2383 3398 est
2452 3337 2734 3417 ejusdem
2805 3337 3061 3398 exarchi
3131 3337 3382 3410 duritia,
3434 3337 3637 3398 donee

391 3451 668 3520 centum,
713 3450 784 3506 ut
825 3445 1061 3506 dictum
1107 3449 1220 3518 est,
1266 3444 1570 3505 librarum
1618 3445 1696 3525 (Iz)
1745 3446 1882 3506 auri
1925 3447 2188 3525 accepit.
2233 3448 2311 3506 Et
2352 3445 2518 3518 licet,
2567 3450 2637 3506 ut
2690 3446 3022 3524 praefatum
3067 3444 3141 3525 (τ’)
3183 3450 3294 3519 est,
3343 3444 3637 3505 Ecclesiae

389 3551 638 3626 Christi,
683 3551 824 3613 ideo
868 3551 948 3632 (j)
995 3551 1380 3612 miserrimus
1421 3551 1744 3612 Paschalis
1787 3552 2184 3632 dispendium
2229 3558 2291 3613 et
2347 3553 2645 3613 damnum
2710 3552 2915 3612 inﬁxit
2959 3551 3062 3632 (k),
3111 3557 3326 3612 tamen
3387 3550 3635 3613 Christo

260 3661 347 3720 20
389 3659 638 3720 favente
679 3659 935 3737 Sergius
977 3659 1304 3738 presbyter
1346 3665 1408 3720 et
1449 3659 1682 3720 electus
1725 3660 1790 3719 in
1835 3661 1980 3720 sede
2027 3659 2194 3720 beati
2236 3659 2406 3720 Petri
2469 3659 2736 3738 apostoli
2799 3660 3083 3738 pontifex
3143 3659 3470 3720 ordinatus
3515 3664 3634 3721 est.

383 3764 728 3826 Praedictus
761 3783 906 3826 vero
949 3763 1266 3825 Paschalis
1329 3784 1456 3825 non
1519 3769 1662 3844 post
1722 3765 1991 3825 multum
2062 3770 2332 3844 tempus,
2380 3764 2564 3825 etab
2622 3764 2830 3824 ofﬁcio
2903 3763 3452 3824 archidiaconatus
3515 3783 3632 3844 pro

382 3871 698 3951 aliquibus
738 3871 1272 3932 incantationibus
1316 3877 1378 3932 et
1422 3871 1576 3931 lucis
1621 3871 1692 3950 (ί)
1735 3889 1893 3950 quos
1938 3870 2205 3943 colebat,
2253 3871 2351 3930 vel
2414 3870 2687 3929 sortibus
2750 3887 2908 3948 quas
2972 3887 3114 3930 cum
3177 3869 3318 3929 aliis
3381 3888 3633 3948 respec-

385 3977 625 4039 toribus
663 3977 769 4059 (m)
819 3977 1150 4054 tractabat,
1210 3978 1322 4038 Dei
1383 3977 1679 4056 beatique
1743 3977 2174 4056 apostolorum
2236 3975 2549 4054 Principis
2612 3974 2782 4035 Petri
2853 3974 3310 4035 interveniente
3369 3974 3630 4052 judicio,

382 4084 664 4167 privatus
707 4091 801 4146 est
843 4091 904 4146 et
944 4085 1008 4145 in
1053 4084 1502 4146 monasterium
1553 4089 1853 4156 retrusus,
1905 4089 2046 4163 post
2091 4082 2596 4162 quinquennium
2644 4099 2773 4160 prae
2819 4080 3024 4141 cordis
3067 4081 3300 4142 duritia
3342 4081 3632 4161 impceni-

254 4196 335 4257 25
387 4197 524 4255 lens
567 4192 902 4254 defunctus
946 4197 1060 4253 est.

469 4303 642 4360 ιοθ
686 4297 770 4380 (η)
815 4298 1014 4378 Hujus
1081 4299 1293 4379 itaque
1365 4299 1756 4378 temporibus
1824 4297 2196 4360 Justinanus
2264 4297 2610 4376 imperator
2681 4295 3018 4356 concilium
3088 4295 3152 4355 in
3224 4295 3399 4374 regia
3469 4295 3628 4358 urbe

374 4406 564 4486 jussit
603 4405 764 4480 ﬁeri,
809 4405 874 4465 in
919 4425 1044 4486 quo
1095 4411 1155 4466 et
1225 4406 1416 4485 legati
1488 4405 1650 4467 sedis
1722 4404 2084 4485 apostolicae
2156 4409 2602 4478 convenerant,
2653 4409 2714 4464 et
2787 4402 3032 4484 decepti
3101 4401 3625 4483 subscripserant.

379 4513 890 4593 Compellebatur
958 4518 1169 4574 autem
1243 4519 1306 4572 et
1371 4513 1506 4592 ipse
1547 4511 1628 4592 (ο)
1674 4512 2086 4584 subscribere,
2134 4513 2241 4572 sed
2313 4511 2671 4572 nullatenus
2742 4510 3078 4591 acquievit,
3125 4530 3240 4590 pro
3309 4529 3383 4572 eo
3455 4510 3628 4590 quod

378 4621 671 4702 quaedam
750 4619 1026 4699 capitula
1096 4623 1274 4680 extra
1349 4619 1541 4680 ritum
1615 4619 2108 4680 ecclesiasticum
2199 4620 2449 4679 fuerant
2517 4619 2580 4680 in
2643 4637 2717 4680 eo
2774 4636 3048 4679 annexa.
3108 4618 3258 4689 Quae
3333 4623 3395 4678 et
3449 4616 3632 4696 quasi

292 4731 332 4789 5
374 4727 760 4805 synodaliter
801 4725 1061 4787 deﬁnita
1121 4733 1184 4787 et
1242 4726 1306 4786 in
1370 4746 1477 4786 sex
1538 4727 1724 4787 tomis
1794 4726 2109 4805 descripta
2152 4745 2189 4786 a
2232 4727 2431 4786 tribus
2475 4725 2872 4805 patriarchis,
2920 4725 2984 4784 id
3028 4728 3121 4785 est
3173 4723 3624 4798 Alexandrino,

372 4833 1074 4914 Constantinopolitano
1119 4839 1181 4895 et
1223 4833 1639 4908 Antiocheno,
1687 4833 1785 4895 vel
1848 4834 2090 4894 caeteris
2152 4834 2516 4894 consulibus
2561 4833 2676 4913 (ρ),
2724 4833 2834 4910 qui
2893 4832 2957 4891 in
3022 4837 3307 4909 tempore
3366 4829 3456 4910 (ᾳ)
3498 4829 3628 4892 illic

369 4947 822 5013 convenerant,
870 4941 1221 5021 subscripta
1263 4947 1467 5015 erant,
1519 4959 1836 5021 manuque
1881 4941 2190 5020 imperiali
2235 4941 2631 5013 confirmata,
2681 4939 2885 4998 missis
2929 4940 2994 4999 in
3056 4937 3402 5011 Lucellum,
3455 4940 3627 5014 quod

372 5049 663 5113 scebrum
710 5049 792 5130 (ν)
835 5048 1086 5110 carnale
1129 5049 1442 5110 vocitatur
1482 5049 1546 5108 in
1593 5050 1757 5109 hanc
1818 5047 2039 5109 urbem
2105 5047 2184 5109 ad
2246 5046 2770 5119 confirmandum,
2820 5046 2919 5107 vel
2980 5046 3044 5106 in
3107 5045 3415 5124 superiori
3480 5045 3619 5107 loco

1393 5319 1646 5365 NOTULE
1689 5319 2074 5365 MABGINALES
2116 5319 2438 5365 FABROTTI.

274 5542 346 5615 (a)
379 5542 502 5598 alii.
580 5542 659 5614 (b)
694 5540 1071 5615 unanimiter.
1149 5542 1222 5609 (ε)
1253 5540 1390 5615 cleri
1430 5541 1724 5615 seditiosi.
1791 5539 2200 5615 _(d)_intentio._
2252 5541 2324 5615 ζα(
2357 5537 2909 5615 acclamationibus.
2973 5538 3134 5615 (Din
3165 5540 3241 5609 (g)
3260 5555 3352 5615 ‘eo
3372 5537 3550 5609 quod.

203 5610 372 5686 (ω’Β,
405 5610 616 5686 libras.
642 5610 758 5686 "(1')
788 5614 849 5681 B,
884 5612 1265 5686 praedictum,
1291 5683 1306 5686 _
1329 5613 1393 5684 (j)
1426 5613 1600 5686 idem.
1677 5614 1757 5682 (At)
1788 5610 2080 5686 inﬂixerit.
2161 5613 2224 5683 (ι)
2252 5610 2520 5686 Ιυίξυὶίεκ
2564 5614 2662 5686 (m)
2695 5610 3315 5686 respectatoribus_;__B,
3339 5610 3626 5686 inspecto-

203 5681 384 5742 ribus.
463 5686 546 5757 (In)
574 5681 706 5757 Vide
733 5681 920 5757 Βᾳνοὴ
969 5683 1038 5757 ad
1085 5701 1200 5757 ann
1247 5681 1370 5757 692,
1400 5702 1508 5755 pag
1539 5684 1663 5738 6H.
1744 5686 1815 5756 (0)
1844 5685 1969 5757 ipse
2015 5681 2197 5755 papa;
2234 5688 2297 5748 Β,
2333 5682 2456 5756 ipse
2489 5681 2745 5755 Sergius.
2793 5681 2902 5755 '(p)
2931 5687 2971 5738 Β
3003 5682 3370 5756 praasulibus.
3450 5681 3523 5755 (q)
3555 5700 3622 5741 eo

201 5755 484 5830 tempore,
525 5755 529 5756 “
561 5756 635 5829 (r)
667 5757 728 5823 Β,
763 5755 1042 5823 chartale,
1078 5756 1223 5811 locus
1250 5756 1600 5827 deprauatus.
1871 5755 1885 5757 “
2364 5755 2368 5756 ⁷
3013 5755 3020 5756 ’
3643 5791 3646 5793 Α
