3906 6220
280 185 398 249 895
1431 189 1846 252 ANASTASII
1889 188 2542 252 BIBLIOTHECARII.
3576 187 3705 251 898

444 320 961 383 subscribendum
1008 321 1225 403 Sergio
1283 322 1588 404 pontiﬁci,
1636 331 1852 405 utpote
1927 324 2117 405 capiti
2169 325 2452 386 omnium
2514 322 2937 398 sacerdotum,
2982 320 3237 386 direxit.
3284 322 3405 398 Qui
3460 321 3704 388 beatis-

329 430 403 489 10
445 428 638 489 simus
689 429 995 508 pontifex,
1045 438 1114 491 ut
1175 431 1411 492 dictum
1476 437 1590 505 est,
1642 432 1889 511 penitus
1959 433 2160 493 eidem
2234 431 2590 493 Justiniano
2657 437 2943 511 Augusto
3006 449 3133 491 non
3195 430 3537 511 acquievit,
3583 449 3706 493 nec

446 535 696 596 eosdem
762 542 962 596 tomos
1023 539 1336 617 suscipere
1399 545 1508 599 aut
1568 539 1834 601 lectione
1879 540 1962 620 (α)
2006 539 2282 619 pandere
2354 557 2574 619 passus
2644 544 2757 600 est.
2803 539 3000 598 Porro
3071 556 3179 599 eos
3249 542 3318 598 ut
3386 536 3707 600 invalidos

448 644 685 722 respuit
726 648 914 723 atque
957 644 1213 723 objccit,
1259 646 1495 724 eligens
1538 653 1683 706 ante
1732 647 1887 706 mori
1932 664 2126 726 quam
2188 646 2540 706 novitatum
2609 645 2927 705 erroribus
2988 644 3366 706 consentire.
3414 645 3534 719 Qui
3576 644 3708 705 im-

447 756 702 830 perator
730 751 1016 830 Sergium
1064 752 1542 831 magistrianum
1573 753 1637 813 in
1681 759 1959 833 spretum
2007 753 2450 832 prmnoxninati
2494 752 2810 832 pontiﬁcis
2855 754 3119 812 Romam
3175 751 3455 824 mittens,
3498 753 3709 815 Joan-

449 875 591 916 nem
624 860 751 918 Deo
797 860 1131 919 amabilem
1164 862 1568 919 Portuensem
1617 862 2005 940 episcopum,
2053 880 2160 921 seu
2204 860 2594 921 Bonitacium
2643 859 3072 919 consiliarium
3127 858 3492 938 apostolicae
3535 859 3714 920 sedis

333 964 407 1023 15
450 982 658 1024 secum
704 964 769 1024 in
813 966 1049 1043 regiam
1097 966 1357 1027 abstulit
1401 967 1642 1027 urbem.

536 1080 687 1131 se:
737 1073 975 1134 Deinde
1035 1074 1403 1135 Zachariam
1477 1075 1815 1134 immanem
1887 1094 2069 1135 suum
2141 1074 2722 1154 protospalharium
2785 1090 2928 1133 cum
2983 1071 3271 1151 jussione
3333 1071 3586 1145 direxit,
3638 1077 3717 1132 ut

452 1177 819 1257 praedictum
868 1179 1231 1259 pontiﬁcem
1276 1181 1564 1241 similiter
1605 1183 1668 1241 in
1713 1182 1949 1259 regiam
2007 1184 2370 1260 deportaret
2430 1180 2676 1242 urbem.
2722 1178 2847 1240 Sed
2911 1176 3342 1239 misericordia
3380 1177 3493 1238 Dei
3535 1197 3715 1259 prm-

450 1285 760 1357 veniente,
810 1272 1120 1366 beatoque
1162 1290 1347 1348 Petro
1393 1289 1681 1367 apostolo
1725 1294 1788 1348 et
1831 1288 2261 1367 apostolorum
2308 1287 2598 1365 Principe
2656 1285 3066 1364 suffragante,
3115 1302 3423 1364 suamque
3483 1284 3716 1346 Eccle-

452 1389 609 1451 siam
652 1390 1100 1453 immutilatam
1144 1399 1457 1467 servante,
1504 1394 1843 1455 excitatum
1889 1399 1983 1453 est
2026 1412 2132 1453 cor
2178 1391 2556 1453 Ravennatis
2603 1390 2865 1466 militiae,
2914 1391 3180 1451 ducatus
3233 1389 3422 1450 etiam
3467 1391 3717 1451 Penta-

369 1500 406 1557 5
452 1496 715 1575 politani
757 1504 820 1557 et
862 1500 1221 1578 circumque
1268 1500 1565 1579 partium,
1616 1519 1738 1559 non
1789 1499 2149 1578 permittere
2192 1498 2274 1578 (ὁ)
2319 1498 2679 1578 pontiﬁcem
2725 1497 2889 1557 sedis
2933 1494 3301 1575 apostolica)
3343 1495 3409 1557 in
3458 1496 3716 1576 regiam

455 1604 791 1666 ascendere
835 1607 1078 1666 urbem.
1126 1606 1407 1685 Cumque
1451 1626 1527 1667 ex
1579 1607 1749 1667 omni
1797 1610 1972 1686 parte
2034 1604 2373 1666 multitudo
2436 1604 2673 1665 militiae
2738 1602 3125 1677 conveniret,
3173 1600 3513 1663 Zacharias
3554 1620 3717 1683 spa-

452 1709 697 1770 tharius
744 1711 838 1790 (ιο),
887 1713 1254 1791 perterritus
1296 1719 1357 1773 et
1402 1713 1722 1791 trepidans
1768 1731 1845 1773 ne
1910 1730 1948 1771 a
1994 1711 2177 1770 turba
2224 1711 2463 1770 militiae
2505 1710 2919 1781 occideretur,
2969 1713 3184 1787 portas
3245 1707 3499 1787 quidem
3545 1707 3715 1769 civi-

458 1817 601 1877 tatis
645 1817 853 1878 claudi
896 1823 958 1878 et
1003 1819 1201 1879 teneri
1246 1818 1605 1898 pontiﬁcem
1654 1818 1739 1899 (d)
1784 1818 2168 1898 postulabat.
2216 1820 2355 1896 Ipse
2399 1836 2545 1878 vero
2600 1817 2665 1877 in
2733 1814 3023 1876 cubiculo
3085 1814 3398 1894 pontiﬁcis
3433 1812 3526 1895 (e).
3576 1819 3716 1876 tre-

456 1922 808 1983 mebundus
852 1924 1103 2002 refugit,
1150 1925 1499 2004 deprecans
1541 1925 2034 2004 lacrymabiliter
2076 1929 2147 1984 ut
2189 1923 2284 1983 sui
2326 1922 2613 2002 pontifex
2656 1922 3082 1993 misereretur,
3128 1938 3244 1981 nec
3314 1920 3718 2000 permitteret

339 2029 416 2088 lO
457 2047 845 2109 quemquam
907 2028 1042 2109 ejus
1113 2030 1343 2090 animae
1412 2030 1714 2091 infestari.
1783 2030 2109 2090 Exercitus
2178 2034 2389 2090 autem
2460 2027 2866 2101 Ravennatis,
2910 2026 3234 2104 ingressus
3296 2044 3410 2105 per
3452 2030 3715 2106 portam

454 2133 620 2194 beati
665 2134 831 2194 Petri
874 2134 1162 2213 apostoli,
1212 2153 1353 2195 cum
1401 2136 1591 2195 armis
1634 2140 1696 2196 et
1740 2136 1925 2196 turba
1964 2134 2045 2215 (Ι)
2086 2136 2150 2195 in
2196 2138 2618 2196 Lateranense
2662 2132 3052 2213 episcopium
3095 2131 3293 2203 venit,
3339 2131 3716 2210 pontiﬁcem

453 2239 665 2301 videre
739 2244 1036 2314 aestuans,
1082 2260 1293 2320 quem,
1339 2242 1511 2302 fama
1579 2242 1899 2321 vulgante,
1947 2261 2061 2322 per
2129 2247 2377 2303 noctem
2449 2240 2767 2301 sublatum
2831 2244 2893 2301 et
2957 2237 3025 2299 in
3075 2236 3401 2317 navigium
3445 2237 3729 2299 missum

455 2346 647 2407 fuisse
717 2354 1150 2425 cognoverant
1218 2347 1325 2429 (g).
1398 2350 1687 2428 Dumque
1756 2349 1922 2409 fores
1992 2347 2384 2429 patriarchii,
2458 2353 2586 2408 tam
2655 2346 2984 2409 inferiores
3064 2363 3259 2426 quam
3323 2344 3710 2426 superiores,

464 2456 673 2514 essent
716 2452 968 2527 clausae,
1014 2452 1131 2514 has
1172 2454 1238 2514 in
1282 2460 1537 2533 terram,
1584 2454 1703 2516 nisi
1746 2454 2019 2516 velocius
2073 2454 2492 2535 aperirentur,
2538 2452 2788 2516 mittere
2850 2452 3249 2515 minarentur
3290 2450 3397 2533 (h),
3446 2470 3578 2532 pra:
3621 2450 3719 2513 ni-

342 2560 414 2620 15
464 2558 590 2619 mia
635 2559 877 2620 timoris
920 2562 1210 2638 angustia
1255 2568 1319 2622 et
1362 2561 1503 2622 vita:
1549 2562 1987 2641 desperatione
2029 2561 2368 2623 Zacharias
2411 2560 2771 2641 spatbarius
2824 2560 2941 2621 sub
3001 2561 3234 2621 lectum
3276 2558 3351 2640 (ι’)
3393 2558 3714 2638 pontiﬁcis

459 2665 777 2744 ingressus
819 2686 951 2727 sese
996 2668 1347 2741 abscondit,
1393 2669 1477 2728 ita
1523 2674 1591 2728 ut
1636 2673 1845 2729 mente
1889 2668 2206 2729 excideret
2259 2673 2322 2729 et
2382 2666 2675 2748 perderet
2739 2685 3015 2728 sensum.
3061 2666 3258 2738 Qnem
3307 2664 3715 2727 beatissimus

462 2791 628 2852 papa
656 2774 1055 2848 confortavit,
1104 2774 1316 2835 dicens
1361 2780 1431 2835 ut
1474 2776 1650 2836 nullo
1682 2776 1869 2836 modo
1926 2775 2196 2836 timeret.
2241 2777 2544 2853 Egressus
2604 2792 2752 2834 vero
2813 2774 2976 2835 idem
3040 2772 3439 2834 beatissimus
3497 2773 3714 2852 ponti-

460 2879 560 2939 fex
605 2880 753 2941 foris
796 2880 1121 2943 basilicam
1164 2882 1381 2943 domni
1424 2882 1738 2943 Theodori
1783 2901 1965 2963 papa:
2009 2882 2241 2961 apertis
2275 2880 2491 2961 januis
2533 2881 2598 2942 in
2642 2880 2851 2942 sedem
2897 2879 3000 2961 (λ),
3046 2897 3189 2960 quae
3231 2878 3427 2959 vulgo
3489 2878 3712 2959 appel-

461 2986 629 3046 latur
671 2988 787 3047 sub
828 2989 1165 3068 Apostolis,
1213 2989 1691 3068 generalitatem
1736 2989 1977 3049 militiae
2022 2994 2084 3049 et
2127 2988 2371 3068 populi,
2417 2987 2527 3068 qui
2571 2982 2685 3067 pro
2739 3005 2814 3048 eo
2875 2986 3317 3060 occurrebant,
3363 2984 3717 3048 honoriﬁce

338 3093 418 3153 20
460 3093 770 3174 suscepit;
816 3095 1091 3176 datoque
1158 3101 1305 3175 apto
1377 3101 1440 3157 et
1509 3096 1687 3156 suavi
1759 3114 2082 3175 responso,
2127 3113 2347 3156 eorum
2420 3093 2612 3155 corda
2678 3093 2908 3154 linivit.
2957 3094 3333 3174 Quanquam
3403 3090 3521 3169 illi,
3576 3091 3715 3153 zelo

458 3198 630 3259 ducti
674 3218 788 3279 pro
833 3218 1049 3261 amore
1092 3206 1154 3261 et
1197 3201 1547 3262 reverentia
1590 3206 1720 3260 tam
1764 3200 2058 3261 Ecclesiae
2102 3201 2214 3261 Dei
2255 3218 2575 3280 quamque
2630 3198 3006 3260 sanctissimi
3065 3196 3409 3278 pontiﬁcis,
3489 3195 3631 3276 jam
3675 3215 3722 3260 α

458 3304 834 3385 patriarchii
878 3306 1162 3368 custodia
1203 3325 1332 3368 non
1377 3311 1767 3368 recesserunt
1809 3306 1914 3387 (k),
1963 3325 2292 3386 quousque
2337 3305 2816 3369 denominatum
2871 3303 3268 3386 spatharium
3331 3321 3474 3376 cum
3538 3302 3715 3384 inju-

460 3411 568 3471 riis
610 3417 675 3473 et
714 3413 1113 3474 contumeliis
1155 3431 1194 3473 a
1234 3413 1486 3475 civitate
1530 3415 1812 3474 Romana
1854 3413 2005 3474 foris
2046 3413 2437 3494 depellerent
2477 3412 2572 3493 (ἰ).
2618 3415 2775 3474 Nam
2817 3418 2881 3473 et
2932 3411 2984 3474 is
3027 3411 3138 3492 qui
3188 3411 3367 3473 illum
3430 3410 3721 3489 miserat,

460 3517 594 3597 ipso
638 3518 828 3580 etiam
874 3524 1157 3600 tempore
1200 3524 1317 3595 est,
1360 3521 1628 3582 Domino
1674 3520 2082 3595 retribuente,
2132 3539 2329 3599 regno
2373 3520 2681 3600 privatus.
2726 3519 2952 3600 Sicque
2995 3517 3275 3581 Ecclesia
3314 3517 3429 3581 Dei
3482 3516 3720 3600 imper-

341 3625 419 3684 25
465 3623 717 3685 turbata
758 3643 900 3686 cum
946 3645 1059 3688 suo
1103 3628 1393 3707 praesule,
1441 3627 1689 3688 Christo
1732 3628 2006 3701 favente,
2053 3634 2301 3688 servata
2343 3634 2456 3688 est.

546 3739 707 3793 se:
755 3732 867 3794 Hic
909 3733 1307 3795 beatissimus
1354 3734 1451 3795 vir
1492 3734 1557 3794 in
1603 3733 1877 3796 sacrario
1920 3733 2090 3795 beati
2131 3734 2401 3814 apostoli
2442 3751 2698 3815 capsam
2740 3738 3131 3814 argenteam,
3180 3731 3247 3793 in
3293 3731 3533 3813 angulo
3576 3730 3721 3793 obs-

462 3836 790 3898 eurissimo
826 3837 1170 3917 jacentem,
1216 3845 1276 3900 et
1322 3858 1399 3900 ex
1443 3839 1769 3918 nigredine
1822 3843 2158 3900 transactaa
2225 3838 2619 3912 annositatis,
2667 3856 2783 3900 nec
2825 3838 2877 3899 si
2918 3844 3081 3900 esset
3137 3842 3461 3918 argentea,
3510 3854 3718 3917 appa-

462 3948 732 4018 rentem,
776 3947 906 4006 Deo
971 3945 1029 4006 ei
1089 3946 1427 4018 revelante,
1479 3946 1733 4026 reperit.
1781 3947 2078 4008 Oratione
2139 3946 2353 4027 itaque
2425 3946 2592 4007 facta
2658 3944 2934 4025 sigillum
3005 3962 3370 4025 expressum
3421 3942 3717 4018 abstulit,

461 4049 756 4112 locellum
801 4052 1074 4132 aperuit,
1119 4053 1181 4113 in
1227 4072 1353 4132 quo
1395 4054 1658 4114 interius
1704 4054 2104 4133 plumaceum
2149 4071 2226 4114 ex
2279 4051 2630 4114 holoserico
2692 4051 3184 4132 superpositum,
3229 4049 3401 4132 quod
3460 4055 3719 4112 staura-

382 4157 419 4215 5
463 4157 549 4217 cis
593 4157 844 4232 dicitur,
887 4159 1152 4221 invenit.
1199 4162 1415 4241 quue
1460 4160 1674 4221 ablato
1719 4160 1981 4220 inferius
2025 4178 2275 4221 crucem
2320 4159 2583 4220 diversis
2626 4177 2699 4220 ac
2760 4158 3049 4240 pretiosis
3108 4156 3425 4239 lapidibus
3489 4175 3720 4239 peror-

467 4271 681 4325 natam
725 4266 1020 4345 inspexit,
1067 4267 1144 4326 de
1187 4287 1316 4347 qua
1344 4268 1560 4329 tractis
1604 4272 1879 4348 quatuor
1924 4266 2171 4346 petalis,
2218 4267 2574 4346 in.quibus
2642 4282 2911 4345 gemma;
2980 4266 3214 4328 clauem
3281 4270 3466 4327 erant
3536 4263 3720 4325 mirae

463 4370 939 4449 magnitudinis,
987 4378 1049 4434 et
1088 4373 1472 4435 ineffabilem
1548 4374 1903 4454 portionem
1974 4372 2270 4434 salutaris
2340 4373 2499 4454 ligni
2566 4372 2907 4434 Dominicae
2977 4372 3181 4433 crucis
3247 4371 3517 4433 invenit.
3563 4370 3721 4444 Quae

462 4479 650 4538 etiam
696 4495 773 4539 ex
814 4479 916 4541 die
958 4479 1066 4540 illo
1115 4499 1228 4560 pro
1273 4480 1478 4540 salute
1521 4480 1787 4542 humani
1830 4480 2076 4560 generis
2118 4480 2198 4541 ab
2242 4480 2419 4541 omni
2462 4480 2697 4560 populo
2740 4479 3095 4542 Christiano
3150 4479 3253 4540 die
3292 4477 3720 4541 Exaltationis

463 4589 697 4646 sanctae
728 4586 928 4647 crucis
971 4586 1037 4647 in
1080 4586 1343 4646 basilica-
1385 4584 1756 4659 Salvatoris,
1807 4605 1949 4666 qua:
1993 4587 2354 4668 appellatur
2394 4585 2938 4658 Constantiniana,
2987 4584 3310 4648 osculatur
3366 4602 3441 4646 ac
3481 4583 3718 4648 adora-

347 4692 424 4751 10
466 4696 589 4752 tur.
636 4691 747 4753 Hic
791 4693 937 4755 fecit
978 4692 1319 4771 imaginem
1362 4691 1533 4751 beati
1578 4692 1747 4752 Petri
1777 4694 2069 4772 apostoli,
2116 4713 2258 4773 quas
2300 4699 2394 4756 est
2434 4693 2500 4754 in
2544 4698 2726 4774 parte
2769 4693 3132 4755 mulierum.
3178 4693 3294 4755 Hic
3352 4691 3503 4755 fecit
3568 4692 3717 4773 thy-

466 4798 929 4860 miamaterium
974 4815 1236 4859 aureum
1282 4795 1486 4876 majus
1529 4816 1670 4858 cum
1718 4799 2029 4862 columnis
2072 4806 2133 4863 et
2176 4800 2575 4882 cooperculo,
2622 4800 2793 4882 quod
2837 4799 3164 4881 suspendit
3206 4803 3355 4860 ante
3403 4798 3719 4878 imagines

466 4909 591 4965 tres
632 4923 859 4966 aureas
900 4903 1071 4964 beati
1121 4902 1281 4964 Petri
1325 4904 1617 4984 apostoli‘
1664 4906 1728 4966 in
1773 4925 1900 4986 quo
1944 4908 2271 4969 incensum
2315 4913 2379 4969 et
2429 4908 2588 4969 odor
2644 4906 2972 4969 suavitatis
3032 4906 3208 4967 festis
3267 4903 3512 4977 diebus,
3561 4905 3716 4966 dum

465 5010 796 5072 missarum
843 5008 1147 5069 solemnia
1189 5009 1611 5087 celebrantur,
1658 5013 2083 5095 omnipotenti
2124 5017 2253 5076 Deo
2297 5015 2659 5095 opulentius
2705 5013 2997 5076 mittitur.
3050 5013 3165 5075 Hic
3224 5011 3438 5093 posuit
3487 5010 3557 5073 in
3601 5011 3716 5072 ab.

465 5116 623 5176 sidia
688 5114 963 5177 basilicae
1024 5119 1469 5198 suprascripta:
1530 5139 1746 5201 super,
1780 5121 1994 5183 sedem
2056 5122 2443 5202 apallaream
2488 5121 2587 5204 (m)
2636 5128 3029 5201 argenteam,
3077 5139 3259 5202 pens.
3306 5120 3471 5198 sing.
3518 5117 3718 5181 libras

1484 5377 1727 5425 NOTULE
1768 5377 2159 5425 MARGINALES
2200 5378 2522 5426 FABROTTI.

377 5573 451 5718 ἕο)
478 5574 727 5641 lectioni.
805 5585 885 5654 (ὁ)
916 5587 980 5640 ut
1010 5602 1124 5642 non
1156 5582 1581 5659 permitterent.
1658 5587 1730 5655 (ε)
1762 5589 1823 5651 Β,
1856 5583 2343 5665 protospatarius.
2420 5584 2494 5655 (d)
2528 5601 2563 5640 a
2586 5582 2882 5656 pontiﬁce.
2958 5580 3029 5655 (ε)
3063 5582 3137 5665 ad
3168 5581 3347 5656 pedes
3391 5579 3713 5655 pontiﬁcis.

396 5645 466 5717 f)"
496 5651 666 5712 turba
693 5674 807 5714 non
844 5656 1089 5713 modica.
1168 5661 1270 5718 (.0)’
1306 5656 1631 5713 audierant.
1708 5657 1787 5718 (h)
1818 5657 1879 5718 Β,
1916 5655 2315 5712 minabantur.
2388 5655 2453 5718 (ἱ)
2493 5655 2661 5712 lecto.
2742 5654 2807 5718 (ί)
2840 5652 3050 5711 sedens
3098 5670 3161 5710 1n
3210 5653 3370 5711 sede.
3447 5652 3526 5718 (Ic)
3561 5667 3713 5710 rece-

396 5645 466 5717 Ι’)“
492 5651 666 5728 turba
693 5645 819 5714 non'
844 5645 1089 5713 modica.
1157 5645 1270 5728 ‘(g)’
1306 5656 1631 5728 audierant.
1666 5645 1677 5655 “
1708 5645 1787 5727 (h)
1810 5645 1879 5726 ’Βξ
1916 5645 2315 5712 minabantur.
2388 5645 2453 5728 (ἱ)
2479 5645 2661 5712 Ἰθοίο.
2742 5654 2807 5728 (j)
2840 5645 3050 5711 sedens
3098 5645 3189 5710 in-
3210 5653 3370 5711 sede.
3391 5645 3415 5655 ’
3447 5652 3526 5727 (Ic)
3561 5667 3715 5710 rece-

309 5718 528 5780 dereni.
602 5728 664 5801 (ι)
695 5730 1074 5811 expulissent.
1152 5718 1248 5803 (ἧι)
1279 5727 1682 5803 appellariam.
