3906 6220
165 248 274 311 897
961 242 1333 304 HISTORIA
1374 243 1478 303 DE
1522 242 1725 304 VlTIS
1774 242 1961 303 ROM.
2010 242 2239 303 PONT.
2276 275 2351 285 -—
2381 242 2736 305 SERGIUS.
3431 244 3553 308 898

200 382 273 443 l5
315 382 562 440 centum
606 375 828 456 vignti.
878 375 988 437 Hic
1032 374 1178 437 fecit
1223 376 1285 436 in
1343 375 1602 437 basilica
1663 376 2091 456 suprascripta
2155 376 2321 435 faros
2383 381 2715 455 argenteos
2775 395 2905 450 sex,
2956 395 3133 456 pens.
3196 378 3359 458 sing.
3405 379 3549 441 libr.

310 485 589 565 triginta,
632 483 744 563 qui
788 488 934 543 sunt
979 502 1169 562 super
1214 484 1421 544 trabes
1465 484 1543 544 ad
1589 484 1939 562 ingressum
1987 483 2413 544 confessionis.

391 597 552 651 ιοι
596 588 712 651 Hic
772 589 922 650 fecit
981 589 1044 649 in
1112 589 1375 650 circuitu
1441 590 1658 651 altaris
1718 590 1993 650 basilicae
2066 589 2506 668 suprascriptze
2574 589 2863 650 tetravila
2902 588 2986 669 (a)
3031 595 3195 663 octo,
3284 597 3558 670 quatuor

313 717 387 760 ex
428 696 591 759 albis
633 695 741 777 (ὁ),
789 702 853 757 et
895 701 1170 775 quatuor
1230 714 1307 757 ex
1379 697 1632 757 coccino
1679 695 1776 776 (c).
1825 696 1935 757 Hic
2009 701 2238 756 tectum
2314 701 2377 756 et
2447 696 2758 769 cubicula,
2845 715 2988 776 quae
3071 696 3558 779 circumquaque

310 803 590 884 ejusdem
675 802 949 864 basilica:
1033 808 1203 876 sunt,
1289 822 1430 883 quae
1516 822 1629 883 per
1712 803 1906 880 longa
1990 808 2273 883 tempora
2355 802 2685 863 stillicidiis
2767 808 2828 863 et
2900 803 3230 864 ruderibus
3312 805 3563 866 fuerant

312 911 595 992 disrupta
636 907 747 990 (ά),
792 908 1130 971 studiosius
1212 909 1539 970 innovavit
1621 929 1693 970 ac
1778 910 2118 989 reparavit.
2208 910 2319 969 Hic
2405 909 2740 983 musivum,
2819 910 2986 989 quod
3071 928 3146 970 ex
3236 917 3414 991 parte
3496 912 3559 972 in

236 1018 518 1079 5fronte
618 1015 766 1077 atrii
862 1015 1146 1093 ejusdem
1247 1015 1523 1075 basilicas
1626 1016 1832 1077 fuerat
1932 1016 2234 1088 dirutum,
2348 1015 2690 1076 innovavit.
2781 1016 3081 1077 Similiter
3163 1022 3225 1078 et
3306 1019 3564 1097 specula

312 1123 591 1204 ejusdem
677 1121 978 1196 ecclesiae,
1063 1141 1205 1202 quas
1288 1141 1477 1202 super
1559 1110 1768 1183 sedem
1854 1128 2021 1195 sunt,
2068 1122 2168 1183 vel
2251 1122 2456 1201 regios
2539 1141 2721 1183 arcus
2809 1122 3080 1201 majores
3164 1129 3335 1198 sunt,
3383 1143 3563 1187 reno-

312 1231 502 1292 vavit.
587 1229 701 1292 Hic
781 1248 1010 1310 corpus
1081 1230 1252 1291 beati
1351 1229 1575 1292 Leonis
1676 1230 2103 1310 probatissimi
2202 1229 2407 1289 Patris
2511 1233 2699 1308 atque
2803 1229 3139 1309 pontificis,
3245 1231 3416 1311 quod
3496 1230 3563 1291 in

306 1338 524 1400 abdito
612 1336 926 1399 inferioris
986 1335 1061 1417 (e)
1124 1336 1444 1398 secretarii
1529 1337 1846 1416 praedictae
1931 1336 2206 1396 basilicae
2292 1336 2568 1416 positum
2657 1338 2883 1410 fuerat,
2971 1338 3139 1398 facta
3200 1338 3565 1416 diligentius

310 1444 532 1506 tumba
576 1444 636 1504 in
681 1443 1089 1505 denominata
1133 1444 1390 1504 basilica
1433 1444 1688 1524 publico
1734 1445 1893 1516 loco,
1944 1449 2013 1504 ut
2056 1442 2173 1503 sibi
2218 1444 2425 1503 fuerat
2472 1444 2838 1517 revelatum,
2889 1444 3189 1523 reposuit,
3238 1464 3311 1506 ac
3354 1445 3561 1507 locum

203 1557 273 1616 l0
312 1554 518 1635 ipsum
563 1551 835 1614 ornavit.
880 1550 995 1612 Hic
1036 1550 1184 1611 fecit
1226 1558 1523 1631 patenam
1568 1569 1821 1612 auream
1872 1549 2173 1629 majorem
2221 1549 2558 1610 habentem
2606 1568 2888 1628 gemmas
2934 1568 3010 1611 ex
3052 1551 3209 1612 albis
3254 1550 3349 1633 (/),
3399 1558 3461 1614 et
3503 1552 3568 1613 in

313 1660 542 1732 medio,
589 1677 666 1720 ex
710 1657 1008 1738 byacinto
1051 1661 1116 1718 et
1156 1658 1514 1737 smaragdo,
1562 1676 1812 1719 crucem
1858 1663 2229 1737 pensantem
2295 1656 2488 1717 libras
2554 1657 2800 1735 viginti.
2848 1658 2963 1718 Hic
3007 1663 3241 1719 tectum
3286 1663 3349 1720 et
3390 1659 3567 1720 cubi-

311 1767 454 1829 cula
500 1764 791 1827 universa
835 1762 897 1824 in
942 1762 1204 1824 circuitu
1251 1764 1525 1825 basilicas
1570 1764 1738 1825 beati
1779 1764 1958 1824 Pauli
2002 1763 2295 1843 apostoli,
2347 1783 2488 1842 quas
2538 1763 2729 1839 longa
2775 1784 2886 1843 per
2929 1771 3217 1845 tempora
3259 1771 3569 1827 vetustate

314 1873 607 1934 confecta
649 1872 919 1944 fuerant,
983 1870 1320 1931 studiosius
1379 1871 1705 1931 innovavit
1771 1889 1842 1931 ac
1889 1870 2226 1950 reparavit.
2274 1870 2575 1931 Similiter
2617 1876 2679 1931 et
2724 1871 2929 1931 trabes
2974 1872 3119 1932 fecit
3162 1871 3238 1931 de
3282 1872 3571 1933 Calabiia

314 1978 567 2054 adduci,
617 1984 678 2040 et
721 1997 863 2059 quas
904 1978 969 2038 in
1014 1976 1235 2038 eadem
1282 1976 1543 2038 basilica
1588 1977 2038 2038 vetustissimas
2081 1977 2341 2047 invenit,
2390 1976 2738 2037 renovavit.
2783 1978 2894 2037 Hie
2937 1978 3277 2055 imaginem
3324 1985 3572 2059 aposto-

201 2090 269 2149 t5
312 2088 521 2148 lorum
567 2083 1075 2156 vetustissimam,
1122 2101 1265 2163 quae
1309 2088 1446 2144 erat
1487 2102 1677 2163 super
1720 2085 1885 2145 fores
1948 2083 2230 2163 ejusdem
2296 2082 2594 2151 basilicm,
2642 2083 2931 2143 mutavit.
2981 2084 3095 2144 Hic
3157 2085 3303 2146 fecit
3347 2086 3568 2147 ambo-

311 2212 457 2256 nem
505 2199 570 2254 et
610 2191 940 2272 cyburium
983 2190 1072 2271 (g)
1116 2191 1178 2251 in
1226 2189 1484 2250 basilica
1525 2195 1887 2250 sanctorum
1933 2192 2174 2250 Cosmus
2212 2195 2275 2249 et
2318 2188 2632 2261 Damiani,
2684 2189 2790 2247 ubi
2833 2195 2896 2249 et
2942 2189 3139 2249 multa
3181 2191 3351 2252 dona
3394 2193 3576 2253 obtu-

309 2301 404 2362 lit.
453 2299 742 2362 Trullum
788 2315 937 2359 vero
981 2296 1266 2377 ejusdem
1310 2296 1589 2357 ecclesia
1633 2296 1786 2356 fusis
1830 2295 2066 2356 chartis
2112 2293 2424 2375 plumbeis
2479 2294 2807 2373 cooperuit
2868 2300 3057 2374 atque
3130 2297 3415 2357 munivit.
3462 2300 3575 2361 Hic

309 2406 642 2489 cyborium
686 2405 960 2466 basilicae
1004 2410 1240 2464 sanctae
1283 2404 1614 2476 Susannae,
1662 2402 1834 2482 quod
1895 2407 2045 2462 ante
2118 2401 2399 2478 ligneum
2472 2400 2699 2473 fuerat,
2760 2418 2836 2461 ex
2883 2420 3197 2463 marmore
3241 2404 3432 2477 fecit;
3478 2406 3573 2466 di-

319 2531 507 2574 versa
565 2529 818 2593 quoque
880 2509 1133 2591 cymilia
1194 2526 1387 2569 aurea
1439 2513 1501 2569 et
1543 2514 1867 2587 argentea,
1912 2506 2013 2568 vel
2074 2507 2425 2567 immobilia
2489 2506 2625 2567 loca
2692 2507 2840 2567 illuc
2885 2505 2967 2588 (Ιι)
3014 2508 3415 2572 condonavit.
3463 2512 3578 2574 Hic

212 2623 285 2683 20
324 2619 650 2681 basilicam
695 2622 930 2687 sanctis
972 2615 1362 2696 Euphemize,
1411 2635 1551 2695 quae
1598 2634 1708 2695 per
1752 2615 1950 2675 multa
1997 2621 2281 2694 tempora
2326 2616 2531 2674 fuerat
2592 2616 2856 2687 detecta,
2906 2618 3234 2695 cooperuit
3276 2636 3348 2679 ac
3391 2637 3575 2681 reno-

320 2726 519 2788 vavit.
566 2726 677 2786 Hic
719 2724 1043 2785 basilicam
1088 2727 1321 2783 sanctae
1367 2728 1590 2783 Aureae
1634 2722 1699 2781 in
1745 2722 1931 2783 Ostiis
1975 2720 2065 2802 (ι’),
2102 2739 2244 2801 quae
2289 2721 2576 2781 similiter
2619 2721 2824 2782 fuerat
2866 2721 3113 2783 detecta
3154 2724 3249 2785 vel
3296 2725 3575 2806 dirupta,

327 2830 683 2913 cooperuit,
729 2849 971 2911 suoque
1014 2829 1220 2891 studio
1266 2829 1616 2890 renovavit.
1665 2829 1775 2889 Hic
1819 2824 2165 2890 oratorium
2212 2828 2416 2888 sancti
2459 2828 2725 2888 Andreas
2770 2829 3061 2908 apostoli,
3108 2831 3274 2909 quod
3321 2834 3582 2911 ponitur

322 2938 641 3002 Lavicana
684 2938 767 3019 (j)
809 2956 846 2999 a
887 2936 1023 2998 solo
1066 2936 1305 2998 refecit.

406 3054 576 3107 104
620 3046 732 3106 Hie
773 3044 994 3106 statuit
1038 3050 1107 3104 ut
1158 3049 1441 3123 tempore
1512 3042 1957 3104 confractionis
2030 3041 2337 3103 Dominici
2410 3041 2692 3120 corporis
2761 3041 2971 3121 Agnus
3043 3042 3176 3121 Dei,
3252 3047 3365 3126 qui
3418 3045 3583 3124 tolli,

318 3160 568 3234 peccata
608 3149 835 3225 mundi,
885 3151 1160 3211 miserere
1201 3148 1389 3222 nobis,
1439 3168 1477 3209 a
1520 3149 1686 3210 clero
1731 3154 1793 3209 et
1836 3149 2072 3228 populo
2117 3148 2510 3209 decantetur.
2558 3149 2890 3209 Constituit
2952 3155 3162 3211 autem
3227 3159 3294 3213 ut
3359 3153 3582 3216 diebus

324 3257 851 3321 Annuntiationis
892 3257 1166 3328 Domini,
1213 3256 1587 3329 Nativitatis,
1636 3261 1699 3317 et
1740 3255 2147 3315 Dormitionis
2191 3261 2422 3317 sanctae
2470 3256 2581 3316 Dei
2643 3256 2967 3317 Genitricis
3027 3276 3398 3339 semperque
3440 3261 3582 3322 Vir-

327 3364 498 3446 ginis
540 3364 775 3437 Mariae,
822 3382 896 3425 ac
965 3363 1164 3424 sancti
1232 3363 1565 3436 Simeonis,
1613 3361 1783 3441 quod
1853 3364 2294 3443 Hypapantem
2372 3363 2567 3423 ϐιτωοί
2640 3362 2988 3442 appellant,
3034 3364 3254 3426 litania
3322 3374 3504 3428 exeat
3546 3387 3585 3429 a

252 3474 287 3531 5
329 3478 554 3534 sancto
596 3471 897 3543 Adriano,
945 3477 1007 3532 et
1050 3471 1131 3531 ad
1173 3476 1454 3531 sanctam
1502 3469 1763 3530 Mariam
1809 3470 2081 3549 populus
2125 3476 2438 3530 occurrat.
2489 3468 2568 3550 (k)
2614 3471 2725 3530 Hic
2785 3471 2933 3531 fecit
2976 3471 3039 3531 in
3083 3473 3344 3535 basilica
3385 3476 3587 3536 sancti

331 3577 655 3640 Laurentii
699 3577 1011 3657 martyris,
1061 3593 1202 3656 quae
1246 3576 1605 3656 appellatur
1649 3575 1866 3636 titulus
1912 3576 2186 3646 Lucinae,
2235 3595 2416 3636 arcus
2461 3582 2794 3661 argenteos
2838 3583 3134 3656 quatuor.
3184 3579 3381 3660 llnjus
3425 3587 3586 3642 tem-

336 3685 602 3765 poribus
642 3683 1104 3764 Aquilegiensis
1163 3683 1457 3744 Ecclesiae
1528 3668 2060 3762 archiepisc0pus,
2110 3689 2171 3743 et
2213 3683 2492 3761 synodus
2554 3702 2697 3761 quae
2757 3684 2874 3744 sub
2920 3703 2993 3746 eo
3037 3696 3426 3767 congregata
3469 3693 3585 3762 est,

334 3792 445 3873 qui
488 3796 777 3852 sanctum
823 3790 1113 3871 quintum
1160 3789 1514 3850 universale
1557 3789 1893 3849 concilium
1964 3794 2183 3868 utpote
2255 3794 2538 3850 errantes
2610 3789 2928 3869 suscipere
2972 3791 3369 3866 diffidebant,
3418 3796 3589 3874 ejus-

334 3898 478 3960 dem
524 3897 871 3959 beatissimi
914 3915 1097 3976 papae
1141 3896 1396 3958 monitis
1438 3902 1627 3974 atque
1688 3895 1989 3956 doctrinis
2051 3895 2360 3967 instructi,
2410 3895 2694 3955 conversi
2748 3903 2915 3971 sunt,
2963 3897 3281 3978 iidemque
3327 3919 3589 3962 venera-

224 4010 294 4067 lO
334 4006 462 4067 bile
508 4004 845 4066 concilium
893 4022 1035 4065 cum
1079 4003 1505 4065 satisfactione
1550 4001 1618 4083 (Ι)
1662 4007 2095 4081 susceperunt.
2150 4004 2222 4061 Et
2279 4002 2387 4079 qui
2432 4001 2604 4081 prius
2647 4001 2764 4061 sub
2811 4003 3041 4063 erroris
3084 4005 3237 4065 vitio
3286 4007 3589 4068 teneban-

337 4120 465 4188 tur,
512 4113 801 4175 doctrina
844 4112 1206 4192 apostolicze
1269 4111 1433 4172 sedis
1502 4108 1862 4182 illuminati,
1912 4127 2054 4169 cum
2126 4127 2279 4187 pace
2350 4114 2766 4168 consonantes
2838 4109 3108 4183 veritati,
3184 4112 3260 4171 ad
3333 4114 3594 4192 propria

338 4221 608 4284 relaxati
650 4225 798 4281 sunt
841 4218 970 4300 (νη).
1016 4219 1130 4279 llic
1201 4217 1351 4278 fecit
1420 4216 1815 4297 coopertoria
1882 4217 1981 4278 vel
2046 4234 2196 4276 vasa
2240 4234 2431 4275 aurea
2477 4221 2539 4275 et
2583 4220 2882 4293 argentea
2932 4214 3117 4294 plura
3160 4235 3270 4296 per
3313 4218 3594 4280 diversas

339 4327 637 4391 ecclesias
680 4326 758 4387 ad
807 4344 986 4388 usum
1032 4331 1096 4386 et
1136 4331 1431 4387 ornatum
1477 4323 1881 4385 ecclesiarum
1925 4322 2181 4385 Christi.
2230 4322 2342 4383 Hic
2386 4322 2703 4382 ordinavit
2746 4322 3123 4382 Damianum
3167 4323 3592 4404 archiepisco-

336 4452 493 4515 pum
537 4439 771 4494 sanctae
812 4432 1107 4495 Ecclesiae
1153 4430 1553 4503 Ravennatis,
1602 4436 1793 4510 atque
1837 4429 2221 4491 Clementem
2268 4429 2673 4491 Frisonorum
2718 4427 2828 4509 (η).
2877 4429 2989 4489 Hic
3041 4429 3359 4491 ordinavit
3402 4430 3591 4489 Bere-

226 4539 299 4600 l5
341 4539 684 4620 chyaldum
729 4538 809 4622 (0)
853 4537 1191 4601 Britanniae
1235 4536 1800 4617 archiepiscopum.
1850 4537 1962 4597 Hic
2008 4536 2329 4597 ordinavit
2370 4555 2483 4615 per
2525 4535 2804 4596 diversas
2865 4535 3221 4616 provincias
3265 4537 3595 4616 episcopos

342 4646 694 4726 nonaginta
761 4651 1029 4726 septem.
1074 4645 1244 4706 Fecit
1304 4650 1515 4704 autem
1559 4648 1623 4704 et
1664 4643 2097 4705 ordinationes
2169 4644 2327 4704 duas
2398 4662 2509 4724 per
2554 4661 2831 4702 mensem
2876 4641 3085 4704 Martii
3132 4659 3145 4700 :
3196 4642 3598 4721 presbyteros

342 4753 564 4815 decem
609 4760 673 4815 et
712 4759 854 4815 octo
898 4752 1198 4814 diacOnos
1241 4755 1534 4832 quatuor.
1584 4751 1703 4822 Qui
1745 4749 1937 4811 etiam
1983 4750 2267 4830 sepultus
2323 4757 2416 4811 est
2472 4751 2549 4811 ad
2609 4749 2865 4808 beatum
2922 4750 3178 4808 Petrum
3238 4744 3596 4825 apostolum

340 4876 404 4924 VI
448 4859 533 4942 (ρ)
578 4859 726 4922 Idus
767 4859 1173 4940 Septembris,
1222 4857 1562 4919 indictione
1603 4873 1707 4930 xv,
1754 4855 2008 4918 Tiberio
2055 4861 2377 4934 Augusto;
2428 4861 2490 4916 et
2532 4853 2796 4916 cessavit
2866 4852 3266 4932 episcopatus
3320 4869 3598 4912 mensem

346 4985 569 5041 unum,
617 4966 750 5031 dies
791 4965 1038 5045 viginti.

1384 5320 1637 5368 NOTULxE
1682 5320 2069 5367 MABGINALES
2112 5318 2431 5363 FABBOTTI.

264 5623 340 5689 (a)
369 5619 590 5693 trabes.
623 5621 698 5693 (ὁ)
730 5638 798 5678 ex
818 5618 1110 5693 eisalbos.
1162 5625 1234 5692 (c)
1265 5622 1517 5693 quatuor
1545 5615 1865 5693 coccineos.
1918 5617 2036 5693 (d)f
2070 5613 2377 5693 dissipata.
2432 5617 2501 5688 (ε)
2525 5620 2545 5642 '
2567 5610 2795 5693 abdi-tis
2825 5609 3224 5693 ipferioribus.
3278 5615 3391 5693 (Ως
3425 5613 3609 5693 albas.

264 5638 340 5689 (α)
369 5638 590 5676 trabes.
623 5638 698 5693 (ο)
730 5638 798 5678 ex
821 5638 905 5677 618
926 5638 1110 5677 8.1008.
1162 5638 1234 5692 (ε)
1308 5638 1517 5677 ιιαιυοι·
1545 5638 1737 5672 cocum

199 5688 323 5769 (9)“
356 5691 684 5769 cyborium.
723 5692 886 5769 ,(Ιμλα
916 5690 1055 5748 illic.
1093 5694 1170 5769 _(z')
1202 5697 1221 5718 '
1251 5638 1315 5769 ἓ,
1343 5688 1559 5769 Ostiis,
1580 5687 1741 5744 Tiber:

2070 5638 2377 5684 UlSSlpﬂLu.
2432 5638 2501 5688 κε)
2527 5638 2542 5642 “
2575 5638 2795 5672 ειυυιιιδ
2825 5638 3224 5669 luxuriurwua.
3278 5638 3294 5688 ἦ
3329 5638 3345 5687 Ι
3386 5638 3389 5639 ⁷
3425 5638 3609 5671 uiuas.

2068 5684 2161 5769 via
2193 5684 2499 5769 Lavicana.
2558 5687 2633 5769 (k2
2669 5682 2798 5769 [ide
2829 5688 3011 5769 ιξαηοη
3039 5681 3109 5739 ad
3136 5699 3256 5751 ann
3284 5638 3392 5745 (£32
3423 5688 3482 5744 in
3509 5688 3610 5761 ﬁn.

203 5754 269 5834 (ἶ)
292 5765 318 5789 ”
348 5754 657 5821 satisfacti.
716 5754 865 5840 (152)"
896 5754 1122 5822 reversi
1141 5754 1311 5822 sunt.
1358 5762 1438 5837 (η)
1472 5754 1745 5818 Frisonun

1504 5754 1799 5818 'risonum.
1861 5754 2024 5834 (o)'B,
2060 5754 2523 5816 Berectualdum.
2560 5754 2636 5833 ip)
2672 5758 2734 5823 Β,
2771 5754 2999 5830 quinto.
3042 5818 3046 5819 ν
