3922 6206
223 262 344 325 999
965 258 1329 322 HISTORIA
1374 259 1476 320 DE
1519 256 1721 321 VITIS
1768 255 1955 321 ROM.
2002 255 2231 319 PONT.
2263 291 2340 302 —-
2369 257 2723 320 JOANNES
2767 258 2900 323 VII.
3509 261 3631 323 930

215 394 494 472 stolﬂyam
527 391 1184 472 commendavi_t,_missis
1212 392 1368 448 enim
1398 392 1629 472 adeum
1652 391 1711 446 in
1745 408 1873 472 cas-
1908 391 1955 458 Α
1989 407 2125 472 cum
2154 406 2260 472 suo
2291 388 2554 472 exercitu.
2567 391 2638 445 ad
2670 392 2903 472 propria
2935 393 3208 472 repedare
3239 393 3394 472 fecit,
3418 399 3483 450 ut
3512 398 3628 449 tra-

217 468 332 523 tris
345 467 655 539 degentem
679 465 1081 539 sacerdotibus
1096 463 1874 539 cum_apostolieisdonariis,
1986 463 2136 539 _d_unt
2165 463 2598 539 A_nastasi_us_in
2632 463 2761 539 ejus
2789 463 2941 539 Vita,
2973 463 3030 518 et
3060 465 3275 520 Paulus
3318 465 3629 530 Diaconus,

216 533 804 611 universoscaptivos
827 537 898 591 de
920 537 1048 608 ejus
1072 533 1345 591 manibus
1368 534 1873 602 redemit,etillum
1986 533 2066 587 lib
2098 550 2151 589 vI
2185 534 2254 588 de
2287 533 2480 588 Gestis
2514 534 2904 606 I.ongobard.,
2936 553 3041 608 cap
3069 539 3158 591 27.

1404 932 1827 1003 LXXXVIII.
1884 931 2267 1004 JOANNES
2323 932 2461 1003 VII.

1244 1123 1409 1170 uno
1451 1123 1688 1170 CHRISTI
1732 1107 1870 1182 705,
1918 1123 2260 1168 JUSTINIANI
2301 1123 2529 1168 manus
2559 1110 2619 1168 2.

480 1428 634 1482 εστ
681 1421 960 1483 Joannes
1001 1419 1132 1492 VII,
1179 1418 1433 1480 natione
1479 1421 1750 1492 Graecus,
1799 1411 1976 1499 patre
2021 1420 2305 1493 Platone,
2354 1419 2514 1480 sedit.
2573 1438 2774 1481 annos
2814 1417 3017 1495 ‘duos,
3067 1443 3312 1485 menses
3368 1431 3634 1506 septem,

397 1527 529 1590 dies
569 1526 1040 1608 septemdecim.
1087 1525 1231 1587 Fuit
1273 1531 1482 1587 autem
1530 1525 1916 1605 temporibus
1957 1526 2188 1587 Tiberii
2231 1525 2494 1604 Augusti
2537 1531 2598 1586 et
2638 1526 2978 1588 Justiniani
3021 1529 3259 1590 dudum
3303 1531 3640 1611 imperato-

399 1635 506 1707 ris,
553 1635 649 1696 vir
689 1633 1146 1695 eruditissimus
1206 1639 1269 1694 et
1328 1633 1637 1693 facundus
1703 1633 2085 1712 eloquentia.
2131 1633 2242 1694 Hic
2288 1633 2433 1694 fecit
2491 1633 2834 1693 oratorium
2880 1643 3114 1696 sanctae
3155 1637 3264 1698 Dei
3311 1638 3640 1700 Genitricis

398 1742 565 1804 intra
607 1741 934 1803 ecclesiam
983 1739 1148 1801 beati
1189 1740 1357 1801 Petri
1401 1740 1692 1820 apostoli,
1740 1739 1919 1819 cujus
1963 1739 2233 1819 parietes
2291 1739 2532 1800 musivo
2599 1740 2905 1820 depinxit.
2952 1743 3210 1822 Illicque
3253 1745 3390 1805 auri
3433 1751 3496 1806 et
3537 1765 3636 1806 ar-

316 1850 358 1909 5
401 1849 574 1926 genti
633 1847 1051 1928 quantitatem
1114 1847 1379 1907 multam
1443 1847 1763 1927 expendit,
1827 1853 1892 1908 et
1954 1847 2405 1907 venerabilium
2465 1849 2722 1907 Patrum
2787 1848 3012 1910 dextra
3088 1850 3370 1930 laevaque
3433 1853 3643 1914 vultus

403 1953 625 2015 erexit.
672 1955 785 2015 Hic
830 1954 1206 2014 restauravit
1251 1953 1570 2014 basilicam
1617 1960 1849 2014 sanctae
1895 1953 2217 2032 Eugeniae,
2265 1972 2405 2033 quae
2451 1954 2640 2032 longo
2687 1961 2968 2035 tempore
3025 1957 3268 2018 detecta
3313 1965 3501 2038 atque
3544 1959 3640 2026 di-

401 2067 588 2142 rupta
633 2061 862 2122 fuerat.
907 2061 1245 2122 Laboravit
1286 2069 1497 2121 autem
1541 2066 1607 2121 et
1648 2061 1711 2120 in
1759 2061 2132 2121 cmmeteriis
2178 2061 2502 2121 beatorum
2568 2069 2915 2141 martyrum
2962 2065 3305 2125 Marcellini
3349 2072 3410 2126 et
3451 2067 3644 2128 Marci

400 2167 776 2248 Damasiquc
819 2168 1019 2228 sancti
1062 2167 1396 2248 pontificis.
1445 2167 1615 2228 Fecit
1659 2187 1806 2228 vero
1850 2173 1914 2228 et
1955 2167 2263 2246 imagines
2307 2186 2418 2247 per
2475 2168 2752 2228 diversas
2813 2170 3124 2244 ecclesias,
3175 2191 3332 2250 quas
3375 2173 3642 2252 quicun-

401 2293 524 2354 que
569 2292 750 2336 nosse
805 2275 1138 2349 desiderat,
1185 2275 1248 2334 in
1311 2275 1400 2336 eis
1461 2274 1597 2352 ejus
1654 2275 1896 2334 vultum
1963 2274 2280 2353 depictum
2345 2276 2636 2354 reperiet.
2682 2275 3012 2336 Basilicam
3074 2277 3351 2357 itemque
3413 2286 3645 2340 sancta:

269 2380 353 2442 ίΟ
397 2381 508 2442 Dei
551 2381 899 2456 Genitricis,
947 2400 1091 2462 quae
1135 2382 1412 2463 Antiqua
1454 2386 1737 2453 vocatur,
1785 2381 2032 2460 pictura
2074 2381 2416 2453 decoravit,
2465 2381 2718 2461 illicque
2780 2382 3115 2444 ambonem
3181 2385 3426 2445 noviter
3477 2385 3643 2459 fecit,

397 2494 461 2550 et
501 2508 690 2569 super
749 2489 1036 2550 eamdem
1101 2488 1425 2552 ecclrsiam
1491 2488 1881 2568 episcopium
1943 2493 2251 2567 quantum
2316 2486 2396 2547 ad
2440 2506 2505 2548 se
2548 2488 2930 2550 constituere
2976 2491 3199 2551 maluit
3245 2490 3349 2571 (a),
3399 2492 3648 2570 illicque

400 2595 804 2676 pontificatus
845 2595 943 2656 sui
987 2601 1236 2676 tempus
1279 2595 1574 2676 explevit.
1622 2596 1734 2656 Ilic
1776 2594 1922 2654 fecit
1964 2594 2219 2655 calicem
2266 2612 2527 2654 aureum
2576 2596 2986 2676 praecipuum,
3038 2604 3406 2677 pensantem
3456 2599 3650 2659 libras

401 2702 641 2780 viginti,
687 2721 876 2782 quem
920 2708 982 2764 et
1025 2703 1291 2781 gemmis
1337 2701 1624 2782 pretiosis
1665 2700 2013 2762 decoravit.

485 2815 646 2868 168
693 2808 891 2888 Hujus
955 2808 1343 2889 temporibus
1407 2808 1754 2888 Aripertus,
1812 2826 1922 2868 rex
1982 2807 2571 2886 Longobardorum,
2635 2807 3041 2869 donationem
3107 2811 3472 2890 patrimonii
3537 2812 3647 2873 Al-

403 2913 572 2994 pium
622 2916 946 2978 Guliarum
991 2913 1266 2996 (b),quae
1312 2913 1505 2993 longa
1547 2934 1659 2994 per
1702 2921 1990 2994 tempora
2033 2932 2070 2974 a
2108 2913 2254 2991 jure
2301 2913 2589 2974 Ecclesia:
2635 2913 2881 2993 privata
2924 2917 3152 2990 fuerat,
3183 2935 3256 2977 ac
3301 2917 3380 2978 ab
3424 2917 3648 2980 eadem

399 3027 586 3100 gente
629 3021 1051 3096 detinebatur,
1097 3021 1160 3082 in
1208 3022 1431 3082 litteris
1474 3021 1681 3082 aureis
1740 3026 2072 3081 exaratum
2129 3020 2272 3100 jure
2335 3021 2590 3102 proprio
2652 3021 2822 3082 beati
2865 3025 3292 3104 apostolorum
3345 3025 3648 3106 principis

401 3129 570 3190 Petri
631 3129 1016 3191 reformavit.
1065 3128 1140 3210 (ε)
1185 3128 1386 3208 Hujus
1449 3129 1840 3209 temporibus
1900 3128 2297 3190 Justinianus
2366 3129 2710 3208 imperator
2764 3148 2803 3190 a
2856 3130 3139 3210 partibus
3199 3132 3520 3193 Zachariae
3568 3133 3649 3215 (ά)

317 3242 356 3299 ὅ
400 3258 514 3321 per
555 3237 692 3298 loca
738 3236 1049 3316 Bulgaria:
1093 3235 1330 3296 auxilio
1373 3235 1690 3310 Trebellii,
1737 3235 2152 3314 Bulgarorum
2200 3235 2388 3313 regis,
2435 3255 2632 3314 usque
2677 3236 2757 3296 ad
2801 3237 3039 3316 regiam
3083 3238 3304 3300 urbem
3363 3239 3644 3312 veniens,

404 3365 669 3427 regnum
717 3344 1066 3425 proprium,
1115 3344 1192 3405 de
1253 3363 1378 3423 quo
1444 3341 1763 3424 projectus
1824 3343 2050 3412 fuerat,
2099 3343 2364 3422 adeptus
2425 3349 2538 3403 est.
2590 3347 2858 3405 Leonem
2923 3346 3112 3406 etiam
3175 3352 3236 3407 et
3296 3347 3646 3436 Tiberium,

402 3455 512 3536 qui
555 3454 760 3515 locum
807 3451 944 3531 ejus
987 3457 1468 3530 usurpaverant,
1516 3451 1704 3530 cepit,
1753 3456 1817 3510 et
1859 3450 1922 3510 in
1970 3449 2176 3510 medio
2221 3449 2439 3510 circuli
2485 3449 2556 3531 (ρ)
2605 3467 2817 3512 coram
2861 3453 3033 3514 omni
3079 3454 3312 3534 populo
3363 3452 3625 3532 jugular

400 3561 566 3634 fecit,
613 3567 673 3621 et
717 3558 993 3620 obtinuit
1037 3557 1460 3638 principatum
1505 3559 1582 3618 de
1627 3577 1754 3637 quo
1799 3562 1988 3618 antea
2031 3557 2418 3618 tumultuose
2463 3559 2669 3618 fuerat
2712 3558 3030 3638 dejectus;
3068 3562 3176 3640 qui
3221 3561 3388 3622 illico
3436 3568 3503 3622 ut
3549 3580 3653 3642 pa-

397 3668 617 3730 latium
661 3667 980 3745 ingressus
1024 3670 1139 3737 est,
1185 3664 1640 3744 propriumque
1687 3664 1954 3744 adeptus
1996 3671 2088 3724 est
2134 3665 2494 3745 imperium,
2544 3670 2768 3739 tomos,
2816 3686 2976 3746 quos
3021 3675 3212 3728 antea
3253 3668 3369 3728 sub
3415 3669 3651 3730 domno

275 3779 356 3838 IO
401 3775 620 3852 Sergio
664 3772 1022 3852 apostolicae
1069 3771 1387 3832 memoria:
1435 3771 1728 3850 pontifice
1773 3773 2038 3832 Romam
2084 3770 2423 3842 direxerat,
2471 3771 2534 3829 in
2597 3771 2826 3850 quibus
2885 3773 3132 3834 diversa
3197 3775 3474 3854 capitula
3532 3779 3653 3838 Ro-

399 3900 605 3944 mana:
647 3879 938 3941 Ecclesiae
981 3877 1300 3939 contraria
1341 3877 1576 3957 scripta
1618 3877 1888 3948 inerant,
1924 3896 2036 3957 per
2077 3877 2236 3937 duos
2280 3877 2799 3956 metropolitanos
2842 3878 3169 3958 episcopos
3213 3879 3649 3952 demandavit,

399 3987 677 4068 dirigens
722 4005 832 4066 per
874 4003 981 4047 eos
1023 3991 1087 4047 et
1128 4002 1398 4057 sacram,
1431 4002 1543 4064 per
1586 4003 1778 4063 quam
1824 3983 2306 4044 denominatum
2356 3983 2717 4062 pontiﬁcem
2765 3983 3124 4062 conjuravit
3167 4003 3239 4044 ac
3283 3985 3655 4048 adhortatus

401 4101 496 4156 est
537 4101 607 4155 ut
649 4091 1010 4174 apostolica:
1057 4091 1350 4154 Ecclesia:
1395 4089 1730 4151 concilium
1794 4095 2192 4169 aggregaret,
2242 4095 2303 4149 et
2346 4107 2614 4168 quaeque
2659 4090 2714 4149 ei
2758 4089 2891 4148 visa
2934 4096 3162 4163 essent,
3213 4090 3544 4166 stabiliret,
3592 4099 3657 4153 et

398 4220 542 4284 quae
586 4201 868 4272 adversa,
917 4198 1241 4261 renuendo
1285 4196 1650 4259 excluderet
1695 4195 1797 4278 (Γ).
1844 4197 1968 4260 Sed
2005 4196 2113 4258 hic
2160 4197 2440 4256 humana
2503 4195 2846 4274 fragilitate
2911 4195 3188 4270 timidus,
3235 4197 3350 4258 hos
3413 4216 3653 4278 nequa-

277 4311 358 4373 15
404 4326 597 4390 quam
641 4313 848 4369 tomos
889 4305 1260 4380 emendans,
1309 4323 1422 4386 per
1462 4304 1824 4384 supralatos
1869 4303 2305 4383 metropolitas
2349 4303 2581 4364 direxit
2624 4303 2702 4364 ad
2748 4302 3122 4382 principem,
3157 4308 3297 4382 post
3340 4322 3482 4383 quae
3528 4324 3654 4365 non

397 4414 502 4477 diu
550 4415 610 4476 in
658 4413 777 4474 hac
821 4413 951 4474 vita
993 4411 1267 4472 duravit.
1313 4411 1426 4472 Hic
1469 4411 1616 4472 fecit
1657 4411 1985 4491 episcopos
2029 4429 2142 4491 per
2183 4410 2434 4471 diversa
2480 4409 2619 4471 loca
2663 4429 2926 4471 numero
2970 4410 3185 4472 decem
3231 4416 3296 4472 et
3337 4416 3500 4472 octo.
3535 4412 3654 4483 Qui

397 4523 588 4585 etiam
635 4520 916 4601 sepultus
959 4525 1053 4579 est
1096 4519 1176 4578 ad
1221 4518 1474 4578 beatum
1519 4519 1773 4578 Petrum
1821 4518 2177 4598 apostolum
2223 4523 2370 4578 ante
2414 4518 2614 4579 altare
2659 4517 2923 4578 oratorii
2965 4523 3199 4579 sancta:
3241 4517 3352 4578 Dei
3395 4517 3658 4579 Genitri—

398 4630 509 4702 eis,
555 4627 726 4709 quod
771 4627 903 4707 ipse
944 4625 1296 4687 construxit
1337 4625 1455 4686 sub
1499 4623 1600 4686 die
1642 4642 1723 4688 xv
1767 4625 2034 4686 Kalend.
2081 4624 2473 4699 Novembris,
2508 4625 2851 4686 indictione
2896 4630 3094 4697 sexta,
3140 4624 3496 4684 Justiniano
3542 4624 3658 4684 Ro-

400 4753 658 4798 manam
702 4732 1158 4814 rempublicam
1205 4731 1622 4811 gubernante,
1669 4737 1733 4792 et
1773 4732 2040 4793 cessavit
2083 4732 2482 4812 episcopatus
2527 4751 2771 4792 menses
2815 4736 2962 4792 tres.

1429 4911 1684 4958 NOTULE
1727 4911 2108 4958 MARGINALES
2152 4912 2463 4957 FABROTTI.

310 5059 397 5132 (a),
419 5062 441 5083 '
471 5062 812 5132 construere
828 5055 1043 5132 _vquit.
1079 5055 1155 5132 (ὁ)
1187 5058 1208 5079 ⁶
1242 5054 1692 5132 C‘octiarumLB,
1719 5053 1859 5111 Cotti

2098 5058 2165 5123 (ε)
2203 5055 2327 5110 Vide
2358 5058 2542 5108 Baron
2574 5053 2642 5107 ad
2672 5069 2784 5107 ann
2813 5053 3035 5107 Domini
3060 5053 3184 5107 704.
3217 5051 3294 5121 (ιι)
3321 5055 3339 5074 ‘
3375 5052 3647 5111 Gazariae.

234 5127 524 5202 (ejCirco.
559 5129 626 5202 (ί)
661 5128 788 5186 Vide
817 5129 1000 5185 Baron
1025 5127 1096 5184 ad
1123 5145 1232 5183 ann
1263 5128 1487 5184 Domini
1512 5127 1640 5181 705.

1597 5276 1839 5334 VARI/E
1877 5277 2297 5335 LECTIONES.

732 5424 816 5481 Ea:
843 5421 1024 5480 codice
1053 5423 1408 5479 Famesiano.
1924 5423 1973 5488 B
2004 5419 2132 5476 bela
2162 5435 2490 5493 nurusque
2519 5420 2592 5475 ad
2620 5419 2862 5492 regiam.
2895 5421 3002 5476 (in.
3039 5423 3126 5491 15,
3175 5424 3350 5493 atque
3408 5423 3652 5482 adversa

2005 5491 2334 5546 renovando
2363 5496 2638 5546 cessaret.

306 5591 474 5644 Num.
510 5588 636 5653 168,
688 5586 791 5641 (in.
831 5587 887 5648 2,
941 5583 1042 5655 qui
1075 5581 1250 5655 longa
1279 5596 1382 5655 per
1410 5584 1735 5655 tempora_a
1758 5580 1898 5655 jura
2287 5649 2378 5655 ,η
2442 5579 2774 5655 “Excedice
2800 5580 3168 5638 Valliceuano.

234 5659 498 5731 Ecclesia
519 5649 1052 5731 privatuml'uerat,
1072 5671 1139 5709 ac
1161 5649 1234 5731 ab
1255 5649 1897 5731 eademge’pteddetine-
2051 5655 2242 5731 nti-tm.
2278 5649 2399 5716 407,
2433 5651 2532 5706 lin.
2569 5653 2592 5705 1
2626 5650 2881 5731 .Ioannes
2913 5659 3056 5731 nat.,
3087 5661 3293 5731 etc._,ut
3319 5655 3479 5731 l_t_eg.,
3500 5659 3647 5731 Max.

237 5731 415 5788 batur
459 5719 537 5788 in.
569 5729 610 5786 I.
654 5745 706 5784 a.
740 5743 792 5799 e,
817 5727 974 5799 jure.
1007 5719 1264 5799 proprio.
1299 5719 1504 5799 ιξῃηιιζ
1528 5721 1900 5799 ,Ιιιεῐίηἰδωιε
2009 5729 2060 5799 et
2095 5719 2325 5799 Τζιωᾳῃη
2356 5736 2502 5799 eum
2535 5721 2739 5799 quibus
2797 5725 3083 5799 concordat
3130 5727 3295 5799 etiam
3323 5719 3428 5799 (inv,
3454 5719 3488 5782 3i
3517 5736 3570 5783 et
3593 5729 3647 5784 6.

239 5800 720 5877 impaiparbibus
731 5791 1027 5858 Chazariai
1044 5791 1148 5870 per
1174 5794 1302 5852 loca
1328 5792 1618 5867 Vulgariae
1637 5811 1772 5851 cum
1787 5798 1902 5850 ter-
2013 5793 2112 5849 lin.
2133 5795 2191 5864 2,
2214 5791 2337 5848 dies
2364 5795 2425 5847 l7
2452 5811 2465 5864 ;
2489 5791 2582 5849 hic
2606 5793 2693 5849 vir
2720 5793 3648 5870 eruditissimus,et.t‘ac.-cloqucn.
