3922 6206
276 144 393 204 947

273 274 406 332 aliis
431 270 886 346 quamplurimis
918 269 1081 346 festis
1125 268 1359 346 accidit,
1378 286 1505 342 quae
1551 268 1920 346 celebrantur

273 341 765 429 extra—proprium
796 343 988 429 diem;
1018 341 1102 397 ita
1130 359 1246 399 non
1280 341 1566 429 fuit’opus
1605 341 1790 429 .Paulo
1844 341 1920 425 lY

274 434 397 473 rem
429 413 707 473 subtilius
736 415 1042 486 indagare;
1075 431 1208 469 cum
1242 413 1560 486 praesertim
1592 414 1651 486 in
1694 413 1924 486 diuersis

275 490 423 545 orbis
454 488 757 543 Christiani
779 484 1053 558 partibus,
1085 490 1151 541 ut
1180 484 1305 557 ipse
1334 485 1436 551 ait,
1469 484 1708 557 praefata
1731 484 1822 558 die
1853 501 1927 558 xv

278 560 402 616 Kal.
438 559 572 615 Feb.
598 556 1005 613 celebraretur.
1040 556 1242 628 Itaque
1265 556 1545 611 minorum
1572 558 1738 612 etiam
1755 556 1928 628 Eccle-

277 633 493 687 siarum
540 628 807 701 exempla
834 628 999 700 sequi
1047 625 1164 701 non
1212 632 1303 683 est
1351 628 1724 701 dedignatus,
1758 631 1824 682 ut
1855 625 1927 682 ad

279 701 561 774 principis
592 698 1261 774 apostoloru'mugloriam
1306 698 1602 774 Catbedrae
1643 699 1927 774 Romanas

282 769 431 828 ritus
464 769 580 828 uno
612 769 931 843 eodemque
963 769 1053 826 die
1098 771 1158 825 in
1179 774 1311 843 toto
1361 771 1499 825 orbo
1547 769 1830 825 catholico
1862 786 1929 826 ac

282 843 603 918 praesertim
633 842 694 898 in
727 841 868 898 urbe
899 843 1083 898 Roma
1112 841 1519 921 celebraretur.

944 956 1275 1012 CIACONII.

354 1056 528 1113 Linea
560 1057 607 1112 1.
639 1086 707 1097 -
736 1054 1041 1126 Sisinnius.
1062 1052 1305 1126 Joannis
1326 1052 1725 1126 filius,Syrus,
1745 1053 1928 1109 Justi-

284 1128 457 1184 niano
486 1128 537 1182 II
566 1128 830 1198 Augusto
860 1125 1066 1198 imper.
1086 1143 1103 1198 ;
1124 1125 1274 1198 sedit
1303 1124 1426 1198 dies
1456 1124 1811 1193 xx;'creatus
1857 1143 1931 1182 xv

285 1199 431 1267 Kal.,
466 1196 838 1255 consecratus
868 1215 905 1252 x
934 1196 1056 1253 Kal.
1089 1196 1450 1252 Novembris.

983 1311 1227 1367 MAFEI.

358 1409 531 1467 Linea
565 1416 607 1465 ι·
642 1439 712 1450 —-
738 1408 1020 1466 Sisinnius
1047 1410 1273 1465 natione
1316 1407 1353 1461 S

1396 1424 1509 1463 rus.
1540 1407 1931 1480 Temporibus

359 1425 531 1467 Lmea
565 1425 607 1465 ι·
642 1439 712 1450 —-
738 1425 1020 1466 summus
1047 1425 1273 1465 natione
1316 1425 1509 1536 ai/rus.
1540 1425 1931 1480 Temporibus
2041 1425 2181 1466 tatis
2223 1425 2279 1466 et
2319 1425 2619 1484 religionis
2648 1425 3093 1480 remismnt,ut
3121 1425 3422 1469 Grecorum

283 1481 574 1539 Benedicti
594 1480 644 1537 II
675 1482 948 1537 restincto
978 1497 1083 1553 per
1099 1482 1350 1536 Constan
1383 1479 1546 1535 inum
1567 1479 1929 1553 Pogonatum
2036 1481 2531 1553 postulationibus
2562 1500 2733 1541 nemo
2758 1482 2854 1541 his
2884 1483 3082 1541 acrius
3109 1483 3422 1541 obstiterit.

1424 138 1848 202 ANASTASII
1893 137 2547 207 BIBLIOTBEGA‘RII.

3587 136 3767 199 ω.

1948 268 2007 339 Α
2033 266 2407 341 iniquissimo
2428 269 2564 341 jure
2594 265 3008 341 confirmandi
3026 265 3305 329 :eloctum’
3326 265 3740 341 pontiﬁcem,

2034 338 2243 414 dequo
2276 338 2459 414 supra
2488 340 2613 414 dixi
2648 340 2708 396 in
2752 338 3086 406 Benedicto,
3118 355 3301 414 novas
3318 338 3482 414 artes
3512 340 3743 397 Graeci

2040 411 2463 483 excogitarunt,
2496 411 2727 483 quibus,
2743 428 2845 483 pro
2867 428 3071 467 eorum
3103 411 3343 483 arbitrio
3364 411 3739 483 Romanam

2040 482 2488 539 moderarentur
2515 482 2855 540 Ecclesiam.
2889 487 2953 538 In
2981 498 3217 541 sacrum
3253 482 3528 547 videlicet
3564 483 3742 540 cleri

2040 554 2220 629 Urbis
2245 554 2557 629 collegium
2590 554 2818 629 Graecos
2850 558 2906 609 et
2934 553 3259 629 Orientales
3288 555 3594 611 curabant
3618 572 3739 629 cq-

2036 626 2321 699 optarig,ex_
2343 625 2560 699 quibus
2589 626 2881 699 praecipue
2890 625 3285 699 exarchorum
3304 642 3485 699 opera
3510 626 3745 699 ponti-

2038 697 2134 770 fex_
2158 697 2860 770 eligebatur.Benedict_us
2879 697 3189 765 Joannem,
3213 697 3477 770 nominis
3491 697 3741 770 ordine

2080 768 2335 837 uintuin,
2388 769 2600 842 Syrum
2670 768 2924 842 natione,
2992 769 3737 842 successoremhabuit;

2080 786 2335 837 ulmum,
2388 786 2600 842 byrum
2670 786 2924 837 natione,
2992 786 3395 826 successorem
3454 786 3737 838 nanum;

2038 786 2315 908 goannes,
2349 843 2640 896 Cononem
2668 840 2982 908 Thracem;
3015 841 3233 909 Conon,
3268 839 3545 969 Sergium
3602 842 3740 913 Sy-

2040 927 2201 969 rum:
2236 911 2495 969 Sergius.
2527 912 2815 969 Joannem
2847 912 2924 968 VI
2969 914 3027 968 et
3064 912 3278 969 deinde
3324 916 3372 966 ν
3407 914 3452 969 l.
3490 913 3739 969 ambos

2040 927 2201 979 rum;
2236 927 2340 968 Ser
2385 928 2495 979 lus,
2527 927 2815 969 Joannem
2858 927 2924 968 v1
2969 927 3027 968 et
3064 927 3278 969 (1811108
3332 927 3452 984 vu,
3490 927 3739 970 ambos

2039 983 2295 1067 Gnaeos;
2341 927 2787 1067 ﬁgannesnwl,
2851 982 3180 1067 Sisinniuﬂm
3236 982 3417 1067 bunc_
3448 984 3733 1065 Syrum;

2038 1054 2820 1128 Sisinniusﬁoustantinum
2853 1054 3057 1128 itidem
3098 1055 3344 1128 Syrum;
3368 1059 3427 1111 et
3455 1054 3566 1128 vix,
3592 1072 3735 1112 uno

2039 1124 2311 1199 Gregerio
2334 1124 2384 1181 ΙΙ
2405 1125 2731 1199 interiecto,
2748 1124 3184 1199 Gregorius-illi,
3200 1127 3404 1199 Syrus,
3426 1125 3731 1199 eligitur;

2039 1196 2181 1270 post
2196 1214 2372 1270 quem
2403 1196 2736 1270 Zacharias,
2769 1196 3332 1270 Grzecus,_Romana3
3361 1197 3488 1254 sedi
3510 1196 3733 1270 praet}:

2039 1265 2231 1325 citur;
2247 1268 2359 1324 Sed
2407 1272 2640 1325 tantum
2688 1268 2878 1325 abfuit
2924 1265 3147 1326 uthac
3191 1269 3264 1326 de
3304 1286 3488 1326 causa
3510 1265 3735 1326 'electi

2042 1339 2349 1424 pontifices
2368 1339 2803 1424 vetmipimutu
2823 1339 3497 1424 quidpiamhapostolica;

2041 1409 2181 1466 tatis
2217 1414 2279 1485 et
2302 1409 2619 1485 religionis
2648 1409 3008 1485 remisérint,
3026 1416 3093 1468 ut
3121 1409 3459 1485 Graecorum
3478 1409 3729 1485 iniquis

1560 1744 1706 1815 XC.
1755 1743 2291 1816 CONSTANTIN
2297 1745 2420 1817 US.

1294 1910 1455 1959 anno
1498 1910 1736 1958 cnmsrr
1776 1895 1917 1971 708,
1958 1909 2307 1961 wsrmum
2347 1911 2580 1959 nanum
2620 1899 2682 1959 5.

535 2172 702 2226 1'80
743 2161 1210 2237 Constantinus,
1257 2161 1514 2224 natione
1558 2164 1780 2245 Syrus,
1825 2182 1902 2226 ex
1944 2168 2125 2245 patre
2164 2165 2434 2239 Joanne,
2479 2163 2639 2226 sedit
2680 2181 2879 2227 annos
2920 2168 3187 2244 septem,
3230 2164 3365 2227 dies
3435 2163 3722 2246 quinde-

449 2281 571 2343 cim
616 2278 722 2361 (a).
768 2280 913 2342 Fuit
952 2285 1165 2342 autem
1212 2278 1602 2359 temporibus
1640 2279 1988 2342 Justiniani
2026 2279 2366 2361 Philippici
2408 2284 2465 2341 et
2512 2278 2823 2351 Anastasii
2862 2280 3313 2359 Augustorum.
3357 2279 3470 2344 Vir
3525 2280 3723 2343 valde

451 2395 839 2469 mitissimus,
886 2394 1066 2475 cujus
1106 2394 1497 2476 temporibus
1537 2394 1602 2455 in
1648 2394 1802 2457 urbe
1851 2397 2049 2457 Roma
2088 2396 2287 2459 fames
2327 2396 2498 2457 facta
2537 2400 2634 2456 est
2674 2412 2908 2475 magna
2947 2412 3060 2476 per
3116 2413 3319 2458 annos
3360 2401 3513 2458 tres.
3559 2397 3721 2458 Post

452 2530 612 2593 quos
654 2517 832 2573 tanta
872 2512 991 2572 fuit
1032 2511 1303 2587 ubertas,
1354 2514 1424 2571 ut
1465 2510 1801 2572 fertilitatis
1846 2511 2029 2593 copia
2071 2512 2407 2593 praeteritae
2449 2510 2795 2573 sterilitatis
2836 2510 3117 2592 inopiam
3160 2510 3467 2574 oblivioni
3526 2530 3717 2575 man-

372 2632 408 2691 5
453 2628 653 2689 daret.
700 2628 812 2688 Hic
855 2627 1172 2689 ordinavit
1212 2625 1480 2690 Felicem
1525 2625 2069 2709 archiepiscopum
2112 2631 2565 2702 Ravennatem,
2614 2627 2725 2708 qui
2792 2627 3138 2690 secundum
3209 2628 3495 2709 priorum
3570 2649 3717 2693 suo-

453 2762 593 2805 rum
637 2743 854 2805 solitas
895 2743 961 2803 in
1005 2742 1234 2804 scrinio
1279 2742 1483 2805 noluit
1550 2744 1755 2806 facere
1811 2744 2154 2819 cautiones,
2202 2745 2313 2806 sed
2356 2761 2470 2825 per
2530 2743 2881 2825 potentiam
2935 2741 3221 2824 judicum
3262 2744 3581 2825 exposuit,
3642 2753 3717 2809 ut

449 2858 679 2920 inaluit
721 2857 829 2939 (ὁ).
893 2857 1086 2938 Cujus
1142 2858 1377 2933 cautio,
1422 2878 1462 2919 a
1518 2859 1817 2939 pontiﬁce
1886 2860 1951 2920 in
2022 2861 2447 2923 sacratissima
2513 2860 2902 2923 confessione
2968 2859 3139 2925 beati
3195 2861 3367 2923 Petri
3438 2862 3718 2942 apostoli

442 2976 669 3057 posita,
716 2979 859 3055 post
901 2993 1027 3036 non
1060 2974 1289 3036 multos
1331 2974 1464 3036 dies
1507 2980 1676 3037 terra
1720 2980 1783 3037 et
1825 2975 2010 3056 quasi
2050 2975 2183 3055 igni
2225 2976 2556 3039 combusta
2598 2981 2851 3057 reperta
2893 2981 3011 3038 est.
3047 2975 3123 3058 (ε)
3168 2978 3325 3038 Nam
3371 2978 3709 3045 Ravenna:

445 3092 604 3155 tium
647 3091 813 3153 cives
854 3090 1002 3152 elati
1044 3090 1339 3171 superbia
1379 3089 1573 3169 digna
1616 3090 1873 3152 ultionis
1914 3110 2106 3171 pceua
2148 3092 2432 3155 mulctati
2474 3096 2644 3154 sunt.
2690 3092 2941 3155 Mittens
2996 3091 3235 3173 quippe
3302 3091 3727 3159 Justinianus.

330 3211 405 3271 lO
445 3209 793 3289 imperator
851 3205 1252 3268 Theodorum
1318 3205 1650 3285 patricium
1719 3211 1782 3268 et
1852 3208 2124 3288 primum
2174 3206 2263 3289 (d)
2307 3207 2616 3270 exercitus
2691 3206 2915 3269 insulas
2988 3206 3216 3269 Siciliae
3288 3225 3434 3268 cum
3506 3207 3710 3271 classe

447 3325 728 3396 navium,
760 3324 1124 3384 Ravennam
1169 3321 1485 3383 civitatem
1529 3321 1716 3403 cepit,
1764 3323 2097 3403 praefatum
2142 3322 2690 3405 archiepiscopum
2739 3328 3145 3401 arrogantem
3207 3322 3276 3385 in
3319 3323 3469 3386 navi
3533 3322 3708 3385 vinc-

452 3446 587 3501 tum
633 3438 855 3511 tenuit,
902 3443 965 3499 et
991 3455 1211 3499 omnes
1253 3436 1517 3499 rebelles
1558 3456 1718 3517 quos
1759 3438 1846 3499 ibi
1894 3440 2124 3519 reperit
2172 3439 2584 3521 compedibus
2628 3438 2900 3513 strinxit,
2936 3438 3190 3501 divitias
3232 3456 3456 3501 eorum
3502 3438 3713 3501 abstu'

450 3555 541 3629 lit,
591 3559 652 3615 et
693 3551 1304 3632 Constantinopolim
1350 3551 1541 3613 misit.
1586 3552 1699 3614 Dei
1741 3557 1952 3615 autem
1989 3553 2252 3633 judicio,
2300 3559 2363 3616 et
2404 3553 2845 3636 apostolorum
2883 3553 3189 3635 principis
3229 3554 3404 3616 Petri
3446 3560 3702 3616 senten-

489 3670 598 3745 tia,
646 3669 754 3751 qui
794 3669 1223 3733 iuobedientes
1266 3668 1523 3729 fuerunt
1564 3669 1924 3749 apostolicae
1966 3670 2127 3732 sedis
2171 3670 2270 3751 (e),
2318 3689 2537 3732 amara
2580 3675 2784 3732 morte
2826 3670 3140 3752 perempti
3181 3675 3352 3746 sunt,
3399 3675 3466 3732 et
3506 3670 3700 3733 isdem

450 3786 960 3868 archiepiscopus
1000 3784 1239 3846 lumine
1282 3784 1563 3865 privatus
1604 3784 1861 3865 dignam
1905 3785 2088 3847 factis
2128 3786 2440 3868 recipiens
2484 3804 2738 3867 poenam
2785 3787 2966 3848 exsul
3006 3787 3073 3848 in
3113 3786 3449 3849 Ponticam
3494 3790 3696 3848 trans-

447 3903 676 3965 missus
719 3906 812 3963 est
855 3900 1200 3980 regionem.

518 4025 673 4080 "1
723 4015 976 4077 Hisdem
1020 4015 1097 4097 (f(
1138 4016 1527 4097 temporibus
1597 4017 1763 4078 misit
1831 4018 2194 4098 suprafatus
2236 4017 2582 4098 imperator
2650 4018 2731 4079 ad
2794 4017 3292 4081 Constantinum
3337 4017 3694 4098 pontiﬁcem

447 4151 693 4198 sacram
754 4152 869 4215 per
935 4150 1127 4214 quam
1181 4131 1371 4211 jussit
1411 4151 1555 4194 eum
1625 4132 1707 4193 ad
1767 4133 2006 4213 regiam
2076 4132 2414 4194 ascendere
2476 4132 2698 4194 urbem
2727 4130 2840 4213 (g).
2892 4131 3011 4205 Qui
3078 4132 3531 4217 sanctissimus,
3574 4131 3687 4208 vir,

437 4251 630 4335 jussis
671 4251 1101 4333 imperialibus
1142 4250 1611 4331 obtemperans‘
1660 4250 1829 4312 illico
1874 4249 2126 4330 navigia
2198 4250 2341 4312 fecit
2400 4249 2637 4331 parari,
2681 4254 2997 4330 quatenus
3053 4250 3173 4313 iter
3242 4250 3687 4331 aggrederetur

443 4368 780 4440 marinum,
828 4372 892 4428 et
958 4386 1242 4447 egressus
1284 4373 1379 4429 est
1419 4386 1458 4427 a
1499 4373 1685 4447 portu
1759 4370 2065 4448 Romano
2104 4367 2208 4428 die
2266 4367 2489 4447 quinta
2549 4364 2780 4428 mensis
2848 4365 3163 4441 Octobris,
3208 4366 3556 4429 indictione
3599 4385 3685 4429 lx.

363 4486 399 4544 5
441 4485 521 4545 Et
562 4482 761 4543 secuti
802 4486 949 4543 sunt
1007 4501 1152 4543 eum
1217 4482 1466 4543 Nicetes
1533 4481 1867 4562 episcopus
1933 4482 2118 4544 Silvae
2187 4482 2509 4556 Candidze,
2557 4481 2860 4561 Georgius
2921 4481 3267 4563 episcopus,
3298 4482 3678 4558 Portuensis,

443 4596 810 4661 Michaelius
842 4595 947 4676 (li),
992 4597 1250 4669 Paulus,
1300 4594 1603 4672 Georgius
1661 4597 2011 4678 presbyter,
2072 4598 2374 4679 Georgius
2432 4573 2760 4672 diaconus,
2838 4595 3146 4678 Georgius
3207 4596 3680 4674 secundicerius,

436 4715 717 4777 Joannes
792 4711 1035 4793 primus
1094 4711 1409 4782 defensor,
1458 4710 1715 4771 Cosmus
1757 4711 1826 4794 (ι’(
1867 4713 2251 4787 sacellarius,
2301 4713 2620 4776 Sisinnius
2690 4712 3199 4785 nomenculator,
3244 4712 3503 4792 Sergius
3544 4713 3682 4774 scri-

441 4830 697 4902 niarius,
774 4825 1128 4889 Dorolheus
1197 4829 1261 4885 et
1316 4823 1611 4887 Julianus
1679 4827 2071 4906 subdiaconi,
2133 4835 2196 4891 et
2264 4829 2341 4890 de
2425 4828 2685 4910 reliquis
2769 4826 3077 4908 gradibus
3142 4826 3442 4890 Ecclesia;
3512 4827 3681 4909 pauci

441 4944 653 5008 clerici

523 5068 683 5123 ﬂ!
742 5052 1019 5120 Veniens
1076 5054 1268 5134 igitur
1325 5057 1681 5138 Neapolim,
1745 5059 1875 5122 illic
1939 5079 2085 5123 eum
2169 5060 2428 5142 reperit.
2498 5062 2775 5124 Joannes
2843 5058 3148 5140 patricius
3231 5063 3295 5122 et
3360 5058 3672 5135 exarchus,

435 5176 861 5259 cognomento
906 5169 1270 5252 RizocOpus,
1315 5174 1425 5255 qui
1466 5173 1724 5236 veniens
1769 5177 2032 5238 Romam
2068 5176 2390 5257 jugulavit
2430 5175 2820 5257 Saulumv(k)
2868 5174 3213 5237 diaconum
3260 5178 3325 5236 et
3365 5173 3678 5236 vicedomi.

434 5313 610 5367 num,
688 5290 946 5349 Petrum
1028 5262 1362 5365 arcarium,
1434 5290 1724 5369 Sergium
1810 5292 2106 5353 abbatem
2196 5289 2658 5372 presbyterum,
2731 5295 2792 5353 et
2875 5290 3165 5370 Sergium
3250 5288 3669 5351 ordinatorem

1472 5420 1721 5467 NOTULE
1762 5421 2148 5468 MARGINALES
2191 5423 2512 5469 FABROTTI.

340 5529 420 5601 (ρ)
448 5531 510 5598 Β,
534 5532 588 5601 6,
610 5530 665 5586 d.
694 5526 822 5601 15_.__
844 5523 936 5601 _(b)
953 5525 1165 5583 Voluit.
1207 5599 1219 5601 Α
1243 5529 1305 5595 Β,
1321 5528 1536 5585 Valuit.

311 5669 532 5731 aulum.

340 5529 420 5595 (α)
448 5531 510 5598 Β,
534 5532 588 5601 6,
610 5530 665 5586 d.
694 5528 786 5583 15.
863 5528 936 5596 (b)
953 5528 1165 5583 Voluit.
1243 5528 1536 5595 B,Valuit.
1615 5531 1686 5596 (θ)
1719 5531 1847 5587 Vide
1876 5535 2062 5586 Baron
2090 5528 2160 5583 ad
2190 5544 2306 5585 ann
2330 5530 2552 5587 Domini
2576 5531 2704 5585 708.
2765 5530 2842 5602 (ἀ)

267 5593 333 5673 (ί)
366 5598 429 5673 Β,
464 5603 564 5661 His
637 5600 719 5673 (g(
758 5593 885 5653 Vide
916 5601 1112 5655 Baron.
1149 5599 1221 5655 ad
1251 5618 1383 5656 ann.
1414 5599 1641 5657 Domini
1665 5603 1790 5657 709.
1868 5601 1955 5671 (Ιι)
1986 5598 2253 5656 Michael.
2329 5602 2396 5672 (ἱ)
2426 5602 2492 5672 Β,
2522 5602 2783 5658 Cosmas.

2913 5528 3294 5585 rimicerium.
3363 5529 3439 5597 (θ)
3458 5527 3527 5595 B,
3543 5527 3671 5585 sedi.

2907 5603 2941 5671 ἱ)
2970 5601 3034 5667 Β,
3066 5616 3183 5657 non
3241 5596 3436 5672 pauci.
3512 5598 3587 5669 (lc)
3611 5599 3668 5666 Β,
