3922 6206
135 258 261 323 M9
826 251 1194 316 HISTORIA
1236 255 1336 316 DE
1385 254 1586 317 VITIS
1631 251 1820 316 ROM.
1865 251 2098 316 PONT.
2134 288 2212 299 —
2240 254 2862 319 CONSTANTINUS.
3430 260 3549 320 950

290 406 683 472 pergensque
727 386 1090 450 Ravennam
1137 407 1250 466 pro
1294 388 1422 450 suis
1465 387 1927 450 nefandissimis
1971 387 2150 448 factis
2187 387 2424 468 judicio
2469 389 2577 450 Dei
2621 389 2748 450 illic
2793 389 3152 471 turpissima
3198 398 3396 456 morte
3442 414 3547 456 oc-

214 507 251 566 5
295 504 535 567 cubuit.
584 503 889 583 Georgius
932 522 1080 565 vero
1124 504 1451 585 presbyter
1495 505 1755 584 Neapoli
1802 505 2053 566 relictus
2096 509 2212 578 est,
2259 511 2321 564 et
2364 506 2646 584 pontifex
2691 525 2835 566 cum
2896 507 3023 568 suis
3078 508 3355 569 Siciliam
3402 528 3547 589 per-

291 620 479 694 rexit,
525 619 634 681 ubi
675 618 1045 680 Theodorus
1089 619 1388 699 patricius
1431 621 1772 682 extraticus
1818 622 1899 701 (a)
1940 621 2248 700 languore
2305 621 2596 682 detentus
2652 641 2988 684 occurrens
3050 625 3352 704 pontiﬁci,
3411 644 3543 686 ma-

292 754 421 817 gna
463 753 606 796 cum
649 734 1053 797 veneratione
1096 736 1376 797 salutans
1419 741 1607 816 atque
1651 735 2018 815 suscipiens,
2066 737 2379 798 medelam
2427 735 2696 814 adeptus
2741 743 2834 797 est
2877 738 3165 799 celerem.
3213 741 3418 817 Atque
3461 740 3552 800 in-

293 851 372 913 de
415 850 744 930 egrediens
785 868 899 930 per
942 850 1204 930 Regium
1249 857 1312 912 et
1352 852 1713 924 Cortonam,
1776 850 2206 912 transfretavit
2267 851 2647 931 Callipolim,
2697 853 2805 912 ubi
2851 858 3136 914 mortuus
3180 860 3275 915 est
3332 854 3550 916 Niceta

294 948 652 1029 episcopus.
697 951 861 1010 Dum
905 967 1053 1009 vero
1097 949 1411 1028 Hydrunti
1456 967 1662 1010 moras
1708 950 1963 1022 faceret,
2009 969 2082 1011 eo
2127 949 2296 1029 quod
2346 949 2546 1010 hiems
2590 956 2745 1024 erat,
2782 952 2909 1011 illic
2954 953 3227 1032 suscepit
3270 953 3545 1032 sigillum

181 1064 254 1124 10
293 1062 620 1143 imperiale
663 1080 778 1143 per
819 1062 1304 1143 Theophanium
1349 1063 1796 1143 regionarium,
1844 1063 2173 1124 continens
2215 1064 2309 1124 ita
2346 1068 2415 1124 ut
2458 1064 2567 1124 ubi
2616 1063 2695 1144 (b)
2739 1065 3182 1127 denominatus
3225 1068 3548 1146 continge-

296 1185 394 1242 ret
440 1177 512 1260 (c)
557 1178 864 1258 pontifex,
913 1196 1131 1240 omnes
1175 1177 1411 1257 iudices
1453 1178 1544 1239 ita
1584 1197 1730 1239 eum
1772 1177 2119 1240 honoriﬁce
2162 1179 2571 1257 susciperent,
2619 1181 2799 1258 quasi
2859 1180 3066 1259 ipsum
3130 1183 3542 1260 praesentiali-

296 1299 394 1356 ter
436 1293 885 1374 imperatorem
930 1292 1237 1354 viderent.
1287 1292 1466 1354 Unde
1508 1293 1742 1372 egressi
1785 1303 1995 1374 partes
2039 1292 2292 1354 Gracia
2333 1293 2788 1372 contingentes,
2837 1294 2900 1354 in
2926 1294 3163 1359 ,iusula
3206 1314 3346 1374 qua
3390 1296 3544 1357 dici-

297 1417 402 1472 tur
444 1412 588 1472 Caa
630 1408 904 1470 occurrit
946 1407 1361 1488 Theophilius
1404 1409 1705 1488 patricius
1749 1409 2087 1469 extraticus
2131 1406 2215 1488 (ά)
2260 1408 2795 1469 caravisianorum
2843 1409 2912 1489 (e)
2960 1428 3100 1469 cum
3149 1429 3392 1472 summo
3437 1411 3548 1473 ho-

297 1544 451 1587 nore
497 1543 639 1586 eum
686 1523 980 1606 suscepit,
1029 1529 1092 1585 et
1131 1525 1518 1604 amplectens
1561 1530 1631 1585 ut
1671 1523 1865 1604 jussio
1909 1523 2294 1597 continebat,
2343 1523 2464 1584 iter
2506 1524 2776 1584 absolvit
2819 1543 3120 1604 peragere
3165 1530 3464 1604 coeptum.
3497 1530 3548 1588 A

185 1643 257 1703 15
297 1659 424 1722 quo
471 1640 610 1702 loco
657 1639 1028 1720 navigantes
1069 1646 1380 1702 venerunt
1435 1659 1473 1701 a
1525 1640 1794 1720 septimo
1852 1640 2146 1701 milliario
2190 1639 2838 1718 Constantinopolim;
2887 1640 2992 1699 ubi
3038 1658 3321 1719 egressus
3361 1641 3546 1701 Tibe-

299 1758 428 1820 rius
475 1757 841 1838 imperator,
887 1755 1053 1817 iilius
1093 1756 1430 1818 Justiniani
1471 1756 1757 1836 Augusti,
1803 1773 1947 1817 cum
1990 1755 2270 1834 patriciis
2315 1760 2378 1815 et
2419 1755 2712 1815 omnibus
2755 1756 3025 1834 inclytis,
3077 1763 3140 1815 et
3181 1759 3379 1834 Cyrus
3432 1775 3545 1836 pa-

297 1871 580 1936 triarcha
621 1889 765 1932 cum
809 1871 976 1932 clero
1020 1875 1083 1931 et
1123 1871 1344 1951 populi
1387 1871 1808 1947 multitudine,
1857 1887 2078 1931 omnes
2120 1870 2406 1931 latantes
2451 1875 2513 1930 et
2554 1869 2720 1932 diem
2774 1872 3000 1931 festum
3055 1877 3332 1950 agentes.
3380 1876 3546 1933 Pon-

298 1989 454 2050 tifex
498 1992 707 2049 autem
753 1991 816 2047 et
857 1984 994 2065 ejus
1037 1985 1338 2067 primates
1379 2004 1522 2046 cum
1566 1985 1896 2047 sellaribus
1938 1984 2392 2064 imperialibus,
2443 1985 2611 2045 sellis
2665 1992 2728 2046 et
2783 1986 2975 2046 frenis
3017 1987 3318 2046 inauratis
3361 1987 3547 2047 simul

299 2109 362 2168 et
402 2103 726 2185 mappulis
767 2101 1035 2180 ingressi
1076 2107 1222 2163 sunt
1264 2101 1606 2162 civitatem.
1664 2099 2060 2181 Apostolicus
2117 2101 2400 2180 pontifex
2456 2117 2599 2159 cum
2658 2101 3082 2178 Caumelaugo
3127 2101 3239 2180 (Γ),
3287 2109 3355 2162 ut
3396 2103 3547 2162 soli-

185 2221 259 2284 20
298 2225 398 2281 tus
444 2224 544 2282 est
584 2221 800 2281 Roma
843 2216 1207 2299 procedere,
1276 2235 1314 2277 a
1373 2217 1611 2298 palatio
1666 2235 1977 2296 egressus,
2022 2216 2086 2275 in
2150 2214 2461 2276 Placidias
2518 2233 2715 2294 usque
2774 2215 2881 2274 ubi
2939 2215 3204 2294 placitus
3260 2222 3394 2277 erat
3435 2215 3542 2296 (g),

298 2334 689 2418 properavit.

382 2458 569 2512 178-
599 2452 881 2512 Domnus
925 2450 1136 2509 autem
1177 2446 1574 2509 Justinianus
1629 2445 1997 2526 imperator,
2059 2445 2322 2506 audiens
2379 2443 2516 2522 ejus
2577 2444 2942 2517 adventum,
2991 2463 3220 2523 magno
3283 2445 3556 2525 repletus

297 2567 562 2650 gaudio,
609 2585 648 2627 a
708 2567 916 2627 Nicaa
972 2563 1282 2645 Bithynia
1344 2564 1514 2624 misit
1554 2581 1798 2624 sacram
1846 2561 1922 2644 (h)
1970 2562 2315 2640 gratiarum
2359 2560 2604 2621 actione
2666 2560 2918 2639 plenam
2976 2577 2990 2618 :
3052 2562 3131 2620 Et
3183 2564 3250 2619 ut
3303 2559 3553 2620 debuis-

297 2691 390 2746 sct
443 2683 727 2765 pontifex
767 2698 1096 2742 occurrere
1151 2677 1603 2750 Nicomediam,
1666 2682 1729 2738 et
1783 2677 1917 2756 ipse
1973 2675 2188 2736 venire
2231 2674 2299 2754 (ι)
2344 2694 2380 2734 a
2438 2675 2663 2746 Nicaa,
2713 2675 2882 2754 quod
2925 2680 2988 2734 et
3025 2676 3264 2734 factum
3318 2681 3434 2735 est.
3484 2677 3552 2735 In

297 2799 396 2862 die
452 2805 662 2860 autem
707 2814 836 2876 qua
877 2814 941 2858 se
983 2793 1251 2855 vicissim
1295 2791 1385 2874 (λ)
1426 2791 1741 2865 viderunt,
1790 2795 2110 2870 Augustus
2152 2789 2717 2852 Christianissimus
2776 2809 2917 2851 cum
2980 2809 3172 2868 regno
3230 2791 3293 2850 in
3349 2789 3554 2869 capite

228 2919 263 2976 5
303 2936 365 2978 se
410 2913 784 2996 prostravit,
832 2911 1021 2991 pedes
1063 2909 1352 2970 osculans
1397 2907 1732 2987 pontificis.
1777 2906 2014 2967 Deinde
2055 2907 2120 2965 in
2165 2906 2526 2984 amplexum
2587 2911 2876 2965 mutuum
2924 2904 3004 2985 (k)
3047 2910 3438 2976 corruerunt,
3491 2909 3554 2963 et

301 3033 479 3094 facLa
523 3035 616 3092 est
656 3027 876 3089 latitia
917 3044 1150 3104 magna
1190 3025 1255 3085 in
1299 3023 1559 3104 populo,
1606 3021 1899 3082 omnibus
1942 3020 2390 3100 aspicientibus
2435 3025 2671 3079 tantam
2729 3019 3151 3079 humilitatem
3197 3018 3345 3078 boni
3390 3017 3556 3096 prin-

308 3149 490 3230 cipis.
539 3146 652 3208 Die
694 3162 840 3206 vero
885 3142 1214 3204 Dominico
1258 3141 1478 3200 missas
1519 3137 1884 3218 imperatori
1927 3137 2095 3210 fecit,
2143 3141 2204 3197 et
2247 3135 2718 3196 communicans
2761 3135 3052 3214 princeps
3103 3134 3183 3194 ab
3242 3133 3376 3211 ejus
3422 3150 3556 3192 ma-

313 3265 526 3338 nibus,
571 3278 824 3342 quoque
866 3257 993 3318 suis
1035 3255 1276 3317 delictis
1318 3259 1388 3315 ut
1428 3253 1872 3332 deprecaretur
1915 3250 2276 3330 pontiﬁcem
2321 3251 2670 3330 postulans,
2718 3251 2932 3312 omnia
2975 3248 3302 3329 privilegia
3343 3247 3557 3309 Eccle-

307 3379 412 3440 sia
461 3374 810 3448 renovavit,
858 3377 1049 3453 atque
1091 3368 1553 3432 sanctissimum
1599 3385 1832 3448 papam
1875 3367 1955 3427 ad
1999 3365 2258 3445 propria
2319 3366 2548 3427 reverti
2611 3366 2901 3427 absolvit.
2950 3367 3247 3445 Egressus
3288 3364 3479 3443 igitur
3522 3381 3561 3423 a

199 3496 269 3556 l0
309 3492 676 3557 Nicomedia
717 3489 969 3551 civitate
1013 3487 1248 3548 crebris
1290 3484 1756 3546 valetudinibus
1813 3482 2102 3563 pontifex
2163 3483 2438 3556 attritus,
2499 3483 2778 3556 tandem,
2838 3483 3198 3561 sospitalem
3260 3483 3390 3541 Deo
3449 3479 3561 3539 tri-

307 3611 565 3682 buente,
611 3605 947 3669 incolumis
991 3604 1072 3666 ad
1115 3608 1368 3683 portum
1413 3601 1642 3663 Caieta
1687 3598 1990 3680 pervenit,
2029 3599 2136 3658 ubi
2179 3599 2532 3659 sacerdotes
2577 3604 2640 3659 et
2683 3599 3025 3658 maximam
3073 3597 3291 3676 pepuli
3333 3598 3563 3656 Roma-

309 3724 655 3806 ni-rcperit
697 3721 1186 3793 multitudinem,
1233 3737 1306 3779 ac
1357 3717 1652 3779 vicesimo
1712 3721 1938 3796 quarto
1996 3715 2095 3775 die
2155 3715 2384 3774 mensis
2441 3714 2730 3776 Octobris
2786 3714 3131 3774 indictione
3189 3733 3250 3786 x,
3300 3715 3564 3773 Romam

314 3848 633 3924 ingressus
674 3845 790 3913 est,
836 3845 896 3900 et
941 3837 1145 3899 omnis
1188 3835 1459 3915 populus
1501 3832 1841 3894 exsultavit
1883 3836 2074 3910 atque
2122 3831 2374 3890 latatus
2417 3835 2532 3889 est.

401 3966 565 4020 ιτιι
611 3956 724 4018 Hic
765 3954 915 4016 fecit
956 3951 1420 4014 ordinationem
1464 3948 1905 4028 episcoporum
1948 3945 2012 4005 in
2057 3944 2263 4005 eundo
2308 3949 2370 4004 et
2411 3942 2732 4003 redeundo
2779 3961 2888 4020 per
2931 3942 3179 4002 diversa
3221 3940 3361 3999 loca
3405 3939 3570 4019 epis-

329 4093 525 4156 copos
584 4070 937 4133 duodecim.
1000 4070 1150 4129 Post
1205 4084 1450 4127 menses
1493 4069 1703 4124 autem
1760 4063 1797 4121 3
1840 4060 2104 4140 lugubre
2166 4059 2456 4118 nuntium
2515 4057 2860 4136 personuit,
2936 4055 3106 4134 quod
3174 4053 3570 4114 Justinianus

314 4184 880 4251 Christianissimus
920 4183 1290 4263 imperator,
1335 4187 1399 4240 et
1439 4177 1833 4240 orthodoxus
1887 4176 2254 4255 imperator,
2316 4172 2662 4233 trucidatus
2706 4177 2818 4245 est,
2869 4175 2933 4230 et
2979 4167 3374 4246 Philippicus
3436 4167 3568 4228 ha-

319 4306 546 4368 reticus
588 4303 663 4364 in'
694 4299 1006 4381 imperiali
1050 4302 1376 4379 promotus
1418 4301 1512 4357 est
1554 4313 1719 4367 arce,
1766 4291 1946 4372 cujus
1987 4297 2049 4352 et
2091 4307 2332 4350 sacram
2392 4307 2534 4348 cum
2595 4286 2771 4366 pravi
2830 4283 3142 4363 dogmatis
3199 4280 3566 4344 exaratione

238 4425 273 4482 5
321 4418 772 4483 Constantinus
814 4414 1108 4493 suscepit,
1156 4412 1263 4473 sed
1307 4429 1448 4472 cum
1494 4409 1856 4490 apostolica
1911 4406 2076 4468 sedis
2132 4404 2390 4466 consilio
2449 4401 2704 4482 respuit.
2754 4399 2823 4480 (ἰ)
2869 4398 3194 4478 Hujusque
3239 4395 3328 4454 rei
3382 4413 3570 4455 causa

323 4538 456 4598 zelo
500 4535 647 4596 fidei
687 4550 986 4594 accensus
1029 4528 1232 4591 omnis
1275 4534 1474 4590 catus
1517 4530 1820 4588 Romana
1864 4524 2035 4587 urbis
2077 4522 2445 4601 imaginem,
2477 4538 2668 4600 quam
2714 4517 2912 4579 Graci
2957 4523 3274 4577 votaream
3321 4510 3420 4591 (γη)
3469 4529 3572 4570 vo-

325 4657 494 4726 cant,
541 4670 650 4713 sex
695 4648 1118 4711 continentem
1165 4649 1416 4705 sanctas
1459 4661 1532 4703 ac
1575 4639 1958 4702 universales
2001 4638 2297 4718 synodos,
2345 4636 2408 4696 in
2454 4633 2715 4696 ecclesia
2772 4631 2941 4692 beati
3001 4627 3167 4689 Petri
3211 4629 3574 4685 erexerunt.

324 4767 437 4828 Hic
479 4765 698 4828 refecit
740 4768 1037 4845 patenam
1081 4778 1364 4833 auream,
1411 4776 1672 4838 pensan.
1721 4756 1831 4816 lib.
1878 4754 2232 4816 duodecim.
2282 4752 2518 4812 Eodem
2563 4757 2848 4826 tempore
2915 4745 3087 4805 Felix
3146 4739 3579 4819 archiepisco-

327 4902 444 4964 pus
488 4885 822 4956 Ravenna,
871 4878 951 4939 ab
996 4875 1213 4938 exsilio
1258 4874 1571 4946 reductus,
1625 4871 1998 4953 panitentia
2040 4875 2269 4940 motus,
2305 4867 2450 4927 licet
2493 4865 2819 4926 oculorum
2864 4858 3099 4920 lumine
3144 4855 3452 4934 privatus,
3499 4859 3586 4912 ta—

217 4997 473 5060 lO’men
520 4997 602 5058 ad
645 4995 963 5077 propriam
1009 4992 1193 5054 rediit
1236 4991 1471 5062 sedem,
1521 4995 1584 5051 et
1625 4989 1812 5049 solita
1853 5005 1995 5066 qua
2039 4985 2118 5045 ab
2163 4981 2468 5044 universis
2510 4980 2573 5039 in
2618 4975 2846 5037 scrinio
2904 4973 3368 5052 Episcoporum
3427 4969 3590 5027 ﬁunt

333 5113 632 5187 indicula,
678 5117 743 5174 et
781 5111 928 5173 ﬁdei
971 5107 1451 5190 expositionem,
1485 5111 1549 5167 et
1592 5105 1694 5164 hic
1737 5103 2055 5164 confessus
2098 5105 2212 5171 est,
2259 5096 2472 5174 sicque
2519 5087 3041 5153 reconciliationis
3087 5082 3440 5164 promeruit
3485 5082 3592 5142 ab-

338 5229 741 5292 solutionem.

1363 5419 1612 5468 NOTULE
1655 5416 2039 5464 MARGINALES
2083 5409 2403 5460 FABROTTI.

261 5648 340 5716 (α)
366 5650 425 5701 et
452 5644 763 5716 Straticus.
835 5643 914 5716 (ὁ)
943 5640 1316 5716 ι]1)ἰ(ιιιιιῳιθ.Δ
1375 5629 1898 5716 (σλςοηνρηίςρῑυιι.
1952 5628 2053 5716 Ιςςί)
2091 5629 2148 5678 αἱ
2175 5615 2863 5716 ,εἱῖδῐρξξξιδηΒΞ
2915 5610 3442 5716 ϐκξειξγῖεξξξξὶηονυξξξ-
3479 5611 3607 5716 2

200 5681 1346 5786 (ιεῖξέθῖὲυἶᾍΫ”’ἷῶ”ὶιοὲὶἒῶἵᾲἲῖιέέξῖεέι.
1377 5681 1894 5776 λ’ ξιι⁷)”έι’ρίέί6ιέιὶῆζ⁷
1948 5681 2295 5766 (ἑγνυηίι-ει.
2373 5681 2438 5763 oi")
2494 5691 2556 5757 B,
2597 5681 2863 5741 invicem.
2947 5684 3021 5755 (ιε)
3063 5686 3284 5737 motuo.
3365 5681 3425 5745 (ι)
3479 5681 3606 5737 Vide

202 5790 402 5846 Baron.
435 5788 505 5844 ad
531 5783 670 5843 ann:
689 5783 918 5842 Domini
943 5783 1068 5839 711.
1145 5783 1247 5851 (m)
1279 5789 1650 5852 pancaream.
