3922 6206
336 254 453 314 979
1480 251 1896 313 ANASTASII
1938 251 2299 314 BIBLIOTH
2309 251 2593 313 ECARII.
3637 256 3767 318 980

376 389 457 449 2O
499 388 694 467 ginta.
744 386 873 448 Illis
942 387 1185 447 interea
1241 386 1461 447 diebus
1518 385 2092 467 ConstantinOpolis
2160 385 2487 447 biennium
2550 389 2643 448 est
2685 404 2724 447 a
2778 405 2894 448 nec
2954 385 3234 449 dicendis
3293 386 3384 471 (a)
3442 390 3767 469 Agarenis

499 504 774 565 obsessa.
821 503 944 564 Sed
1004 506 1132 564 Deo
1193 503 1282 563 eis
1341 502 1657 563 contrario
1719 501 1994 562 maxima
2055 500 2182 562 illic
2234 520 2453 563 eorum
2520 507 2699 582 parte
2760 502 2927 564 fame
2989 522 3063 565 ac
3138 503 3308 567 bello
3367 504 3767 586 interempta

501 620 746 681 confusi
787 625 1180 681 recesserunt
1222 621 1427 681 Leone
1471 618 1797 699 principe;
1843 636 1991 678 nam
2037 621 2100 679 et
2142 616 2424 697 ejusdem
2478 617 2749 680 civitatis
2793 620 3100 700 populum
3160 626 3449 684 trecenta
3514 621 3766 684 dictum

501 742 595 799 est
639 735 838 796 millia
891 735 1121 797 diversi
1176 753 1361 796 sexus
1418 739 1480 795 et
1539 735 1738 795 astatis
1794 734 1982 795 fuisse
2042 732 2412 796 necessitate
2470 739 2785 795 vastatum
2844 736 3220 816 pestilentias
3251 735 3361 819 (ὁ).

586 868 747 921 188
791 855 867 939 (ε)
914 856 1003 916 Eo
1062 871 1339 933 namque
1385 857 1663 931 tempore
1707 850 1988 911 moribus
2039 855 2207 911 certe
2270 852 2550 911 Honesta
2606 854 2669 911 et
2725 850 2983 913 nomine
3039 852 3357 932 pontiﬁcis
3412 857 3622 915 mater
3681 852 3770 914 ab

499 976 619 1037 hac
673 976 803 1036 vita
858 973 1181 1033 subtracta
1237 972 1349 1030 est.
1406 969 1557 1028 Post
1612 965 1790 1045 cujus
1850 965 2096 1027 obitum
2173 966 2508 1045 Gregorius
2582 965 2843 1027 domum
2902 968 3227 1047 propriam
3296 968 3364 1029 in
3437 968 3763 1031 honorem

497 1096 729 1153 sanctae
786 1087 1014 1150 Christi
1070 1084 1362 1165 martyris
1420 1082 1707 1161 Agathze.
1766 1080 1996 1141 additis
2051 1098 2090 1142 a
2143 1080 2557 1143 fundamento
2618 1082 2981 1155 cmnaculis,
3040 1082 3141 1145 vel
3216 1103 3359 1165 quas
3439 1089 3766 1148 monaste-

494 1207 588 1268 ria
632 1205 715 1287 (d)
771 1210 951 1267 erant
1022 1202 1374 1264 necessaria
1428 1217 1466 1259 a
1522 1216 1686 1259 novo
1746 1196 2120 1259 construxit.
2180 1197 2429 1259 Prmdia
2504 1197 2633 1259 illic
2706 1197 2780 1279 (ρ)
2842 1199 3089 1260 urbana
3168 1199 3267 1261 vel
3343 1200 3580 1262 rustica
3639 1220 3763 1282 pro

416 1328 451 1385 5
495 1323 953 1385 monachorum
1012 1319 1245 1381 obtulit
1300 1316 1689 1378 necessitate.
1747 1315 1919 1377 Fecit
1976 1318 2187 1376 autem
2242 1314 2308 1375 in
2367 1315 2587 1377 eadem
2667 1314 2931 1377 ecclesia
2985 1315 3190 1377 beata:
3248 1316 3513 1396 Agathe:
3570 1316 3754 1378 cibo-

499 1441 663 1501 rium
721 1457 793 1500 ex
874 1441 1163 1516 argento,
1223 1431 1391 1512 quod
1468 1450 1641 1510 pens.
1702 1430 1897 1491 libras
1970 1430 2403 1510 septingentas
2476 1434 2540 1492 et
2609 1430 2833 1511 viginti
2888 1430 3013 1512 (f);
3074 1450 3259 1492 arcus
3328 1436 3583 1512 argent.
3643 1451 3761 1495 sex

493 1575 672 1638 pens.
734 1555 894 1632 sing.
958 1552 1067 1613 lib.
1129 1547 1509 1630 quindecim,
1570 1545 1844 1607 canistra
1898 1545 2137 1621 decem,
2202 1565 2377 1626 pens.
2439 1546 2600 1627 sing.
2661 1546 2773 1607 lib.
2825 1545 3184 1621 duodecim,
3243 1550 3307 1609 et
3380 1547 3509 1608 alia
3575 1547 3756 1610 dona

495 1671 695 1732 multa
747 1669 1011 1747 largitus
1064 1671 1178 1727 est.
1250 1665 1340 1726 Eo
1405 1669 1686 1749 tempore
1759 1669 2035 1724 castrum
2100 1669 2194 1724 est
2265 1663 2517 1724 Narnize
2576 1682 2615 1725 a
2670 1662 3103 1743 Longobardis
3178 1682 3541 1744 pervasum.
3620 1666 3759 1727 Rex

491 1804 641 1847 vero
697 1783 1261 1863 Longobardorum
1318 1778 1771 1860 Luitprandus,
1829 1778 2110 1858 generali
2170 1778 2446 1841 motione
2495 1780 2687 1852 facta,
2742 1781 3112 1841 Ravennam
3181 1797 3555 1861 progressus
3626 1786 3747 1857 est,

375 1905 453 1965 10
496 1908 685 1983 atque
742 1901 915 1961 illam
972 1897 1219 1959 obsedit
1275 1914 1388 1976 per
1460 1896 1592 1957 dies
1663 1895 1907 1976 aliquot
1976 1902 2040 1957 et
2114 1900 2389 1957 castrum
2450 1895 2820 1976 pervadens,
2884 1895 3114 1958 classes
3187 1901 3407 1977 captas
3485 1897 3758 1960 abstulit

490 2019 703 2099 plures
777 2020 839 2077 et
910 2032 1062 2095 opes
1139 2012 1400 2073 abstulit
1474 2011 1840 2072 innumeras
1917 2010 2025 2092 (g).
2104 2012 2255 2072 Post
2330 2011 2575 2092 alipuot
2647 2011 2781 2073 dies
2855 2011 3125 2073 Basilius
3201 2012 3352 2086 dux,
3429 2012 3751 2075 Jordanes

492 2132 935 2204 chartularius,
996 2134 1057 2191 et
1106 2130 1383 2190 Joannes
1439 2126 1881 2199 subdiaconus,
1939 2133 2357 2206 cognomento
2412 2127 2671 2202 Lurion,
2732 2127 3063 2189 consilium
3121 2127 3404 2190 inierunt
3459 2133 3534 2190 ut
3586 2148 3754 2210 pon-

492 2249 725 2311 tiﬁcem
786 2245 1239 2308 interﬁcerent.
1319 2241 1556 2314 Quibus
1621 2259 1945 2303 assensum
2022 2242 2325 2319 Marinus,
2384 2242 2729 2324 imperialis
2804 2243 3141 2325 spatarius,
3197 2245 3309 2325 qui
3384 2246 3750 2307 Romanum

487 2364 785 2425 ducatum
844 2360 1121 2434 tenebat,
1180 2377 1219 2419 a
1272 2357 1446 2437 regia
1492 2358 1716 2419 missus
1772 2357 1949 2433 urbe,
2010 2359 2390 2439 imperatore
2446 2360 2812 2435 mandante,
2847 2359 2970 2423 hoc
3022 2360 3357 2441 probavit;
3416 2361 3530 2422 sed
3586 2366 3753 2425 tem-

370 2485 443 2543 15
488 2498 608 2561 pus
657 2477 939 2539 invenire
994 2494 1121 2536 non
1181 2478 1544 2555 potuerunt,
1606 2474 1756 2554 quia
1822 2475 1935 2537 Dei
1998 2474 2243 2555 judicio
2318 2476 2660 2538 dissolutus
2717 2481 2779 2538 et
2832 2480 3199 2539 contractus
3268 2482 3384 2553 est,
3444 2482 3513 2540 et
3565 2479 3659 2540 sic
3715 2497 3757 2540 a

490 2599 691 2657 Roma
746 2592 1055 2655 recccssit.
1116 2590 1526 2653 Postmodum
1582 2589 1817 2652 Paulus
1874 2591 2177 2671 patricius
2232 2598 2295 2653 et
2351 2591 2661 2655 exarchus
2717 2593 2945 2655 missus
3011 2594 3077 2655 in
3133 2592 3379 2655 Italiam
3455 2598 3573 2668 est,
3636 2593 3753 2674 qui

491 2712 723 2784 denuo,
785 2714 856 2769 ut
912 2708 1029 2769 hoc
1077 2706 1282 2767 scelus
1328 2705 1722 2786 perficerent,
1784 2705 2278 2768 meditabantur.
2331 2709 2610 2780 Quorum
2679 2708 3012 2771 consilium
3086 2707 3389 2771 Romanis
3463 2710 3749 2789 patefac-

489 2833 625 2889 tum
683 2831 799 2898 est,
856 2824 965 2904 qui
1021 2828 1221 2883 morte
1274 2820 1355 2902 (h)
1416 2821 1625 2882 cuncti
1678 2820 2022 2883 Jordanem
2079 2822 2533 2885 interfecerunt
2586 2827 2649 2886 et
2702 2825 3020 2887 Joannem
3066 2822 3431 2887 Lurionem.
3477 2823 3752 2887 Basilius

489 2962 661 3016 vero,
722 2939 1069 3002 monachus
1126 2939 1353 3011 factus,
1412 2937 1479 2997 in
1534 2937 1675 2999 loco
1731 2937 2005 3017 quodam
2066 2943 2347 3000 retrusus
2404 2938 2598 3000 vitam
2655 2937 2881 3000 finivit.
2943 2936 3180 2999 Paulus
3230 2955 3380 2999 vero
3429 2937 3747 3000 exarchus

367 3062 449 3123 20
490 3057 886 3140 imperatoris
935 3053 1217 3135 jussione
1274 3052 1565 3115 eumdem
1623 3052 1984 3133 pontiﬁcem
2042 3054 2392 3115 conabatur
2447 3053 2825 3128 interﬁcere,
2881 3070 3083 3135 eoque
3145 3071 3405 3115 censum
3464 3054 3533 3114 in
3594 3073 3748 3135 pro-

486 3176 695 3236 vincia
750 3189 986 3253 ponere
1039 3168 1490 3251 praspediebat,
1553 3174 1615 3229 et
1670 3169 1977 3248 cogitaret
2032 3169 2160 3230 suis
2217 3169 2444 3249 Opibus
2501 3168 2792 3230 ecclesias
2838 3167 3195 3247 'denudare,
3254 3168 3418 3231 sicut
3488 3168 3558 3230 in
3614 3186 3743 3231 ca:-

485 3292 635 3354 teris
689 3295 900 3351 actum
960 3292 1054 3348 est
1102 3286 1275 3360 locis,
1338 3291 1529 3365 atque
1585 3285 1778 3345 alium
1835 3284 1899 3344 in
1956 3285 2093 3364 ejus
2149 3285 2472 3346 ordinaret
2527 3284 2698 3346 loco.
2757 3284 2911 3346 Post
2966 3283 3139 3345 hunc
3193 3283 3559 3364 spatharius
3595 3303 3744 3347 cum

472 3405 861 3487 jussionibus
916 3403 1139 3464 missus
1188 3407 1281 3462 est
1335 3401 1515 3474 alter,
1578 3405 1647 3461 ut
1700 3400 1989 3462 Pontifex
2043 3419 2082 3462 a
2138 3419 2251 3462 sua
2306 3401 2453 3463 sede
2507 3405 2927 3462 amoveretur.
2987 3402 3208 3463 Denuo
3256 3400 3491 3467 Paulus
3548 3399 3751 3482 patri.

480 3523 612 3584 cius
668 3522 748 3582 ad
816 3518 1266 3601 perﬁciendum
1342 3515 1467 3577 tale
1543 3515 1768 3590 scelus,
1828 3535 1987 3597 quos
2061 3516 2359 3579 seducere
2433 3516 2642 3598 potuit
2715 3536 2793 3579 ex
2866 3519 3171 3579 Ravenna
3240 3515 3312 3598 (ι’)
3391 3532 3539 3578 cum
3624 3536 3739 3580 suo

364 3643 439 3700 25
485 3638 734 3714 comite,
797 3641 989 3717 atque
1045 3653 1125 3696 ax
1181 3632 1400 3694 castris
1472 3631 1724 3723 aliquos
1782 3631 1971 3693 misit.
2032 3631 2152 3694 Sed
2216 3633 2402 3694 motis
2480 3633 2799 3708 Romanis,
2865 3636 3055 3713 atque
3124 3629 3407 3712 undique
3477 3632 3738 3713 Longo-

477 3754 692 3816 bardis
749 3772 863 3835 pro
920 3749 1285 3813 defensione
1337 3748 1652 3829 pontiﬁcis
1727 3747 1791 3809 in
1864 3747 2107 3810 Salario
2185 3755 2379 3830 ponte
2452 3748 2785 3831 Spoletini,
2846 3753 3038 3829 atque
3110 3746 3260 3810 hinc
3334 3747 3483 3810 inde
3538 3724 3734 3811 duces

474 3868 1036 3949 Longobardorum
1098 3862 1558 3925 circumdantes
1616 3866 2043 3925 Romanorum
2102 3864 2257 3925 ﬁnes
2317 3860 2439 3926 hoc
2495 3864 2985 3946 prtepedierunt.

562 3994 723 4047 184
780 3979 1177 4045 Jussionibus
1233 3979 1447 4059 itaque
1506 3978 1907 4060 postmodum
1968 3979 2171 4041 missis
2230 3979 2595 4042 decreverat
2649 3981 2999 4062 imperator
3057 3979 3164 4063 (ﬂ,
3213 3987 3285 4041 ut
3339 3980 3519 4042 nulla
3574 3979 3733 4042 ima-

475 4122 555 4183 go
628 4096 965 4179 cujuslibet
1040 4095 1263 4171 sancti,
1326 4100 1437 4156 aut
1513 4093 1829 4173 martyris,
1891 4099 2007 4156 aut
2079 4095 2288 4175 angeli
2367 4095 2726 4177 ubicunquc
2803 4095 3146 4158 haberetur
3217 4093 3326 4176 (Ic),
3392 4093 3734 4157 maledicta

472 4216 640 4280 enim
698 4213 912 4277 omnia
966 4211 1306 4285 asserebat,
1370 4218 1432 4271 et
1486 4210 1538 4271 si
1596 4210 2021 4289 acquiesceret
2088 4211 2155 4272 in
2226 4210 2347 4273 hoc
2428 4212 2734 4292 pontifex,
2797 4211 3069 4292 gratiam
3142 4210 3548 4291 imperatoris
3613 4210 3728 4272 ha-

470 4333 684 4405 beret;
745 4330 798 4390 si
852 4333 915 4390 et
972 4327 1092 4389 hoc
1148 4327 1285 4389 ﬁeri
1343 4325 1747 4408 praepediret,
1812 4345 1849 4386 a
1906 4345 2019 4388 suo
2078 4325 2278 4405 gradu
2351 4326 2689 4389 decideret.
2753 4326 3113 4408 Respiciens
3190 4344 3343 4406 ergo
3419 4325 3562 4406 pius
3634 4326 3731 4387 vir

386 4452 423 4510 5
467 4448 799 4529 profanam
850 4444 1151 4524 principis
1201 4444 1575 4523 jussionem,
1628 4441 1765 4521 jam
1826 4447 2040 4503 contra
2100 4443 2546 4523 imperatorem
2606 4443 2788 4523 quasi
2867 4447 3087 4503 contra
3160 4441 3409 4503 hostem
3487 4459 3556 4502 se
3615 4459 3717 4502 ar-

470 4562 688 4636 mavit,
745 4579 1018 4622 renuens
1074 4558 1366 4619 haeresim
1425 4555 1584 4633 ejus,
1645 4557 1924 4619 scribens
1999 4557 2232 4639 ubique
2306 4577 2528 4620 cavere
2603 4577 2669 4620 se
2745 4558 3158 4633 Christianos,
3215 4575 3290 4619 eo
3347 4555 3524 4636 quod
3580 4561 3721 4618 orta

463 4679 685 4739 fuisset
738 4676 1030 4755 impietas
1084 4673 1226 4733 talis
1281 4670 1377 4749 (Ι).
1435 4670 1634 4748 Igitur
1693 4675 1962 4750 permoti
2017 4692 2236 4735 omnes
2289 4674 2791 4755 Pentapolenses
2847 4680 3036 4755 atque
3089 4672 3496 4738 Venetiarum
3539 4689 3718 4734 exer-

468 4796 630 4857 citus
706 4797 927 4853 contra
1009 4785 1407 4865 imperatoris
1474 4783 1825 4863 jussionem
1900 4790 2333 4865 restituerunt,
2384 4790 2684 4865 dicentes,
2746 4809 3072 4871 nunquam
3147 4807 3214 4851 se
3287 4787 3354 4849 in
3434 4786 3718 4867 ejusdem

466 4908 782 4992 pontiﬁcis
838 4899 1333 4965 condescendere
1390 4919 1564 4975 nece,
1623 4902 1732 4963 sed
1790 4923 1902 4984 pro
1958 4905 2094 4984 ejus
2152 4906 2353 4986 magis
2433 4906 2799 4967 defensione
2874 4905 3140 4967 viriliter
3209 4904 3559 4966 decertare.
3618 4904 3713 4964 Ita

348 5026 423 5086 10
464 5033 534 5088 ut
590 5017 983 5087 anathemati
1040 5015 1307 5076 Paulum
1365 5016 1728 5091 exarchum,
1789 5020 1887 5080 vel
1962 5021 2071 5100 qui
2147 5040 2289 5081 eum
2349 5020 2667 5083 direxerat
2727 5021 2852 5103 (γη),
2910 5020 3175 5101 ejusque
3244 5022 3708 5081 consentaneas

463 5136 865 5204 submittunt,
917 5136 1279 5210 spernentes
1335 5133 1790 5195 ordinationem
1860 5136 1996 5214 ejus
2068 5136 2189 5197 sibi
2261 5155 2482 5198 omnes
2542 5136 2777 5218 ubique
2851 5137 2919 5198 in
2991 5136 3176 5198 Italia
3249 5135 3441 5196 duces
3508 5133 3716 5212 elege-

462 5259 613 5318 runt
662 5248 767 5330 (η),
827 5252 1016 5326 atque
1088 5245 1172 5306 sic
1246 5248 1322 5309 de
1398 5248 1713 5328 pontiﬁcis
1773 5249 1975 5330 deque
2051 5270 2167 5314 sua
2246 5252 2649 5314 immunitate
2725 5251 2936 5314 cuncti
3009 5250 3372 5313 studebant.
3448 5247 3717 5327 Cognita

458 5389 607 5434 vero
662 5363 1063 5444 imperatoris
1120 5364 1423 5445 nequitia,
1488 5366 1693 5426 omnis
1749 5367 1931 5427 Italia
1991 5367 2320 5429 consilium
2378 5367 2522 5429 iniit
2577 5372 2648 5430 ut
2702 5368 2822 5430 sibi
2878 5367 3184 5448 eligerent
3257 5365 3706 5444 imperatorem

1482 5514 1736 5562 NOTULIE
1777 5518 1863 5563 MA
1871 5517 2167 5565 RGINALES
2210 5518 2508 5565 FABROTTI
2520 5550 2533 5563 .

366 5633 442 5703 (a)
476 5638 533 5697 C,
569 5652 679 5690 non
709 5633 1097 5690 nominandis.
1187 5632 1263 5701 (ὸ)
1288 5632 1367 5686 De
1384 5648 1508 5705 quo
1542 5634 1754 5705 pnpulo
1786 5652 1917 5689 vero
1945 5636 2206 5705 ejusdem
2240 5635 2492 5691 civitatis
2512 5651 2612 5689 ccc
2639 5634 2824 5690 millia
2875 5635 3112 5691 diversa:
3155 5631 3343 5687 aetatis
3374 5627 3714 5705 pestilentia

294 5710 560 5781 vastante
591 5707 905 5781 perierunt.
965 5707 1273 5781 (c)Ba_2jon.
1307 5702 1559 5781 a¢__a_nnl
1580 5702 1705 5781 717.
1762 5708 1837 5777 (ά)
1871 5702 2247 5781 monasterio.
2307 5712 2377 5781 (θ)
2414 5708 2475 5771 Β,
2509 5706 2613 5761 illi.
2670 5710 2748 5781 _(D
2778 5708 2960 5781 0,22.
3008 5708 3094 5781 Δ(9)
3130 5708 3543 5781 Βᾳτοπλ-αηδε.
3583 5702 3708 5781 72β.

289 5774 380 5855 (ἡ)
404 5777 464 5844 B,
500 5774 671 5864 moti:
745 5780 810 5850 (ί)
841 5775 1296 5834 Ravennatibus.
1358 5774 1827 5856 (1").Leoimper.'
1858 5778 2064 5903 (Agsed
2098 5794 2302 5833 omnes
2344 5780 2611 5861 jusserat
2652 5774 2884 5860 deponi,
2917 5784 2975 5835 et
3005 5774 3256 5841 inecndi,
3317 5775 3381 5843 (ι)
3408 5789 3542 5844 quae
3586 5775 3713 5828 orta

297 5845 505 5903 fuisset
534 5855 915 5903 impietatem.
948 5850 1014 5903 Β.
1081 5846 1178 5903 (ιη)
1210 5846 1273 5903 Β.
1307 5860 1408 5903 um
1438 5844 1581 5900 illud
1613 5848 1870 5903 edictum
1942 5854 2205 5903 lrexerat.
2265 5853 2348 5903 (η)
2370 5851 2431 5903 Β.
2467 5866 2615 5903 mon
2638 5850 2936 5903 elicerent.

297 5845 505 5906 fuisset
534 5844 915 5926 impietatem,
948 5850 1014 5904 Β.
1081 5846 1178 5917 (m)
1210 5846 1273 5913 B,
1307 5844 1408 5915 qui
1438 5844 1581 5900 illud
1613 5844 1873 5903 edictum
1899 5844 2205 5904 direxerat.
2265 5844 2431 5919 (n)"B,
2467 5848 2615 5906 mori
2638 5844 2936 5923 eligerent.
