3922 6206
152 308 265 375 981
815 306 1187 373 HISTORIA
1229 306 1331 369 DE
1373 307 1578 371 VITIS
1626 303 1817 370 ROM.
1860 305 2094 369 PONT.
2138 337 2216 349 —
2257 303 2321 366 S.
2371 303 2812 367 GBEGORIUS
2855 303 2932 367 ΙΙ.
3458 307 3575 369 882

315 448 381 506 et
440 442 1054 523 Constantinopolim
1111 441 1435 503 ducerent.
1480 438 1622 503 Sed
1681 438 2113 520 compescunit
2165 438 2289 501 tale
2347 437 2678 500 consilium
2737 438 3044 518 pontifex,
3106 456 3366 520 sperans
3420 462 3570 503 con-

194 553 271 613 15
314 550 674 613 versionem
735 549 1061 630 principis.
1124 549 1279 629 Ipsis
1334 530 1578 610 interea
1633 548 1855 609 diebus
1922 546 2351 621 Exhilaratus,
2410 546 2539 607 dux
2616 545 2929 625 Neapolis,
2990 545 3289 627 deceptus
3361 534 3579 611 diabo!

322 649 453 711 lica
512 648 921 727 instigatione
975 665 1117 709 cum
1188 646 1317 708 filio
1382 665 1494 707 suo
1553 646 1830 706 Adriano
1885 644 1972 726 (α)
2028 643 2390 724 Campaniae
2448 647 2658 724 partes
2726 643 2947 719 tenuit,
3010 644 3314 706 seducens
3371 665 3574 726 popu-

311 767 478 839 lum,
557 770 629 825 ut
709 764 1041 826 obedirent
1103 763 1475 845 imperatori
1547 768 1611 824 et
1682 762 2040 824 occiderent
2109 760 2493 841 pontiﬁcem.
2554 762 2730 821 Tunc
2800 761 3071 823 Romani
3141 781 3361 824 omnes
3432 782 3574 825 eum

310 882 518 942 secuti
572 879 1211 961 comprehenderunt,
1273 885 1336 941 et
1382 898 1524 940 cum
1571 879 1699 940 ﬁlio
1758 897 1871 941 suo
1933 878 2404 939 interfecerunt.
2463 877 2614 936 Post
2670 875 2838 936 hunc
2898 875 2974 957 (ὁ)
3032 883 3096 937 et
3153 879 3409 939 Petrum
3465 879 3575 940 du-

310 1016 480 1070 cem,
541 997 855 1059 dicentem
913 1001 1135 1057 contra
1191 995 1553 1076 pontificem
1612 993 1984 1075 imperatori
2039 992 2359 1072 scripsisse
2421 990 2517 1072 (ο),
2578 992 3015 1053 turbaverunt.

401 1119 567 1172 185
614 1111 817 1190 Igitur
859 1110 1248 1171 dissensione
1292 1111 1459 1170 facta
1502 1110 1567 1171 in
1613 1109 1898 1190 partibus
1942 1110 2276 1182 Ravennae,
2325 1107 2431 1168 alii
2476 1106 2934 1167 consentientes
2976 1107 3286 1187 impietati
3327 1108 3417 1191 (d)
3460 1110 3571 1172 im-

311 1227 651 1309 peratoris,
712 1226 820 1287 alii
884 1245 1029 1287 cum
1091 1226 1388 1306 pontiﬁce
1450 1230 1513 1288 et
1574 1224 1863 1286 ﬁdelibus
1925 1243 1989 1285 se
2048 1227 2352 1297 tenentes,
2397 1222 2565 1283 intra
2609 1220 2677 1302 (ρ)
2734 1240 2840 1284 eos
2903 1224 3303 1285 contentione
3366 1231 3560 1300 mota,

313 1343 589 1405 Paulum
639 1343 974 1423 patricium
1020 1341 1405 1404 occiderunt.
1456 1339 1889 1421 Longobardis
1950 1358 2099 1401 vero
2160 1336 2442 1400 IEmelia:
2488 1344 2693 1400 castra
2734 1340 3128 1414 Ferorianus,
3179 1342 3560 1418 Montebelli,

311 1458 662 1521 Verablum
708 1458 795 1539 (Γ)
837 1476 980 1520 cum
1019 1458 1146 1518 suis
1190 1458 1440 1539 oppidis
1480 1459 1657 1520 Buxo
1702 1462 1767 1518 et
1811 1455 2162 1518 Pernicteta
2206 1454 2316 1535 (g),
2361 1455 2726 1535 Pentapolis
2786 1474 3037 1537 quoque
3099 1462 3160 1518 et
3214 1460 3567 1522 Auximana

231 1579 269 1636 5
314 1576 542 1637 civitas
585 1593 650 1635 se
694 1574 1114 1636 tradiderunt.
1162 1575 1311 1635 Post
1372 1573 1632 1654 aliquod
1675 1588 1824 1633 vero
1883 1576 2134 1650 tempus
2184 1568 2563 1650 Eutychium
2629 1570 2963 1649 patricium
3027 1574 3405 1650 eunuchum,
3457 1578 3566 1658 qui

308 1691 556 1753 dudum
603 1689 915 1752 exarchus
958 1689 1184 1765 fuerat,
1231 1689 1560 1770 Neapolim
1604 1687 1776 1748 misit
1819 1687 2185 1767 imperator,
2238 1690 2306 1746 ut
2347 1685 2504 1745 illud
2548 1686 2717 1765 quod
2762 1688 3071 1750 exarchus
3112 1690 3366 1766 Paulus,
3417 1712 3564 1773 spa-

308 1806 509 1868 tharii
554 1824 807 1887 quoque
851 1811 915 1867 et
981 1806 1193 1867 caeteri
1253 1806 1567 1867 malorum
1633 1803 2067 1866 consiliatores
2129 1804 2336 1863 facere
2398 1802 2841 1882 nequiverunt,
2890 1806 3221 1884 perﬁceret
3260 1808 3407 1884 ille;
3455 1810 3562 1870 sed

306 1940 425 1983 nec
468 1922 584 1997 sic,
630 1921 929 1983 innuente
975 1921 1060 2002 (Ιι)
1101 1923 1254 1995 Deo,
1299 1920 1487 1981 latuit
1530 1919 1903 1981 miserabilis
1962 1918 2168 1992 dolus,
2213 1918 2323 1979 sed
2385 1917 2610 1978 claruit
2670 1919 2910 1979 cunctis
2968 1922 3308 2000 pessimum
3353 1925 3559 1986 consi-

306 2037 491 2111 lium,
541 2037 693 2117 quia
736 2036 805 2118 (ι)
852 2036 1080 2098 Christi
1140 2036 1377 2098 violare
1438 2036 1837 2097 conabantur
1897 2034 2210 2107 ecclesias,
2277 2038 2339 2095 et
2398 2034 2658 2113 perdere
2722 2039 2980 2095 cunctos
3041 2042 3230 2117 atque
3291 2038 3561 2119 diripere

192 2154 268 2214 10
307 2153 601 2216 omnium
647 2153 815 2215 bona
858 2152 954 2233 (j).
1003 2155 1284 2233 Cumque
1349 2152 1624 2213 mitteret
1685 2151 2010 2213 hominem
2074 2149 2400 2230 proprium
2461 2150 2727 2211 Romam
2789 2168 2932 2212 cum
2994 2154 3240 2234 scriptis
3300 2157 3448 2231 suis,
3496 2158 3560 2218 in

309 2269 548 2350 quibus
591 2268 1055 2343 continebatur,
1102 2274 1174 2330 ut
1216 2268 1501 2349 pontifex
1560 2268 1952 2330 occideretur
2012 2283 2156 2326 cum
2209 2264 2624 2346 optimatibus
2684 2269 2921 2340 Romae,
2990 2270 3205 2347 agnita
3260 2272 3560 2334 crudelis-

308 2384 472 2447 sima
519 2384 768 2446 insania
829 2384 1120 2464 protinus
1175 2385 1384 2464 ipsum
1448 2382 1817 2464 pratricium
1889 2382 2147 2443 missum
2196 2380 2274 2462 (k)
2320 2380 2606 2442 occidere
2668 2382 3028 2461 voluerunt,
3094 2385 3213 2445 nisi
3282 2387 3561 2451 defensio

309 2500 635 2581 pontiﬁcis
678 2500 877 2561 nimia
918 2500 1316 2581 prrepediset.
1364 2503 1597 2563 Verum
1660 2498 1949 2561 eumdem
2015 2495 2713 2558 anathematizaverunt
2765 2497 3144 2577 Eutycbium
3192 2501 3562 2579 exarchum,

306 2634 442 2677 sese
492 2615 709 2696 magni
752 2634 895 2677 cum
941 2616 1151 2697 parvis
1214 2615 1714 2695 constringentes
1776 2617 2173 2675 sacramento
2219 2630 2550 2692 nunquam
2596 2612 2955 2692 pontiﬁcem
3004 2614 3374 2679 Christiana:
3415 2619 3565 2681 ﬁdei

198 2732 266 2793 15
309 2731 579 2793 zelotem
624 2735 688 2792 et
741 2730 1161 2794 Ecclesiarum
1219 2731 1612 2793 defensorem
1675 2749 1740 2791 se
1802 2729 2164 2810 permittere
2226 2728 2464 2801 noceri,
2532 2732 2644 2788 aut
2703 2729 3005 2804 amoveri,
3052 2731 3160 2791 sed
3228 2734 3388 2795 mori
3448 2754 3562 2816 pro

306 2845 484 2909 illius
528 2846 732 2908 salute
790 2851 998 2908 essent
1059 2866 1279 2909 omnes
1323 2847 1551 2927 parati.
1608 2847 1871 2908 Munera
1935 2848 2082 2905 tunc
2142 2843 2291 2905 hinc
2357 2843 2503 2904 inde
2567 2842 2832 2904 ducibus
2891 2846 3455 2924 Longobardorum
3499 2859 3564 2913 et

308 2961 442 3038 regi
493 2961 861 3041 pollicentes
906 2961 974 3043 (ἰ)
1020 2962 1313 3043 plurima,
1364 2967 1436 3022 ut
1477 2962 1557 3023 ab
1594 2960 1921 3042 juvamine
1965 2959 2338 3021 desisterent
2381 2959 2697 3040 pontiﬁcis
2740 2979 2854 3040 per
2894 2980 3039 3022 suos
3080 2962 3320 3041 legatos
3363 2968 3559 3047 patri-

310 3076 441 3138 cius
489 3077 596 3140 ille
637 3078 966 3140 suadebat.
1013 3079 1129 3152 Qui
1174 3078 1492 3158 rescripsit
1537 3078 1642 3159 (ηπ)
1696 3076 2134 3139 detestandam
2202 3075 2320 3136 viri
2380 3076 2779 3138 dolositatem
2842 3078 3278 3159 despicientes,
3328 3102 3453 3144 una
3495 3104 3562 3146 se

308 3192 496 3272 quasi
538 3193 763 3255 fratres
806 3194 953 3255 ﬁdei
996 3199 1223 3258 catena
1263 3194 1776 3256 constrinxerunt
1835 3193 2102 3255 Romani
2162 3198 2352 3272 atque
2411 3193 2828 3271 Longobardi,
2879 3195 3306 3260 desiderantes
3350 3202 3564 3262 cuncti

193 3306 269 3366 20
310 3312 580 3369 mortem
624 3327 741 3388 pro
785 3309 1146 3371 defensione
1207 3309 1525 3390 pontiﬁcis
1586 3308 1894 3371 sustinere
1938 3307 2298 3387 gloriosam,
2348 3326 2674 3387 nunquam
2736 3308 2913 3370 illum
2976 3313 3220 3391 passuri
3282 3316 3559 3395 perferre

308 3422 687 3495 molestiam,
738 3442 852 3504 pro
898 3424 1020 3485 ﬁde
1061 3443 1212 3486 vera
1254 3431 1316 3486 et
1335 3425 1835 3487 Christianorum
1893 3429 2240 3485 certantem
2288 3422 2377 3503 (η)
2435 3424 2659 3486 salute.
2723 3426 2831 3487 His
2884 3426 2973 3487 ita
3028 3446 3093 3488 se
3151 3427 3557 3506 habentibus,

306 3536 502 3618 elegit
572 3537 777 3617 majus
834 3538 1196 3618 praesidium
1257 3545 1438 3621 pater
1494 3539 1575 3621 (0)
1634 3540 1741 3601 ille
1810 3538 2200 3600 destribuere
2278 3539 2661 3620 pauperibus
2737 3540 3090 3621 largissime
3162 3562 3353 3606 manu
3422 3565 3566 3625 quae

315 3652 693 3733 reperiebat,
740 3653 1110 3715 incumbens
1167 3655 1558 3717 orationibus
1615 3661 1677 3716 et
1724 3653 2008 3733 jejuniis,
2067 3658 2127 3714 et
2183 3653 2432 3714 letaniis
2488 3656 2689 3715 Deum
2746 3657 3023 3735 quotidie
3088 3659 3569 3739 deprecabatur.

304 3769 383 3829 Et
433 3787 548 3849 spe
599 3768 691 3830 ita
742 3770 1046 3831 manebat
1097 3789 1348 3851 semper
1403 3772 1599 3832 fultus
1658 3770 1799 3850 plus
1856 3787 2047 3849 quam
2106 3768 2461 3842 hominum,
2523 3769 2760 3849 gratias
2817 3777 3032 3834 tamen
3092 3775 3403 3838 voluntati
3460 3797 3581 3859 po-

207 3881 282 3941 25
321 3883 459 3964 puli
515 3884 792 3946 referens
849 3904 963 3966 pro
1023 3886 1250 3947 mentis
1305 3886 1655 3967 proposito,
1715 3884 1950 3945 blando
2007 3902 2228 3945 omnes
2285 3902 2598 3962 sermone,
2661 3892 2731 3946 ut
2797 3888 2979 3950 bonis
3047 3890 3113 3950 in
3172 3894 3370 3954 Deum
3429 3912 3583 3974 pro-

318 3999 583 4060 ﬁcerent
651 3999 895 4060 actibus
960 4006 1026 4061 et
1091 4002 1156 4061 in
1228 4000 1350 4062 ﬁde
1417 4001 1849 4081 persisterent,
1919 3998 2209 4077 rogabat,
2271 3999 2379 4059 sed
2450 4016 2529 4060 ne
2599 3999 2975 4063 desisterent
3045 4005 3126 4065 ab
3200 4026 3413 4070 amore
3481 4009 3586 4071 vel

313 4112 436 4173 ﬁde
494 4115 763 4175 Romani
817 4116 1069 4196 imperii
1124 4117 1531 4178 admonebat.
1565 4116 1656 4198 (p)
1711 4114 1813 4178 Sic
1872 4120 2244 4177 cunctorum
2304 4113 2499 4174 corda
2569 4114 2919 4190 molliebat,
2986 4126 3049 4179 et
3124 4122 3374 4187 dolores
3440 4144 3583 4187 con-

319 4227 530 4289 tinuos
582 4228 944 4309 mitigabat.

401 4352 566 4405 186
625 4344 862 4406 Eodem
920 4351 1204 4427 tempore
1262 4366 1377 4428 per
1431 4366 1494 4409 χι
1571 4347 1792 4409 indict.
1869 4346 2016 4407 dolo
2090 4363 2129 4405 a
2187 4342 2616 4423 Longobardis
2676 4351 3011 4424 pervaSum
3087 4358 3182 4413 est
3248 4356 3582 4420 Sueriense

313 4457 664 4534 castellum,
732 4459 903 4539 quod
962 4480 1074 4541 per
1128 4468 1382 4525 centum
1456 4464 1881 4544 quadraginta
1934 4462 2068 4522 dies
2129 4459 2214 4542 (q)
2271 4458 2350 4521 ab
2417 4458 2650 4520 eisdem
2721 4462 3155 4540 Longobardis
3224 4489 3580 4549 possessum

321 4578 438 4634 est.
491 4572 612 4633 Sed
669 4574 986 4654 pontiﬁcis
1047 4578 1261 4639 multis
1319 4579 1632 4640 continuis
1690 4578 1940 4658 scriptis
1997 4582 2186 4656 atque
2255 4574 2855 4636 commonitionibus
2920 4577 3000 4637 ad
3066 4598 3280 4660 regem
3354 4586 3579 4662 missis,

344 4687 635 4765 quamvis
688 4691 906 4752 multis
960 4692 1126 4754 datis
1206 4694 1594 4769 muneribus,
1660 4694 1864 4756 saltim
1918 4692 1998 4773 (r)
2053 4691 2346 4753 omnibus
2413 4691 2541 4752 suis
2614 4691 2921 4753 nudatum
2991 4694 3238 4774 opibus,
3309 4705 3583 4762 castrum

150 4884 168 4897 δ
250 4799 285 4855 5
327 4799 733 4867 donationem
793 4807 1170 4870 beatissimis
1226 4811 1529 4891 apostolis
1582 4813 1768 4873 Petro
1842 4815 1905 4872 et
1968 4808 2169 4870 Paulo
2241 4806 2586 4868 antefatam
2655 4808 2947 4870 emittens
3018 4812 3585 4890 Longobardorum

323 4934 429 4978 rex
487 4920 759 4985 restituit
812 4928 1004 5002 atque
1061 4925 1342 4987 donavit.
1400 4928 1491 4989 Eo
1565 4933 1776 4989 autem
1845 4932 2150 5005 tempore,
2214 4921 2558 4983 indictione
2627 4939 2735 4996 xu,
2799 4942 3014 4986 mense
3075 4926 3405 5001 Januario,
3474 4949 3587 5008 per

321 5030 533 5096 decem
594 5043 655 5099 ct
716 5040 989 5120 amplius
1045 5041 1177 5103 dies
1248 5043 1451 5117 stella,
1526 5064 1667 5124 qua:
1738 5041 1983 5104 Antifer
2036 5039 2108 5121 (ε)
2168 5037 2501 5111 vocitatur,
2568 5057 2709 5099 cum
2784 5040 2976 5100 radiis
3033 5040 3097 5100 in
3160 5042 3321 5103 caelo
3381 5062 3580 5124 appa-

327 5147 451 5207 ruit
505 5151 570 5211 in
628 5154 922 5229 Occiduo,
987 5156 1056 5237 (t)
1114 5156 1295 5237 cujus
1354 5159 1515 5219 radii
1588 5164 1799 5239 partes
1865 5154 2193 5236 Aquilonis
2267 5151 2708 5230 respiciebant,
2769 5157 2831 5211 et
2896 5174 3091 5235 usque
3160 5157 3241 5217 ad
3304 5158 3582 5220 medium

325 5264 551 5328 coelum
608 5288 675 5330 se
734 5271 1181 5333 extendebant.
1242 5275 1330 5334 Eo
1388 5293 1535 5335 vero
1616 5280 1898 5352 tempore
1969 5269 2198 5348 saepius
2270 5266 2422 5327 dicti
2496 5266 2842 5346 Eutychius
2912 5271 3211 5349 patricius
3285 5279 3348 5333 et
3412 5275 3587 5336 Luit-

217 5368 288 5429 10
327 5381 600 5453 prandus
658 5403 765 5445 rex
838 5386 1117 5448 inierunt
1190 5388 1522 5470 consilium
1600 5387 1936 5458 nefarium,
1998 5388 2069 5444 ut
2140 5380 2540 5459 congregatis
2609 5381 2988 5445 exercitibus
3062 5404 3169 5445 rex
3242 5386 3586 5466 subjiceret

1344 5538 1597 5584 NOTULE
1638 5533 2025 5581 MARGINALES
2067 5528 2384 5575 FABROTTI.

240 5626 338 5716 ξφ
372 5636 776 5716 BaAQdPiane-
866 5643 943 5711 (ὁ)
977 5644 1112 5716 Post
1143 5643 1271 5699 hoc.
1361 5649 1432 5712 (ρ)
1460 5646 1523 5707 Β,
1555 5645 1783 5716 dicente

2034 5638 2086 5691 -ίί
2125 5634 2289 5716 εμπεκά
2342 5636 2543 5716 ορηίγίι
2573 5634 2924 5716 Ροῑξιίίῖοοφ
2975 5656 3211 5716 quoque.
3242 5641 3583 5713 SOPiPSisset

195 5692 939 5784 gramina““(nimii
964 5692 2053 5784 (ﬁngar...ninamn;v.....r...m.
2115 5692 2190 5784 (ὁ)
2230 5692 2623 5784 essent.
2662 5705 2957 5784 νυωοηιξο.
2990 5692 3593 5784 ἴω)’ληἰηὲῐιὶέῗῶῐί,

343 5776 428 5855 ¹(1)
460 5779 521 5855 Β,
556 5776 753 5838 omnia
773 5783 917 5838 loca.
973 5776 1061 5851 Ut)
1093 5786 1384 5840 sententia
1416 5787 1657 5841 Romani
1711 5783 1979 5855 protinus
2022 5780 2208 5855 ipsius
2241 5776 2780 5855 Patriciihmissuin.
2844 5779 2901 5855 (ι)
2934 5776 3234 5855 pollicens.
3287 5787 3387 5851 (τη)
3424 5776 3595 5851 Β,’θχ

188 5844 433 5927 ξῩῙῘΙζὶίὲο
486 5854 568 5927 (η)
599 5858 908 5927 certantes.
967 5844 1052 5923 (ὀ)’
1075 5871 1242 5926 papa.
1303 5858 1381 5927 (ρ)
1410 5860 1620 5912 Βανοη,
1653 5844 1733 5911 ad

2048 5844 2134 5904 ’ίη
2162 5847 2299 5919 ﬁne.
2360 5849 2437 5915 (ᾳ)
2468 5844 2532 5911 B,
2566 5845 2803 5901 40‘dies.
2863 5844 2951 5918 (ri
2966 5854 3180 5906 tamen.
3214 5844 3380 5923 (ηας
3429 5844 3591 5912 ain-1-

187 5900 355 5982 ῖθτιΤ·
383 5900 1381 5997 ιιιόίὲὲτῖ⁷’(ἰῖᾟᾶἷ·ὶ›η“.”ἱιῖιῆῗἲὲθὶω
1410 5900 1505 5912 ””’
1526 5900 1620 5962 ”’”ί
