3922 6206
383 209 510 276 038
1493 215 1801 279 ANASTA
1810 216 1910 280 Sil
1947 217 2610 282 BiBLIOTHECABII.
3607 221 3794 287 ιωιι

344 208 383 274 «ι

347 343 534 428 huius
555 343 836 428 facinoris
859 345 1143 428 memoria
1171 346 1480 428 deperiret,
1513 348 1820 428 Anastasip
1861 349 1994 428 huic
2024 352 2080 419 Α
2105 350 2414 428 Altissimi,
2447 369 2622 426 quem
2654 352 2715 411 in
2743 351 3007 428 apostolo
3034 370 3163 418 ,suo
3213 357 3382 414 Petro
3427 355 3782 415 mirabilem

349 416 537 474 codici
567 417 939 474 inserendam
969 416 1266 476 duximus'
1295 419 1370 476 ad
1417 421 1698 494 majorem
1747 420 1994 496 gloriam
2024 416 2080 419 ﬂ
2107 416 2512 497 przedicamus.

1402 761 1600 836 XCll.
1657 765 2028 840 SANCTUS
2077 767 2544 842 GREGORIUS
2595 769 2708 842 ill.

1376 932 1544 978 anno
1586 933 1823 979 CHRISTI
1864 916 2004 990 731,
2053 933 2260 980 Leonis
2301 935 2569 983 ISAURICI
2619 921 2719 982 l6.

601 1187 766 1241 190
809 1181 1143 1262 Gregorius
1185 1184 1428 1259 tertius,
1474 1185 1730 1248 natione
1793 1186 2010 1267 Syrus,
2056 1205 2135 1249 ex
2195 1193 2375 1268 patre
2417 1188 2687 1262 Joanne,
2731 1186 2895 1250 sedit
2954 1205 3156 1248 annos
3211 1185 3457 1260 decem,
3516 1204 3786 1248 menses

510 1300 680 1368 octo,
741 1294 876 1358 dies
929 1297 1150 1378 viginti
1209 1300 1319 1382 (a).
1381 1303 1492 1363 Vir
1555 1302 1922 1364 mitissimus
1982 1309 2047 1365 et
2114 1302 2296 1365 valde
2375 1303 2648 1384 sapiens,
2707 1303 2773 1364 in
2853 1302 3081 1365 divinis
3155 1299 3500 1383 Scripturis
3576 1301 3782 1363 sum-

511 1409 751 1473 cienter
806 1413 1170 1494 instructus,
1239 1420 1452 1480 Graeca
1527 1419 1874 1500 Latinaque
1952 1418 2171 1500 lingua
2249 1419 2553 1493 eruditus,
2624 1417 2902 1498 psalmos
2969 1437 3190 1480 omnes
3277 1436 3390 1498 per
3467 1416 3776 1480 ordinem

515 1526 876 1588 memoriter
927 1530 1226 1606 retinens,
1289 1538 1352 1594 et
1408 1533 1474 1594 in
1535 1551 1752 1594 eorum
1814 1535 2100 1597 sensibus
2159 1533 2567 1596 subtilissima
2634 1532 3085 1595 exercitatione
3155 1531 3437 1593 limatus.
3507 1531 3776 1611 Lingua

431 1642 471 1700 5
513 1660 765 1722 quoque
808 1644 871 1704 in
917 1645 1185 1707 lectione
1228 1648 1449 1728 polita,
1495 1649 1865 1712 exhortator
1904 1651 2186 1713 omnium
2245 1649 2554 1710 bonorum
2616 1666 2905 1728 operum,
2953 1647 3252 1729 plebique
3312 1648 3775 1710 ﬂorentissime

511 1756 814 1820 salutaria
874 1761 1241 1840 praedicans,
1300 1763 1447 1826 fidei
1506 1764 1838 1828 catholicae
1899 1773 1963 1829 et
2020 1765 2384 1849 apostolica:
2444 1764 2822 1826 immutilate
2883 1769 3316 1839 conservator,
3393 1759 3776 1844 perenniter

509 1889 622 1932 sua
668 1874 927 1949 monita,
974 1877 1166 1939 corda
1207 1878 1487 1942 ﬁdelium
1528 1882 1964 1957 corroborans,
2013 1881 2387 1945 orthodoxm
2431 1879 2577 1942 ﬁdei
2621 1879 2957 1941 aemulator
2998 1896 3072 1940 ac
3132 1879 3427 1940 defensor
3485 1878 3771 1940 fortissi-

513 2005 674 2054 mus.
721 1993 1114 2071 paupertatis
1173 2002 1441 2069 amator,
1486 2003 1552 2058 et
1607 2015 1760 2077 erga
1819 1997 2039 2078 inopes
2100 1997 2386 2078 provisor
2450 1996 2532 2078 (ὁ)
2594 2015 2720 2058 non
2784 1995 2988 2057 solum
3051 1994 3282 2056 mentis
3344 1993 3601 2075 pietate,
3648 1994 3771 2057 sed

511 2104 701 2166 studii
759 2107 858 2168 sui
916 2108 1132 2172 labore
1193 2111 1520 2187 sollicitus,
1581 2115 1975 2194 captivorum
2039 2113 2228 2176 etiam
2291 2113 2672 2194 redemptor,
2731 2109 3168 2191 orphanorum
3231 2125 3486 2191 quoque
3536 2116 3600 2172 ct
3665 2109 3768 2172 vi-

392 2220 471 2280 10
509 2219 780 2284 duarum
846 2224 1131 2306 largitor,
1191 2230 1544 2292 necessaria
1621 2230 1924 2306 tribuens,
1988 2237 2238 2292 amator
2307 2228 2734 2309 religiositatis
2792 2227 2858 2288 in
2925 2225 3283 2288 Christiana
3352 2243 3579 2286 norma
3651 2225 3765 2306 (ο),

511 2339 575 2395 et
641 2336 931 2418 religiose
1000 2341 1355 2405 volentibus
1416 2345 1624 2407 vivere
1693 2351 1756 2408 et
1814 2346 1926 2408 Dei
1983 2346 2277 2408 timorem
2338 2344 2724 2407 habentibus
2767 2341 2876 2425 (ἀ),
2923 2342 2989 2405 in
3050 2341 3177 2404 suis
3238 2337 3604 2422 praecl-diis
3664 2341 3763 2404 di-

511 2449 708 2512 lector
766 2452 844 2536 (ε)
913 2456 1207 2533 existens,
1279 2461 1408 2523 Deo
1473 2462 1748 2537 favente,
1805 2462 2089 2544 pervenit
2157 2460 2236 2523 ad
2306 2479 2553 2523 sacrum
2625 2460 2916 2522 ordinem
2988 2456 3480 2540 presbyteratus.
3554 2459 3761 2531 Quem

512 2567 631 2629 viri
675 2572 939 2632 Romani
981 2591 1089 2635 seu
1132 2592 1352 2638 omnes
1398 2579 1639 2660 populi,
1687 2597 1724 2640 a
1767 2597 1998 2660 magno
2041 2597 2241 2660 usque
2283 2580 2363 2640 ad
2409 2595 2698 2660 parvum,
2741 2577 2960 2638 divina
2999 2575 3410 2656 inspiratione
3453 2574 3760 2654 permoti,

513 2684 723 2747 subito
763 2705 932 2759 eum.
978 2689 1128 2753 dum
1170 2690 1310 2771 ejus
1363 2694 1656 2756 decessor
1695 2695 1774 2757 de
1817 2693 1939 2758 hoc
1993 2694 2225 2757 saeculo
2287 2694 2640 2775 migrasset,
2686 2692 2837 2754 dum
2901 2694 3048 2753 ante
3109 2691 3407 2752 feretrum
3462 2687 3524 2752 in
3569 2687 3762 2752 obse-

397 2803 472 2863 15
518 2803 668 2884 quin
711 2804 807 2866 sui
849 2808 1262 2870 antecesseris
1303 2814 1468 2871 esset
1509 2808 1790 2873 intentus
1834 2809 1931 2892 (/),
1967 2811 2025 2873 vi
2067 2810 2477 2873 abstollentes
2526 2809 2587 2870 in
2633 2807 3038 2890 pontiﬁcatus
3079 2805 3363 2868 ordinem
3407 2805 3760 2884 elegerunt.

599 2929 751 2981 sos
814 2922 959 2983 Fuit
1015 2929 1224 2986 autem
1299 2926 1686 3007 temporibus
1745 2927 1971 2988 Leonis
2055 2932 2120 2988 et
2175 2925 2574 2988 Constantini
2633 2924 3118 3005 imperatorum,
3180 2940 3257 2984 ea
3317 2921 3758 3002 persecutione

513 3044 837 3117 grassante
880 3057 1023 3120 quae
1067 3060 1178 3120 per
1218 3040 1389 3123 ipsos
1433 3049 1608 3105 mota
1661 3047 1756 3106 est
1813 3041 1894 3104 ad
1961 3041 2419 3124 depositionem
2482 3047 2546 3104 et
2606 3038 3096 3102 destructionem
3140 3049 3465 3098 sacrarum
3529 3037 3760 3116 imagi-

513 3171 663 3214 num
707 3155 955 3216 Domini
1000 3156 1196 3218 nostri
1253 3158 1399 3220 Jesn
1461 3158 1690 3221 Christi
1751 3165 1815 3221 et
1873 3163 2106 3221 sanctas
2149 3157 2259 3221 Dei
2304 3158 2654 3230 Genitricis,
2701 3161 3065 3218 sanctorum
3126 3152 3558 3234 apostolorum
3615 3171 3757 3213 om-

513 3269 814 3351 niumque
879 3277 1241 3335 sanctorum
1305 3280 1368 3336 et
1422 3277 1876 3351 confessorum,
1938 3294 2056 3356 pro
2118 3275 2349 3356 quibus
2417 3273 2617 3336 isdem
2681 3271 3116 3335 sanctissimus
3187 3269 3305 3344 vir,
3365 3275 3436 3330 ut
3495 3265 3577 3329 ab
3637 3266 3763 3330 hoc

435 3386 472 3447 8
513 3385 949 3468 resipiscerent
993 3407 1066 3451 ac
1135 3408 1201 3451 se
1275 3397 1673 3454 removerent
1741 3410 1977 3466 errore,
2034 3389 2518 3454 commonitoria
2589 3389 2827 3469 scripta
2893 3387 3110 3467 vigore
3174 3383 3526 3467 apostolica
3594 3385 3766 3446 sedis

513 3502 801 3564 instituta
857 3504 961 3585 (g),
1022 3507 1557 3586 quemadmodum
1616 3514 1679 3570 et
1735 3513 1968 3570 sanctae
2022 3505 2344 3570 memorias
2401 3506 2693 3568 decessor
2746 3504 2948 3585 ipsius
3017 3503 3356 3576 direxerat,
3415 3499 3592 3563 misit
3645 3519 3764 3582 per

515 3618 848 3698 Georgium
905 3619 990 3700 (Ιι)
1048 3622 1482 3702 presbyterum
1533 3623 1632 3704 (ι).
1680 3625 1799 3697 Qui
1856 3624 2138 3686 humano
2188 3622 2414 3684 ductus
2470 3621 2720 3696 timore,
2781 3639 2908 3681 non
2976 3616 3195 3681 eadem
3262 3617 3498 3699 scripta
3553 3616 3760 3698 impe-

513 3733 707 3794 ratori
764 3736 1066 3816 porrexit.
1127 3737 1242 3810 Qui
1295 3745 1636 3816 revertens,
1696 3758 1908 3802 secum
1965 3739 2034 3801 in
2089 3738 2407 3802 civitatem
2470 3737 2820 3800 Romanam
2878 3734 3184 3797 reducens
3237 3733 3359 3814 ipsi
3432 3733 3764 3794 sanctissi-

515 3867 619 3910 mo
674 3851 958 3931 pontiﬁci
1013 3851 1329 3934 patefecit,
1387 3857 1710 3917 confessus
1763 3871 1830 3918 se
1885 3855 2121 3917 faciens
2173 3873 2352 3917 reum
2414 3853 2642 3934 culpae.
2700 3852 2899 3926 Quem
2972 3868 3207 3930 magna
3263 3847 3760 3911 comminatione

396 3963 472 4025 l0
513 3964 799 4046 pontifex
859 3965 994 4049 ipse
1067 3966 1268 4032 voluit
1339 3968 1420 4032 ab
1490 3969 1712 4034 ordine
1789 3970 2166 4033 sacerdotali
2237 3969 2513 4052 privare.
2568 3965 2681 4030 Cui
2759 3966 3071 4028 residente
3141 3964 3408 4027 concilio
3477 3960 3588 4046 ω,
3653 3961 3760 4026 sed

512 4081 884 4145 obsecrante
955 4089 1086 4146 tam
1161 4084 1428 4148 concilio
1504 4104 1695 4168 quam
1773 4085 2208 4168 optimatibus,
2269 4091 2342 4147 ut
2395 4104 2524 4146 non
2602 4083 3044 4164 deponeretur,
3105 4080 3218 4143 sed
3287 4079 3490 4160 magis
3561 4079 3762 4141 isdem

513 4199 844 4280 presbyter
899 4200 1289 4281 pmnitentite
1339 4202 1817 4264 submitteretur
1872 4223 1889 4264 :
1951 4202 2072 4278 cui,
2134 4200 2432 4281 imposita
2502 4198 2699 4280 digna
2755 4197 3151 4279 paenitentia,
3202 4196 3432 4256 iterum
3485 4194 3764 4256 secundo

514 4332 656 4376 eum
713 4333 856 4377 cum
914 4315 1148 4378 eisdem
1206 4316 1431 4380 litteris
1485 4316 1738 4399 scriptis
1793 4316 1963 4398 apud
2020 4315 2256 4396 regiam
2317 4313 2544 4375 direxit
2602 4313 2846 4374 urbem.
2900 4311 3024 4374 Sed
3097 4309 3391 4390 nequiter
3454 4321 3764 4388 augmen-

514 4435 647 4492 tata
703 4430 786 4511 (Ic)
855 4431 1186 4512 dispositio
1257 4435 1626 4497 earumdem
1700 4434 2182 4514 imperatorum,
2237 4430 2464 4493 eadem
2543 4426 2935 4491 venerabilia
3007 4426 3243 4508 scripta
3309 4425 3376 4488 in
3454 4424 3766 4488 Siciliensi

398 4546 473 4606 15
515 4543 723 4608 insula
779 4546 1050 4610 retinere
1103 4547 1272 4620 fecit,
1327 4566 1444 4610 nec
1499 4549 1579 4611 ad
1640 4548 1859 4612 urbem
1919 4547 2157 4628 regiam
2215 4545 2598 4628 pertransire
2649 4543 2958 4626 permisit.
3014 4541 3139 4607 Sed
3191 4539 3489 4604 eumdem
3560 4541 3764 4622 porti-

515 4667 717 4723 torem
773 4680 935 4744 pene
987 4679 1101 4741 per
1153 4678 1391 4721 annum
1449 4660 1768 4742 integrum
1825 4664 1890 4724 in
1943 4661 2234 4724 exsilium
2291 4657 2621 4739 relegavit.

601 4777 874 4859 suam)
933 4775 1115 4838 Unde
1172 4773 1400 4855 majori
1454 4777 1601 4840 ﬁdei
1655 4779 1880 4840 ardore
1935 4783 2260 4860 permotus
2329 4775 2618 4856 pontifex
2690 4773 2994 4854 synedale
3065 4772 3387 4834 decretum
3467 4784 3614 4832 cum
3671 4788 3764 4832 sa»

517 4890 821 4953 cerdotali
904 4894 1217 4951 conventu
1294 4909 1507 4954 coram
1588 4899 1992 4956 sacrosancta
2064 4892 2459 4956 confessione
2533 4888 2910 4952 sanctissimi
2987 4887 3269 4968 corporis
3337 4883 3512 4948 beati
3597 4883 3766 4947 Petri

515 5007 795 5086 apostoli
852 5003 1292 5082 residentibus,
1349 5025 1491 5069 cum
1551 5009 1772 5071 eodem
1828 5028 2077 5072 summo
2133 5013 2197 5070 et
2251 5006 2601 5069 venerabili
2655 5019 2825 5086 papa
2880 5009 2946 5065 et
2999 5001 3510 5083 archiepiscopis,
3561 4997 3627 5062 id
3674 5006 3769 5062 est

515 5119 792 5185 Antonio
864 5118 1168 5183 Gradensi
1235 5122 1730 5205 archiepiscopo,
1787 5125 2034 5188 Joanne
2098 5123 2396 5206 episcopo
2470 5125 2860 5196 Ravennate,
2921 5138 3067 5182 cum
3142 5117 3389 5181 castoris
3455 5115 3769 5199 episcopis

437 5235 476 5295 5
518 5233 698 5296 istius
766 5235 1080 5316 Hesperiis
1138 5239 1335 5320 partis
1391 5258 1655 5303 numero
1708 5256 1880 5320 xcm,
1938 5259 2049 5303 seu
2125 5237 2507 5323 presbyteris
2571 5241 2807 5299 sancte
2880 5233 3073 5316 hujus
3145 5229 3510 5316 apostolica
3577 5231 3765 5307 sedis,

518 5350 872 5414 astantibus
936 5351 1306 5417 diaconibus
1377 5374 1522 5417 cum
1603 5362 1832 5418 cuncto
1919 5356 2112 5431 clero,
2199 5354 2520 5417 nobilibus
2601 5349 2794 5414 etiam
2877 5349 3274 5425 consulibus,
3352 5353 3424 5411 et
3506 5347 3767 5428 reliquis
3813 5342 3830 5354 ’

1539 5505 1784 5553 rerum
1820 5505 2204 5552 IAIGINALES
2244 5481 2566 5551 ransom.

429 5632 508 5718 (φ)
535 5630 685 5718 “:3:
718 5631 894 5718 4-3.2»
927 5631 989 5700 ον
1013 5633 1148 5718 ,ἀίω
1175 5634 1283 5718 25-.
1326 5633 1417 5718 (ὀὶ
1435 5647 1576 5718 area
1596 5632 1840 5718 inopem
1870 5630 2282 5718 ρωνίεξίοειοτξξε
2339 5633 2413 5718 ἐς)
2442 5633 2501 5686 οι
2525 5627 2873 5718 William;
2895 5643 3142 5718 29!???“
3176 5625 3280 5718 ,9?)
3292 5623 3771 5718 Mezentii?

360 5695 680 5779 rectorfo
734 5706 806 5779 (Γ)
836 5695 1106 5779 inventus
1137 5695 1344 5779 esset,‘
1385 5695 1477 5779 '(g)
1501 5695 1998 5779 qutagivigor'em,
2023 5707 2080 5759 et
2125 5695 2552 5779 institutionem
2584 5698 2744 5756 sedis
2773 5697 3132 5779 apostolicis.
3169 5697 3254 5770 (lt)
3291 5697 3355 5765 B,
3400 5695 3770 5770 Gregorium.

361 5774 429 5849 (ἰ)
457 5781 664 5839 Baros.
696 5771 832 5836 aiis.
862 5775 991 5836 73L
1048 5776 1119 5848 (j)
1149 5771 1808 5836 residens'tn'eoncilis."
1836 5777 1917 5848 (k)
1943 5778 2356 5850 argumuuata
2407 5774 2474 5847 (ι)
2501 5775 2719 5831 3mm.
2740 5771 2877 5829 mn.
2903 5771 3036 5828 132.
