3922 6206
113 285 285 348 [095
768 282 1137 346 HISTORIA
1182 282 1285 346 DE
1327 281 1537 347 VITlS
1577 283 1767 347 ROM.
1814 281 2149 346 PONT.-—
2174 282 2242 345 8.
2286 281 2734 348 GBEGOllIUS
2777 283 2884 347 III.
3370 285 3531 350 5026

282 416 659 481 Christianis
715 415 1012 497 plebibus
1061 416 1431 490 astantibus,
1494 416 1767 479 decrevit
1823 422 1892 477 ut
1946 416 2001 476 si
2055 415 2196 497 quis
2247 416 2565 498 deinceps,
2616 417 2893 497 antiquas
2941 421 3409 483 consuetudinis
3466 427 3530 485 ct

281 533 650 616 apostolicae
705 532 1005 594 Ecclesiae
1058 538 1347 594 tenentes
1398 533 1647 595 ﬁdelem
1704 551 1886 597 usum
1962 538 2396 606 contemnens,
2456 532 2756 594 adversus
2825 534 3114 598 eamdem
3170 539 3528 600 veneratio-

288 669 434 725 nem
491 668 813 715 sacrarum
872 650 1245 730 imaginum,
1306 648 1597 712 videlicet
1648 649 1762 711 Dei
1814 654 1882 710 et
1953 648 2205 711 Domini
2260 647 2460 712 nostri
2530 648 2674 711 Jesu
2750 647 3002 724 Christi,
3064 657 3130 712 et
3203 653 3531 716 Genitricis

159 770 245 830 se
287 766 427 848 ejus
507 783 763 847 semper
835 765 1099 847 virginis
1170 765 1602 827 immaculata
1664 771 1856 846 atque
1931 765 2222 845 gloriosas
2286 765 2520 840 Marias,
2581 765 2911 827 beatorum
2984 769 3413 848 apostolorum
3471 777 3534 834 et

286 883 571 947 omnium
629 888 992 943 sanctorum
1048 881 1369 962 depositor
1412 887 1603 962 atque
1652 880 2024 955 destructor,
2088 886 2153 942 et
2206 881 2580 960 profanator
2632 881 2732 943 vel
2791 882 3198 963 blasphemus
3274 887 3530 950 exstite-

288 1000 393 1074 rit,
452 999 535 1061 sit
590 997 861 1060 extorris
915 1017 954 1059 a
1008 1016 1272 1079 corpore
1330 1002 1395 1059 et
1451 996 1759 1077 sanguine
1825 996 2077 1058 Domini
2132 996 2335 1058 nostri
2384 996 2535 1059 Jesu
2593 996 2844 1071 Christi,
2911 998 3008 1060 vel
3066 1000 3257 1063 totius
3312 1003 3530 1065 Eccle-

290 1117 398 1178 siae
457 1115 722 1191 unitate,
780 1119 977 1195 atque
1028 1132 1359 1195 compage,
1418 1114 1588 1194 quod
1643 1119 1709 1175 et
1758 1111 2190 1194 subcriptione
2264 1129 2379 1173 sua
2454 1112 2823 1174 solemniter
2886 1114 3161 1176 universi
3233 1116 3531 1179 firmave-

290 1237 465 1308 runt,
521 1235 586 1293 et
638 1229 803 1295 inter
856 1234 1087 1291 caetera
1141 1228 1430 1291 instituta
1487 1227 1908 1309 probabilium
1968 1227 2522 1307 prmdecessorum,
2581 1228 3085 1292 orthodoxorum
3162 1233 3530 1313 pontificum

165 1348 248 1409 i5
293 1344 689 1409 adnectenda
743 1349 1111 1406 sanxerunt.

377 1468 545 1523 ιοι,
594 1462 743 1522 Post
799 1464 1121 1539 peractum
1196 1458 1389 1538 igitur
1462 1458 1583 1521 hoc
1638 1464 2058 1521 memoratum
2114 1460 2403 1539 superius
2450 1460 2749 1539 synodale
2817 1463 3247 1537 constitutum,
3278 1450 3531 1528 {iterum

296 1577 467 1640 misit
521 1575 650 1639 alia
698 1575 929 1637 similia
985 1575 1219 1656 scripta
1273 1575 1760 1638 commonitori-a
1800 1595 1919 1656 pro
1974 1575 2290 1655 erigendis
2343 1574 2535 1637 sacris
2588 1576 2993 1655 imaginibus,
3055 1599 3167 1659 per
3228 1581 3539 1643 Constan-

296 1694 501 1757 tinum
554 1691 973 1764 defensorem,
1033 1708 1176 1771 qum
1248 1691 1559 1763 similiter,
1618 1697 1689 1752 ut
1756 1692 2078 1753 anteriora
2147 1692 2407 1757 detenta
2476 1697 2645 1753 sunt.
2702 1695 2782 1755 Et
2855 1694 3228 1775 portitorem
3311 1717 3531 1760 eorum

295 1807 643 1872 fwtissima
693 1807 978 1870 custodia
1032 1807 1543 1868 constrinxerunt
1601 1826 1763 1888 pene
1828 1827 1948 1888 per
2010 1826 2247 1868 annum
2318 1808 2661 1887 integrum.
2719 1810 3127 1872 Postmodum
3203 1819 3414 1877 autem
3473 1815 3538 1877 vi

213 1926 255 1984 5
296 1925 653 1985 auferentes
708 1921 767 1983 ei
814 1922 952 2002 ipsa
1004 1922 1259 2003 scripta,
1318 1926 1381 1983 et
1454 1922 1910 1983 comminantes
1987 1922 2066 1996 ci,
2131 1928 2272 2003 post
2327 1923 2486 1984 tanti
2560 1925 2860 2005 temporis
2934 1928 3309 2003 custodiam,
3390 1950 3535 1992 eum

297 2039 700 2107 remiserunt.
749 2040 905 2100 Nam
955 2044 1019 2100 et
1072 2043 1301 2099 cuncta
1355 2038 1734 2118 generalitas
1786 2037 1967 2100 istius
2019 2039 2358 2119 provincim
2415 2040 2613 2101 Italiae
2668 2040 2959 2103 similiter
3030 2062 3145 2124 pro
3220 2046 3537 2127 erigendis

296 2155 691 2236 imaginibus
735 2154 1267 2235 supplicationum
1314 2154 1553 2234 scripta
1606 2153 1988 2214 unanimiter
2042 2154 2121 2214 ad
2178 2154 2428 2215 eosdem
2485 2154 2798 2235 principes
2852 2157 3244 2233 direxerunt,
3287 2181 3429 2241 quae
3474 2169 3540 2226 et

294 2274 437 2354 ipsa
489 2270 779 2339 similiter
832 2275 903 2332 ut
954 2271 1273 2332 anteriora
1327 2270 1545 2332 ablata
1597 2276 1745 2332 sunt
1802 2288 1841 2331 a
1896 2268 2115 2347 Sergio
2174 2269 2459 2349 patricio,
2521 2271 2829 2333 extratico
2911 2273 2986 2354 (α)
3049 2275 3242 2356 ipsius
3315 2278 3535 2341 insulre

299 2388 555 2451 Sicilia.
610 2390 699 2450 Ac
752 2387 883 2447 fere
936 2405 1051 2467 per
1104 2393 1247 2447 octo
1296 2404 1545 2448 menses
1616 2385 1878 2457 detenti,
1941 2384 2187 2445 remissi
2257 2392 2427 2457 sunt,
2488 2385 2779 2447 similiter
2852 2406 2995 2451 cum
3070 2392 3544 2471 exprobationis

177 2508 261 2568 i0
300 2504 558 2585 injuria,
611 2502 971 2584 portitores.
1035 2504 1111 2564 Et
1166 2502 1396 2563 iterum
1457 2501 1694 2567 faciens
1750 2501 2021 2562 domnus
2079 2518 2244 2580 papa
2302 2501 2769 2567 adhortatorias
2826 2503 3068 2565 litteras
3123 2525 3237 2585 pro
3293 2509 3544 2587 erigen-

302 2621 401 2682 dis
455 2619 897 2701 suprascriptis
951 2619 1145 2681 sacris
1198 2618 1580 2697 imaginibus
1639 2622 1702 2685 et
1775 2616 2147 2677 orthodoxae
2228 2615 2371 2676 fidei
2428 2616 2744 2690 firmitate,
2807 2618 3039 2681 dire-xit
3110 2640 3222 2702 per
3286 2625 3543 2686 Petrum

302 2739 699 2805 defensorem
756 2734 925 2815 apud
982 2734 1060 2815 (ὁ)
1108 2734 1350 2812 regiam
1404 2734 1649 2809 urbem,
1714 2738 1842 2793 tam
1894 2731 2226 2793 Anastasio
2283 2732 2555 2792 invasuri
2611 2731 2775 2793 sedis
2825 2736 3542 2818 Constantinopolitanae

301 2870 620 2935 quamque
679 2849 1069 2931 principibus
1122 2849 1314 2911 Leoni
1371 2855 1438 2911 et
1490 2847 1927 2911 Constantino.

388 2976 548 3029 194
612 2967 725 3027 Hic
780 2984 1108 3027 concessas
1178 2965 1297 3025 sibi
1369 2965 1697 3026 columnas
1772 2982 1878 3025 sex
1935 2964 2285 3044 onychinas
2340 2963 2646 3024 volubiles
2702 2965 2783 3025 ab
2858 2966 3169 3047 Eutychio
3239 2973 3541 3049 exarcho,

294 3084 479 3145 duxit
525 3101 632 3144 eas
697 3080 763 3143 in
836 3080 1163 3147 ecclesiam
1241 3080 1408 3142 beati
1481 3080 1651 3142 Petri
1728 3079 2021 3160 apostoli,
2082 3098 2244 3160 quas
2316 3081 2538 3140 statuit
2613 3080 2780 3141 circa
2853 3082 3311 3163 presbyterium
3390 3096 3539 3151 ante

301 3197 781 3271 confessionem,
844 3202 979 3258 tres
1018 3214 1059 3258 a
1113 3195 1350 3259 dextris
1421 3200 1486 3256 et
1559 3199 1686 3257 tres
1756 3213 1796 3255 a
1846 3193 2135 3270 sinistris,
2186 3192 2374 3273 juxta
2450 3194 2610 3255 alias
2682 3195 2973 3276 antiquas
3039 3216 3146 3260 sex
3224 3201 3357 3264 lilio
3424 3224 3541 3285 pa-

302 3333 406 3376 res
459 3312 557 3394 (c),
613 3331 803 3393 super
873 3329 1033 3391 quas
1106 3311 1315 3391 posuit
1372 3310 1603 3382 trabes,
1664 3316 1728 3370 et
1794 3309 2044 3370 vestivit
2106 3327 2213 3370 eas
2275 3314 2541 3388 argento
2615 3310 3051 3374 mundissimo.
3111 3315 3179 3375 ln
3255 3335 3387 3398 quo
3458 3319 3547 3403 (εἰ)

214 3431 255 3490 5
298 3432 451 3491 sunt
500 3445 811 3511 expressis
875 3426 955 3488 ab
1022 3445 1147 3495 uno
1200 3427 1396 3488 latere
1451 3424 1698 3505 effigies
1766 3424 2117 3487 Salvatoris
2191 3430 2256 3486 et
2329 3424 2789 3504 apostolorum,
2846 3431 2912 3489 et
2985 3429 3067 3490 ab
3142 3431 3268 3494 alio
3346 3434 3544 3500 latere

302 3546 418 3608 Dei
472 3544 801 3607 Genitricis
855 3550 920 3605 et
972 3549 1291 3604 saetarum
1339 3541 1681 3622 virginum.
1740 3540 2079 3621 Posuitque
2134 3558 2324 3621 super
2379 3558 2489 3601 eas
2543 3539 2678 3602 lilia
2753 3547 2813 3604 et
2890 3542 3126 3625 pharos
3183 3546 3257 3628 (ε)
3317 3568 3547 3631 argen-

302 3666 461 3736 teos,
521 3678 697 3740 pens.
754 3658 818 3719 in
872 3676 1067 3721 unum
1121 3657 1233 3718 lib.
1289 3657 1693 3737 septuaginta
1746 3655 1852 3736 (Γ).
1904 3655 2015 3716 Hic
2065 3656 2208 3716 fecit
2261 3655 2608 3717 oratorium
2658 3657 2828 3719 intra
2873 3662 3160 3723 eamdem
3221 3663 3545 3729 basilicam

296 3777 485 3859 juxta
542 3794 755 3836 arcum
826 3774 1238 3856 principalem
1298 3780 1475 3854 parte
1512 3820 1517 3825 ς
1553 3773 1859 3848 virorum,
1909 3772 1973 3837 in
2046 3791 2172 3851 quo
2246 3772 2599 3834 recondidit
2672 3773 2735 3833 in
2824 3774 3132 3840 honorem
3208 3780 3550 3846 Salvatoris

302 3898 665 3972 sanctisque
721 3891 857 3971 ejus
913 3890 1247 3953 Genitricis
1304 3889 1625 3969 reliquias,
1685 3892 2178 3967 sanctorumque
2247 3888 2702 3968 apostolorum,
2760 3892 2860 3951 vel
2937 3894 3223 3957 omnium
3294 3905 3547 3962 sancto-

178 4014 261 4075 10
314 4028 453 4071 rum
532 4014 878 4087 martyrum
954 4024 1029 4067 ac
1094 4006 1548 4078 confessorum,
1624 4003 2171 4084 perfectorumque
2235 4002 2553 4081 justorum
2640 4010 2773 4065 toto
2849 4007 2913 4067 in
2998 4010 3153 4072 orbe
3240 4018 3550 4078 terrarum

303 4122 856 4203 requiescentium.
918 4121 1199 4193 Quorum
1257 4120 1420 4181 festa
1475 4117 1834 4198 vigiliarum
1892 4136 1932 4178 a
1987 4117 2316 4179 monachis
2376 4117 2563 4179 trium
2624 4122 3153 4186 monasteriorum
3229 4127 3359 4190 illic
3428 4151 3553 4193 ser-

303 4239 608 4300 vientium
665 4237 947 4318 quotidie
1018 4255 1132 4317 per
1188 4236 1477 4297 ordinem
1550 4233 1884 4297 existentia
1939 4233 2052 4314 (g),
2118 4240 2310 4313 atque
2383 4233 2812 4297 natalitiorum
2893 4238 3112 4299 missas
3186 4241 3251 4301 in
3329 4245 3550 4309 eodem

306 4355 447 4427 loco
502 4353 819 4416 celebrare
875 4352 1213 4414 instituens
1269 4351 1378 4433 (li).
1439 4351 1503 4411 in
1551 4368 1790 4431 capone
1838 4350 2042 4411 missae
2102 4348 2177 4431 (τ’)
2234 4349 2354 4411 hoc
2409 4350 2643 4430 adjecit
2710 4351 2801 4412 ita
2853 4372 2891 4413 a
2948 4356 3273 4418 sacerdote
3345 4360 3557 4422 dicen-

307 4471 459 4531 dum
518 4487 536 4531 :
598 4468 867 4544 Quorum
917 4466 1250 4528 rolemm’tas
1323 4465 1494 4528 hodie
1571 4467 1632 4527 in
1708 4474 2012 4547 conspectu
2089 4475 2207 4527 (nae
2254 4466 2588 4547 maiestatis
2655 4466 3015 4546 celebratur,
3086 4472 3332 4535 Domine
3394 4474 3555 4539 Deus

176 4589 261 4649 15
306 4594 525 4659 norm,
572 4585 640 4645 in
696 4592 816 4647 toto
870 4582 1012 4645 orbe
1070 4592 1387 4644 terrarum.

398 4707 561 4760 ινδ
617 4701 819 4775 Quam
877 4697 1345 4761 institutionem
1403 4696 1470 4758 in
1526 4696 1748 4760 eodem
1807 4697 2084 4760 oratorio
2157 4697 2390 4761 tabulis
2462 4698 2728 4781 lapideis
2796 4700 3190 4765 conscribere
3258 4705 3425 4780 fecit,
3487 4707 3554 4771 in

308 4834 439 4898 quo
497 4815 733 4877 faciens
788 4815 1145 4896 pergulam,
1204 4813 1481 4876 contulit
1534 4813 1710 4875 dona
1758 4813 2150 4875 diversarum
2212 4814 2588 4895 specierum,
2650 4817 2715 4878 id
2789 4823 2910 4906 est_
2948 4817 3279 4897 gabathas,
3332 4837 3557 4886 aureas

309 4932 492 5003 duas,
554 4930 711 4992 alias
766 4930 1006 4991 savicas
1064 4947 1327 4991 numero
1384 4928 1690 5009 quinque,
1749 4946 1967 4990 cruces
2024 4929 2372 5008 pendentes
2425 4950 2691 4993 numero
2763 4939 3057 5013 quatuor.
3117 4936 3274 4996 Item
3341 4954 3557 5001 cruces

311 5046 604 5111 similiter
659 5045 748 5127 (j)
803 5063 1065 5109 numero
1134 5043 1375 5118 decem,
1454 5044 1701 5105 amulas
1773 5049 2221 5124 superauratas
2296 5046 2474 5126 paria
2550 5046 2677 5109 duo
2747 5049 3115 5129 pendentes,
3197 5050 3557 5114 ﬂbulatoria

224 5166 279 5226 5η
314 5180 584 5226 numero
655 5161 961 5242 quinque.
1019 5164 1334 5225 Coronam
1409 5178 1667 5222 auream
1738 5177 1882 5221 cum
1959 5177 2144 5221 cruce
2220 5161 2601 5240 pendentem
2672 5165 2937 5244 gemmis
3009 5173 3296 5229 ornatam
3368 5186 3559 5251 super

313 5278 535 5352 altare,
596 5283 895 5358 patenum
954 5282 1018 5339 et
1070 5276 1328 5340 calicem
1386 5291 1649 5336 aureum
1708 5290 1825 5354 par
1882 5292 2081 5335 unum
2130 5273 2214 5355 (lc)
2260 5276 2325 5336 in
2375 5277 2663 5355 gemmis,
2711 5280 3132 5359 aqummanile
3184 5290 3554 5360 argenteum

313 5412 434 5475 par
506 5412 730 5457 unum.
804 5396 887 5456 Et
957 5392 1300 5471 imaginem
1371 5395 1604 5452 sanctae
1682 5387 1795 5451 Dei
1870 5388 2199 5451 Genitricis
2274 5391 2567 5454 diadema
2639 5410 2901 5453 aureum
2984 5392 3325 5456 habentem
3411 5415 3553 5459 cum

314 5508 607 5589 gemmis,
663 5514 731 5599 et
779 5508 1010 5570 collare
1067 5525 1329 5569 aureum
1385 5524 1529 5567 cum
1601 5502 1867 5584 gemmis
1925 5504 2365 5584 pendentibus,
2426 5506 2681 5567 inaures
2753 5507 3057 5568 habentes
3113 5507 3556 5587 hyacinthinus

1333 5638 1583 5685 NOTULE
1622 5633 2011 5681 HARGINALBS
2047 5634 2367 5683 FABROTTI.

220 5739 303 5811 (a)
328 5740 395 5819 _C,_
426 5738 842 5819 et__strago‘_(b)
874 5738 978 5819 ad.
1027 5737 1098 5819 (ᾳ)
1127 5735 1602 5819 Ιξ,Λ1ιίᾠοροε-ἰαε.
1627 5730 2248 5819 C‘,‘Philopareas.”(d)
2278 5734 2346 5819 in.
2364 5732 2603 5819 quibus.
2655 5736 2724 5809 (ε)
2756 5735 2959 5810 phara.
3034 5736 3102 5811 (Γ)
3133 5735 3559 5813 septingentas.

220 5739 303 5811 (a)
330 5740 392 5805 C,
426 5742 485 5794 et
515 5742 712 5811 strage
791 5738 842 5819 b)
874 5738 967 5818 ad.
1027 5738 1098 5819 (ο)
1127 5738 1187 5804 Β,
1218 5738 1602 5817 Lithopurias.
1627 5738 2131 5817 C,.Philopareas..
2167 5738 2248 5802 (ά)
2278 5738 2337 5789 in
2369 5738 2603 5807 quibus.
2655 5739 2705 5804 (e

143 5814 230 5884 (ρ)
251 5809 657 5874 existentinm.
715 5738 797 5884 (b3
819 5812 1097 5869 instituit.
1152 5805 1218 5881 (ἢ
1250 5822 1445 5868 misse
1475 5806 1586 5869 hoc
1615 5805 1847 5877 adjecit.
1904 5805 1969 5879 (λ)
2000 5801 2245 5865 sumles.
2302 5806 2380 5879 (k)
2411 5808 2705 5880 paratum.
