3922 6206
370 254 522 318 1027
1057 261 1064 266 ’
1529 244 1916 306 ANASTASI

2267 240 2614 304 l‘llECARIl
3072 249 3076 252 ’
3630 246 3816 309 1028

530 405 660 447 sox.
707 385 788 444 Et
829 380 1052 443 faciem
1096 378 1314 440 altaris
1357 383 1418 439 et
1458 377 1920 438 confessionem
1963 393 2106 436 cum
2151 375 2384 453 regulis
2427 374 2678 436 vestivit
2718 379 3004 453 argento,
3050 380 3115 436 e‘t
3173 373 3238 436 in
3301 375 3505 437 tribus
3561 377 3810 440 lateri-

412 506 490 564 10
533 503 650 562 bus
691 498 908 560 altaris
969 496 1178 577 posuit
1240 511 1454 555 cruces
1509 498 1844 572 argenteas
1889 497 2035 563 tres,
2083 497 2374 570 pensant.
2418 490 2483 550 in
2549 508 2743 550 unum
2807 489 2952 550 libr.
2998 490 3262 569 triginta
3311 509 3446 554 sex.
3489 493 3808 557 Canistra

531 620 834 695 argentea
875 613 1037 685 duo;
1085 609 1341 670 calicem
1387 613 1756 686 argenteum
1803 606 2280 686 quotidianum;
2325 604 2659 666 coronulas
2703 610 3074 684 argenteum
3119 625 3343 681 unum,
3387 608 3501 688 qui
3543 609 3808 689 pendet

529 733 592 794 in
639 729 854 792 abside
895 726 1093 806 ipsius
1134 723 1421 797 oratorii,
1467 729 1532 784 et
1592 741 1781 802 super
1839 722 2126 783 eamdem
2187 720 2466 782 absidem
2528 737 2745 782 cruces
2804 727 3138 800 argenteas
3200 728 3350 795 tres,
3395 729 3461 784 et
3522 730 3803 796 caetera,

531 865 672 926 qure
714 845 780 904 in
823 845 1198 904 ornamento
1243 838 1546 918 pergulae,
1593 856 1701 898 seu
1746 837 1826 896 ad
1870 841 2072 912 vestes
2112 835 2329 896 altaris
2371 833 2678 896 ordinata:
2721 839 2889 896 sunt.

616 976 778 1028 199
823 967 935 1028 Hic
978 964 1122 1026 fecit
1163 965 1226 1024 in
1272 963 1533 1024 ecclesia
1576 967 1808 1023 sanctae
1851 961 1964 1022 Dei
2007 960 2336 1022 Genitricis
2379 960 2458 1020 ad
2502 962 2790 1039 Prmsepe
2853 978 2967 1040 per
3025 960 3356 1022 circuitum
3417 979 3617 1043 super
3673 982 3803 1026 co-

530 1087 782 1147 lumnas
825 1082 1112 1160 regulare
1154 1080 1609 1141 candelabrum
1655 1077 1736 1157 (a)
1782 1077 1864 1138 ad
1905 1077 2106 1136 instar
2145 1075 2424 1138 ecclesias
2466 1076 2636 1136 beati
2678 1075 2846 1136 Petri
2890 1077 3183 1156 apostoli.
3217 1077 3389 1138 Fecit
3429 1085 3496 1139 et
3537 1080 3798 1140 ibidem

527 1202 591 1263 in
635 1199 910 1262 oratorio
954 1201 1174 1258 sancto
1219 1195 1388 1276 quod
1430 1196 1719 1274 Przesepe
1762 1193 1990 1253 dicitur
2033 1192 2375 1271 imaginem
2421 1210 2677 1252 auream
2721 1191 2834 1253 Dei
2887 1192 3236 1265 Genitricis,
3286 1193 3801 1274 amplectentem

530 1318 920 1381 Salvatorem
991 1313 1328 1376 Dominum
1399 1313 1595 1371 Deum
1652 1316 1959 1381 nostrum,
2008 1327 2152 1370 cum
2195 1309 2462 1388 gemmis
2506 1307 2589 1389 (ὁ)
2630 1308 2910 1382 diversis,
2968 1327 3146 1389 pens.
3211 1309 3404 1370 libras
3465 1311 3797 1392 quinque.

451 1439 486 1495 ὃ
531 1435 642 1496 Hic
687 1430 1011 1494 renovavit.
1053 1435 1284 1490 tectum
1330 1428 1529 1488 sancti
1591 1425 1983 1505 Chrysogoni
2053 1423 2367 1503 martyris,
2415 1429 2478 1484 et
2539 1442 2852 1484 cameram
2919 1424 3048 1485 sive
3107 1423 3422 1503 parietum
3467 1425 3794 1506 picturas,

529 1549 834 1612 ciborium
868 1551 1077 1606 autem
1121 1545 1196 1604 de
1242 1547 1505 1621 argento
1548 1560 1658 1602 seu
1701 1558 1882 1601 arcus
1925 1540 2228 1620 quinque,
2275 1557 2452 1620 pens.
2498 1538 2564 1599 in
2633 1557 2831 1599 unum
2893 1538 3086 1599 libras
3129 1555 3326 1614 ccxx;
3375 1539 3485 1601 ubi
3544 1540 3798 1603 obtulit

529 1682 796 1728 coronas
856 1666 1186 1738 argenteas
1256 1664 1550 1739 quatuor,
1623 1656 2137 1738 pharacanthara
2197 1657 2348 1728 duo,
2412 1661 2706 1734 patenam
2797 1660 3162 1734 argenteam
3235 1674 3452 1732 unam,
3517 1658 3794 1719 calicem

527 1786 895 1861 argenteum
944 1795 1164 1849 unum,
1209 1793 1318 1836 seu
1361 1773 1550 1835 etiam
1595 1778 1658 1834 et
1701 1777 1900 1834 vestes
1943 1771 2180 1846 altaris,
2229 1789 2478 1832 necnon
2521 1775 2584 1832 et
2624 1769 2765 1830 vela
2809 1769 3009 1832 serica
3049 1769 3216 1844 alba,
3265 1778 3494 1833 ornata
3544 1772 3789 1847 blatto,

529 1897 1024 1974 circumquaque
1070 1890 1434 1971 pendentia.

616 2017 770 2070 ηπ
821 2005 1305 2084 Construxitque
1349 2003 1799 2065 monasterium
1835 2020 1985 2082 erga
2011 2002 2301 2064 eumdem
2349 2002 2596 2063 titulum
2637 2008 2999 2063 sanctorum
3046 2010 3392 2084 martyrum
3438 2003 3786 2084 Stephani,

529 2122 848 2188 Laurentii
892 2127 1080 2199 atque
1123 2118 1539 2198 Chrysogoni,
1586 2119 1974 2178 constituens
2017 2117 2250 2178 ibidem
2295 2117 2587 2179 abbatem
2622 2124 2684 2178 et
2715 2117 3170 2178 monachorum
3215 2119 3786 2198 congregationem

530 2242 606 2302 ad
656 2235 1100 2318 persolvendas
1142 2237 1270 2294 Deo
1314 2233 1534 2292 laudes
1576 2233 1639 2292 in
1683 2232 1902 2294 eodem
1975 2233 2156 2294 titulo
2221 2233 2462 2294 diurnis
2523 2239 2712 2313 atque
2757 2233 3084 2294 nocturnis
3141 2234 3558 2314 temporibus,
3607 2236 3786 2295 ordi-

529 2361 741 2416 natam
789 2349 1134 2414 secundum
1179 2347 1378 2408 instar
1420 2347 1495 2426 (c)
1541 2347 1891 2408 ofﬁciorum
1936 2347 2213 2409 ecclesia:
2256 2348 2424 2408 beati
2463 2348 2633 2409 Petri
2675 2348 2968 2427 apostoli,
3013 2354 3411 2429 segregatum
3484 2349 3788 2411 videlicet

445 2474 484 2531 5
528 2490 566 2532 a
601 2469 744 2549 jure
789 2465 1112 2547 potestatis
1157 2463 1501 2543 presbyteri
1546 2464 1830 2542 praedicti
1877 2463 2064 2523 tituli.
2111 2465 2180 2523 In
2227 2481 2353 2541 quo
2400 2463 2777 2524 monasterio
2822 2483 2936 2544 pro
3007 2463 3466 2526 sustentationc
3538 2464 3782 2526 ibidem

527 2586 693 2647 idem
739 2583 870 2662 ipse
914 2579 1344 2640 sanctissimus
1388 2578 1482 2637 vir
1526 2577 1763 2657 praedia
1805 2585 1868 2638 et
1909 2578 2080 2638 dona
2127 2584 2315 2656 atque
2381 2577 2681 2638 familiam
2753 2578 3020 2657 largitus
3079 2583 3194 2639 est.
3243 2580 3319 2640 Et
3375 2579 3613 2640 diversi
3666 2579 3784 2640 alii

528 2699 742 2762 ﬁdeles
785 2702 848 2757 et
889 2700 1205 2756 amatores
1247 2692 1498 2753 Domini
1542 2693 1742 2753 nostri
1783 2695 1930 2755 Jcsu
1977 2692 2209 2755 Christi
2251 2692 2317 2753 in
2361 2692 2580 2754 eodem
2625 2694 3008 2756 monasterio
3039 2699 3404 2756 sanctorum
3433 2694 3784 2775 Stephani,

525 2810 847 2876 Laurentii
890 2816 1080 2890 atque
1123 2807 1516 2888 Chrysogoni
1559 2807 1795 2887 prmdia
1840 2813 1903 2868 et
1945 2807 2114 2869 dona
2153 2806 2540 2868 devotissimi
2595 2807 3020 2870 contulerunt.
3070 2808 3274 2870 Simili
3333 2809 3527 2871 etiam
3587 2811 3780 2872 modo

525 2927 851 2991 renovavit
907 2924 1356 2987 monasterium
1443 2928 1804 2984 sanctorum
1889 2922 2152 2986 Joannis
2217 2921 2653 3000 Evangelistae,
2709 2923 2975 2986 Joannis
3039 2924 3360 3005 Baptistae,
3435 2931 3502 2986 et
3572 2927 3780 2988 sancti

408 3049 485 3108 10
529 3042 841 3107 Pancratii
910 3059 1090 3103 secus
1149 3039 1474 3100 ecclesiam
1547 3038 1892 3100 Salvatoris
1961 3037 2310 3117 antiquitus
2377 3037 2733 3099 institutum
2805 3037 2916 3120 (ά),
2962 3039 3131 3118 quod
3192 3039 3274 3101 ab
3319 3039 3496 3101 omni
3551 3040 3776 3102 ordine

526 3159 862 3224 monachio
906 3157 977 3238 (ρ)
1023 3157 1348 3216 exstiterat
1391 3154 1584 3214 nimia
1643 3153 1889 3214 incuria
1950 3153 2343 3214 destitutum.
2388 3154 2458 3214 In
2520 3171 2647 3232 quo
2708 3152 2947 3232 prmdia
3011 3159 3074 3215 et
3134 3153 3304 3216 dona
3369 3155 3662 3229 contulit,
3711 3163 3777 3217 et

527 3297 668 3357 quae
713 3276 1040 3336 invenerat
1080 3272 1158 3333 de
1201 3273 1337 3351 ipso
1385 3269 1766 3332 monasterio
1811 3268 2109 3341 alienata,
2157 3269 2400 3329 reddito
2443 3268 2670 3348 pretio,
2716 3269 2779 3328 in
2823 3267 3116 3330 eumdem
3189 3269 3398 3330 locum
3443 3271 3768 3357 restituit:

528 3343 635 3454 ubi
679 3396 741 3452 et
783 3388 1334 3468 congregationem
1380 3383 1836 3446 monachorum
1883 3389 1944 3444 et
1985 3383 2278 3444 abbatem
2325 3383 2650 3444 constituit
2691 3382 2773 3443 ad
2818 3383 3231 3463 persolvendo
3261 3385 3547 3464 quotidie
3589 3343 3772 3447 sacra

526 3506 735 3569 ofﬁcia
779 3505 981 3566 laudis
1041 3503 1269 3564 divinae
1313 3501 1378 3562 in
1423 3500 1681 3562 basilica
1723 3499 2067 3562 Salvatoris
2134 3499 2386 3560 Domini
2447 3499 2644 3560 nostri
2711 3501 2861 3562 Iesu
2914 3499 3165 3568 Christi.
3213 3520 3356 3581 qua‘.
3398 3502 3769 3563 Constanti-

407 3626 481 3688 15
525 3623 718 3684 niana
786 3623 1190 3698 nuncupatur
1249 3616 1434 3695 juxta
1507 3615 1850 3689 Lateranis,
1915 3615 2156 3675 diurnis
2220 3614 2670 3695 nocturnisque
2743 3615 3135 3695 temporibus
3203 3616 3520 3692 ordinata,
3584 3615 3772 3696 juxta

524 3739 725 3800 instar
766 3735 1119 3797 ofﬁciorum
1165 3732 1439 3794 ecclesia;
1483 3732 1653 3794 beati
1699 3731 1866 3793 Petri
1909 3730 2205 3811 apostoli.

609 3861 768 3913 198
814 3852 969 3912 Item
1015 3848 1352 3927 imaginem
1397 3856 1629 3909 sancta)
1671 3847 1780 3908 Dei
1824 3845 2150 3909 Genitricis
2193 3845 2519 3926 antiquam
2563 3847 3020 3926 deargentavit,
3069 3866 3142 3910 ac
3184 3848 3506 3910 investivit
3545 3867 3775 3929 argen-

526 3975 589 4030 to
660 3964 1091 4038 mundissimo,
1168 3981 1343 4044 pens.
1408 3961 1520 4022 lib.
1585 3961 2067 4042 quinquaginta.
2117 3962 2274 4022 Item
2346 3961 2494 4023 fecit
2556 3969 2850 4044 patenam
2921 3980 3181 4025 auream
3257 3982 3555 4044 magnam
3627 3981 3765 4026 cum

523 4082 786 4145 diversis
829 4079 1166 4161 lapidibus,
1213 4097 1390 4159 pens.
1436 4078 1524 4138 lib
1566 4094 1755 4148 XXVI;
1802 4083 1866 4138 et
1927 4076 2188 4137 calicem
2231 4077 2519 4138 similiter
2578 4097 2720 4139 cum
2783 4079 3074 4155 gemmis,
3120 4097 3300 4159 pens.
3355 4079 3466 4140 lib.
3515 4079 3771 4157 triginta

524 4205 796 4280 quatuor
842 4218 857 4260 :
905 4197 1193 4258 similiter
1234 4201 1298 4257 et
1340 4194 1684 4274 Evangelia
1726 4211 1919 4254 aurea
1978 4211 2122 4254 cum
2166 4193 2454 4272 gemmis,
2501 4213 2680 4273 pens.
2724 4194 2835 4264 lib,
2883 4194 3266 4274 quindecim.
3314 4195 3491 4257 Fecit
3558 4202 3768 4258 autem

442 4320 479 4378 5
523 4324 587 4379 et
630 4323 865 4379 tectum
911 4314 1154 4376 noviter
1196 4312 1382 4374 simul
1427 4318 1490 4374 et
1531 4327 1846 4372 cameram
1893 4309 2093 4372 sancti
2135 4310 2402 4372 Andreae
2446 4311 2717 4391 apostoli
2759 4312 2842 4372 ad
2884 4317 3172 4373 sanctum
3218 4315 3477 4374 Petrum
3520 4319 3770 4394 aposto-

521 4434 678 4505 lum,
727 4449 918 4512 quam
980 4429 1286 4510 depinxit,
1335 4433 1397 4486 ut
1457 4427 1604 4488 fecit
1661 4426 1727 4486 in
1790 4425 2011 4486 eadem
2084 4425 2346 4487 basilica
2413 4426 2754 4506 imaginem
2814 4446 3072 4488 auream
3131 4429 3198 4488 in
3271 4428 3542 4507 gemmis
3604 4429 3771 4490 beati

522 4547 788 4610 Andreae
832 4545 1123 4626 apostoli,
1171 4561 1348 4622 pens.
1395 4540 1505 4600 lib.
1551 4547 1716 4616 octo,
1762 4547 1824 4602 et
1865 4541 2035 4602 intra
2090 4542 2545 4604 confessionem
2590 4542 2841 4604 vestivit
2883 4548 3170 4622 argento,
3217 4543 3388 4624 quod
3443 4543 3772 4607 deauravit

525 4681 679 4724 auro
725 4660 1084 4742 purissimo.
1131 4657 1244 4716 Hic
1288 4655 1475 4716 etiam
1522 4656 1844 4718 basilicam
1888 4657 2090 4718 sancti
2131 4658 2358 4718 Calixti
2426 4658 2741 4737 pontiﬁcis
2782 4665 2847 4719 et
2887 4658 3207 4738 martyris,
3255 4676 3418 4738 pene
3460 4676 3500 4719 a
3543 4659 3770 4720 funda-

527 4777 753 4838 mentis
795 4776 1096 4842 dirutam,
1145 4770 1322 4831 novis
1365 4771 1616 4832 fabricis
1660 4791 1803 4833 cum
1873 4777 2039 4833 tecto
2108 4773 2462 4834 construxit
2525 4791 2598 4834 ac
2669 4776 2869 4834 totam
2943 4772 3252 4852 depinxit.
3316 4773 3440 4836 Ubi
3510 4774 3774 4835 contulit

407 4894 483 4953 10
526 4897 822 4974 patenam
870 4891 1233 4962 argenteam
1278 4885 1463 4948 simul
1508 4893 1576 4947 et
1611 4887 1870 4950 calicem
1914 4892 1978 4948 et
2017 4892 2254 4948 vestem
2301 4887 2541 4949 altaris.

612 5021 778 5074 199
823 5015 976 5073 ltem
1024 5015 1255 5071 tectum
1317 5011 1591 5072 basilica:
1653 5017 2016 5072 sanctorum
2085 5012 2367 5073 Processi
2410 5017 2473 5073 et
2515 5011 2881 5072 Martiniani
2923 5029 2963 5073 a
3006 5030 3172 5074 novo
3229 5014 3586 5074 construxit
3627 5014 3771 5075 sub-

529 5128 735 5210 posita
776 5125 909 5206 pila
951 5124 1200 5187 fabricis
1241 5126 1623 5199 fortissimis,
1669 5131 1812 5206 post
1854 5125 2220 5188 eorumdem
2263 5133 2625 5188 sanctorum
2669 5127 3032 5189 veneranda
3087 5146 3379 5207 corpora,
3427 5127 3511 5188 ad
3561 5129 3771 5192 ﬁrma-

528 5247 811 5305 mentum
885 5259 1210 5302 murorum
1278 5241 1558 5303 basilicae
1615 5247 1876 5302 sanctae.
1939 5244 2096 5304 Item
2158 5243 2224 5303 in
2286 5243 2550 5304 ecclesia
2609 5243 2777 5303 beati
2858 5243 3107 5305 Genesii
3175 5243 3476 5324 martyris
3544 5250 3770 5308 tectum

531 5356 776 5420 noviter
819 5359 1210 5434 restauravit,
1258 5359 1368 5419 ubi
1411 5364 1474 5420 et
1517 5358 1714 5420 altare
1757 5358 1956 5420 erexit
1996 5358 2060 5418 in
2106 5358 2362 5420 nomine
2407 5359 2751 5420 Salvatoris
2793 5357 3044 5420 Domini
3088 5357 3286 5419 nostri
3325 5359 3477 5420 Jesu
3522 5360 3766 5438 Christi,

1554 5590 1805 5637 NOTULE
1846 5588 2238 5639 IARGINALRS
2279 5590 2593 5638 FABROTTI.

379 5732 391 5763 ὅ
437 5785 515 5858 (a)
545 5782 612 5856 D,
645 5741 1120 5842 candelaborum.
1175 5778 1254 5853 (ιι)
1281 5781 1546 5837 ornatam
1578 5776 1848 5855 gemmis.
1911 5779 1979 5855 (c)
2009 5779 2074 5851 B,
2095 5781 2170 5839 ad
2201 5781 2406 5839 instar.
2467 5778 2545 5857 (d)
2569 5780 2994 5840 constructum.
3054 5780 3503 5855 (c)monastico.
