3922 6206
132 267 269 329 1029
729 255 1093 320 HISTORIA
1143 256 1244 318 DE
1286 250 1491 319 VITIS
1538 253 1725 317 llOM.
1773 249 2004 318 PONT.
2040 290 2115 300 —
2147 256 2210 317 S.
2259 254 2704 321 GREGORIUS
2750 256 2851 320 III.
3337 259 3494 323 1030

145 425 148 428 ι
195 403 227 460 5
268 398 324 458 in
365 410 484 474 quo
525 390 796 452 contulit
838 395 1132 471 patenam
1181 395 1539 469 argenteam
1587 395 1650 450 et
1693 389 1974 461 calicem,
2023 407 2128 449 seu
2195 408 2488 451 coronam
2556 396 2921 470 argenteam
2993 409 3134 452 cum
3179 391 3495 473 delphinis

267 531 387 584 sex,
432 526 675 569 necnon
723 513 786 567 et
827 507 1198 568 coronulam
1247 523 1500 566 auream
1548 523 1690 565 cum
1735 523 1917 564 cruce
1964 505 2342 584 pendentem
2389 525 2581 585 super
2623 505 2845 567 altare.

342 629 510 686 800
554 625 708 686 Item
756 622 819 682 in
865 622 1124 683 basilica
1167 629 1398 682 sancta)
1441 621 1552 682 Dei
1597 620 1946 695 Genitricis,
1994 639 2136 700 quae
2179 620 2258 680 ad
2302 621 2615 700 Martyres
2657 621 2906 696 dicitur,
2945 627 3201 692 tectum,
3249 628 3496 686 vetusta

270 739 498 802 incuria
540 737 940 811 demolitum,
986 735 1248 817 purgari
1309 735 1458 797 fecit
1518 736 1594 796 ad
1640 753 1891 816 purum,
1943 741 2006 796 et
2065 753 2205 812 eum
2275 735 2443 795 calce
2507 735 3051 798 abundantissima
3094 757 3198 798 seu
3263 737 3498 799 chartis

268 855 568 937 plumbeis
611 873 649 914 a
694 871 856 914 novo
901 851 1302 925 restauravit,
1347 857 1410 912 et
1452 869 1722 931 quaeque
1779 869 1892 930 per
1947 849 2276 911 circuitum
2349 849 2628 929 ejusdem
2694 853 2836 913 tecti
2899 855 3146 916 fuerant
3197 858 3499 940 dissipata

266 989 418 1033 novo
476 969 680 1030 nitore
724 966 1096 1029 construxit.

343 1089 507 1146 θυι
559 1086 715 1146 Item
760 1086 991 1144 sanctae
1035 1080 1146 1142 Dei
1201 1080 1548 1152 Genitricis,
1599 1097 1743 1159 qua;
1794 1079 1857 1139 in
1931 1079 2168 1159 Aquiro
2241 1079 2490 1154 dicitur,
2552 1080 2613 1140 in
2677 1101 2803 1161 qua
2861 1089 3048 1146 antea
3106 1085 3374 1149 diacona
3436 1097 3501 1152 et

266 1219 519 1283 parvum
588 1197 935 1260 oratorium
1007 1195 1146 1269 fuit,
1203 1214 1340 1256 eam
1405 1213 1443 1256 a
1501 1195 1931 1255 fundamentis
1992 1195 2341 1275 longiorem
2403 1203 2466 1257 et
2525 1197 2812 1258 latiorem
2883 1203 3235 1263 construxit
3303 1211 3495 1286 atque

265 1315 563 1396 depinxit.
611 1315 766 1374 Item
811 1311 1162 1372 diaconiam
1208 1316 1568 1372 sanctorum
1615 1311 1817 1390 Sergii
1859 1315 1920 1371 et
1961 1311 2191 1372 Bacchi
2234 1312 2416 1372 sitam
2463 1312 2542 1372 ad
2604 1313 2860 1375 beatum
2923 1317 3180 1379 Petrum
3243 1328 3499 1400 aposto-

265 1433 413 1505 lum,
455 1429 518 1489 in
565 1447 692 1509 qua
735 1427 976 1508 pridem
1037 1446 1300 1507 parvum
1361 1425 1706 1488 oratorium
1751 1432 1906 1500 erat,
1967 1445 2005 1487 a
2046 1427 2476 1488 fundamentis
2538 1429 2831 1508 ampliori
2906 1433 3143 1494 fabrica
3185 1435 3497 1500 dilatavit.

195 1549 227 1607 5
264 1548 337 1608 Et
375 1544 724 1607 concedens
765 1543 981 1604 omnia
1022 1561 1164 1622 quae
1209 1542 1272 1603 in
1320 1561 1499 1602 usum
1543 1541 1849 1603 diaconiae
1893 1542 2188 1616 existunt,
2238 1543 2459 1604 statuit
2505 1550 2809 1624 perpetuo
2856 1551 3144 1627 tempore
3204 1571 3319 1631 pro
3362 1573 3499 1616 sus-

267 1661 605 1724 tentatione
650 1677 1000 1740 pauperum
1045 1658 1108 1718 in
1153 1658 1460 1718 diaconiee
1506 1657 1853 1718 ministerio
1897 1658 2234 1719 deservire.

341 1785 502 1840 ειη
549 1777 705 1837 Item
749 1774 813 1834 in
859 1771 1216 1834 ceemeterio
1261 1778 1494 1834 sancta:
1540 1772 1896 1834 Petronillze
1939 1773 2274 1834 stationem
2319 1791 2596 1835 annuam
2640 1775 2777 1837 dari
2817 1776 3110 1855 instituit,
3163 1783 3269 1843 ubi
3321 1786 3502 1847 obtu-

264 1892 331 1952 lit
371 1908 671 1954 coronam
716 1905 994 1961 auream,
1043 1888 1300 1949 calicem
1345 1893 1404 1950 et
1449 1892 1746 1968 patenum
1791 1892 2062 1966 argent.,
2110 1906 2216 1948 seu
2267 1888 2390 1949 alia
2433 1889 2680 1951 diversa
2725 1891 2802 1951 ad
2865 1901 3157 1957 ornatum
3225 1900 3500 1964 ecclesia:

264 2006 659 2087 pertinentia.
708 2007 863 2066 Item
910 2004 1201 2064 accubitu
1245 2003 1324 2083 (a)
1371 2023 1513 2084 quas
1556 2010 1702 2064 sunt
1766 2003 1845 2064 ab
1915 2004 2168 2063 beatum
2213 2006 2469 2064 Petrum
2533 2005 2595 2065 in
2664 2007 2858 2068 ruinis
2916 2012 3144 2088 posita,
3191 2032 3229 2075 a
3272 2017 3500 2078 funda-

267 2123 490 2183 mentis
544 2121 789 2182 noviter
834 2119 1205 2180 restauravit
1247 2124 1436 2199 atque
1479 2117 1784 2198 depinxit.
1831 2119 1980 2178 item
2026 2118 2347 2178 basilicam
2393 2119 2561 2180 beati
2604 2121 2818 2194 Marci,
2868 2124 3049 2186 sitam
3099 2128 3247 2189 foris
3293 2150 3505 2192 muros

193 2239 224 2295 5
268 2237 447 2316 hujus
494 2236 761 2296 civitatis
807 2239 1129 2307 Romanis,
1176 2235 1276 2293 via
1321 2234 1543 2313 Appia,
1590 2234 1726 2311 ejus
1771 2238 2000 2293 tectum
2049 2233 2327 2294 dirutum
2376 2253 2412 2293 a
2457 2253 2619 2295 novo
2665 2238 2900 2298 refecit.
2937 2242 3088 2301 Item
3136 2244 3196 2303 in
3243 2248 3506 2310 ecclesia

263 2355 425 2416 beati
471 2353 654 2414 Pauli
698 2351 968 2432 apostoli
1014 2351 1277 2412 mutavit
1325 2351 1530 2411 trabes
1576 2369 1837 2411 numero
1882 2350 2183 2430 quinque,
2234 2355 2422 2429 atque
2468 2355 2667 2411 totum
2716 2352 2996 2430 erSdem
3057 2357 3333 2422 δᾶδίιίοεθ
3376 2369 3506 2425 tec-

266 2474 388 2530 tum
438 2469 521 2529 ab
566 2485 713 2527 arcu
759 2467 974 2526 altaris
1021 2485 1212 2546 usque
1257 2466 1334 2527 ad
1370 2467 1572 2544 regias
1618 2466 1938 2525 resarcivit
1982 2484 2053 2525 ac
2117 2465 2513 2526 restauravit.
2562 2468 2825 2528 Mutavit
2894 2475 3100 2531 autem
3175 2477 3383 2538 trabes
3443 2480 3508 2540 in

271 2591 487 2646 sancta
529 2584 639 2644 Dei
685 2583 994 2644 Genitrice
1039 2589 1101 2642 et
1143 2583 1310 2642 Petri
1347 2580 1533 2661 juxta
1575 2582 1921 2655 Lateranis,
1970 2582 2155 2642 etiam
2205 2587 2266 2641 et
2309 2583 2736 2642 cmmeterium
2787 2585 3112 2647 beatorum
3160 2599 3508 2673 martyrum

269 2699 576 2774 Januarii,
624 2699 887 2773 Urbani,
933 2698 1222 2774 'l‘iburtii,
1269 2698 1585 2760 Valeriani
1629 2703 1691 2758 et
1733 2694 2014 2770 Maximi,
2066 2703 2128 2758 et
2171 2716 2388 2760 eorum
2457 2702 2687 2758 tectum
2747 2699 2809 2759 in
2858 2703 3051 2765 ruinis
3109 2709 3380 2785 positum
3431 2712 3511 2796 (ὁ)

166 2816 234 2876 l0
273 2835 307 2878 a
349 2834 516 2877 novo
561 2814 822 2896 perfecit
865 2812 964 2894 (ε).
1010 2813 1210 2892 Hujus
1255 2812 1642 2892 temporibus
1686 2812 1960 2892 plurima
2022 2832 2167 2892 pars
2235 2831 2558 2874 murorum
2623 2812 2812 2894 hujus
2873 2817 3141 2883 civitatis
3209 2829 3510 2893 ltomanaa

271 2937 624 2995 restaurata
667 2934 780 2990 est.
827 2927 1206 2990 Alimoniam
1259 2945 1512 3007 quoque
1570 2927 1880 2988 artificum
1926 2935 1988 2988 et
2031 2928 2302 3007 pretium
2348 2927 2428 2988 ad
2472 2930 2801 2991 emendam
2847 2933 3081 2997 calcem
3133 2939 3208 3002 de
3251 2947 3511 3027 preprio

272 3046 513 3108 tribuit.

343 3168 523 3223 πη
571 3159 772 3239 Hujus
855 3158 1244 3238 temporibus
1318 3155 1724 3218 Galliensium
1823 3162 2097 3218 castrum
2165 3163 2601 3238 recuperatum
2660 3166 2774 3238 est,
2847 3182 2962 3244 pro
3021 3185 3148 3248 quo
3230 3177 3512 3253 quotidie

266 3277 757 3359 expugnabatur
811 3276 1075 3335 ducatus
1135 3277 1452 3334 llomanus
1510 3292 1549 3333 a
1603 3273 1835 3334 ducatu
1895 3274 2245 3353 Spoletino,
2304 3274 2463 3336 duas
2519 3278 2818 3357 pecunias
2874 3300 2999 3342 non
3068 3305 3292 3365 parvas
3350 3295 3510 3357 Tm-

264 3393 560 3454 simundo
629 3392 770 3452 duci
850 3409 1090 3463 eorum,
1154 3396 1224 3450 ut
1295 3393 1613 3450 cessarent
1685 3389 1854 3450 bella
1925 3397 1987 3481 et
2061 3391 2466 3470 quaastiones,
2525 3395 2730 3472 potuit
2794 3415 2984 3460 causa
3066 3402 3266 3481 linire,
3329 3416 3392 3472 et
3448 3414 3512 3474 in

261 3529 568 3589 compage
625 3514 858 3569 sancta:
917 3505 1279 3586 reipublicae
1338 3511 1526 3585 atque
1584 3505 1645 3565 in
1703 3477 1967 3586 corpore
2026 3507 2275 3568 Christo
2334 3507 2546 3568 dilecti
2608 3512 2917 3574 exercitus
2962 3518 3230 3583 Romani
3250 3477 3516 3591 annecti

190 3626 225 3684 5
271 3624 594 3706 praacepit.

346 3746 527 3801 τοι
574 3739 687 3800 llic
743 3738 889 3800 fecit
945 3741 1146 3798 vestes
1201 3737 1278 3797 de
1332 3736 1515 3797 altari
1572 3736 1634 3796 in
1690 3736 1952 3798 ecclesia
2022 3737 2364 3800 Salvatoris
2421 3739 2509 3822 (cl)
2567 3743 2679 3803 Dei
2746 3747 3093 3827 Genitricis,
3154 3763 3515 3823 sanctorum

263 3855 698 3937 apostolorum
754 3853 924 3914 Petri
981 3859 1045 3914 et
1097 3851 1299 3924 Pauli,
1357 3857 1546 3932 atque
1601 3851 1867 3913 Andreae
1925 3857 2298 3914 caeterorum
2358 3855 2417 3913 in
2469 3854 2731 3918 diversis
2789 3863 3090 3926 ecclesiis.
3151 3871 3301 3931 Narr
3361 3875 3517 3936 etin

262 3957 904 4033 Centumcellensium
962 3967 1212 4028 civitate
1274 3985 1487 4028 muros
1542 3966 1786 4027 dirutos
1843 3985 2002 4047 pene
2062 3985 2100 4027 a
2156 3968 2582 4032 fundamentis
2631 3972 2971 4038 fortissime
3019 3987 3298 4047 construi
3347 3989 3515 4065 fecit,

218 4094 326 4148 .et
381 4087 504 4148 hoc
563 4084 887 4146 constituit
943 4088 1012 4142 ut
1065 4081 1412 4143 secundum
1471 4082 1879 4142 constitutum
1937 4081 2108 4161 quod
2163 4100 2200 4142 a
2254 4082 2518 4162 collegio
2576 4087 2972 4152 sacerdotum
3044 4113 3256 4160 coram
3336 4121 3518 4168 sacro

184 4203 220 4260 5
265 4219 535 4282 corpore
586 4200 756 4261 beati
808 4197 980 4260 Petri
1036 4197 1271 4258 factum
1331 4202 1426 4258 est
1479 4215 1592 4278 pro
1650 4195 2043 4258 celebrandis
2098 4196 2417 4256 solemniis
2472 4197 2831 4275 vigiliarum
2912 4217 3104 4286 atque
3183 4215 3520 4281 missarum

263 4316 496 4378 Christi
553 4315 802 4378 Domini
859 4313 1054 4374 nostri
1108 4313 1252 4374 Jesu
1312 4313 1562 4388 Christi,
1624 4317 1979 4394 sanctasque
2033 4311 2168 4392 ejus
2224 4313 2570 4390 Genitricis,
2625 4323 2987 4381 sanctorum
3035 4308 3514 4411 apostolorum,

263 4432 367 4492 vel
427 4430 710 4492 omnium
765 4436 1126 4492 sanctorum
1189 4434 1560 4508 martyrum,
1622 4447 1694 4489 ac
1748 4429 2200 4502 confessorum,
2257 4429 2809 4512 perfectorumpue
2865 4433 3187 4514 justorum
3261 4444 3326 4505 in
3389 4453 3522 4511 toto

268 4545 428 4607 orbe
485 4550 797 4606 terrarum
855 4543 1400 4624 requiescentium,
1463 4552 1534 4606 ut
1590 4545 1651 4605 in
1712 4545 1988 4606 oratorio
2046 4545 2288 4607 nomini
2343 4565 2562 4608 eorum
2623 4547 2908 4611 dedicato
2966 4551 3135 4614 intra
3190 4560 3520 4626 ecclesiam

266 4661 444 4723 beati
524 4661 692 4723 Petri
776 4659 1046 4740 apostoli
1121 4659 1238 4720 sub
1321 4678 1506 4721 arccu
1586 4659 1922 4740 principali
1997 4679 2035 4720 a
2091 4659 2419 4722 monachis
2495 4661 2728 4741 vigiliae
2803 4654 3293 4748 celebrarentur,
3368 4683 3431 4736 et
3486 4698 3525 4740 α

150 4777 226 4840 10
272 4775 664 4857 presbyteris
744 4775 1256 4837 hebdomadariis
1341 4776 1673 4836 missarum
1747 4775 2055 4837 solemnia
2115 4795 2129 4836 :
2190 4776 2408 4837 iisdem
2511 4777 2816 4839 institutis
2915 4781 3222 4862 disposuit
3303 4794 3375 4849 ut
3457 4791 3522 4852 in

268 4891 649 4952 coemeteriis
733 4890 1222 4970 circumquaque
1301 4890 1519 4970 positis
1595 4890 1934 4951 Romaein
2010 4890 2111 4952 die
2190 4890 2632 4952 Natalitiorum
2722 4911 2940 4955 eorum
3020 4897 3359 4962 luminaria
3405 4895 3524 4986 Ta'd

265 5005 518 5084 vigilias
573 5005 891 5067 faciendas
946 5011 1008 5066 et
1063 5005 1418 5067 oblationes
1503 5005 1580 5066 de
1659 5004 2050 5085 patriarchio
2125 5023 2239 5084 per
2320 5005 2809 5066 oblationarium
2891 5010 3376 5091 deportarentur
3447 5019 3524 5080 ad

263 5121 678 5182 celebrandas
738 5120 979 5193 missas,
1037 5139 1150 5200 per
1214 5139 1402 5200 quem
1481 5120 1844 5200 praeviderit
1917 5119 2222 5199 pontifex,
2287 5120 2398 5200 qui
2453 5139 2568 5198 pro
2627 5126 2909 5202 tempore
2967 5126 3156 5188 fuerit
3231 5133 3523 5196 sacerdo-

270 5241 431 5297 tem.

353 5354 533 5411 205
579 5352 693 5413 llic
770 5351 916 5412 fecit
1001 5349 1430 5412 ordinationes
1515 5353 1638 5409 tres
1721 5368 1834 5430 per
1917 5367 2198 5410 mensem
2294 5348 2723 5424 Decembrem,
2813 5356 3212 5436 presbyteros
3303 5361 3526 5441 viginti

267 5469 574 5545 quatuor,
633 5467 930 5528 diaconos
1007 5469 1154 5539 tres,
1225 5464 1552 5544 episcopos
1626 5483 1738 5544 per
1813 5465 2062 5525 diversa
2127 5463 2267 5524 loca
2344 5481 2604 5523 numero
2681 5470 3072 5548 octuaginta,
3150 5475 3258 5553 qui
3334 5477 3521 5538 etiam

1321 5639 1572 5686 NOTULE
1617 5640 2000 5687 MARGINALES
2042 5638 2361 5685 FABROTTI.

174 5765 252 5840 (a)
283 5764 618 5838 accubitus,
651 5766 752 5840 qui
783 5767 846 5823 Β.
905 5765 982 5836 (b)
1013 5766 1165 5821 tecta
1191 5763 1253 5820 in
1282 5762 1468 5821 ruinis
1483 5751 1705 5839 'posita.
1791 5766 1859 5844 (ε)
1892 5763 2108 5822 refecit.
2183 5763 2299 5835 (d)-
2334 5761 2406 5820 ad
2438 5761 2646 5820 altaria
2673 5763 2940 5828 ecclesiis
2969 5771 3158 5829 sancti
3185 5771 3529 5838 Salvatoris.
