3922 6206
153 249 320 314 1049
941 251 1305 313 HISTORIA
1349 254 1451 314 DE
1494 253 1695 315 VITIS

2022 252 2206 314 'ONT.
2241 283 2310 298 --
2346 250 2807 313 ZACHARIAS.
3415 250 3571 314 1050

233 389 272 448 5
317 383 638 465 quondam
701 384 964 464 patricio
1025 392 1103 470 et.
1142 385 1321 462 duce,
1391 387 1480 446 vel
1542 387 1716 445 omni
1774 387 2050 446 exercitu
2115 390 2396 446 itomano
2459 385 2796 464 praedictus
2853 385 3305 446 Trasimundus
3361 388 3568 448 reddi-

321 497 422 553 tus
477 511 605 554 non
664 492 906 565 fuisset,
966 493 1325 553 obsessione
1385 493 1573 567 facta,
1637 512 1750 572 pro
1811 511 1886 552 eo
1947 493 2025 551 ab
2079 494 2297 553 eodem
2364 511 2506 571 rege
2563 492 2792 552 ablatae
2841 497 2988 551 sunt
3041 510 3078 550 a
3139 495 3419 554 Romano
3451 496 3569 555 du—

312 603 460 660 catu
518 598 798 660 civitates
853 605 1145 678 quatuor,
1209 600 1270 658 id
1319 605 1429 672 est,
1481 600 1750 674 Ameria,
1808 599 2166 678 lIortas(a),
2221 599 2657 660 Polimartium
2707 605 2770 658 et
2827 598 3028 658 Blera.
3083 599 3159 658 Et
3217 583 3305 660 silc
3363 600 3560 660 isdem

314 725 426 766 rex
484 705 564 765 ad
624 725 808 766 suum
871 706 1176 784 palatium
1236 713 1328 766 est
1387 725 1668 766 reversus
1728 724 1838 784 per
1882 724 2156 766 mensem
2240 709 2617 782 Augustum,
2679 705 2896 764 indict.
2956 722 3060 766 νη.
3122 707 3576 768 Trasimundus

313 830 464 873 vero
521 812 672 885 dux,
738 811 957 872 habito
1016 813 1274 872 consilio
1320 831 1459 872 cum
1522 812 1821 873 Romanis
1880 813 2270 892 collectoque
2326 814 2607 890 generali
2664 812 2940 872 exercitu
3019 813 3283 873 ducatus
3346 817 3578 877 Itoma-

192 922 275 980 10
321 920 410 991 ni,
473 919 738 997 ingressi
795 924 944 978 sunt
1003 918 1081 999 (b)
1128 938 1238 998 per
1292 919 1450 980 duas
1507 927 1715 998 partes
1771 920 1835 979 in
1896 920 2050 978 ﬁnes
2108 920 2376 978 ducatus
2432 919 2776 998 Spoletani.
2831 919 2946 990 Qui
2997 922 3298 981 continuo
3347 922 3572 983 timore

317 1026 545 1086 ductus
599 1025 671 1106 (ο)
737 1044 866 1105 prae
919 1026 1319 1086 multitudine
1376 1026 1684 1086 exercitus
1742 1026 2028 1097 Ramani,
2091 1026 2294 1085 eidem
2349 1026 2771 1085 Trasimundo
2830 1044 2894 1085 se
2952 1025 3368 1088 subdiderunt
3419 1029 3580 1088 Mar-

320 1133 540 1205 sicani,
601 1138 664 1192 et
736 1133 1097 1206 Forconini,
1153 1138 1343 1211 atque
1414 1132 1748 1191 Balvenses
1803 1129 1916 1212 (d),
1980 1150 2084 1191 seu
2156 1132 2508 1191 Prinenses.
2569 1131 2803 1191 Deinde
2876 1131 3141 1208 ingressi
3206 1152 3319 1212 per
3387 1135 3572 1195 Sabi-

332 1257 526 1300 nense
581 1237 655 1318 (e)
714 1239 1121 1312 territorium,
1179 1245 1488 1300 venerunt
1545 1239 1607 1297 in
1684 1238 2013 1298 Reatinam
2085 1238 2424 1298 civitatem.
2509 1238 2624 1307 Qui
2681 1238 2760 1317 (Γ)
2841 1238 3082 1298 Reatini
3159 1241 3458 1302 continuo
3515 1250 3579 1304 et

324 1346 448 1425 ipsi
502 1364 568 1406 se
629 1345 1063 1406 subdiderunt.

405 1487 571 1540 ευρ
636 1478 875 1539 Exinde
955 1485 1292 1558 pergentes
1377 1479 1693 1557 ingressus
1769 1483 1861 1538 est
1933 1477 2259 1556 Spoletum
2317 1476 2400 1556 (g)
2454 1496 2566 1556 per
2629 1496 2905 1537 mensem
2953 1479 3356 1540 Decembrem
3415 1501 3578 1562 prae-

320 1585 492 1644 dicta
539 1585 757 1645 indict.
820 1588 1101 1664 Eratque
1161 1603 1394 1662 magna
1451 1585 1727 1645 turbatio
1789 1585 1953 1645 inter
2011 1587 2328 1644 Romanos
2388 1589 2448 1643 et
2503 1583 2976 1661 Longobardos.
3032 1586 3339 1658 Quoniam
3389 1589 3581 1650 etBe-

326 1692 664 1752 neventani
724 1698 786 1753 et
842 1691 1169 1771 Spoletani
1233 1710 1373 1750 cum
1437 1692 1731 1751 Romanis
1791 1691 2092 1750 tenebant
2145 1689 2252 1770 (lc).
2316 1690 2436 1751 Sed
2497 1690 2645 1749 dum
2698 1690 2863 1750 idem
2919 1691 3376 1754 Trasimundus
3427 1697 3581 1775 Spo-

325 1798 558 1857 letinus
616 1798 742 1858 dux
798 1799 1002 1857 noluit
1059 1797 1321 1876 implere
1383 1816 1522 1876 quae
1579 1797 1879 1876 praedicto
1935 1796 2215 1876 pontiﬁci
2275 1802 2335 1856 et
2393 1796 2656 1875 patricio
2717 1797 2903 1856 simul
2962 1801 3022 1858 et
3077 1799 3382 1860 Romanis
3440 1821 3580 1880 pro-

241 1905 280 1963 5
330 1903 585 1964 miserat
639 1924 751 1984 pro
811 1903 1246 1982 recolligendis
1330 1910 1601 1982 quatuor
1656 1904 2034 1974 civitatibus,
2093 1923 2232 1982 qua:
2302 1921 2416 1982 pro
2506 1922 2579 1963 eo
2660 1903 3000 1981 perierant,
3083 1911 3144 1966 et
3218 1906 3379 1980 aliis,
3436 1928 3578 1987 quae

323 2011 752 2089 spoponderat
809 2011 1127 2090 capitula;
1185 2015 1248 2070 et
1314 2010 1816 2089 praenominatus
1872 2028 1982 2070 rex
2039 2009 2119 2068 ad
2180 2009 2522 2069 motionem
2581 2009 2648 2088 (ι’)
2712 2016 2934 2070 contra
2990 2011 3289 2072 ducatum
3349 2017 3576 2077 Itoma-

328 2136 479 2178 num
537 2137 603 2179 se
659 2123 1047 2198 praapararet
1107 2135 1120 2177 :
1181 2118 1245 2177 in
1300 2117 1397 2176 his
1453 2117 1766 2195 praedictis
1826 2117 2025 2177 beata:
2093 2116 2413 2176 memorias
2481 2117 2817 2194 Gregorius
2889 2136 3056 2196 papa
3113 2119 3327 2179 divina
3383 2140 3574 2182 voca-

322 2233 494 2293 tione
551 2252 631 2294 ex
688 2233 806 2293 hac
862 2233 998 2294 luce
1056 2233 1418 2294 subtractus
1475 2239 1589 2305 est,
1652 2237 1714 2292 et
1780 2232 1994 2292 divino
2064 2239 2218 2292 nutu
2283 2232 2782 2311 praenominatus
2848 2233 3277 2294 sanctissimus
3342 2237 3580 2298 Zacha-

321 2339 449 2400 rias
508 2339 572 2399 in
634 2341 1069 2418 pontiﬁcatum
1140 2345 1233 2398 est
1301 2339 1556 2400 electus.
1621 2338 1728 2398 Cui
1798 2338 2199 2416 omnipotens
2271 2341 2434 2398 Deus
2505 2343 2746 2397 tantam
2821 2338 3090 2398 contulit
3161 2341 3452 2418 gratiam,
3515 2349 3584 2404 ut

191 2448 279 2506 40
324 2447 516 2506 etiam
575 2465 688 2526 pro
746 2446 947 2507 salute
1008 2447 1225 2526 populi
1283 2445 1550 2505 Relnani
1607 2463 1784 2504 suam
1856 2463 2092 2524 ponere
2165 2444 2441 2504 animam
2524 2463 2648 2504 non
2727 2444 3069 2504 dubitaret.
3141 2447 3326 2508 Missa
3393 2450 3587 2528 igitur

326 2553 640 2632 legatione
697 2553 868 2632 apud
931 2553 1065 2632 jam
1137 2553 1373 2612 dictum
1452 2570 1660 2630 regem
1740 2551 2324 2630 Longobardorum,
2403 2551 2706 2610 salutaria
2772 2551 2865 2611 illi
2940 2552 3325 2631 praedicavit.
3395 2556 3586 2636 Cujus

324 2660 527 2720 sancti
586 2659 699 2719 viri
759 2659 1296 2720 admonitionibus
1361 2658 1722 2730 inclinatus,
1793 2657 2287 2737 praenominatas
2359 2665 2654 2736 quatuor,
2717 2676 2875 2737 quas
2935 2677 2973 2718 a
3030 2659 3264 2720 ducatu
3321 2659 3404 2740 (λ)
3463 2665 3585 2723 Ro-

328 2785 518 2827 mano
579 2767 947 2839 abstulerat,
1001 2767 1284 2827 civitates
1339 2765 1599 2826 reddere
1659 2764 1967 2844 promisit.
2022 2767 2310 2842 Dumque
2368 2765 2646 2824 motione
2705 2764 2974 2824 militum
3037 2765 3204 2825 facta
3263 2767 3344 2826 ad
3410 2786 3585 2828 com-

333 2873 929 2952 prprehendendum
989 2872 1476 2934 Trasimundum
1537 2872 1760 2932 ducem
1820 2871 2222 2950 Spoletinum
2279 2869 2694 2948 conjungeret
2751 2889 2836 2943 se,
2899 2871 3341 2934 exhortatione
3384 2875 3587 2936 sancti

245 2983 287 3042 5
333 2980 453 3039 viri
509 2980 819 3041 exercitus
886 2983 1207 3041 Romanus
1265 2979 1328 3038 in
1398 2978 1786 3056 adjutorium
1861 2977 2149 3057 praedicti
2202 2977 2367 3056 regis
2433 2977 2666 3054 egressi
2733 2982 2880 3036 sunt
2940 2976 3043 3056 (ll).
3106 2980 3182 3038 Et
3243 2979 3392 3040 dum
3452 2981 3586 3061 ipse

329 3087 787 3148 Trasimundus
845 3106 1022 3147 suam
1083 3086 1519 3166 deceptionem
1573 3085 1984 3164 conspiceret,
2018 3103 2304 3162 egressus
2361 3103 2398 3143 a
2454 3083 2797 3162 Spoletana
2849 3083 3102 3145 civitate
3133 3104 3266 3147 sese
3315 3088 3578 3166 praedic-

334 3200 400 3254 to
457 3194 718 3255 tradidit
775 3194 906 3272 regi
961 3192 1056 3273 (ι).

415 3335 582 3388 209
657 3331 945 3408 Dumque
1013 3327 1210 3388 isdem
1282 3347 1390 3387 rex
1457 3326 1554 3407 (m)
1629 3324 2028 3405 protraheret
2097 3324 2464 3384 dilationem
2540 3323 2621 3384 ad
2693 3323 3081 3385 reddendum
3146 3324 3331 3404 juxta
3408 3346 3588 3387 suam

332 3434 844 3513 promissionem
873 3434 1008 3514 jam
1068 3435 1319 3506 factam,
1384 3439 1659 3513 quatuor
1717 3431 1797 3512 (η)
1853 3431 2159 3503 civitates,
2224 3431 2721 3510 praenominatus
2780 3432 3085 3510 pontifex,
3147 3438 3216 3492 ut
3270 3451 3413 3494 vere
3452 3452 3591 3513 pas-

334 3547 435 3602 tor
490 3541 708 3621 populi
762 3541 882 3602 sibi
939 3560 978 3601 a
1033 3543 1160 3602 Deo
1220 3541 1460 3613 crediti,
1524 3558 1698 3618 spem
1759 3557 2001 3619 ponens
2056 3540 2116 3598 in
2178 3541 2401 3610 Deum,
2464 3557 2752 3616 egressus
2807 3558 2882 3599 ex
2945 3540 3064 3600 hac
3121 3543 3404 3602 Romana
3435 3541 3586 3602 civi-

335 3653 464 3708 tate
519 3667 661 3708 cum
720 3647 1150 3709 sacerdotibus
1202 3653 1265 3707 et
1319 3647 1508 3720 clero,
1572 3645 1850 3725 perrexit
1913 3644 2292 3705 ﬁducialiter
2367 3651 2429 3704 et
2495 3645 2796 3704 audacter
2851 3646 2932 3705 ad
3006 3647 3464 3708 ambulandum
3524 3649 3590 3710 in

248 3757 290 3814 5
331 3755 542 3816 locum
602 3755 1169 3816 Interamnensium
1231 3753 1426 3828 urbis,
1492 3753 1602 3812 ubi
1657 3753 1723 3811 in
1780 3751 2011 3811 ﬁnibus
2080 3750 2420 3829 Spoletinis
2492 3751 2626 3829 ipse
2699 3752 3013 3812 residebat
3078 3773 3208 3814 rex.
3266 3756 3383 3826 Qui
3437 3756 3588 3817 dum

337 3862 401 3921 in
460 3865 760 3924 Ortanam
822 3862 1216 3923 convenisset
1272 3861 1612 3932 civitatem,
1676 3859 1936 3938 ipseque
1995 3877 2102 3917 rex
2153 3856 2288 3934 ejus
2349 3858 2744 3935 cognovisset
2800 3858 3165 3933 adventum,
3229 3862 3395 3922 misit
3452 3864 3589 3923 Gri-

339 3969 658 4030 moaldum
717 3969 976 4030 missum
1037 3987 1245 4041 suum,
1306 3967 1416 4046 qui
1472 3966 1529 4026 ei
1577 3965 1798 4026 obvius
1856 3965 2059 4025 factus
2127 3982 2325 4041 usque
2384 3963 2465 4022 ad
2541 3964 2952 4024 Narniensem
3017 3966 3312 4044 perduxit
3367 3968 3589 4030 civita-

336 4082 487 4137 tem.
545 4077 643 4138 Ad
699 4078 882 4156 cujus
936 4076 1138 4136 sancti
1197 4075 1315 4134 viri
1376 4073 1716 4133 adventum
1786 4070 2037 4130 obviam
2103 4068 2234 4148 jam
2297 4069 2660 4129 nominatus
2717 4087 2827 4129 rex
2889 4070 3058 4130 misit
3113 4071 3323 4146 duces,
3387 4079 3592 4136 satra-

337 4202 452 4264 pas
521 4201 670 4245 suos
738 4184 1110 4264 phire-mque
1167 4180 1244 4262 (0)
1309 4178 1680 4252 exercitum,
1739 4183 1803 4238 et
1853 4195 1892 4237 a
1958 4175 2402 4237 Narniensium
2477 4175 2732 4236 civitate
2802 4180 3025 4236 octavo
3100 4178 3230 4239 fere
3297 4179 3592 4244 milliario

204 4293 294 4353 10
339 4290 560 4352 eodem
619 4307 768 4369 rege
827 4308 970 4350 eum
1025 4287 1427 4368 suscipiente.
1489 4287 1696 4346 Sextae
1759 4283 1929 4344 ferias
1987 4283 2088 4343 die
2149 4282 2578 4362 perduxerunt
2639 4282 2716 4342 ad
2777 4282 3100 4344 basilicam
3149 4284 3318 4346 beati
3371 4287 3596 4350 Valen-

339 4398 454 4459 tini
507 4397 788 4477 episcopi
843 4403 908 4458 et
963 4395 1279 4474 martyris,
1342 4393 1527 4454 sitam
1585 4392 1650 4452 in
1725 4390 2032 4472 praedicta
2096 4390 2666 4452 Interamnensium
2744 4389 2896 4450 urbe
2965 4389 3230 4451 ducatus
3287 4394 3592 4473 Spoletini

336 4505 449 4586 (p).
510 4508 670 4566 Ante
729 4504 908 4584 cujus
964 4505 1130 4564 fores
1185 4501 1459 4562 basilica:
1515 4500 1714 4561 isdem
1774 4518 1882 4560 rex
1939 4518 2080 4558 cum
2142 4497 2398 4576 reliquis
2457 4497 2870 4577 optimatibus
2919 4498 3189 4559 exercitu
3250 4518 3363 4561 suo
3419 4520 3594 4562 sanc-

336 4618 472 4674 tum
529 4612 732 4674 virum
791 4611 1086 4690 suscepit.
1146 4612 1466 4688 Factaque
1521 4607 1807 4668 oratione
1870 4611 2111 4678 mutua,
2171 4612 2233 4666 et
2285 4605 2662 4666 salutatione
2691 4605 2773 4686 (q)
2825 4604 2944 4664 sibi
2995 4607 3420 4684 persolventes
3441 4608 3590 4668 dum

338 4719 570 4780 divinis
627 4737 772 4779 eum
831 4718 1050 4778 fuisset
1105 4716 1527 4778 commonitus
1599 4713 1950 4792 colloquiis,
2013 4714 2424 4793 impensaque
2493 4711 2805 4773 charitate
2878 4712 2957 4771 ab
3029 4712 3248 4772 eadem
3307 4733 3592 4792 egressus

337 4825 603 4889 ecclesia
645 4825 712 4884 in
769 4825 905 4904 ejus
961 4822 1334 4903 obsequium
1394 4841 1498 4883 rex
1557 4821 1888 4881 dimidium
1951 4822 2078 4880 fere
2139 4819 2478 4880 milliarum
2540 4820 2842 4898 perrexit,
2899 4824 2962 4879 et
3017 4820 3105 4879 sic
3147 4820 3211 4879 in
3278 4822 3405 4882 suis
3454 4828 3591 4882 ten-

337 4933 517 4994 toriis
571 4937 838 5011 uterque
881 4931 1101 4992 eadem
1162 4929 1332 4990 ferias
1377 4933 1569 4990 sextis
1626 4928 1727 4989 die
1786 4931 1932 4988 sunt
1990 4926 2242 4987 morati.

423 5074 593 5127 210
649 5065 927 5126 Sabbato
986 5083 1132 5124 vero
1193 5063 1422 5123 iterum
1483 5061 1926 5123 convenientes
1997 5060 2212 5119 divina
2265 5059 2554 5138 perfusus
2614 5059 2820 5138 gratia
2875 5061 3003 5118 Deo
3067 5057 3313 5138 placitis
3371 5061 3593 5124 admo-

1369 5334 1618 5380 NOTULE
1659 5330 2046 5378 MARGINA‘LES
2088 5329 2403 5377 FABRO’I'I‘I.

241 5566 324 5634 (a)
375 5561 566 5618 Ortas.
612 5632 628 5634 Α
669 5559 744 5632 (b)
793 5558 1097 5634 ingressus
1126 5560 1236 5634 est.
1315 5555 1383 5634 (ᾳ)
1416 5555 1597 5634 ducti“.
1674 5554 1790 5634 (ἀπ

2050 5556 2320 5634 {statque
2354 5551 2702 5634 Penpenses.
2741 5621 2754 5634 ἱ
2782 5549 2849 5620 (e)
2873 5548 3452 5634 Persianimenoseﬂel
3485 5557 3599 5612 Raa-

163 5621 492 5694 veiiriense.
571 5621 946 5703 mequibﬁs.
1024 5621 1535 5703 (mingressi’sunt
1565 5621 1950 5703 Spoletinum.
1994 5623 2526 5703 [Ui-)junctiherant.‘
2599 5621 3084 5703 (i)admpnitione
3105 5621 3394 5703 exercitus
3418 5627 3594 5703 facta.

230 5649 492 5691 mnense.
571 5647 688 5703 me
709 5647 946 5756 quibus.
1024 5647 1099 5698 ig)
1123 5647 1372 5706 ingressi
1397 5647 1535 5682 sunt
1565 5647 1779 5698 prieu

230 5710 316 5780 νυ)
345 5706 410 5761 Β.
442 5703 616 5780 Duce.
645 5773 653 5780 _
694 5702 770 5780 ς’)
799 5716 1072 5780 egressus
1097 5706 1211 5780 est.
1291 5698 1350 5780 (ll)
1384 5700 1585 5780 Baron‘.
1620 5715 1751 5780 (in-rt.

2049 5647 2312 5689 nuluqu
2336 5647 2518 5675 crum.
2599 5647 2664 5688 μ)
2687 5647 3084 5676 uuuiuuluuuu
3105 5647 3394 5680 uxcruttus
3421 5647 3594 5684 laeta.

2046 5700 2081 5762 ι)
2112 5696 2176 5758 Β,
2212 5691 2627 5763 Luitprandus.
2706 5694 2786 5759 (η)
2819 5691 3023 5761 B,jam
3057 5693 3205 5750 fatas
3229 5694 3279 5749 4.
3359 5698 3432 5768 (ο)
3468 5717 3595 5764 ωει-

168 5768 506 5852 εῐιῖωᾳυθ.
581 5773 660 5844 (p)
693 5768 1009 5844 Spolétani.
1087 5771 1163 5840 (q)
1196 5772 1462 5823 mutuam
1496 5768 1928 5824 salutationem.
