3922 6206
337 233 489 299 1051
1487 230 1900 296 ANASTASII
1944 232 2596 297 BIBLIOTHECARII.
3602 229 3765 300 1.052

498 368 843 431 nitionibus
885 385 1028 430 eum
1073 372 1169 427 est
1209 365 1540 439 allocutus,
1591 366 1940 445 praedicans
1985 366 2041 426 ei
2084 365 2163 446 (α)
2212 366 2292 426 ab
2337 366 2549 427 hostili
2611 368 2890 430 motione
2951 373 3016 430 et
3069 368 3400 448 sanguinis
3443 370 3765 433 eﬂ'usione

499 476 842 556 quiescere,
889 481 952 536 et
992 492 1068 534 ea
1111 493 1251 552 qum
1297 473 1467 553 pacis
1511 478 1656 533 sunt
1701 492 1949 552 semper
1991 472 2237 533 sectari.
2273 472 2460 552 Cujus
2504 474 2623 553 piis
2665 475 2930 555 eloquiis
2974 476 3197 548 ﬂexus,
3223 481 3286 537 et
3326 477 3760 538 constantiam

498 583 701 644 sancti
761 582 879 642 viri
939 586 1002 641 et
1062 579 1556 640 admonitionem
1605 579 1975 652 admiratus,
2041 578 2257 640 omnia
2319 599 2712 661 quaecunque
2769 581 2851 642 ab
2913 600 2988 642 ro
3051 582 3251 660 petiit,
3321 601 3437 663 per
3479 583 3762 663 gratiam

418 692 455 749 5
500 690 770 770 Spiritus
815 686 1016 748 sancti
1058 686 1354 760 obtinuit,
1401 692 1463 746 et
1525 686 1859 765 prmdictas
1919 690 2193 764 quatuor
2254 685 2555 759 civitates,
2623 705 2780 766 quas
2842 686 2976 766 ipse
3037 693 3185 748 ante
3251 688 3583 750 biennium
3652 708 3765 768 per

497 796 918 858 obsessionem
967 794 1199 853 factam
1246 811 1358 872 pro
1403 793 1705 871 praedicto
1748 792 2167 853 'l‘rasimundo
2223 791 2382 852 duce
2445 793 2769 871 Spoletino
2832 793 3203 867 abstulerat,
3269 795 3470 856 eidem
3537 801 3761 857 sancto

498 922 640 965 cum
686 920 901 963 eorum
952 899 1413 960 habitatoribus
1477 899 1807 958 redonavit
1867 899 2026 959 viro.
2072 899 2237 970 Quas
2281 904 2343 958 et
2387 918 2499 978 per
2541 900 2948 960 donationem
3007 902 3284 962 ﬁrmavit
3344 903 3407 962 in
3471 904 3759 964 oratorio

499 1008 863 1079 Salvatoris,
912 1007 1030 1066 sito
1086 1007 1253 1065 intra
1296 1004 1621 1065 ecclesiam
1668 1004 1836 1063 beati
1894 1005 2063 1064 Petri
2104 1005 2393 1084 apostoli,
2458 1005 2521 1065 in
2587 1006 2724 1083 ejus
2786 1006 3041 1067 nomine
3098 1006 3433 1069 aedificato.
3480 1012 3646 1070 Nam
3696 1016 3757 1070 et

497 1115 839 1175 Sabinense
886 1112 1365 1193 patrimonium,
1413 1112 1581 1190 quod
1628 1129 1739 1189 per
1782 1129 1983 1171 annos
2028 1131 2223 1191 prope
2268 1112 2528 1191 triginta
2570 1114 2776 1173 fuerat
2818 1111 3128 1187 ablatum,
3168 1120 3358 1195 atque
3402 1115 3755 1178 Narniense

378 1223 454 1283 l0
496 1221 684 1282 etiam
732 1227 793 1281 et
834 1218 1258 1280 Auximanum
1305 1223 1493 1296 atque
1562 1217 2101 1290 Anchonitanum,
2165 1236 2408 1279 necnon
2453 1225 2516 1279 et
2559 1221 3025 1281 Numanatense
3064 1219 3177 1300 (b),
3221 1227 3286 1282 et
3326 1222 3558 1283 vallem
3604 1241 3755 1303 quae

494 1332 760 1388 vocatur
821 1327 1071 1405 Magna,
1139 1325 1322 1385 sitam
1386 1324 1449 1383 in
1514 1323 1830 1383 territorio
1885 1325 2164 1397 Sutrino,
2217 1343 2327 1404 per
2386 1325 2753 1386 donationis
2813 1326 3067 1386 titulum
3128 1326 3250 1407 ipsi
3310 1327 3497 1389 beato
3564 1330 3753 1389 Petro

497 1434 930 1514 apostolorum
976 1431 1242 1511 principi
1285 1430 1680 1504 reconcessit,
1730 1437 1793 1491 et
1836 1449 2055 1510 pacem
2101 1450 2240 1491 cum
2288 1431 2518 1493 ducata
2566 1434 2850 1493 Romano
2896 1433 3029 1513 ipse
3072 1452 3183 1493 rex
3225 1434 3288 1494 in
3335 1434 3562 1514 viginti
3606 1453 3757 1496 con-

497 1540 776 1602 firmavit
817 1558 1039 1599 annos.
1088 1539 1208 1599 Sed
1254 1544 1316 1599 et
1359 1538 1640 1616 captivos
1699 1556 1919 1598 omnes
1962 1556 2121 1616 quos
2180 1537 2502 1598 detinebat
2566 1558 2640 1600 ex
2703 1538 2964 1600 diversis
3026 1540 3367 1619 provinciis
3429 1544 3753 1604 Romano-

494 1668 659 1722 rum,
707 1647 909 1709 missis
953 1645 1175 1706 litteris
1218 1644 1345 1704 suis
1392 1651 1518 1704 tam
1565 1644 1627 1703 in
1673 1644 1964 1705 Tusciam
2010 1664 2187 1704 suam
2236 1664 2555 1724 quamque
2600 1652 2775 1706 trans
2814 1646 3082 1719 Padum,
3127 1666 3257 1708 una
3297 1666 3439 1709 cum
3499 1650 3752 1709 Raven-

375 1760 448 1819 15
495 1756 747 1816 natibus
788 1753 1071 1833 captivis,
1119 1755 1415 1823 Leonem,
1463 1750 1776 1828 Sergium,
1822 1750 2134 1812 Victorem
2182 1758 2244 1813 ct
2284 1751 2618 1831 Agnellum
2661 1751 2739 1833 (c)
2786 1753 3075 1814 consules
3120 1751 3205 1835 (cl)
3251 1754 3551 1835 przedicio
3600 1754 3751 1816 bea-

494 1856 735 1923 tissimo
780 1860 1012 1922 redona
1029 1859 1115 1919 vit
1158 1858 1462 1939 pontiﬁci.

574 2004 731 2057 zu
782 1998 852 2057 In
895 1993 1199 2075 praedicta
1241 2011 1389 2053 vero
1434 1991 1694 2052 basilica
1735 1991 1902 2052 beati
1944 1991 2261 2052 Valentini
2307 2012 2418 2071 per
2460 1991 2741 2070 ejusdem
2787 1992 2952 2071 regis
2994 1993 3363 2072 petitionem
3408 1994 3473 2053 in
3540 1995 3746 2055 locum

491 2102 962 2181 Cousignenstis
1007 2102 1080 2182 (ρ)
1125 2100 1458 2171 Antistitis,
1489 2098 1599 2178 qui
1644 2098 2002 2171 transierat,
2036 2098 2229 2159 alium
2273 2099 2588 2159 ordinavit
2630 2099 3019 2179 episcopum.
3066 2101 3133 2160 In
3181 2100 3362 2180 cujus
3403 2119 3741 2163 consecra-

489 2210 664 2270 tione
706 2207 855 2268 dum
904 2206 1149 2267 adesset
1189 2206 1323 2284 ipse
1368 2223 1477 2265 rex
1520 2221 1662 2263 cum
1706 2203 1834 2263 suis
1870 2202 2212 2281 judicibus,
2261 2206 2747 2284 compunctione
2789 2206 3221 2285 inspirationis
3263 2206 3493 2268 divina:
3555 2213 3747 2268 tanta!

491 2314 796 2377 orationis
855 2312 1187 2373 dulcedine
1251 2311 1331 2372 ab
1391 2330 1465 2371 eo
1522 2316 1670 2371 sunt
1733 2310 1999 2389 prolata,
2049 2316 2118 2372 ut
2160 2329 2302 2371 cum
2364 2317 2651 2373 sanctum
2717 2313 2920 2373 virum
2984 2313 3420 2394 conspicerent
3483 2314 3746 2376 fundere

409 2427 447 2485 5
494 2440 729 2503 preces,
780 2421 994 2500 plures
1036 2438 1111 2480 ex
1158 2417 1388 2480 eisdem
1437 2417 1869 2495 Longobardis
1913 2417 1992 2477 ad
2035 2410 2346 2497 lacrymas
2388 2425 2537 2479 sunt
2579 2419 2872 2499 permoti.
2919 2420 3156 2481 Eodem
3203 2438 3352 2481 vero
3395 2420 3498 2482 die
3542 2422 3747 2483 Domi-

494 2528 659 2600 nico,
707 2530 849 2607 post
901 2530 1156 2605 peracta
1217 2524 1548 2584 missarum
1612 2522 1942 2596 solemnia,
2007 2524 2088 2584 ad
2153 2524 2487 2604 prandium
2553 2524 2844 2586 eumdem
2907 2543 3118 2605 regem
3182 2526 3264 2587 ad
3329 2526 3743 2607 apostolicam

491 2633 994 2695 benedictionem
1041 2630 1503 2710 suscipiendam
1548 2630 1681 2709 ipse
1724 2630 2122 2690 beatissimus
2167 2630 2449 2710 pontifex
2489 2631 2802 2692 invitavit.
2851 2632 2974 2694 Ubi
3014 2650 3158 2692 cum
3216 2637 3395 2693 tanta
3436 2633 3745 2695 suavitate

491 2764 664 2807 esum
710 2742 997 2823 sumpsit,
1048 2748 1110 2803 et
1150 2740 1470 2801 hilaritate
1524 2740 1749 2813 cordis,
1820 2747 1890 2801 ut
1949 2740 2187 2801 diceret
2229 2740 2363 2821 ipse
2409 2759 2517 2801 rex
2562 2746 2808 2802 tantum
2870 2759 2935 2802 se
2995 2760 3323 2822 nunquam
3388 2743 3746 2805 meminisse

489 2857 906 2915 comessatum
954 2849 1059 2929 (Γ).
1106 2849 1246 2909 Alia
1288 2866 1436 2908 vero
1480 2847 1605 2920 die,
1651 2866 1793 2926 qua:
1855 2846 1974 2907 fuit
2016 2847 2293 2908 secunda
2334 2847 2513 2921 feria,
2559 2849 2698 2909 vale
2740 2848 2980 2910 faciens
3020 2849 3079 2910 ei
3123 2849 3258 2929 ipse
3302 2868 3433 2923 rex,
3484 2850 3657 2911 misit
3685 2851 3745 2910 in

375 2964 451 3024 lO
494 2959 629 3039 ejus
671 2957 1043 3037 obsequium
1086 2954 1521 3035 Agiprandum
1567 2953 1655 3033 (g)
1697 2954 1921 3015 ducem
1965 2953 2316 3027 Clusinum,
2362 2959 2656 3035 nepotem
2702 2972 2909 3028 suum,
2967 2973 3076 3016 seu
3136 2954 3543 3035 Tacipertum
3608 2976 3739 3017 cas-

489 3067 751 3128 taldium
794 3065 860 3125 in
904 3062 1039 3142 ejus
1099 3062 1499 3142 obsequium,
1565 3066 1626 3121 et
1690 3061 2069 3140 Ramingum
2119 3059 2197 3143 (Ιι)
2245 3062 2596 3123 castaldum
2638 3064 3128 3136 Tuscanensem,
3174 3067 3367 3142 atque
3427 3063 3738 3125 Grimoal~

490 3175 663 3246 dum,
712 3172 823 3253 qui
866 3172 1065 3232 eidem
1113 3178 1330 3231 sancto
1374 3169 1508 3229 viro
1554 3187 1750 3245 usque
1795 3169 1874 3229 ad
1918 3168 2252 3248 praadictas
2296 3168 2583 3229 civitates
2612 3168 2986 3248 obsequium
3030 3169 3330 3243 facerent,
3356 3169 3736 3251 easdemque

491 3279 774 3343 civitates
816 3296 959 3339 cum
1004 3277 1130 3338 suis
1173 3275 1637 3337 habitatoribus
1682 3275 2024 3350 traderent,
2072 3275 2244 3355 quod
2288 3281 2350 3337 et
2394 3276 2629 3337 factum
2712 3282 2791 3337 st.

573 3420 738 3474 ut
787 3413 857 3473 In
902 3410 1121 3491 primis
1160 3409 1521 3470 Amerinam
1566 3407 1906 3481 civitatem,
1951 3407 2180 3469 deinde
2223 3411 2591 3485 Hortanam,
2640 3409 2917 3490 dumque
2980 3408 3043 3469 in
3101 3408 3470 3471 Polimartio
3533 3418 3736 3474 castro

497 3518 960 3591 convenissent,
1006 3536 1277 3596 eumque
1320 3515 1681 3594 recepisset,
1729 3521 1790 3574 et
1832 3514 2050 3575 fuisset
2089 3515 2330 3576 itineris
2372 3516 2702 3595 longitudo
2746 3535 2859 3595 per
2900 3516 3228 3577 circuitum
3273 3516 3496 3577 ﬁnium
3544 3518 3742 3599 reipu-

497 3627 677 3689 blicae
722 3624 912 3686 eundi
958 3642 1153 3703 usque
1197 3622 1277 3682 ad
1320 3622 1653 3683 Bleranam
1698 3620 2015 3681 civitatem
2060 3640 2173 3700 per
2216 3628 2424 3700 partes
2468 3621 2741 3683 Sutrinse
2798 3622 3065 3683 civitatis
3125 3641 3238 3702 per
3279 3622 3438 3685 ﬁnes
3488 3626 3737 3702 Longo-

496 3733 836 3795 bardorum
882 3731 1145 3803 Tusciae,
1193 3728 1343 3806 quia
1385 3728 1461 3788 de
1506 3727 1862 3806 propinquo
1907 3733 2062 3800 erat,
2110 3727 2173 3788 id
2219 3734 2313 3788 est
2356 3746 2468 3806 per
2508 3732 2783 3789 castrum
2826 3728 3175 3789 Viterbium
3223 3727 3313 3808 (2),
3349 3728 3485 3809 ipse
3514 3730 3740 3790 missus

416 3846 453 3903 5
496 3842 660 3920 regis
703 3838 1101 3901 Grimoaldus
1145 3835 1433 3896 eumdem
1479 3834 1905 3894 beatissimum
1950 3833 2310 3913 pontificem
2342 3834 2634 3913 perduxit
2666 3853 2864 3914 usque
2906 3834 2985 3895 ad
3017 3834 3353 3897 Bleranam
3385 3835 3733 3913 civitatem,

492 3968 682 4030 quam
729 3952 793 4008 et
835 3945 956 4026 Ipsi
999 3948 1218 4005 sancto
1262 3942 1397 4003 viro
1442 3940 1939 4021 praenominatus
1983 3941 2327 4019 Ramingus
2370 3940 2708 4003 castaldius
2762 3946 2825 4002 et
2877 3942 3011 4020 jam
3073 3941 3278 4003 dictus
3342 3942 3742 4004 Grimoaldus

499 4059 723 4119 missus
765 4053 1310 4117 contradiderunt.
1356 4053 1435 4111 Et
1477 4050 1565 4110 sic
1612 4068 1927 4128 regressus
1969 4054 2085 4127 est,
2129 4050 2258 4110 Deo
2303 4049 2602 4129 propitio,
2649 4068 2791 4110 cum
2852 4048 3130 4112 victoriae
3192 4050 3408 4130 palma
3470 4050 3537 4111 in
3582 4050 3745 4111 hanc

497 4166 718 4226 urbem
763 4166 1050 4224 Romam.
1098 4160 1215 4232 Qui
1259 4159 1450 4220 etiam
1496 4175 1749 4217 omnem
1796 4156 2101 4236 populum
2146 4174 2522 4234 aggregans,
2568 4174 2675 4217 eos
2735 4162 2828 4217 est
2886 4157 3219 4229 allocutus,
3267 4162 3339 4217 ut
3379 4157 3458 4217 ad
3504 4156 3742 4237 persol-

496 4273 729 4335 vendas
772 4268 1195 4350 omnipotenti
1238 4271 1365 4329 Deo
1410 4264 1757 4345 gratiarum
1801 4263 2081 4324 actiones
2124 4262 2204 4323 ab
2256 4263 2521 4324 ecclesia
2562 4262 2675 4324 Dei
2740 4264 3091 4338 Genitricis,
3136 4283 3279 4344 quae
3341 4270 3605 4326 vocatur
3665 4264 3743 4325 ad

379 4383 455 4442 10
498 4382 821 4458 Martyres,
870 4375 1103 4456 egressi
1146 4393 1367 4436 omnes
1410 4390 1553 4433 cum
1600 4369 1838 4432 letania
1878 4369 2259 4447 generaliter
2296 4376 2711 4449 properarent
2753 4370 2833 4431 ad
2876 4370 3132 4431 beatum
3179 4371 3537 4451 Principem
3568 4389 3745 4452 apos-

497 4487 812 4557 tolorum;
858 4488 921 4545 et
963 4482 1054 4544 ita
1096 4483 1332 4541 factum
1376 4483 1491 4539 est.

575 4627 753 4681 III
799 4617 881 4699 (ᾗ
925 4615 1034 4678 His
1076 4618 1286 4675 autem
1348 4610 1619 4690 expletis
1666 4611 1880 4671 indict.
1927 4625 1989 4684 x,
2036 4609 2100 4669 in
2159 4609 2567 4690 subsequenti
2616 4608 2836 4672 indict.
2895 4627 2982 4683 x1,
3046 4610 3197 4671 dum
3245 4610 3513 4672 nimium
3563 4611 3742 4693 cppri

500 4731 701 4788 meret
757 4722 1094 4804 praedictus
1155 4737 1265 4778 rex
1343 4716 1730 4796 provinciam
1812 4716 2294 4786 llavennatium,
2365 4715 2708 4797 fuissetque
2781 4723 3175 4797 praeparatus
3248 4717 3330 4779 ad
3396 4719 3741 4780 motionem

499 4831 852 4894 faciendam
906 4834 970 4889 et
1018 4822 1431 4885 obsidendam
1494 4824 1953 4883 Ravennatium
2010 4822 2253 4897 urbem,
2315 4823 2571 4903 cognita
2625 4824 2902 4885 motione
2958 4824 3240 4904 ejusdem
3310 4824 3501 4903 regis,
3560 4823 3744 4904 Eutyl

501 4937 679 4998 chius
735 4930 1298 4998 excellentissimus
1348 4931 1654 5011 patricius
1710 4936 1773 4992 et
1844 4930 2174 4999 exarchus,
2237 4949 2366 4992 una
2420 4948 2563 4991 cum
2620 4930 2867 4992 Joanne
2923 4931 3401 5013 archiepiscopo
3452 4931 3737 4994 Ecclesiae

1530 5293 1775 5341 NOTULE
1815 5291 2200 5339 [ARGINALBS
2240 5292 2531 5340 FABROTTI
2540 5322 2554 5338 .

362 5573 385 5701 ζ
413 5614 678 5701 ςίξλθιιξξι.
754 5625 827 5701 (b)
856 5632 921 5699 B,
955 5626 1371 5683 Polimarense.
1448 5621 1834 5701 (c)ngellu_m.
1912 5623 1987 5695 (d)
2015 5623 2084 5701 _B,
2116 5619 2501 5701 consulares;
2551 5624 2621 5701 (θ)
2654 5620 2711 5685 C,
2737 5620 3094 5701 Consentini.
3119 5622 3181 5691 B,
3205 5621 3604 5701 Constantini.
3677 5622 3744 5691 (1)

341 5687 845 5818 ξηξιείιῐᾶἷὲξδεθδιὶ,
878 5687 918 5758 οξ
952 5717 1017 5757 se
1063 5710 1387 5755 comesum.
1453 5687 1540 5768 ’(ῤ)
1586 5687 1652 5761 Β,
1702 5695 1882 5768 Aldep

2236 5695 2314 5762 (h)
2346 5697 2414 5761 B,
2464 5687 2821 5766 Rauingum.
2898 5695 2962 5766 (ἰ)
2995 5687 3351 5750 Lateruium.
3428 5694 3502 5765 (j)
3548 5687 3738 5749 eam;
