3922 6206
128 268 271 332 4053
815 260 1185 322 HISTORIA
1228 259 1328 320 DE
1371 259 1577 321 vms
1622 256 1812 318 ROM.
1858 257 2173 318 PONT.-—
2205 257 2269 318 s.
2316 256 2775 317 ZACHARIAS.
3345 221 3500 322 {054

200 402 234 460 5
274 395 665 468 Ravennatis,
713 399 902 474 atque
947 392 1236 453 universo
1284 392 1516 472 populo
1564 391 1875 470 praedictae
1921 389 2188 474 civitatis
2231 408 2304 450 ac
2348 389 2669 450 civitatum
2714 390 3132 469 Pentapoleos
3184 398 3247 451 ct
3300 393 3498 453 IEmi-

268 506 384 578 liae,
430 505 592 565 facta
631 503 696 562 in
743 500 990 580 scriptis
1033 499 1465 560 obsecratione
1510 498 1810 577 praedicto
1855 503 2072 556 sancto
2121 497 2425 556 miserunt
2469 497 2624 570 viro,
2676 501 2956 576 petentes
3005 503 3070 557 ut
3114 517 3228 577 pro
3281 518 3496 559 eorum

267 614 534 673 curreret
577 609 662 688 (a)
705 607 1096 668 liberatione.
1145 606 1259 678 Qui
1303 611 1555 666 sanctus
1598 605 1713 676 vir,
1766 605 1952 664 missa
1995 603 2308 680 legatione
2355 609 2416 664 et
2478 604 2838 664 muneribus
2899 605 2976 663 ad
3041 605 3498 666 obseerandum

267 715 546 778 eumdem
593 733 804 792 regem
849 732 962 792 per
1003 713 1410 774 Benedictum
1457 712 1818 790 episcopum
1865 717 1925 770 et
1970 711 2458 784 viccdominum,
2509 718 2696 790 atque
2760 711 3160 771 Ambrosium
3208 712 3500 791 primice-

268 825 419 884 rium
467 821 880 893 notariorum,
930 819 1109 899 petiit
1174 826 1321 879 uta
1383 819 1658 879 motione
1721 824 2010 890 cessaret,
2075 824 2136 877 et
2205 819 2617 878 Cesenatense
2677 818 3145 878 Ravennatibus
3216 819 3508 881 redderet

160 932 229 992 l0
268 935 577 1000 castrum;
624 928 729 987 sed
776 945 998 1006 passus
1040 945 1164 986 non
1213 933 1326 985 est.
1375 924 1562 1002 Cujus
1612 925 1758 984 dum
1807 925 2028 983 duram
2076 925 2605 1003 perseverantiam
2682 925 3071 1003 conspiceret
3115 925 3249 1004 jam
3299 929 3503 987 nomi-

266 1041 444 1096 natus
485 1034 914 1095 sanctissimus
958 1033 1073 1102 vir,
1122 1038 1361 1112 tropaeo
1408 1031 1550 1091 ﬁdei
1597 1032 1896 1102 munitus,
1945 1031 2160 1091 relicta
2209 1034 2490 1091 ltomana
2549 1032 2698 1091 urbe
2754 1031 2888 1109 jam
2953 1032 3119 1092 dicto
3181 1034 3506 1112 Stephano

267 1141 524 1222 patricio
570 1145 632 1201 et
673 1140 820 1200 duci
863 1140 942 1199 ad
988 1139 1494 1218 gubernandum,
1545 1158 1668 1198 non
1715 1139 1875 1198 sicut
1919 1139 2360 1209 mercenarius,
2418 1139 2524 1197 sed
2583 1139 2744 1198 sicut
2805 1157 2947 1199 vere
3005 1144 3219 1216 pastor
3274 1141 3507 1201 relictis

268 1247 505 1318 ovibus,
554 1246 634 1306 ad
679 1265 784 1306 eas
828 1265 967 1325 qua:
1031 1247 1326 1326 periturae
1386 1253 1568 1306 erant
1634 1245 2026 1306 redimendae
2085 1245 2376 1305 occurrit.
2438 1246 2572 1316 Quo
2634 1264 2882 1324 egresso
2945 1246 3164 1306 itinere
3228 1247 3376 1306 dum
3442 1268 3507 1309 se

266 1352 656 1415 orationibus
700 1353 1173 1413 commendaret
1236 1353 1420 1413 beato
1493 1352 1920 1431 apostolorum
1984 1352 2253 1431 principi
2315 1354 2497 1410 Petro
2561 1369 2701 1411 cum
2765 1352 2891 1412 suis
2953 1353 3382 1414 sacerdotibus
3446 1360 3510 1415 et

156 1463 220 1524 15
263 1460 422 1522 clero
467 1479 612 1520 cum
661 1459 1021 1529 viatoribus,
1072 1465 1226 1520 nutu
1273 1459 1722 1539 omnipotentis
1773 1459 1904 1529 Dei,
1955 1466 2025 1518 ut
2085 1477 2210 1518 non
2270 1458 2474 1518 calore
2527 1464 2860 1519 urerentur
2902 1478 3012 1538 per
3072 1460 3260 1532 diem,
3313 1481 3508 1540 usque

268 1568 344 1627 ad
386 1567 595 1626 locum
644 1566 749 1626 ubi
797 1566 1068 1626 tentoria
1111 1566 1407 1643 figebant,
1457 1567 1656 1626 nubes
1699 1585 1806 1625 eos
1849 1565 2124 1644 tegebat,
2171 1584 2310 1644 qum
2356 1566 2431 1624 ad
2481 1584 2808 1644 vesperum
2854 1566 3171 1627 residebat
3215 1567 3319 1647 (b).
3370 1569 3508 1630 Alio

266 1679 473 1736 autem
519 1673 622 1734 die
665 1673 726 1733 in
775 1691 990 1734 eorum
1038 1674 1425 1751 protectione
1471 1679 1604 1734 erat
1647 1673 1945 1733 divinitus
2005 1673 2314 1745 instituta,
2363 1673 2462 1732 cui
2519 1673 2768 1732 obviam
2815 1674 3087 1734 occurrit
3137 1675 3509 1737 denomina-

271 1788 368 1841 tus
408 1780 972 1842 excellentissimus
1015 1781 1324 1841 exarchus
1370 1799 1565 1860 usque
1611 1781 1689 1840 ad
1734 1780 2055 1840 basilicam
2103 1780 2268 1840 beati
2315 1779 2773 1858 Christophori,
2823 1779 3087 1859 positam
3134 1781 3194 1841 in
3220 1782 3357 1843 loco
3402 1785 3511 1864 qui

271 1893 526 1949 vocatur
570 1886 650 1947 ad
693 1887 1008 1966 Aquilam,
1057 1887 1580 1966 quinquagesimo
1628 1888 1755 1946 fere
1800 1887 2095 1946 milliario
2140 1905 2176 1946 a
2221 1887 2677 1946 Itavennatium
2726 1887 2900 1948 urbe.
2949 1889 3089 1966 Ipsa
3132 1907 3280 1950 vero
3312 1890 3511 1951 nubes

159 1998 230 2057 20
268 2013 404 2055 cum
449 1995 540 2055 eis
586 2013 782 2074 usque
826 1995 905 2055 ad
951 1995 1268 2055 basilicam
1315 1995 1512 2054 sancti
1578 1994 1958 2074 Apollinaris
2011 1995 2076 2053 in
2136 1994 2594 2065 Ravennatium
2659 1994 2877 2054 urbem
2944 1996 3208 2074 tegendo
3253 1998 3508 2059 convia-

271 2101 375 2162 vit.
422 2101 666 2162 Exinde
709 2103 948 2162 factum
993 2107 1086 2163 est
1128 2101 1398 2180 signum,
1448 2107 1518 2161 ut
1569 2108 1857 2162 sanctum
1902 2101 2264 2181 pontiﬁcem
2337 2120 2461 2180 quo
2525 2107 2660 2162 erat
2720 2102 2920 2161 iturus
2983 2102 3046 2162 in
3091 2104 3508 2166 Ticinensium

269 2208 483 2269 urbem
534 2207 701 2268 acies
743 2208 945 2286 ignea:
990 2207 1050 2266 in
1100 2207 1372 2267 nubibus
1434 2209 1876 2287 praecederent.
1931 2211 2232 2286 Egressus
2285 2214 2493 2267 autem
2567 2208 2643 2268 de
2705 2207 2956 2269 civitate
3021 2211 3505 2287 Ravennatensi,

272 2315 384 2375 viri
426 2333 501 2376 ac
548 2313 843 2375 mulieres
885 2314 1113 2374 diversi
1157 2332 1361 2384 sexus,
1411 2322 1473 2374 et
1517 2315 1719 2374 aetatis
1763 2321 2021 2392 agentes
2065 2315 2300 2392 gratias
2343 2314 2758 2393 omnipotenti
2805 2317 2955 2387 Deo,
3002 2316 3272 2394 profusis
3318 2317 3514 2398 lacry-

270 2420 384 2480 mis
427 2421 722 2482 eumdem
769 2427 1055 2480 sanctum
1103 2427 1510 2500 susceperunt
1554 2422 1942 2501 pontiﬁcem,
1989 2421 2333 2480 clamantes
2378 2426 2566 2499 atque
2629 2421 2906 2480 dicentes
2953 2438 2966 2479 :
3016 2422 3180 2482 Bene
3225 2423 3398 2483 venit
3440 2423 3514 2505 (ο)

166 2529 234 2589 25
278 2533 488 2606 pastor
533 2533 766 2600 noster,
815 2528 923 2606 qui
965 2545 1110 2588 suas
1153 2528 1407 2607 reliquit
1448 2547 1618 2601 oves,
1666 2534 1728 2588 et
1769 2527 1849 2587 ad
1915 2547 2050 2599 nos,
2098 2528 2205 2607 qui
2252 2528 2513 2606 perituri
2570 2545 2841 2602 eramus,
2891 2527 3252 2589 liberandos
3296 2549 3516 2591 occur~

270 2635 366 2694 rit.

352 2775 516 2829 21‘.
567 2769 658 2833 Ex
703 2766 923 2828 eadem
967 2786 1218 2846 quogue
1264 2767 1716 2827 Ravennatium
1766 2767 1918 2827 urbe
1965 2767 2132 2826 misit
2177 2785 2360 2846 papa,
2409 2767 2482 2825 ad
2531 2766 3059 2844 prarnominatum
3108 2786 3340 2846 regem,
3375 2772 3516 2831 Ste-

271 2875 554 2954 phanum
600 2874 1036 2953 presbyterum
1083 2879 1145 2934 et
1185 2874 1583 2935 Ambrosium
1633 2874 2080 2953 primicerium,
2126 2873 2234 2952 qui
2299 2872 2738 2933 annuntiarint
2799 2873 2854 2932 ei
2899 2892 3083 2933 suum
3143 2875 3512 2938 adventum.

269 2982 380 3052 Qui
423 2981 548 3042 viri
588 2981 852 3059 ingressi
894 2981 957 3040 in
1000 2981 1235 3040 ﬁnibus
1279 2980 1365 3060 (d)
1409 2981 1970 3058 Longobardorum
2017 2981 2078 3038 in
2126 2979 2437 3041 civitatem
2486 2999 2626 3058 quae
2674 2984 2934 3039 vocatur
2975 2981 3196 3041 Imola.
3245 3000 3514 3060 cognos-

269 3094 476 3150 centes
525 3088 636 3168 qui
679 3087 1200 3168 przepoditionem
1251 3088 1323 3167 (θ)
1368 3087 1733 3148 nitebantur
1775 3088 1978 3148 facere
2023 3087 2323 3166 praedicto
2381 3093 2597 3147 saneto
2659 3086 2809 3160 viro,
2861 3105 2972 3148 nec
3029 3087 3178 3147 illuc
3225 3090 3516 3151 ambula-

196 3197 230 3254 5
270 3182 382 3269 ret,
430 3214 549 3276 per
590 3196 917 3275 epistolam
965 3195 1263 3274 scriptam
1310 3213 1422 3274 per
1463 3195 1663 3255 noctis
1724 3194 2039 3254 silentium
2088 3195 2560 3254 nuntiaverunt.
2609 3194 2743 3264 Quo
2803 3194 3053 3272 cognito
3109 3194 3242 3274 jam
3309 3197 3514 3256 nomi-

270 3309 452 3363 natus
499 3302 808 3381 pontifex,
858 3301 1207 3362 lucescente
1251 3301 1353 3362 die
1397 3301 1696 3370 Sabbato,
1746 3319 1871 3360 non
1919 3301 2136 3360 mortis
2181 3301 2404 3360 timore
2450 3301 2839 3379 perterritus,
2886 3301 2994 3361 sed
3039 3301 3269 3362 Christi
3320 3303 3518 3364 fretus

270 3409 533 3481 auxilio,
580 3409 881 3469 audacter
923 3427 1207 3486 egressus
1250 3408 1326 3469 de
1359 3408 1812 3467 Ravennatium
1858 3408 2012 3467 urbe
2056 3408 2118 3466 in
2166 3407 2396 3467 ﬁnibus
2440 3407 2520 3487 (Γ)
2563 3407 3117 3486 Longobardorum
3176 3408 3513 3488 ingressus,

270 3516 594 3596 sesquipes
640 3516 836 3576 factus
877 3521 970 3574 est
1012 3514 1140 3574 suis
1185 3514 1410 3574 missis.
1459 3518 1626 3586 Quos
1681 3514 1936 3593 quidem
2002 3514 2426 3593 pra-accdentes
2492 3519 2635 3574 ante
2698 3533 2865 3588 eum,
2923 3514 3057 3592 jam
3121 3515 3322 3576 dictus
3383 3535 3517 3590 rex,

271 3621 491 3683 dolore
539 3622 884 3701 perculsus,
929 3621 1245 3700 suscipere
1291 3621 1514 3680 noluit.
1564 3622 1702 3699 Ipse
1747 3639 1894 3680 vero
1939 3639 2221 3679 summus
2268 3621 2543 3698 pontifex
2591 3621 2888 3680 vicesima
2930 3627 3152 3682 octava
3197 3623 3296 3683 die
3345 3641 3520 3684 men-

162 3728 232 3787 10
273 3728 353 3788 sis
393 3728 571 3790 Junii
616 3729 696 3788 ad
738 3727 980 3788 Padum
1025 3728 1338 3800 convenit,
1389 3728 1494 3787 ubi
1551 3734 1612 3787 et
1655 3727 1735 3788 ad
1779 3727 2248 3805 suscipiendum
2295 3746 2436 3787 eum
2485 3727 2614 3806 ipse
2679 3746 2787 3787 rex
2832 3747 2977 3788 suos
3039 3730 3206 3789 misit
3247 3732 3522 3809 optima-

272 3842 402 3909 tes;
448 3855 596 3897 cum
644 3835 872 3914 quibus
915 3835 1204 3896 Ticinuni
1248 3835 1647 3904 conveniens,
1694 3835 1803 3894 ubi
1846 3834 1978 3912 ipse
2027 3833 2337 3893 residebat
2384 3853 2508 3905 rex,
2562 3835 2711 3893 foris
2759 3853 2972 3893 muros
3033 3836 3314 3912 ejusdem
3370 3839 3523 3898 civi-

275 3943 417 4003 tatis
461 3943 915 4024 pertransiens,
961 3941 1040 4002 ad
1085 3943 1303 4002 horam
1350 3941 1652 4001 orationis
1699 3959 1929 4001 nonam
1978 3959 2091 4019 pro
2137 3940 2493 4017 vigiliarum
2540 3940 2708 4000 beati
2754 3941 3185 4018 apostolorum
3219 3943 3524 4022 principis

269 4050 438 4110 Petri
481 4049 875 4110 celebrandis
917 4049 1235 4109 solemniis
1280 4048 1631 4120 missarum,
1681 4047 1742 4105 in
1791 4047 2110 4107 basilicam
2157 4045 2316 4123 ejus,
2365 4064 2505 4122 quae
2552 4051 2812 4106 vocatur
2841 4046 2919 4105 ad
2944 4047 3182 4106 leum
3229 4067 3518 4122 aureum,

273 4156 572 4234 perrexit.
621 4156 698 4215 Et
740 4161 882 4234 post
922 4155 1301 4234 completam
1345 4153 1728 4214 oblationem
1776 4152 1858 4233 (g)
1904 4153 1966 4211 in
2013 4152 2298 4213 eamdem
2344 4151 2564 4212 urbem
2610 4152 2948 4230 ingressus,
2998 4159 3278 4213 moratus
3322 4162 3436 4215 est.

355 4296 524 4349 116
574 4287 712 4349 ΑΙἰο
757 4306 1009 4368 quoque
1053 4288 1152 4348 die
1196 4306 1308 4367 pro
1356 4287 1551 4348 natali
1594 4286 1970 4347 celebrando
2015 4285 2210 4365 ipsius
2257 4284 2556 4366 principis
2615 4285 3044 4364 apostolorum
3108 4286 3172 4346 in
3219 4287 3524 4366 praedicta

272 4396 538 4458 ecclesia
581 4415 616 4456 a
662 4395 1123 4475 praenominato
1170 4414 1313 4474 rege
1357 4395 1676 4467 invitatus,
1728 4395 2059 4454 missarum
2123 4392 2428 4453 solemnia
2491 4392 2848 4453 celebravit.
2897 4392 3116 4473 Ibique
3177 4401 3395 4455 mutuo
3458 4415 3523 4458 se

269 4503 540 4564 invicem
585 4502 930 4563 salutantes
973 4502 1210 4582 pariter
1251 4507 1662 4581 susceperunt
1704 4502 1898 4575 cibos,
1947 4506 2009 4561 et
2053 4501 2138 4561 sic
2183 4501 2247 4560 in
2296 4500 2819 4580 praenominatam
2884 4501 3200 4562 civitatem
3256 4504 3524 4581 regressi

268 4616 440 4672 sunt.
490 4611 687 4682 Quem
733 4615 1020 4669 sanctum
1071 4608 1268 4668 virum
1315 4609 1438 4669 alio
1481 4609 1583 4669 die
1625 4609 1823 4669 isdem
1884 4627 1994 4669 rex
2064 4627 2174 4688 per
2216 4608 2551 4687 optimates
2612 4627 2758 4668 suos
2831 4609 2908 4668 ad
2972 4627 3154 4668 suum
3216 4609 3522 4688 palatium

190 4717 226 4775 5
269 4716 612 4797 procedere
653 4715 960 4779 invitavit.
1007 4717 1084 4776 Et
1128 4713 1210 4795 (Ιι)
1256 4715 1336 4776 ab
1380 4716 1598 4776 eodem
1646 4734 1791 4794 rege
1833 4715 2020 4775 nimis
2065 4715 2410 4776 honoriﬁce
2456 4721 2782 4794 susceptus
2839 4715 3222 4776 salutaribus
3267 4716 3524 4777 monitis

267 4843 410 4885 eum
457 4823 768 4885 allocutus
811 4827 926 4896 est,
972 4822 1306 4883 obsecrans
1352 4842 1429 4883 ne
1473 4823 1742 4902 amplius
1787 4822 2246 4883 Ravennatium
2293 4821 2682 4900 provinciam
2729 4823 3114 4901 opprimeret
3168 4823 3337 4882 facta
3383 4841 3519 4883 mo-

267 4931 463 5004 tione,
509 4929 619 4991 sed
663 4928 863 5007 magis
904 4934 966 4990 et
1009 4928 1253 4990 ablatas
1297 4929 1756 4990 ltavennatium
1803 4929 1987 4989 urbes
2031 4928 2147 4988 sibi
2190 4928 2526 4989 redonaret
2568 4927 2754 4988 simul
2816 4933 2879 4988 et
2947 4932 3222 4988 castrum
3265 4928 3521 4989 Cesina-

266 5056 481 5100 cense.

1300 5401 1554 5448 NOTULE
1594 5399 1980 5447 HARGINALES
2024 5399 2343 5445 FABROTTI.

121 5717 800 5862 liéggigggurrageguiw)
832 5716 1154 5772 recedebat-
1231 5719 1303 5786 (6)
1333 5715 1523 5783 Venit,
1557 5715 1730 5772 venit.
1808 5716 1887 5786 (d)
1919 5717 2080 5771 ﬁnes.
2158 5716 2230 5782 (ε)
2262 5719 2328 5769 Β.
2366 5711 2770 5788 proditionem.
2848 5717 2914 5789 (fl
2965 5715 3118 5771 ﬁnis.
3195 5717 3269 5786 (9)
3301 5716 3527 5824 expleta
