3922 6206
353 175 510 245 1055
1498 174 1914 241 ANASTASII
1959 177 2614 243 BlBLIOTHECARII.
3609 180 3803 258 im

595 318 760 374 ’.ιθ
805 306 923 384 Qui
966 307 1303 392 praedictus
1346 328 1455 372 rex
1501 316 1642 391 post
1686 312 1946 373 multam
1992 313 2282 374 duritiem
2328 314 2667 376 inclinatus
2710 318 2804 375 est
2844 312 3005 378 ﬁnes
3059 314 3528 392 Ravennatinm
3592 316 3793 393 urbis

510 420 779 489 dilatare
822 417 982 481 sicut
1026 416 1316 497 primitus
1358 417 1805 480 detinebantur
1848 419 1967 501 (a)r
2011 422 2085 480 Et
2128 420 2289 480 duas
2333 425 2544 500 partes
2589 420 2888 482 territorii
2929 420 3205 491 Omna:
3245 421 3437 497 castri
3491 422 3583 501 ad
3626 441 3789 504 par-

515 534 639 590 tem
685 524 1066 606 Reipublicae
1110 525 1402 585 restituit.
1459 525 1735 585 Tertiam
1786 545 1929 587 vero
1976 531 2216 605 partem
2281 526 2357 587 de
2419 526 2641 588 eodem
2703 532 2912 591 castro
2973 528 3090 591 sub
3153 528 3418 592 obtentu
3480 529 3786 605 retinuit,

512 636 669 695 inito
713 632 1051 694 constituto
1094 637 1165 692 ut
1208 650 1407 710 usque
1452 632 1531 691 ad
1573 632 1887 692 Kalendas
1928 632 2119 706 Junii,
2168 632 2316 692 dum
2364 632 2501 712 ejus
2545 632 2717 693 missi
2760 652 2798 695 a
2840 633 3017 714 regia
3076 640 3545 697 reverterentur
3589 635 3785 708 urbe,

437 744 472 802 5
514 742 679 805 idem
726 744 1022 810 castrum,
1072 742 1132 799 et
1176 737 1425 798 tertiam
1474 742 1741 816 partem,
1788 756 1981 817 quam
2027 739 2307 817 pignoris
2352 757 2545 800 causa
2586 738 2935 814 detinebat,
2982 740 3149 820 parti
3204 740 3596 821 Reipublicae
3646 760 3788 802 res-

514 849 789 908 titueret.
838 848 984 905 Post
1029 844 1161 904 haec
1205 849 1415 903 autem
1459 844 1511 904 is
1555 844 1687 922 ipse
1732 862 1839 903 rex
1884 862 2169 921 egressus
2212 845 2288 905 de
2335 845 2473 905 loco
2517 845 2580 904 in
2627 845 2832 907 locum
2881 864 3080 926 usque
3124 846 3206 907 ad
3250 847 3515 920 Padum,
3565 847 3789 913 eidem

517 958 730 1016 sancto
774 951 905 1011 viro
950 950 1275 1011 conviatus
1320 948 1402 1028 (1))
1447 968 1589 1009 eum
1636 949 1919 1010 deduxit.
1967 952 2035 1010 In
2080 969 2205 1030 quo
2253 951 2388 1011 loco
2434 951 2490 1012 ei
2520 951 2658 1012 vale
2686 951 2924 1015 faciens
2966 971 3110 1014 cum
3141 952 3337 1032 digna
3365 953 3793 1015 ordinatione

515 1079 659 1125 eum
707 1056 779 1137 (c)
828 1056 1255 1135 repedandum
1301 1055 1591 1127 absolvit,
1638 1055 1795 1116 dans
1853 1056 1914 1117 in
1977 1056 2349 1137 obsequium
2410 1057 2547 1138 ejus
2607 1057 2800 1119 duces
2855 1063 2918 1119 et
2979 1058 3279 1138 primates
3337 1078 3511 1135 suos,
3556 1059 3678 1125 sed
3725 1066 3791 1121 et

517 1166 673 1227 alios
716 1163 904 1236 viros,
951 1162 1060 1241 qui
1103 1181 1268 1242 saepe
1322 1161 1488 1222 dicta
1550 1163 2010 1224 Ravennatium
2056 1164 2372 1225 territoria
2429 1170 2492 1226 et
2552 1166 2871 1228 Caesenate
2931 1171 3209 1229 castrum
3268 1165 3669 1241 redderent;
3720 1171 3789 1228 et

399 1276 476 1335 10
516 1274 609 1335 ita
648 1273 881 1334 factum
929 1274 1042 1331 est.

600 1412 761 1467 υτ
821 1406 1128 1484 Operatus
1197 1408 1291 1463 est
1360 1408 1571 1464 autem
1629 1404 1794 1464 Deus
1849 1402 2241 1476 mirabiliter,
2308 1410 2368 1464 et
2437 1405 2893 1466 tlavennatium
2958 1411 3148 1485 atque
3206 1406 3783 1485 Pentapolensium

520 1514 788 1595 populos
830 1512 908 1573 ab
951 1510 1359 1590 oppressione
1401 1516 1465 1570 et
1506 1510 1865 1571 calamitate
1908 1529 2036 1589 qua
2076 1510 2154 1571 de
2208 1511 2565 1583 inebantur,
2613 1511 2926 1584 liberavit,
2972 1519 3037 1572 et
3096 1511 3364 1574 salutati
3422 1517 3577 1573 sunt
3641 1514 3785 1573 fru-

522 1626 754 1695 mento,
779 1619 918 1680 oleo
949 1624 1010 1679 et
1052 1618 1222 1679 vino.
1248 1620 1585 1695 Regressus
1628 1623 1839 1678 autem
1888 1617 1948 1677 in
1996 1618 2215 1678 urbem
2262 1620 2796 1691 Bomanam,cum
2841 1618 3134 1680 omnibus
3176 1619 3286 1698 qui
3329 1637 3545 1682 secum
3589 1623 3787 1680 erant

522 1728 754 1809 gratias
797 1732 1056 1804 agentes
1100 1724 1186 1805 (d)
1224 1725 1374 1795 Deo,
1422 1724 1631 1785 denuo
1676 1723 1887 1785 natale
1930 1724 2260 1785 beatorum
2321 1724 2676 1804 principum
2738 1726 3168 1805 apostolorum
3230 1724 3401 1786 Petri
3461 1731 3527 1786 et
3586 1725 3781 1787 Pauli

439 1840 478 1901 5
521 1853 664 1898 cum
707 1832 883 1894 omni
925 1830 1161 1911 populo
1204 1829 1563 1901 celebravit,
1614 1835 1677 1892 et
1719 1849 1852 1891 sese
1914 1831 1979 1891 in
2040 1830 2434 1893 orationibus
2475 1830 2667 1908 dedit,
2734 1837 2955 1909 petens
3015 1831 3097 1892 ab
3157 1832 3583 1911 omnipotenti
3647 1833 3781 1893 Deo

523 1939 1012 2005 misericordiam
1060 1942 1121 1998 et
1164 1937 1655 2001 consolationem
1701 1937 1837 1998 ﬁeri
1880 1938 2118 2017 populo
2162 1938 2622 1999 Ravennatium
2687 1944 2751 1999 et
2810 1941 3095 1999 Romano
3156 1938 3236 2001 ab
3294 1927 3672 2000 insidiatore
3715 1944 3781 2000 et

523 2052 920 2131 persecutore
964 2045 1074 2106 illo
1116 2044 1507 2124 Luitprando
1552 2063 1721 2122 rege.
1767 2043 1961 2122 Cujus
2004 2062 2222 2124 preces
2266 2063 2390 2106 non
2435 2045 2787 2123 despiciens
2828 2044 3046 2105 divina
3070 2044 3431 2119 clementia,
3477 2046 3781 2106 eumdem

522 2174 732 2235 regem
778 2158 925 2217 ante
968 2152 1133 2217 diem
1179 2151 1469 2231 superius
1512 2151 1924 2213 constitutum
1971 2151 2048 2213 de
2092 2150 2212 2213 hac
2255 2151 2569 2213 subtraxit
2609 2150 2772 2225 luce,
2820 2157 2882 2212 et
2943 2151 3180 2231 quievit
3228 2152 3437 2213 omnis
3479 2170 3783 2232 persecu-

521 2263 632 2325 tio.
679 2263 1068 2339 Factumque
1112 2264 1207 2319 est
1247 2258 1549 2337 gaudium
1595 2276 1723 2318 non
1767 2258 1969 2319 solum
2019 2258 2319 2319 Romanis
2362 2267 2422 2319 et
2470 2258 2960 2333 Ravennatibus,
3007 2258 3117 2319 sed
3160 2258 3347 2319 etiam
3393 2259 3572 2338 genti
3616 2262 3784 2320 Lon-

404 2374 482 2435 40
516 2368 973 2450 gobardorum,
1036 2365 1339 2445 quoniam
1405 2370 1468 2426 et
1524 2364 2005 2443 Aldeprandum
2068 2370 2359 2444 nepotem
2419 2383 2625 2439 suum,
2691 2384 2879 2445 quem
2941 2364 3077 2445 ipse
3140 2366 3480 2446 reliquerat
3540 2384 3782 2446 regem,

524 2475 892 2543 malivolum
937 2472 1339 2553 projeeerunt
1382 2471 1460 2532 de
1504 2490 1725 2549 regno,
1769 2478 1832 2533 et
1892 2471 2255 2545 Rachisum,
2301 2472 2411 2551 qui
2454 2474 2660 2533 fueret
2718 2473 2867 2546 dux,
2927 2472 3050 2533 sibi
3108 2472 3509 2551 Langobardi
3571 2474 3780 2553 elege-

524 2587 675 2643 runt
716 2581 780 2642 in
827 2598 1061 2659 regem.
1104 2578 1199 2639 Ad
1244 2596 1431 2658 quem
1480 2578 1668 2639 missa
1713 2578 2015 2639 relatione
2058 2577 2135 2659 (e)
2180 2579 2311 2659 ipse
2356 2579 2753 2639 beatissimus
2800 2578 3081 2659 pontifex
3126 2580 3427 2641 continuo
3472 2579 3558 2641 ob
3604 2599 3780 2641 reve-

525 2689 791 2753 rentiam
838 2686 1140 2768 principis
1182 2685 1635 2766 apostolorum,
1685 2691 1749 2746 et
1788 2684 1924 2765 ejus
1968 2685 2258 2765 precibus
2300 2685 2640 2749 inclinatus
2686 2684 2790 2767 (Γ),
2843 2705 3039 2765 usque
3083 2686 3165 2747 ad
3208 2686 3433 2766 viginti
3461 2705 3777 2753 annorum

524 2794 796 2878 spatium
840 2793 998 2859 inita
1042 2811 1196 2874 pace
1239 2792 1569 2855 universus
1610 2792 1807 2853 Italian
1852 2792 2092 2873 quievit
2134 2792 2431 2873 populus.

607 2935 770 2998 118
816 2927 928 2990 Hic
969 2927 1033 2991 in
1076 2926 1485 2991 Lateranensi
1528 2925 1912 3005 patriarchio
1957 2930 2104 2987 ante
2161 2925 2486 2986 basilicam
2532 2926 2737 2987 beatas
2781 2926 3106 2988 memoria:
3146 2925 3469 2989 Theodori
3515 2945 3699 3008 papa:
3741 2946 3776 2988 a

526 3054 690 3103 novo
734 3034 882 3097 fecit
921 3032 1011 3114 (g)
1054 3033 1420 3101 triclinium,
1466 3032 1637 3113 quod
1700 3032 1962 3094 diversis
2022 3033 2443 3094 marmoribus
2485 3038 2548 3095 et
2590 3034 2769 3107 vitio,
2817 3034 3088 3099 metallis
3138 3040 3336 3114 atque
3400 3035 3647 3097 musivo
3712 3041 3774 3095 et

526 3143 775 3225 pictura
815 3140 1090 3213 ornavit,
1136 3140 1243 3202 sed
1287 3145 1349 3200 et
1393 3139 1585 3201 sacris
1628 3139 2011 3218 imaginibus
2054 3144 2183 3200 tam
2227 3140 2574 3201 oratorium
2620 3140 2789 3202 beati
2830 3140 3116 3202 Silvestri
3157 3159 3478 3221 quamque
3522 3147 3589 3203 et
3630 3159 3776 3222 por-

527 3251 719 3317 ticum
762 3247 1106 3310 decoravit.
1153 3246 1274 3311 Ubi
1316 3245 1505 3309 etiam
1552 3252 1616 3307 et
1656 3264 1909 3307 omnem
1953 3245 2373 3309 substantiam
2417 3265 2598 3308 suam
2642 3265 2757 3326 per
2800 3266 3025 3308 manus
3067 3247 3389 3310 Ambrosii
3441 3247 3780 3329 primicerii

446 3359 484 3423 5
525 3356 918 3419 notariorum
978 3353 1303 3417 introduci
1364 3352 1710 3414 mandavit.
1759 3353 1933 3414 Fecit
1974 3358 2186 3415 autem
2230 3372 2269 3414 a
2310 3354 2742 3415 fundamentis
2800 3362 2946 3415 ante
2990 3354 3289 3416 scrinium
3359 3357 3777 3417 Lateranense

528 3463 841 3543 perticum
886 3466 1077 3542 atque
1118 3466 1376 3532 turrem,
1426 3459 1535 3519 ubi
1594 3464 1657 3520 et
1718 3466 1934 3539 portas
1977 3477 2173 3521 areas
2224 3466 2414 3540 atque
2476 3460 2790 3523 cancellos
2846 3461 3142 3535 instituit,
3207 3466 3275 3524 et
3334 3479 3450 3542 per
3510 3462 3776 3542 ﬁguram

527 3568 869 3633 Salvatoris
912 3566 998 3648 (Ιι)
1041 3572 1186 3628 ante
1230 3567 1395 3628 fores
1440 3565 1711 3627 ornavit.
1759 3568 1836 3627 Et
1883 3584 1995 3645 per
2040 3566 2451 3627 ascendentes
2492 3567 2694 3627 scalas
2721 3568 2785 3627 in
2816 3568 3251 3648 superioribus
3276 3586 3469 3649 super
3495 3569 3774 3629 eamdem

530 3682 766 3741 turrem
810 3673 1177 3746 triclinium,
1222 3678 1287 3732 et
1329 3672 1641 3733 cancellos
1698 3690 1895 3733 aereos
1950 3673 2322 3734 construxit.
2370 3673 2493 3736 Ubi
2552 3679 2617 3735 et
2675 3673 2848 3735 orbis
2916 3681 3231 3737 terrarum
3290 3674 3773 3755 descriptionem

530 3781 838 3862 depinxit,
885 3785 1075 3860 atque
1116 3766 1377 3843 diversis
1419 3777 1740 3840 versiculis
1783 3778 2055 3853 ornavit,
2101 3784 2162 3841 et
2204 3798 2393 3841 omne
2436 3780 2890 3860 patriarchinm
2959 3799 3120 3862 pene
3161 3800 3202 3843 a
3236 3799 3411 3851 novo
3464 3787 3775 3844 restaura-

407 3891 489 3955 lO
530 3890 658 3964 vit;
706 3889 769 3951 in
833 3905 1065 3965 magna
1128 3885 1297 3947 enim
1365 3885 1634 3965 penuria
1693 3885 1984 3947 eumdem
2047 3885 2254 3947 locum
2317 3886 2668 3949 invenerat.
2726 3888 2838 3949 Hic
2900 3887 2966 3948 in
3028 3887 3295 3950 ecclesia
3349 3888 3772 3969 apostolorum

529 3995 888 4077 principum
930 3993 1103 4057 Petri
1142 3998 1208 4056 et
1249 3992 1430 4055 Pauli
1474 3992 1814 4072 pendentia
1857 3993 1999 4055 vela
2037 3992 2203 4054 inter
2244 3995 2571 4055 columnas
2632 4013 2711 4055 ex
2767 3993 2993 4074 palleis
3050 3995 3287 4075 Syricis
3324 3992 3405 4076 (ι’)
3455 3996 3625 4056 fecit.
3668 3993 3776 4054 Hic

524 4102 591 4167 in
633 4101 898 4175 ecclesia
941 4100 1225 4181 praedicti
1268 4098 1571 4180 principis
1612 4098 2043 4178 apostolorum
2106 4118 2329 4163 omnes
2389 4099 2636 4161 codices
2693 4100 2922 4167 domus
2974 4119 3106 4162 sum
3164 4101 3484 4181 prepries,
3548 4100 3658 4182 qui
3711 4100 3775 4161 in

525 4209 761 4273 circulo
804 4208 957 4273 anni
997 4208 1294 4289 leguntur
1335 4206 1416 4271 ad
1461 4206 1831 4283 matutinos,
1861 4205 1926 4267 in
1976 4204 2235 4267 armarii
2278 4224 2468 4284 opere
2510 4206 2848 4271 ordinavit.
2872 4208 2985 4270 Hic
3026 4207 3284 4279 domum
3330 4208 3569 4283 cultam
3610 4210 3769 4269 Lan-

527 4324 733 4380 retum
776 4314 864 4398 (ᾖ
910 4316 1156 4379 naviter
1213 4314 1553 4389 ordinavit,
1619 4312 1920 4393 adjiciens
1980 4318 2043 4373 et
2102 4330 2375 4377 massam
2435 4314 2846 4377 Fonteianam
2905 4314 3013 4397 (Ιτ),
3078 4334 3223 4395 (μιξῇ
3282 4314 3762 4393 cognominatur

410 4426 485 4486 15
525 4422 847 4495 Paunaria
889 4420 983 4503 (Ι).

611 4562 783 4627 τιν
826 4554 938 4621 Hic
977 4553 1203 4634 viginti
1243 4554 1382 4613 auri
1424 4551 1619 4614 libras
1665 4571 1776 4633 pro
1820 4551 2086 4615 emendo
2129 4551 2269 4614 oleo
2312 4570 2547 4629 annue,
2590 4558 2665 4615 ut
2702 4553 2782 4615 de
2824 4554 3001 4616 lucro
3045 4572 3265 4616 eorum
3318 4554 3386 4616 in
3429 4554 3770 4616 luminat-iis

526 4662 635 4745 (m)
681 4660 1043 4742 apostolicis
1086 4656 1400 4738 proﬁciat,
1443 4657 1735 4730 instituit,
1785 4663 1849 4720 et
1890 4658 2305 4721 constitutum
2349 4659 2466 4720 sub
2509 4660 2934 4723 anathematis
2964 4660 3228 4724 vinculo
3283 4661 3617 4741 obligavit.
3659 4661 3763 4723 Hic

532 4769 680 4835 fecit
720 4771 958 4839 vestem
1001 4782 1192 4846 super
1233 4763 1429 4827 altare
1472 4763 1641 4825 beati
1682 4765 1852 4826 Petri
1893 4784 1972 4826 ex
2014 4783 2169 4828 auro
2218 4770 2479 4844 textam,
2524 4766 2866 4829 habentem
2911 4769 3317 4831 Nativitatem
3377 4769 3631 4831 Domini
3666 4769 3768 4831 Dei

524 4881 597 4938 et
636 4872 983 4939 Salvatoris
1026 4869 1227 4935 nostri
1265 4870 1413 4933 Jesu
1464 4870 1718 4944 Christi,
1780 4872 2157 4952 ornavitque
2213 4891 2355 4935 eam
2415 4873 2684 4952 gemmis
2750 4875 3059 4954 pretiosis.
3122 4875 3456 4956 Simulque
3518 4882 3584 4938 et
3642 4876 3764 4937 vela

451 4981 489 5042 5
531 4980 732 5044 serica
772 4975 1059 5056 alithyna
1100 4981 1395 5057 quatuor,
1440 4996 1584 5059 quae
1625 4982 1689 5039 et
1730 4978 1981 5039 ornavit
2021 4997 2164 5040 cum
2228 4980 2381 5042 rotis
2422 4978 2510 5060 (η)
2554 4985 2619 5043 et
2657 4982 3050 5045 ornamentis
3092 4983 3283 5045 variis
3346 5001 3509 5046 auro
3567 4982 3763 5045 textis.

1563 5312 1815 5369 Nomm
1853 5312 2243 5371 MRGIHALES
2284 5314 2612 5383 manem.

452 5582 530 5667 (α)
560 5607 706 5667 quos
736 5589 1011 5667 primitus
1041 5589 1359 5667 detinebat.
1390 5662 1399 5667 Α
1436 5591 1516 5667 (ρ)
1536 5589 1812 5667 eumdem
1842 5593 2112 5667 sanctum
2132 5590 2323 5667 virum
2347 5590 3071 5667 conyians,B.eomitatus.
3095 5664 3104 5667 _
3148 5595 3220 5667 (ρ)
3242 5592 3415 5667 G.ac_l.
3495 5593 3575 5667 (d)
3595 5609 3772 5666 agens.

452 5607 530 5657 ta)
600 5609 706 5650 1108
736 5607 1011 5667 primitus
1041 5607 1359 5648 detinebat.
1436 5607 1516 5660 (ο)
1536 5607 1812 5646 eumdem
1842 5607 2112 5648 sanetum
2132 5607 2323 5647 Virum
2347 5607 3071 5659 conv1ans,b.eom1tatus.
3148 5607 3220 5662 (0)
3242 5607 3415 5649 αλια.
3495 5607 3575 5663 (α)
3595 5609 3772 5666 agens.

450 5659 525 5747 te)
556 5607 973 5747 ἕνηιρεαιίρηθς.
1026 5665 1103 5747 ω
1135 5677 1253 5747 νβκ·
1324 5662 1853 5747 ἕωησνδτθοοναγίιο
1907 5663 2010 5747 ,(ιξ)
2031 5661 2424 5747 ρνρεηευιθω
2446 5662 2598 5747 είςλν-
2676 5664 2742 5747 (τῇ)
2762 5663 3521 5747 ξεῄοὲεση.σ)ροοιξιιειω
3542 5665 3775 5747 Laum-

382 5723 531 5791 tum'.
560 5723 566 5725 ”
598 5723 679 5814 ῖιε)
699 5723 775 5805 ‘13,
810 5723 1243 5794 Fontini‘anam.
1320 5723 1821 5807 (‘l')'B,'Paunasia.
1898 5739 1931 5806 (τ

2129 5723 2180 5789 in
2211 5723 2625 5792 l‘uminaribus.
2680 5723 2788 5807 ’(ἠ)
2820 5737 2888 5805 C,
2909 5734 2970 5791 in
2996 5723 3301 5795 Rﬁodicis.
3328 5740 3398 5805 Β,
3422 5735 3485 5797 in
3514 5723 3678 5796 votis.
