3922 6206
150 233 311 307 1037
816 242 1180 306 HISTORIA
1222 245 1324 307 DE
1367 243 1568 307 VlTlS
1615 245 1803 307 ItOM.
1851 245 2078 307 PONT.
2112 280 2186 290 ——
2219 247 2281 306 S.
2329 247 2784 310 ZACHARIAS.
3399 253 3554 319 1058

313 377 467 438 Item
513 377 662 438 fecit
704 393 1000 438 coronam
1048 378 1124 438 de
1183 385 1449 456 argento
1513 379 1847 459 purissimo
1907 400 2044 438 rum
2111 379 2425 459 delphinis
2489 401 2560 442 ex
2629 383 2880 462 proprio
2943 403 3078 459 suo,
3129 404 3301 464 pens.
3363 388 3554 450 libras

303 491 565 546 'cen-tum
609 485 856 563 viginti.
901 486 1014 545 Hie
1057 486 1458 546 beatisstmus
1514 487 1609 545 vir
1643 485 1830 563 juxta
1872 488 2059 546 ritum
2107 489 2592 548 ecclesiasticum
2640 495 2704 548 et
2747 490 2890 550 tldei
2960 505 3088 550 sure
3155 495 3552 570 sponsionem

304 591 754 667 orthodoxam,
803 593 1167 672 synodicam
1215 595 1492 653 ecclesiae
1540 594 1706 653 misit
1748 595 2484 673 Constantinopolitanae,
2536 596 2849 675 simulque
2919 603 2980 657 et
3037 598 3222 658 aliam
3299 618 3554 678 sugges-

301 700 542 760 tionem
589 698 869 776 dirigens
931 700 1328 760 serenissimo
1391 701 1806 761 Constantino
1865 701 2160 779 principi.
2207 704 2284 762 Et
2327 703 2733 781 pergentibus
2802 705 3164 782 apostolicae
3219 707 3382 766 sedis
3427 725 3556 768 res-

177 809 261 866 10
303 805 669 886 ponsalibus
739 806 817 865 ad
893 806 1129 884 regiam
1196 806 1417 866 urbem
1487 807 1865 866 invenerunt
1926 807 2096 867 intra
2165 808 2467 886 palatium
2537 809 2726 886 regiae
2808 813 3132 888 potestatis
3202 811 3556 872 invasorem

303 911 645 992 quemdam
691 918 754 972 et
798 912 1116 985 rebellem,
1164 915 1526 973 Artaustum
1576 913 1659 992 (α)
1707 915 1962 974 nomine
2011 932 2024 973 :
2073 915 2222 974 dum
2268 915 2432 975 enim
2479 915 2675 975 isdem
2724 916 3072 994 imperator
3121 917 3201 976 ad
3247 918 3556 978 dimican-

307 1019 456 1079 dum
505 1019 724 1078 contra
785 1022 1216 1098 Agarenorum
1284 1027 1682 1099 properasset
1744 1028 2020 1099 gentem,
2095 1022 2261 1081 illico
2323 1025 2624 1100 praefatus
2696 1025 3027 1082 Artaustus
3097 1023 3260 1082 datis
3321 1025 3556 1104 populo

309 1125 420 1206 qui
462 1126 524 1186 in
591 1125 761 1202 regia
831 1126 1270 1186 remanserunt
1343 1127 1520 1195 urbe.
1585 1128 1879 1206 praemiis,
1951 1129 2274 1206 imperiale
2345 1129 2613 1207 arripuit
2681 1129 2932 1188 solium.
3009 1124 3084 1189 Et
3156 1131 3554 1208 postmodum

313 1239 666 1310 aggregans
728 1231 1140 1293 Orientalium
1205 1234 1590 1292 exercituum
1668 1233 2130 1293 multitudinem
2195 1235 2506 1294 antelatus
2578 1233 2659 1314 (ὁ)
2731 1235 3178 1294 Constantinus
3241 1236 3551 1316 princeps,

181 1341 266 1401 15
313 1357 708 1418 pergensque
791 1339 1426 1418 Constantinopolim,
1501 1341 1788 1400 eamdem
1877 1341 2138 1400 viriliter
2220 1359 2615 1420 expugnans,
2681 1347 2872 1419 atque
2970 1342 3354 1402 extrinsecus
3435 1344 3555 1403 cir-

310 1447 723 1518 cumvallans,
812 1445 1292 1525 comprehendit
1364 1446 1705 1522 civitatem,
1792 1453 1855 1508 et
1939 1447 2274 1526 pristinum
2361 1448 2538 1525 regni
2622 1447 2717 1507 sui
2802 1448 3067 1527 adeptus
3175 1454 3267 1508 cst
3375 1449 3557 1510 fasti-

309 1571 509 1630 gtum.

393 1686 570 1746 ηε)
616 1685 967 1764 Statimque
1022 1681 1154 1763 jam
1216 1685 1331 1744 fati
1390 1685 1670 1746 Artausti
1727 1685 1990 1764 ejusque
2055 1685 2326 1745 filiorum
2397 1686 2560 1746 eruit
2615 1686 2848 1760 oculos,
2899 1692 2959 1747 et
3025 1687 3234 1766 plures
3299 1706 3375 1748 ex
3431 1687 3558 1749 suis

312 1791 648 1852 rebellibus
694 1792 937 1851 exsules
983 1809 1020 1850 a
1063 1792 1333 1870 propriis
1378 1791 1517 1852 fecit
1568 1791 1963 1851 habitaculis.
2009 1793 2158 1852 Post
2209 1791 2344 1852 haec
2390 1793 2713 1871 requirens
2777 1794 3031 1854 missum
3077 1793 3152 1874 (c)
3198 1795 3559 1873 apostolica

305 1899 492 1972 sedis,
541 1899 649 1978 qni
693 1897 925 1958 ibidem
990 1897 1055 1957 in
1125 1904 1406 1977 tempore
1474 1898 1968 1978 perturbationis
2013 1900 2363 1976 contigerat
2406 1900 2754 1974 advenisse,
2802 1917 3070 1980 eumque
3115 1905 3432 1980 repertum
3480 1901 3559 1962 ad

309 2006 518 2065 sedem
565 2004 836 2064 absolvit
880 2004 1312 2084 apostolicam,
1363 2010 1425 2065 et
1485 2005 1669 2083 juxta
1726 2005 1894 2084 quod
1960 2006 2356 2066 beatissimus
2429 2007 2707 2086 pontifex
2770 2009 3222 2086 postulaverat,
3269 2008 3558 2068 donatio-

222 2117 262 2175 5
314 2131 456 2174 nem
499 2113 564 2173 in
609 2111 857 2192 scriptis
900 2112 977 2173 de
1023 2110 1266 2171 duabus
1319 2111 1553 2172 mensis
1595 2111 1681 2191 (r1)
1729 2131 1869 2192 quae
1911 2112 2234 2193 Nymphas
2280 2117 2340 2171 et
2386 2114 2671 2173 Normias
2715 2114 3136 2193 appellantur,
3179 2112 3340 2191 juris
3394 2115 3558 2175 exis-

315 2226 516 2280 tentes
587 2219 847 2298 publici,
897 2219 1098 2278 eidem
1163 2219 1556 2279 sanctissimo
1620 2238 1690 2278 ac
1752 2220 2110 2279 beatissimo
2175 2238 2356 2298 papa'.
2420 2227 2651 2279 sancta)
2726 2223 3026 2280 Romamn
3091 2220 3366 2281 ecclesias
3419 2221 3562 2300 jure

315 2332 624 2407 perpetuo
669 2325 899 2386 direxit
940 2325 1370 2405 possidendas.

400 2469 560 2523 221
613 2457 680 2539 (e)
729 2459 928 2538 Ilujus
975 2459 1362 2539 temporibus
1405 2459 1879 2534 Carolomanus,
1926 2459 2092 2518 ﬁlius
2137 2459 2342 2519 Caroli
2389 2461 2767 2519 Francorum
2819 2460 2998 2538 regis,
3050 2460 3374 2539 praesentis
3421 2461 3560 2518 vita:

315 2568 676 2647 relinquens
721 2566 984 2645 gloriam
1033 2573 1222 2645 atque
1270 2572 1640 2646 potestatem
1693 2573 2032 2638 terrenam,
2080 2567 2160 2625 ad
2207 2566 2460 2626 beatum
2510 2569 2759 2626 Petrum
2834 2567 3264 2645 apostolorum
3332 2567 3562 2646 princi-

318 2694 458 2756 pem
505 2675 768 2734 devotus
813 2693 952 2733 cum
995 2673 1336 2752 aliquantis
1381 2673 1506 2733 suis
1551 2673 1806 2733 advenit
1849 2673 2162 2746 ﬁdelibus,
2210 2692 2470 2752 seseque
2515 2673 2716 2733 eidem
2763 2674 2871 2734 Dei
2917 2674 3184 2734 contulit
3247 2673 3557 2752 apostolo,

317 2788 508 2862 atque
552 2781 615 2840 in
661 2779 916 2860 speciali
961 2779 1046 2858 (Γ)
1097 2779 1318 2839 habitu
1363 2799 1427 2839 se
1471 2780 1603 2838 fore
1648 2779 1966 2859 spondens
2011 2797 2519 2858 permansurum,
2579 2779 2908 2839 clericatus
2942 2779 3169 2858 jugum
3217 2779 3296 2838 ab
3341 2779 3561 2839 eodem

229 2891 271 2948 5
319 2887 711 2949 sanctissimo
755 2886 1028 2966 suscepit
1091 2885 1408 2965 pontiﬁce.
1454 2887 1532 2945 Et
1600 2885 1764 2946 inter
1820 2885 1946 2945 alia
2013 2885 2213 2945 multa
2273 2885 2442 2945 dona
2503 2885 2734 2945 obtulit
2793 2885 2977 2946 beato
3023 2887 3208 2945 Petro
3271 2883 3560 2964 apostolo

313 3001 463 3056 ante
507 2994 959 3054 confessionem
1026 3011 1238 3052 arcum
1293 2999 1660 3071 argenteum
1725 2991 2054 3069 majorem,
2101 2997 2471 3071 pensantem
2544 2992 2735 3052 libras
2796 2991 3220 3072 septuaginta.
3273 2994 3347 3051 Et
3418 2996 3560 3070 post

313 3101 708 3180 aliquantum
755 3100 1058 3179 temporis
1102 3099 1178 3158 ad
1225 3099 1393 3158 beati
1437 3098 1777 3168 Benedicti,
1827 3098 1996 3178 quod
2043 3099 2105 3157 in
2157 3099 2608 3177 Aquinensium
2662 3098 2889 3160 finibus
2934 3099 3120 3159 situm
3165 3103 3258 3159 est
3304 3115 3556 3158 monas-

314 3213 569 3280 terium,
614 3208 678 3267 in
723 3226 849 3286 quo
895 3213 958 3267 et
999 3224 1175 3266 suam
1223 3206 1402 3265 unire
1450 3205 1638 3265 vitam
1677 3204 1820 3283 jure
1868 3206 2184 3284 professus
2229 3212 2322 3265 est
2356 3205 2664 3284 jurando.

400 3349 565 3404 222
614 3341 807 3401 Porro
852 3339 1071 3400 eodem
1121 3345 1403 3418 tempore
1448 3337 1710 3415 contigit
1753 3337 1964 3416 plures
2007 3337 2449 3398 Veneticorum
2499 3337 2662 3398 hanc
2708 3340 3052 3398 Romanam
3128 3337 3454 3398 advenisse
3500 3337 3564 3397 in

316 3449 539 3509 urbem
587 3446 1033 3525 negotiatores,
1081 3451 1143 3505 et
1217 3445 1608 3505 mercimonii
1670 3443 1985 3504 nundinas
2048 3451 2496 3524 propagantes,
2549 3445 3012 3506 multitudinem
3081 3444 3563 3524 mancipiorum,

315 3555 516 3615 virilis
557 3554 795 3614 scilicet
836 3558 899 3613 et
941 3551 1155 3612 femini
1200 3555 1446 3628 generis
1491 3570 1698 3612 emere
1743 3551 1857 3611 visi
1899 3558 2068 3622 sunt,
2115 3571 2274 3630 quos
2317 3559 2380 3612 et
2435 3552 2498 3611 in
2543 3553 2816 3613 Africam
2878 3553 2958 3612 ad
3032 3571 3344 3632 paganam
3411 3571 3557 3629 gen-

309 3667 442 3722 tem
519 3660 886 3720 nitebantur
949 3659 1280 3730 deducere,
1329 3660 1465 3731 Quo
1509 3658 1761 3737 cognito
1832 3657 2028 3717 isdem
2102 3659 2531 3718 sanctissimus
2590 3661 2780 3718 Pater
2843 3659 2977 3719 fieri
3049 3659 3394 3738 prohibuit,
3443 3657 3564 3718 hoc

229 3769 270 3826 5
309 3766 608 3846 judicans
651 3765 820 3845 quod
857 3765 1101 3842 justum
1150 3783 1273 3823 non
1347 3771 1507 3824 esset
1551 3769 1621 3822 ut
1683 3762 1914 3822 Christi
1973 3763 2173 3822 abluti
2237 3763 2550 3842 baptismo
2615 3765 2880 3842 paganis
2939 3765 3232 3842 gentibus
3303 3765 3572 3825 deservi-

313 3878 480 3935 rcnt.
543 3875 828 3951 Datoque
892 3871 1123 3931 eisdem
1194 3870 1508 3931 Veneticis
1570 3870 1794 3948 pretio,
1844 3867 2015 3947 quod
2076 3869 2141 3928 in
2215 3888 2433 3930 eorum
2501 3871 2819 3948 emptione
2883 3888 2949 3930 se
3020 3870 3263 3931 dedisse
3324 3870 3571 3950 probati

312 3986 485 4054 sunt,
532 3984 789 4040 cunctos
832 3996 870 4039 a
911 3977 1069 4056 jugo
1115 3977 1432 4039 servitutis
1478 3976 1743 4038 redemit
1787 3981 1976 4056 atque
2022 3995 2195 4036 more
2244 3976 2588 4036 liberorum
2633 3977 2952 4056 degendos
2997 3977 3288 4038 absolvit.

402 4121 568 4174 223
618 4111 775 4194 Ipsis
819 4113 1032 4192 itaque
1092 4111 1483 4190 temporibus
1529 4109 1781 4171 Batcbis
1843 4109 1923 4191 (g)
1971 4109 2533 4189 Longobardorum
2608 4129 2738 4182 rex,
2787 4110 2867 4169 ad
2915 4109 3285 4188 capiendam
3351 4108 3572 4170 civita-

323 4227 451 4282 tem
497 4221 889 4292 Pcrusinam,
936 4219 1097 4280 sicut
1140 4224 1367 4278 cratera
1408 4217 1827 4297 Pentapoleos
1871 4217 2128 4297 Oppida,
2175 4217 2530 4277 vehementi
2576 4218 2892 4297 profectus
2937 4222 3029 4275 est
3085 4235 3225 4276 cum
3273 4216 3567 4294 indigna-

327 4328 522 4400 tione,
571 4345 760 4405 quam
805 4326 862 4386 ei
905 4323 1303 4385 circumdans
1347 4323 1592 4384 fortiter
1633 4323 2065 4403 expugnabat.
2115 4325 2247 4383 Hoc
2310 4322 2571 4384 audiens
2632 4321 3060 4383 sanctissimus
3122 4339 3310 4401 papa,
3371 4322 3572 4380 conti-

327 4452 457 4493 nuo
501 4451 610 4513 spe
654 4431 868 4492 divina
911 4434 1130 4503 fretus,
1179 4430 1516 4510 assumptis
1559 4430 1900 4509 aliquantis
1945 4449 2020 4490 ex
2067 4448 2178 4490 suo
2225 4430 2390 4490 clero
2435 4449 2576 4490 cum
2649 4428 3082 4510 optimatibus,
3132 4434 3370 4506 quanto
3414 4446 3573 4507 opus

241 4543 282 4600 5
332 4539 808 4620 (quantocius?)
849 4538 928 4599 ad
972 4536 1257 4598 eamdem
1305 4537 1591 4617 pervenit
1633 4537 1975 4609 civitatem,
2021 4536 2449 4616 impensisque
2493 4537 2695 4598 eidem
2759 4536 2892 4614 regi
2955 4535 3240 4615 plurimis
3293 4537 3570 4596 muneri-

330 4646 468 4719 bus,
517 4651 706 4726 atque
749 4644 983 4725 oppido
1028 4663 1170 4704 eum
1216 4644 1586 4724 deprecans,
1633 4643 1985 4724 opitulante
2031 4644 2320 4717 Domino,
2378 4644 2457 4704 ab
2519 4643 2977 4704 obsessessione
3037 4642 3117 4722 (Ii)
3181 4643 3375 4722 ipsius
3418 4643 3571 4703 εἰνὶε

327 4753 477 4815 tatis
545 4771 688 4813 eum
762 4752 1018 4812 amovit.
1070 4750 1181 4812 Cui
1243 4756 1306 4811 et
1365 4750 1688 4811 salutifera
1752 4751 2124 4830 praedicans,
2174 4753 2302 4810 Deo
2365 4756 2643 4822 auctore,
2692 4750 2889 4809 valuit
2956 4749 3239 4810 animum
3301 4747 3436 4826 ejus
3507 4743 3570 4808 in

326 4859 582 4940 speciali
626 4859 832 4920 studio
876 4857 1184 4918 inclinare
1227 4856 1324 4937 (ι’).
1370 4859 1447 4917 Et
1489 4863 1632 4936 post
1676 4857 2036 4936 aliquantos
2082 4857 2212 4916 dies
2256 4857 2453 4916 isdem
2504 4856 2760 4916 ltatchis
2805 4875 2933 4927 rex,
2983 4855 3343 4934 relinquens
3386 4872 3567 4933 rega-

324 4967 450 5027 lem
495 4965 890 5044 dignitatem,
936 4964 1160 5025 decore
1207 4983 1348 5024 cum
1398 4982 1591 5024 uxore
1636 4969 1698 5024 et
1740 4963 1885 5023 filiis
1929 4963 2008 5022 ad
2053 4963 2222 5024 beati
2265 4964 2432 5024 Petri
2479 4962 2777 5042 principis
2822 4961 3252 5040 apostolorum
3297 4959 3569 5037 conjun-

195 5077 280 5137 10
325 5073 418 5133 xit
461 5071 702 5145 limina,
750 5077 1133 5151 acceptaque
1178 5089 1215 5130 a
1259 5071 1522 5149 praefato
1567 5069 1957 5129 sanctissimo
2003 5087 2172 5148 papa
2213 5069 2496 5128 oratione
2569 5067 2955 5146 clericusque
3017 5067 3294 5140 effectus,
3347 5083 3566 5126 mona-

327 5179 506 5240 chico
550 5178 810 5240 indutus
840 5184 932 5240 est
974 5177 1194 5238 habitu
1241 5195 1382 5237 cum
1430 5195 1623 5237 uxore
1670 5180 1731 5236 et
1773 5175 1941 5235 ﬁliis.

1348 5483 1590 5530 NOTULE
1633 5481 2022 5526 MARGINALES
2065 5480 2380 5526 FABROTTI.

163 5735 168 5742 ·
225 5707 736 5794 ("teneasne
773 5705 830 5794 ος
863 5779 872 5789 .
909 5707 983 5779 (ιλ)
1013 5707 1078 5794 ολ
1104 5705 1712 5794 ueniens-"ﬂeet

2042 5701 2277 5794 massis;
2354 5701 2421 5774 (ε)
2454 5700 2581 5794 Vine
2609 5699 3282 5794 Baro'pwiapfélpomini
3297 5700 3429 5762 747.
3506 5701 3575 5782 (Ι)

153 5772 477 5860 spirituali.
554 5782 630 5857 (g)
664 5772 1004 5840 Barchisus.
1035 5772 1100 5852 Β,
1134 5775 1370 5852 Rachis,
1448 5772 1878 5852 (thbsidione.
1945 5772 2040 5850 '(i).
2076 5772 2203 5832 Vide
2227 5772 2428 5833 Barea.
2461 5772 2532 5830 ad
2561 5790 2693 5832 ann.
2727 5773 2956 5832 Domini
2980 5775 3108 5833 750.
