3922 6206
393 199 550 260 1059
1532 200 1685 261 ΑΝΑ
1695 200 1942 263 STASI]

2265 196 2641 260 I‘HEGARII.
3660 196 3814 260 1060

632 364 798 419 πει
846 356 1046 436 Hujus
1107 356 1379 438 denique
1445 359 1832 439 temporibus
1895 379 2195 439 magnum
2268 359 2634 421 thesaurum
2700 354 3004 417 Dominus
3057 354 3223 415 Deus
3283 359 3500 416 noster
3570 355 3645 416 in
3691 355 3811 419 hac

548 468 835 526 Romana
880 465 1032 525 urbe
1076 484 1190 543 per
1246 466 1535 526 eumdem
1582 467 1922 527 almificum
1987 470 2345 547 pontificem
2411 464 2745 545 propalare
2803 461 3101 540 dignatus
3159 466 3276 523 est.
3322 464 3391 523 In
3451 463 3809 524 venerabili

549 571 764 651 itaque
827 570 1209 651 patriarchio
1273 573 1765 634 sacratissimum
1828 573 1999 635 beati
2058 573 2308 652 Georgii
2370 571 2664 650 martyris
2735 568 2931 630 isdem
3004 567 3436 630 sanctissimus
3506 588 3682 650 papa
3743 570 3807 630 in

546 697 738 757 capsa
781 678 1175 739 reconditum
1224 680 1457 758 reperit
1500 686 1713 760 caput,
1760 680 1824 740 in
1868 700 1994 760 quo
2039 687 2102 741 et
2144 679 2480 761 pictacium
2525 677 2606 758 (a)
2638 676 2879 738 invenit
2920 674 3157 755 pariter
3196 675 3420 737 litteris
3462 682 3803 738 exaratum

467 787 503 845 5
549 785 799 858 Graecis,
845 785 1053 865 ipsum
1126 804 1258 846 esse
1321 785 1768 864 signiﬁcantes.
1816 787 1933 858 Qui
1994 786 2422 847 sanctissimus
2485 801 2652 865 papa
2709 782 2970 845 omnino
3015 780 3234 843 hilaris
3303 788 3368 843 et
3407 783 3803 857 satisfactus,

547 892 717 953 illico
761 898 1106 971 aggregato
1152 894 1451 953 Romanis
1496 893 1669 953 urbis
1714 894 1974 973 populo,
2021 912 2161 954 cum
2209 893 2462 974 hymnis
2502 896 2567 953 et
2608 891 2866 952 canticis
2909 889 3341 970 spiritualibus
3391 890 3457 951 in
3528 907 3802 951 venera-

545 998 656 1059 bili
699 997 990 1060 diaconia
1048 997 1185 1077 ejus
1246 999 1539 1072 nominis,
1588 1000 1711 1060 situ
1782 1000 1848 1060 in
1917 1000 2049 1070 hac
2104 1002 2391 1061 Romana
2451 998 2723 1073 civitate,
2773 995 3029 1075 regione
3071 996 3370 1070 secunda,
3426 996 3508 1059 ad
3568 996 3805 1061 Velum

542 1109 839 1178 Aureum,
888 1105 1042 1165 illud
1087 1104 1313 1165 deduci
1375 1106 1561 1179 fecit;
1608 1107 1714 1166 ubi
1778 1107 2086 1167 immensa
2151 1105 2455 1167 miracula
2511 1110 2574 1165 et
2642 1104 2948 1165 beneficia
3014 1102 3417 1183 omnipotens
3486 1104 3660 1165 Deus
3721 1103 3803 1164 ad

542 1213 794 1274 laudem
843 1212 1113 1273 nominis
1156 1212 1252 1272 sui
1314 1231 1427 1292 per
1488 1214 1777 1274 eumdem
1840 1213 2331 1273 sacratissimum
2396 1216 2732 1291 martyrem
2778 1210 3029 1291 operari
3080 1208 3380 1289 dignatur
3439 1209 3546 1291 (ὑ).
3594 1210 3802 1290 Hujus

424 1326 499 1383 10
542 1319 931 1399 temporibus
982 1320 1312 1379 defunctus
1356 1320 1724 1381 Theodorus
1769 1320 1995 1399 major,
2040 1320 2206 1381 filius
2268 1319 2515 1397 Megisti
2557 1318 2634 1399 (ο)
2675 1316 3030 1390 Cataxanti,
3075 1317 3159 1378 ob
3218 1317 3468 1378 veniam
3532 1336 3799 1379 suorum

543 1427 941 1498 delictorum,
991 1425 1298 1506 praedium
1344 1446 1470 1506 quo
1516 1446 1592 1488 ex
1636 1426 2003 1488 haereditate
2048 1428 2375 1488 fruebatur
2418 1431 2705 1506 paterna,
2754 1424 2940 1485 situm
2986 1423 3206 1504 quinto
3250 1423 3331 1484 ab
3392 1424 3513 1485 hac
3556 1427 3797 1488 Roma-

544 1553 625 1594 na
670 1533 822 1592 urbe.
869 1533 1181 1606 milliaria,
1236 1532 1336 1593 via
1379 1533 1731 1601 Tiburtina,
1779 1533 1843 1593 in
1888 1553 2013 1612 quo
2058 1538 2120 1593 et
2161 1533 2508 1593 oratorium
2553 1537 2788 1593 sanctae
2831 1530 3095 1592 Caeciliae
3138 1529 3225 1612 (d)
3268 1549 3403 1592 esse
3470 1531 3798 1610 dignosci-

412 1630 435 1647 “
548 1645 670 1712 tur,
715 1640 901 1701 beato
965 1641 1149 1700 Petro
1211 1638 1490 1718 reliquit.
1562 1638 1741 1711 Quod
1790 1638 1923 1718 ipse
1984 1638 2381 1700 beatissimus
2442 1657 2610 1719 papa
2675 1656 2924 1717 magna;
2994 1636 3478 1698 constructionis
3537 1637 3797 1700 fabricis

543 1754 734 1826 atque
796 1745 1054 1825 picturis
1116 1744 1457 1819 decoravit,
1507 1745 1958 1825 ampliavitque
2027 1746 2092 1806 in
2158 1765 2232 1806 eo
2294 1746 2450 1805 ﬁnes
2510 1764 2586 1806 ex
2655 1745 2828 1805 omni
2888 1750 3089 1824 parte.
3146 1746 3306 1805 Data
3364 1745 3536 1805 enim
3600 1744 3795 1824 digna

425 1854 498 1913 15
542 1852 1125 1931 recompensatione
1171 1851 1266 1911 his
1310 1852 1419 1932 qui
1462 1852 1526 1912 in
1574 1853 1778 1912 vicino
1823 1851 2104 1931 ejusdem
2167 1852 2288 1913 loci
2349 1851 2772 1931 possessiones
2833 1856 3046 1912 tenere
3103 1850 3505 1923 videbantur,
3554 1850 3797 1912 nemini

540 1960 666 2020 vim
711 1960 1008 2030 inferens,
1055 1958 1162 2018 sed
1209 1958 1409 2036 magis
1455 1965 1524 2019 ut
1566 1959 1866 2020 condecet
1908 1959 2096 2038 patri,
2144 1963 2377 2019 cuncta
2417 1977 2595 2019 secus
2638 1958 2929 2019 eumdem
2973 1957 3182 2018 locum
3226 1957 3430 2019 amica
3501 1957 3796 2037 pactione

543 2066 742 2145 pretio
812 2065 962 2126 emit
1024 2063 1281 2144 prmdia.
1352 2066 1425 2124 Et
1508 2065 1767 2125 domum
1831 2066 2088 2137 cultam,
2157 2066 2343 2126 beato
2413 2068 2597 2126 Petro
2668 2064 2959 2126 eumdem
3031 2064 3240 2126 locum
3290 2062 3437 2144 jure
3483 2070 3794 2146 perpetuo

540 2172 760 2233 statuit
804 2170 1325 2251 permanendum.
1374 2172 1523 2242 Quae
1567 2172 1793 2232 domus
1824 2173 1993 2233 culta
2036 2180 2267 2233 sancta:
2321 2173 2584 2233 Caecilia:
2630 2191 2827 2251 usque
2886 2172 2950 2232 in
3013 2171 3386 2232 hodiernum
3453 2171 3627 2233 diem
3685 2191 3793 2234 vo-

543 2284 742 2338 catur.
791 2276 1154 2338 Construxit
1194 2276 1429 2355 quippe
1472 2283 1534 2337 et
1577 2278 1640 2336 in
1686 2296 1761 2338 ea
1807 2278 2150 2339 oratorium
2195 2278 2396 2339 sancti
2439 2278 2754 2358 Abbacyri
2797 2276 2898 2358 (θ),
2945 2276 3053 2337 ubi
3113 2282 3177 2338 et
3236 2276 3470 2338 multas
3532 2283 3790 2339 sancto-

419 2388 499 2447 20
544 2403 681 2444 rum
726 2382 1007 2443 condidit
1053 2382 1374 2461 reliquias.
1422 2383 1619 2454 Quam
1673 2384 1963 2444 videlicet
2004 2385 2259 2444 domum
2308 2383 2541 2444 cultam
2600 2385 2740 2444 usui
2802 2384 3059 2463 proprio
3119 2383 3452 2444 dominicae
3497 2384 3791 2445 videlicet

542 2488 897 2552 traditionis
943 2488 1296 2568 descripsit.
1342 2490 1454 2549 Hic
1498 2490 1822 2550 constituit
1864 2492 2053 2550 aliam
2099 2492 2354 2552 domum
2403 2491 2636 2552 cultam
2680 2491 2744 2551 in
2790 2490 3032 2551 decimo
3077 2495 3304 2570 quarto
3364 2489 3667 2552 milliaria
3712 2491 3787 2552 ab

540 2599 657 2658 hac
705 2600 985 2657 Romana
1029 2596 1179 2655 urbe
1226 2595 1673 2674 patrimonium
1723 2596 1815 2676 (f)
1859 2598 2125 2669 Tusciae,
2186 2604 2250 2658 et
2315 2597 2868 2658 constitutionibus
2929 2597 3232 2676 obligavit
3292 2597 3432 2657 usui
3492 2598 3787 2659 Ecclesia:

536 2686 1056 2785 permanendum,
1106 2704 1295 2762 etiam
1348 2702 1484 2762 Ιοοςι
1529 2723 1669 2782 qua:
1715 2704 1793 2763 ab
1839 2708 2024 2765 Anna
2067 2704 2286 2765 relicta
2328 2704 2647 2783 quondam
2695 2703 2774 2786 (g)
2821 2703 3172 2782 Agathonis
3213 2702 3559 2784 primicerii
3603 2704 3787 2766 beato

534 2814 720 2872 Petro
766 2809 1058 2870 videntur
1100 2827 1256 2882 esse,
1304 2827 1621 2871 concessa.
1670 2812 1781 2871 llic
1826 2831 2063 2872 massas
2106 2830 2247 2892 quae
2298 2817 2609 2872 vocantur
2672 2814 2867 2872 Antro
2929 2816 2993 2872 et
3053 2811 3338 2871 Formias
3397 2830 3515 2871 suo
3579 2812 3785 2872 studio

415 2921 491 2980 25
536 2918 673 2999 jure
717 2916 887 2978 beati
928 2916 1098 2976 Petri
1142 2916 1495 2996 acquisivit,
1544 2937 1701 2997 quas
1744 2924 1807 2980 et
1850 2919 2073 2979 domos
2118 2918 2320 2979 cultas
2363 2918 2604 2979 statuit.

619 3058 786 3112 2:5
832 3052 910 3111 Et
951 3049 1028 3110 de
1072 3049 1365 3109 omnibus
1409 3051 1695 3130 superius
1738 3051 2000 3111 adnexis
2043 3051 2418 3112 domocultis
2462 3050 2544 3132 (l2)
2590 3051 2950 3131 apostolicae
2995 3050 3379 3112 exarationis
3441 3052 3783 3112 constituta

532 3159 787 3227 faciens,
839 3163 1026 3236 atque
1071 3157 1457 3217 sacerdotale
1501 3158 1834 3236 collegium
1879 3177 2251 3237 aggregans,
2298 3159 2414 3219 sub
2459 3158 2883 3219 anathematis
2943 3158 3493 3219 interdictionibus
3566 3159 3783 3220 statuit

531 3264 689 3324 nulli
731 3281 987 3343 quoquo
1034 3262 1218 3322 modo
1263 3279 1691 3322 successorum
1734 3262 1869 3341 eius
1914 3264 2305 3343 pontificum,
2355 3263 2450 3324 vel
2511 3263 2618 3324 alii
2679 3264 2936 3323 cuilibet
3000 3282 3313 3343 personae,
3365 3263 3557 3325 licere
3618 3264 3779 3344 ipsas

529 3372 748 3433 domos
790 3369 992 3429 cultas
1034 3368 1115 3428 ab
1162 3387 1278 3428 usu
1340 3368 1634 3429 Ecclesia:
1698 3370 2015 3449 quomodo
2078 3370 2376 3431 alienare.
2425 3370 2539 3431 Hic
2596 3370 2743 3432 fecit
2805 3374 3041 3431 vestem
3104 3389 3295 3451 super
3354 3370 3557 3432 altare
3616 3371 3779 3433 beati

406 3482 482 3547 ,5
528 3477 794 3538 Andreae
839 3474 1108 3555 apostoli
1152 3474 1226 3534 ad
1276 3475 1528 3535 beatum
1574 3477 1835 3536 Petrum
1883 3476 2070 3536 nimis
2113 3476 2444 3558 optimam.

610 3617 778 3673 τεο
824 3607 935 3668 Hic
996 3608 1393 3668 beatissimus
1451 3628 1617 3688 papa
1688 3610 1907 3670 statuit
1952 3615 2022 3669 ut
2081 3610 2315 3671 crebris
2376 3611 2597 3672 diebus
2657 3610 3103 3671 alimentorum
3169 3616 3480 3691 sumptus,
3548 3612 3660 3693 qui
3713 3617 3770 3673 et

528 3717 927 3795 eleemosyna
972 3733 1167 3794 usque
1211 3734 1379 3776 nunc
1423 3717 1801 3795 appellatur,
1834 3717 1912 3778 de
1955 3717 2300 3778 venerabili
2361 3717 2740 3797 patriarchio
2784 3736 2823 3777 a
2864 3718 3294 3797 paracellariis
3357 3716 3429 3799 (ι)
3475 3719 3769 3800 pauperi-

527 3823 643 3882 bus
687 3826 750 3882 et
794 3820 1139 3901 peregrinis
1183 3821 1290 3899 qui
1335 3822 1414 3881 ad
1458 3821 1713 3881 beatum
1760 3825 2015 3883 Petrum
2061 3828 2411 3895 morantur,
2457 3822 2776 3902 deportari
2831 3823 3047 3902 eisque
3090 3823 3363 3902 erogari.
3410 3825 3675 3885 Necnon
3715 3829 3774 3884 et

525 3928 818 3991 omnibus
861 3932 926 3988 et
965 3927 1261 4007 inopibus
1303 3933 1368 3989 et
1407 3927 1672 3988 inﬁrmis
1718 3948 1828 4009 per
1870 3929 2193 3990 universas
2236 3929 2524 4008 regiones
2566 3929 2743 3989 istius
2789 3931 3089 3990 Romana:
3151 3929 3322 3990 urbis
3387 3930 3771 4006 constitutis,

443 4039 480 4096 5
524 4036 809 4098 eamdem
856 4035 1142 4095 similiter
1182 4034 1473 4095 distribui
1530 4036 1667 4115 ipsa
1708 4037 2152 4097 alimentorum
2198 4037 2526 4097 constituit
2578 4036 3068 4116 eleemosynam.
3120 4035 3321 4116 Hujus
3382 4037 3774 4118 temporibus

522 4144 788 4222 contigit
829 4142 1037 4203 subito
1083 4147 1378 4220 tegumen
1424 4141 1531 4224 (λ’),
1566 4143 1729 4203 tituli
1774 4143 1941 4203 beati
1983 4143 2214 4204 Christi
2256 4144 2549 4222 martyris
2592 4143 2845 4204 Eusebii
2889 4142 3136 4205 cadere.
3181 4144 3300 4216 Qui
3343 4144 3785 4206 sanctissima

519 4252 615 4312 vir
658 4270 800 4311 cum
846 4255 978 4310 tota
1007 4268 1121 4310 sua
1162 4249 1490 4311 decertans
1533 4250 1788 4324 virtute,
1834 4250 2302 4330 prudenterque
2345 4250 2700 4323 elaborans,
2748 4250 2912 4311 sicut
2972 4250 3323 4331 antiquitus
3366 4251 3507 4325 fuit,
3562 4269 3774 4313 rursus

520 4359 688 4439 quod
733 4357 1045 4418 ceciderat
1089 4357 1406 4437 reparavit
1448 4362 1637 4437 atque
1692 4357 1927 4437 optime
1993 4356 2392 4417 restauravit.
2437 4356 2548 4418 Hic
2611 4356 2966 4437 praecipuus
3027 4357 3310 4437 pontifex
3372 4357 3580 4420 multa
3639 4358 3775 4421 loca

522 4471 885 4526 sanctorum
930 4464 992 4524 in
1042 4464 1366 4525 meliorem
1418 4470 1649 4524 statum
1702 4464 2017 4544 perduxit.
2058 4466 2137 4525 Et
2181 4470 2382 4524 vestes
2424 4463 2699 4544 optimas
2741 4482 2932 4544 super
2974 4464 3203 4525 altaria
3245 4465 3620 4527 earumdem
3664 4465 3771 4527 Dei

522 4571 925 4632 ecclesiarum
971 4570 1140 4630 fecit.
1187 4570 1302 4629 Hie
1345 4568 1567 4629 dilexit
1606 4569 1847 4631 clerum
1890 4588 2072 4631 suum
2120 4569 2301 4631 valde
2373 4575 2564 4650 atque
2625 4568 3019 4650 presbyteris
3079 4569 3169 4631 eis
3212 4590 3424 4633 annue
3466 4571 3536 4633 in
3583 4572 3772 4652 duplo

400 4678 476 4737 10
518 4683 580 4738 et
622 4676 895 4757 amplius
941 4674 1164 4735 tribuit
1210 4692 1223 4733 :
1272 4692 1494 4735 omnes
1540 4681 1756 4754 utpote
1801 4683 1981 4756 pater
2023 4683 2086 4738 et
2124 4676 2330 4737 bonus
2400 4683 2618 4756 pastor
2685 4676 3105 4756 amplectens.
3137 4682 3198 4738 et
3241 4678 3483 4739 utiliter
3525 4680 3768 4757 fovens,

520 4789 583 4843 et
627 4781 877 4861 penitus
927 4778 1287 4859 quempiam
1340 4778 1598 4840 minime
1643 4781 1936 4842 tribulari
1980 4782 2370 4862 permittens.
2418 4781 2619 4861 Hujus
2689 4782 2903 4861 itaque
2975 4782 3366 4863 temporibus
3428 4784 3495 4845 in
3544 4803 3772 4864 magna

519 4888 853 4949 securitate
902 4892 965 4946 et
1008 4884 1225 4944 laetitia
1269 4887 1540 4965 populus
1583 4906 1621 4949 a
1663 4890 1791 4949 Deo
1854 4890 1946 4949 illi
2009 4889 2381 4950 commissus
2423 4890 2657 4967 degens
2712 4888 2893 4949 vixit.
2963 4889 3076 4950 Hic
3138 4890 3543 4952 beatissimus
3606 4911 3768 4973 papa

518 5012 631 5053 suo
678 4990 1169 5072 prudentissimo
1213 4990 1443 5066 studio,
1491 5012 1648 5073 quos
1690 4995 1894 5056 beatae
1940 4994 2395 5061 recordationis
2440 4994 2776 5074 Gregorius
2818 5014 2985 5076 papa
3024 4996 3197 5071 fecit,
3243 5003 3524 5077 quatuor
3567 5000 3769 5061 Dialo-

1620 5322 1866 5369 NOTULE
1908 5320 2295 5369 HARGINALBS
2335 5321 2654 5368 FABBOTTI.

425 5579 500 5675 fg)
533 5574 867 5675 pi’t‘t‘apium.‘
910 5589 1011 5669 .(b)
1043 5589 1462 5675 dignatus‘est.
1485 5657 1499 5675 ἱ
1541 5588 1610 5659 (c)
1646 5590 1704 5657 ϐ,
1737 5591 1913 5665 regis.
1946 5597 2010 5660 Β,
2044 5589 2341 5675 magniﬁci
2372 5587 2851 5675 Cat‘axanti.“(d)
2884 5587 3262 5675 C,.Eccles‘iae.
3337 5590 3413 5675 (ρ)
3438 5591 3500 5661 C,
3545 5591 3767 5675 abbatis

352 5645 1144 5799 Cyg-ggggﬁtgmbni;
1223 5663 1304 5731 (υ)
1334 5664 1455 5714 tam
1485 5645 1631 5729 loca,
1656 5645 1836 5734 quani
1856 5645 2055 5720 annua
2083 5645 2286 5718 relicta
2316 5659 2605 5735 quaedam.
2680 5659 2760 5733 (ἢ)
2777 5645 3057 5718 domibus
3077 5645 3275 5720 cultis.
3441 5645 3766 5724 {cellar—iis;

577 5766 613 5797 ο
928 5775 942 5790 ο
