  <div class='ocr_page' id='page_1' title='image "/cluster/home/n/w/nwhite01/storage/ocr_20150623/128/uva.x000829780/544.png"; bbox 0 0 3922 6206; ppageno 0'>
   <div class='ocr_carea' id='block_1_1' title="bbox 179 135 1728 208">
    <p class='ocr_par' dir='ltr' id='par_1_1' title="bbox 179 135 1728 203">
     <span class='ocr_line' id='line_1_1' title="bbox 179 135 1728 203; baseline 0.001 -2"><span class='ocrx_word' id='word_1_1' title='bbox 179 135 327 202; x_wconf 79' lang='grc'>1085</span> <span class='ocrx_word' id='word_1_2' title='bbox 877 137 1250 202; x_wconf 79' lang='lat' dir='ltr'>HISTORIA</span> <span class='ocrx_word' id='word_1_3' title='bbox 1293 138 1397 202; x_wconf 87' lang='lat' dir='ltr'>DE</span> <span class='ocrx_word' id='word_1_4' title='bbox 1438 137 1643 203; x_wconf 80' lang='lat' dir='ltr'>VITIS</span> <span class='ocrx_word' id='word_1_5' title='bbox 1687 142 1728 202; x_wconf 80' lang='lat' dir='ltr'>Il</span> 
     </span>
    </p>
   </div>
   <div class='ocr_carea' id='block_1_2' title="bbox 2042 135 3591 208">
    <p class='ocr_par' dir='ltr' id='par_1_2' title="bbox 2042 140 3591 208">
     <span class='ocr_line' id='line_1_2' title="bbox 2042 140 3591 208; baseline 0.003 -6"><span class='ocrx_word' id='word_1_6' title='bbox 2042 141 2158 203; x_wconf 78' lang='lat' dir='ltr'>NT.</span> <span class='ocrx_word' id='word_1_7' title='bbox 2192 174 2269 186; x_wconf 95' lang='lat'><strong><em>—</em></strong></span> <span class='ocrx_word' id='word_1_8' title='bbox 2300 140 2761 205; x_wconf 81' lang='lat' dir='ltr'>STEPHANUS</span> <span class='ocrx_word' id='word_1_9' title='bbox 2803 142 2880 204; x_wconf 86' lang='lat' dir='ltr'>II.</span> <span class='ocrx_word' id='word_1_10' title='bbox 3434 141 3591 208; x_wconf 83' lang='grc'>1086</span> 
     </span>
    </p>
   </div>
   <div class='ocr_carea' id='block_1_3' title="bbox 339 269 3589 358">
    <p class='ocr_par' dir='ltr' id='par_1_3' title="bbox 339 269 3589 358">
     <span class='ocr_line' id='line_1_3' title="bbox 339 269 3589 358; baseline 0.002 -26"><span class='ocrx_word' id='word_1_11' title='bbox 339 269 834 332; x_wconf 89' lang='lat' dir='ltr'>misericordiam</span> <span class='ocrx_word' id='word_1_12' title='bbox 879 272 1129 332; x_wconf 86' lang='lat' dir='ltr'>Domini</span> <span class='ocrx_word' id='word_1_13' title='bbox 1171 274 1282 333; x_wconf 86' lang='lat' dir='ltr'>Dei</span> <span class='ocrx_word' id='word_1_14' title='bbox 1329 275 1524 336; x_wconf 90' lang='lat' dir='ltr'>nostri</span> <span class='ocrx_word' id='word_1_15' title='bbox 1576 281 1879 355; x_wconf 82' lang='lat' dir='ltr'>petentes,</span> <span class='ocrx_word' id='word_1_16' title='bbox 1929 281 1988 334; x_wconf 92' lang='lat' dir='ltr'>et</span> <span class='ocrx_word' id='word_1_17' title='bbox 2050 276 2243 355; x_wconf 85' lang='lat' dir='ltr'>ipsius</span> <span class='ocrx_word' id='word_1_18' title='bbox 2299 275 2570 335; x_wconf 61' lang='lat' dir='ltr'>dominas</span> <span class='ocrx_word' id='word_1_19' title='bbox 2634 281 2860 336; x_wconf 72' lang='lat' dir='ltr'>nostras</span> <span class='ocrx_word' id='word_1_20' title='bbox 2923 281 3152 336; x_wconf 72' lang='lat' dir='ltr'>sanctae</span> <span class='ocrx_word' id='word_1_21' title='bbox 3213 295 3589 358; x_wconf 82' lang='lat' dir='ltr'>semperque</span> 
     </span>
    </p>
   </div>
   <div class='ocr_carea' id='block_1_4' title="bbox 341 377 3585 461">
    <p class='ocr_par' dir='ltr' id='par_1_4' title="bbox 341 377 3585 461">
     <span class='ocr_line' id='line_1_4' title="bbox 341 377 3585 461; baseline 0.003 -24"><span class='ocrx_word' id='word_1_22' title='bbox 341 377 598 458; x_wconf 82' lang='lat' dir='ltr'>virginis</span> <span class='ocrx_word' id='word_1_23' title='bbox 642 377 753 439; x_wconf 89' lang='lat' dir='ltr'>Dei</span> <span class='ocrx_word' id='word_1_24' title='bbox 799 378 1068 439; x_wconf 90' lang='lat' dir='ltr'>Genitris</span> <span class='ocrx_word' id='word_1_25' title='bbox 1111 379 1346 454; x_wconf 60' lang='lat' dir='ltr'>Marias,</span> <span class='ocrx_word' id='word_1_26' title='bbox 1394 381 1563 442; x_wconf 90' lang='lat' dir='ltr'>bono</span> <span class='ocrx_word' id='word_1_27' title='bbox 1610 381 1821 442; x_wconf 91' lang='lat' dir='ltr'>animo</span> <span class='ocrx_word' id='word_1_28' title='bbox 1865 389 1927 443; x_wconf 91' lang='lat' dir='ltr'>et</span> <span class='ocrx_word' id='word_1_29' title='bbox 1969 400 2244 442; x_wconf 88' lang='lat' dir='ltr'>consona</span> <span class='ocrx_word' id='word_1_30' title='bbox 2287 401 2438 442; x_wconf 91' lang='lat' dir='ltr'>voce</span> <span class='ocrx_word' id='word_1_31' title='bbox 2485 382 2854 461; x_wconf 58' lang='lat' dir='ltr'>praedictum</span> <span class='ocrx_word' id='word_1_32' title='bbox 2898 383 3325 443; x_wconf 89' lang='lat' dir='ltr'>beatissimum</span> <span class='ocrx_word' id='word_1_33' title='bbox 3383 387 3585 447; x_wconf 90' lang='lat' dir='ltr'>virum</span> 
     </span>
    </p>
   </div>
   <div class='ocr_carea' id='block_1_5' title="bbox 339 485 3586 569">
    <p class='ocr_par' dir='ltr' id='par_1_5' title="bbox 339 485 3586 569">
     <span class='ocr_line' id='line_1_5' title="bbox 339 485 3586 569; baseline 0.002 -23"><span class='ocrx_word' id='word_1_34' title='bbox 339 485 454 546; x_wconf 85' lang='lat' dir='ltr'><strong>sibi</strong></span> <span class='ocrx_word' id='word_1_35' title='bbox 498 485 739 564; x_wconf 91' lang='lat' dir='ltr'>eligunt</span> <span class='ocrx_word' id='word_1_36' title='bbox 784 485 1172 564; x_wconf 82' lang='lat' dir='ltr'>pontificem.</span> <span class='ocrx_word' id='word_1_37' title='bbox 1220 490 1416 560; x_wconf 88' lang='lat' dir='ltr'>Quem</span> <span class='ocrx_word' id='word_1_38' title='bbox 1465 506 1684 549; x_wconf 91' lang='lat' dir='ltr'>omnes</span> <span class='ocrx_word' id='word_1_39' title='bbox 1726 489 1971 550; x_wconf 90' lang='lat' dir='ltr'>sincera</span> <span class='ocrx_word' id='word_1_40' title='bbox 2015 495 2223 549; x_wconf 80' lang='lat' dir='ltr'>mente</span> <span class='ocrx_word' id='word_1_41' title='bbox 2286 507 2428 549; x_wconf 90' lang='lat' dir='ltr'>cum</span> <span class='ocrx_word' id='word_1_42' title='bbox 2487 489 2690 549; x_wconf 85' lang='lat' dir='ltr'>laudis</span> <span class='ocrx_word' id='word_1_43' title='bbox 2758 489 3086 569; x_wconf 71' lang='lat' dir='ltr'>prazconiis</span> <span class='ocrx_word' id='word_1_44' title='bbox 3142 489 3206 549; x_wconf 91' lang='lat' dir='ltr'>in</span> <span class='ocrx_word' id='word_1_45' title='bbox 3265 490 3586 552; x_wconf 83' lang='lat' dir='ltr'>basilicam</span> 
     </span>
    </p>
   </div>
   <div class='ocr_carea' id='block_1_6' title="bbox 336 591 3584 676">
    <p class='ocr_par' dir='ltr' id='par_1_6' title="bbox 336 591 3584 676">
     <span class='ocr_line' id='line_1_6' title="bbox 336 591 3584 676; baseline 0.002 -23"><span class='ocrx_word' id='word_1_46' title='bbox 336 591 700 664; x_wconf 86' lang='lat' dir='ltr'>Salvatoris,</span> <span class='ocrx_word' id='word_1_47' title='bbox 763 611 904 671; x_wconf 81' lang='lat' dir='ltr'>quae</span> <span class='ocrx_word' id='word_1_48' title='bbox 961 594 1322 674; x_wconf 82' lang='lat' dir='ltr'>appellatur</span> <span class='ocrx_word' id='word_1_49' title='bbox 1402 595 1946 667; x_wconf 81' lang='lat' dir='ltr'>Constantiniana,</span> <span class='ocrx_word' id='word_1_50' title='bbox 2005 595 2522 676; x_wconf 75' lang='lat' dir='ltr'>deportaverunt,</span> <span class='ocrx_word' id='word_1_51' title='bbox 2579 601 2641 656; x_wconf 88' lang='lat' dir='ltr'>et</span> <span class='ocrx_word' id='word_1_52' title='bbox 2716 595 2942 656; x_wconf 86' lang='lat' dir='ltr'>exinde</span> <span class='ocrx_word' id='word_1_53' title='bbox 3019 596 3187 656; x_wconf 91' lang='lat' dir='ltr'>intus</span> <span class='ocrx_word' id='word_1_54' title='bbox 3255 603 3584 672; x_wconf 89' lang='lat' dir='ltr'>venerunt,</span> 
     </span>
    </p>
   </div>
   <div class='ocr_carea' id='block_1_7' title="bbox 225 698 2125 780">
    <p class='ocr_par' dir='ltr' id='par_1_7' title="bbox 225 698 2125 780">
     <span class='ocr_line' id='line_1_7' title="bbox 225 698 2125 780; baseline 0.001 -19"><span class='ocrx_word' id='word_1_55' title='bbox 225 702 291 761; x_wconf 86' lang='grc'>15</span> <span class='ocrx_word' id='word_1_56' title='bbox 336 704 398 761; x_wconf 91' lang='lat' dir='ltr'>et</span> <span class='ocrx_word' id='word_1_57' title='bbox 453 698 516 759; x_wconf 90' lang='lat' dir='ltr'>in</span> <span class='ocrx_word' id='word_1_58' title='bbox 577 698 1031 778; x_wconf 90' lang='lat' dir='ltr'>patriarchium</span> <span class='ocrx_word' id='word_1_59' title='bbox 1082 699 1268 780; x_wconf 83' lang='lat' dir='ltr'>juxta</span> <span class='ocrx_word' id='word_1_60' title='bbox 1326 720 1563 762; x_wconf 91' lang='lat' dir='ltr'>morem</span> <span class='ocrx_word' id='word_1_61' title='bbox 1623 702 2125 764; x_wconf 89' lang='lat' dir='ltr'>intramiserunt.</span> 
     </span>
    </p>
   </div>
   <div class='ocr_carea' id='block_1_8' title="bbox 415 843 3587 926">
    <p class='ocr_par' dir='ltr' id='par_1_8' title="bbox 415 843 3587 926">
     <span class='ocr_line' id='line_1_8' title="bbox 415 843 3587 926; baseline 0.002 -24"><span class='ocrx_word' id='word_1_62' title='bbox 415 849 580 903; x_wconf 68' lang='grc' dir='ltr'>ηε</span> <span class='ocrx_word' id='word_1_63' title='bbox 643 844 796 904; x_wconf 86' lang='lat' dir='ltr'>Erat</span> <span class='ocrx_word' id='word_1_64' title='bbox 852 843 1018 904; x_wconf 92' lang='lat' dir='ltr'>enim</span> <span class='ocrx_word' id='word_1_65' title='bbox 1077 843 1275 905; x_wconf 90' lang='lat' dir='ltr'>isdem</span> <span class='ocrx_word' id='word_1_66' title='bbox 1334 844 1736 906; x_wconf 86' lang='lat' dir='ltr'>beatissimus</span> <span class='ocrx_word' id='word_1_67' title='bbox 1795 865 1963 926; x_wconf 91' lang='lat' dir='ltr'>papa</span> <span class='ocrx_word' id='word_1_68' title='bbox 2010 852 2256 907; x_wconf 86' lang='lat' dir='ltr'>amator</span> <span class='ocrx_word' id='word_1_69' title='bbox 2311 846 2723 906; x_wconf 84' lang='lat' dir='ltr'>Ecclesiarum</span> <span class='ocrx_word' id='word_1_70' title='bbox 2775 845 2907 916; x_wconf 90' lang='lat' dir='ltr'>Dei,</span> <span class='ocrx_word' id='word_1_71' title='bbox 2963 845 3363 907; x_wconf 84' lang='lat' dir='ltr'>traditionem</span> <span class='ocrx_word' id='word_1_72' title='bbox 3399 846 3587 907; x_wconf 92' lang='lat' dir='ltr'>etiam</span> 
     </span>
    </p>
   </div>
   <div class='ocr_carea' id='block_1_9' title="bbox 329 949 3581 1033">
    <p class='ocr_par' dir='ltr' id='par_1_9' title="bbox 329 949 3581 1033">
     <span class='ocr_line' id='line_1_9' title="bbox 329 949 3581 1033; baseline 0.001 -21"><span class='ocrx_word' id='word_1_73' title='bbox 329 949 815 1012; x_wconf 89' lang='lat' dir='ltr'>ecclesiasticam</span> <span class='ocrx_word' id='word_1_74' title='bbox 888 951 1073 1011; x_wconf 83' lang='lat' dir='ltr'>firma</span> <span class='ocrx_word' id='word_1_75' title='bbox 1147 951 1490 1012; x_wconf 87' lang='lat' dir='ltr'>stabilitate</span> <span class='ocrx_word' id='word_1_76' title='bbox 1566 971 1944 1014; x_wconf 89' lang='lat' dir='ltr'>conservans</span> <span class='ocrx_word' id='word_1_77' title='bbox 2022 953 2131 1033; x_wconf 86' lang='grc' dir='ltr'>(α).</span> <span class='ocrx_word' id='word_1_78' title='bbox 2204 954 2562 1033; x_wconf 88' lang='lat' dir='ltr'>Pauperum</span> <span class='ocrx_word' id='word_1_79' title='bbox 2641 953 2870 1012; x_wconf 87' lang='lat' dir='ltr'>Christi</span> <span class='ocrx_word' id='word_1_80' title='bbox 2945 951 3125 1013; x_wconf 84' lang='lat' dir='ltr'>velox</span> <span class='ocrx_word' id='word_1_81' title='bbox 3217 953 3581 1025; x_wconf 90' lang='lat' dir='ltr'>subventor,</span> 
     </span>
    </p>
   </div>
   <div class='ocr_carea' id='block_1_10' title="bbox 329 1055 3582 1140">
    <p class='ocr_par' dir='ltr' id='par_1_10' title="bbox 329 1055 3582 1140">
     <span class='ocr_line' id='line_1_10' title="bbox 329 1055 3582 1140; baseline 0.002 -24"><span class='ocrx_word' id='word_1_82' title='bbox 329 1055 503 1118; x_wconf 85' lang='lat' dir='ltr'>verbi</span> <span class='ocrx_word' id='word_1_83' title='bbox 558 1056 670 1117; x_wconf 86' lang='lat' dir='ltr'>Dei</span> <span class='ocrx_word' id='word_1_84' title='bbox 727 1057 791 1118; x_wconf 93' lang='lat' dir='ltr'>in</span> <span class='ocrx_word' id='word_1_85' title='bbox 852 1076 1085 1137; x_wconf 88' lang='lat' dir='ltr'>magna</span> <span class='ocrx_word' id='word_1_86' title='bbox 1141 1059 1498 1120; x_wconf 78' lang='lat' dir='ltr'>constantia</span> <span class='ocrx_word' id='word_1_87' title='bbox 1557 1059 1932 1140; x_wconf 61' lang='lat' dir='ltr'>praedicator</span> <span class='ocrx_word' id='word_1_88' title='bbox 1991 1076 2006 1119; x_wconf 90' lang='lat'><strong>:</strong></span> <span class='ocrx_word' id='word_1_89' title='bbox 2071 1059 2306 1122; x_wconf 84' lang='lat' dir='ltr'>Viduas</span> <span class='ocrx_word' id='word_1_90' title='bbox 2373 1067 2435 1120; x_wconf 90' lang='lat' dir='ltr'>et</span> <span class='ocrx_word' id='word_1_91' title='bbox 2509 1059 2782 1139; x_wconf 89' lang='lat' dir='ltr'>pupillos</span> <span class='ocrx_word' id='word_1_92' title='bbox 2862 1060 3059 1120; x_wconf 91' lang='lat' dir='ltr'>multo</span> <span class='ocrx_word' id='word_1_93' title='bbox 3136 1060 3359 1121; x_wconf 89' lang='lat' dir='ltr'>melius</span> <span class='ocrx_word' id='word_1_94' title='bbox 3435 1062 3582 1123; x_wconf 89' lang='lat' dir='ltr'>visi-</span> 
     </span>
    </p>
   </div>
   <div class='ocr_carea' id='block_1_11' title="bbox 328 1149 3589 1245">
    <p class='ocr_par' dir='ltr' id='par_1_11' title="bbox 328 1149 3589 1245">
     <span class='ocr_line' id='line_1_11' title="bbox 328 1149 3589 1245; baseline 0.002 -23"><span class='ocrx_word' id='word_1_95' title='bbox 328 1169 468 1223; x_wconf 91' lang='lat' dir='ltr'>tans</span> <span class='ocrx_word' id='word_1_96' title='bbox 509 1161 614 1245; x_wconf 78' lang='grc' dir='ltr'>(ὁ),</span> <span class='ocrx_word' id='word_1_97' title='bbox 678 1165 1059 1225; x_wconf 85' lang='lat' dir='ltr'>fortissimus</span> <span class='ocrx_word' id='word_1_98' title='bbox 1113 1165 1302 1226; x_wconf 90' lang='lat' dir='ltr'>etiam</span> <span class='ocrx_word' id='word_1_99' title='bbox 1361 1166 1540 1226; x_wconf 89' lang='lat' dir='ltr'>ovilis</span> <span class='ocrx_word' id='word_1_100' title='bbox 1589 1166 1683 1227; x_wconf 93' lang='lat' dir='ltr'>sui</span> <span class='ocrx_word' id='word_1_101' title='bbox 1741 1185 1883 1226; x_wconf 92' lang='lat' dir='ltr'>cum</span> <span class='ocrx_word' id='word_1_102' title='bbox 1939 1167 2051 1227; x_wconf 91' lang='lat' dir='ltr'>Dei</span> <span class='ocrx_word' id='word_1_103' title='bbox 2110 1167 2338 1226; x_wconf 90' lang='lat' dir='ltr'>virtute</span> <span class='ocrx_word' id='word_1_104' title='bbox 2415 1165 2723 1227; x_wconf 83' lang='lat' dir='ltr'>defensor.</span> <span class='ocrx_word' id='word_1_105' title='bbox 2789 1167 2930 1227; x_wconf 84' lang='lat' dir='ltr'>Mox</span> <span class='ocrx_word' id='word_1_106' title='bbox 3000 1185 3148 1228; x_wconf 91' lang='lat' dir='ltr'>vero</span> <span class='ocrx_word' id='word_1_107' title='bbox 3208 1149 3589 1229; x_wconf 71' lang='lat' dir='ltr'>restauravit</span> 
     </span>
    </p>
   </div>
   <div class='ocr_carea' id='block_1_12' title="bbox 250 1271 3582 1361">
    <p class='ocr_par' dir='ltr' id='par_1_12' title="bbox 250 1271 3582 1361">
     <span class='ocr_line' id='line_1_12' title="bbox 250 1271 3582 1361; baseline 0.002 -31"><span class='ocrx_word' id='word_1_108' title='bbox 250 1271 284 1329; x_wconf 82' lang='lat'><strong>5</strong></span> <span class='ocrx_word' id='word_1_109' title='bbox 327 1275 389 1331; x_wconf 91' lang='lat' dir='ltr'>et</span> <span class='ocrx_word' id='word_1_110' title='bbox 445 1276 722 1349; x_wconf 90' lang='lat' dir='ltr'>quatuor</span> <span class='ocrx_word' id='word_1_111' title='bbox 779 1271 842 1332; x_wconf 91' lang='lat' dir='ltr'>in</span> <span class='ocrx_word' id='word_1_112' title='bbox 902 1271 1022 1333; x_wconf 87' lang='lat' dir='ltr'>hac</span> <span class='ocrx_word' id='word_1_113' title='bbox 1080 1275 1366 1361; x_wconf 67' lang='lat' dir='ltr'>Romana</span> <span class='ocrx_word' id='word_1_114' title='bbox 1425 1273 1581 1334; x_wconf 89' lang='lat' dir='ltr'>urbe</span> <span class='ocrx_word' id='word_1_115' title='bbox 1640 1273 1758 1335; x_wconf 91' lang='lat' dir='ltr'>sita</span> <span class='ocrx_word' id='word_1_116' title='bbox 1789 1273 2140 1354; x_wconf 91' lang='lat' dir='ltr'>antiquitus</span> <span class='ocrx_word' id='word_1_117' title='bbox 2195 1273 2609 1346; x_wconf 84' lang='lat' dir='ltr'>xenodochia,</span> <span class='ocrx_word' id='word_1_118' title='bbox 2671 1293 2813 1354; x_wconf 86' lang='lat' dir='ltr'>quae</span> <span class='ocrx_word' id='word_1_119' title='bbox 2871 1292 2907 1334; x_wconf 92' lang='lat' dir='ltr'>a</span> <span class='ocrx_word' id='word_1_120' title='bbox 2961 1273 3276 1334; x_wconf 87' lang='lat' dir='ltr'>diuturnis</span> <span class='ocrx_word' id='word_1_121' title='bbox 3333 1281 3396 1336; x_wconf 92' lang='lat' dir='ltr'>et</span> <span class='ocrx_word' id='word_1_122' title='bbox 3443 1275 3582 1337; x_wconf 90' lang='lat' dir='ltr'>lon-</span> 
     </span>
    </p>
   </div>
   <div class='ocr_carea' id='block_1_13' title="bbox 326 1377 3582 1458">
    <p class='ocr_par' dir='ltr' id='par_1_13' title="bbox 326 1377 3582 1458">
     <span class='ocr_line' id='line_1_13' title="bbox 326 1377 3582 1458; baseline 0.001 -22"><span class='ocrx_word' id='word_1_123' title='bbox 326 1377 579 1458; x_wconf 89' lang='lat' dir='ltr'>ginquis</span> <span class='ocrx_word' id='word_1_124' title='bbox 639 1379 1038 1458; x_wconf 86' lang='lat' dir='ltr'>temporibus</span> <span class='ocrx_word' id='word_1_125' title='bbox 1093 1379 1396 1440; x_wconf 88' lang='lat' dir='ltr'>destituta</span> <span class='ocrx_word' id='word_1_126' title='bbox 1454 1380 1820 1452; x_wconf 88' lang='lat' dir='ltr'>manebant,</span> <span class='ocrx_word' id='word_1_127' title='bbox 1880 1386 1942 1442; x_wconf 91' lang='lat' dir='ltr'>et</span> <span class='ocrx_word' id='word_1_128' title='bbox 1995 1381 2059 1440; x_wconf 94' lang='lat' dir='ltr'>in</span> <span class='ocrx_word' id='word_1_129' title='bbox 2118 1381 2204 1441; x_wconf 88' lang='lat' dir='ltr'>eis</span> <span class='ocrx_word' id='word_1_130' title='bbox 2289 1381 2604 1442; x_wconf 89' lang='lat' dir='ltr'>ordinavit</span> <span class='ocrx_word' id='word_1_131' title='bbox 2658 1399 2908 1440; x_wconf 91' lang='lat' dir='ltr'>omnem</span> <span class='ocrx_word' id='word_1_132' title='bbox 2971 1380 3304 1441; x_wconf 88' lang='lat' dir='ltr'>utilitatem</span> <span class='ocrx_word' id='word_1_133' title='bbox 3365 1380 3427 1441; x_wconf 90' lang='lat' dir='ltr'>in</span> <span class='ocrx_word' id='word_1_134' title='bbox 3485 1380 3582 1440; x_wconf 88' lang='lat' dir='ltr'>di-</span> 
     </span>
    </p>
   </div>
   <div class='ocr_carea' id='block_1_14' title="bbox 325 1484 3581 1567">
    <p class='ocr_par' dir='ltr' id='par_1_14' title="bbox 325 1484 3581 1567">
     <span class='ocr_line' id='line_1_14' title="bbox 325 1484 3581 1567; baseline 0.001 -22"><span class='ocrx_word' id='word_1_135' title='bbox 325 1484 518 1545; x_wconf 89' lang='lat' dir='ltr'>versis</span> <span class='ocrx_word' id='word_1_136' title='bbox 579 1503 798 1546; x_wconf 89' lang='lat' dir='ltr'>eorum</span> <span class='ocrx_word' id='word_1_137' title='bbox 858 1486 1013 1547; x_wconf 90' lang='lat' dir='ltr'>locis</span> <span class='ocrx_word' id='word_1_138' title='bbox 1071 1487 1414 1566; x_wconf 89' lang='lat' dir='ltr'>disponens</span> <span class='ocrx_word' id='word_1_139' title='bbox 1470 1487 1639 1548; x_wconf 90' lang='lat' dir='ltr'>intus</span> <span class='ocrx_word' id='word_1_140' title='bbox 1696 1488 1886 1548; x_wconf 91' lang='lat' dir='ltr'>etiam</span> <span class='ocrx_word' id='word_1_141' title='bbox 1946 1495 2008 1547; x_wconf 90' lang='lat' dir='ltr'>et</span> <span class='ocrx_word' id='word_1_142' title='bbox 2063 1487 2234 1560; x_wconf 83' lang='lat' dir='ltr'>foris,</span> <span class='ocrx_word' id='word_1_143' title='bbox 2295 1489 2356 1548; x_wconf 92' lang='lat' dir='ltr'>in</span> <span class='ocrx_word' id='word_1_144' title='bbox 2416 1488 2642 1567; x_wconf 89' lang='lat' dir='ltr'>quibus</span> <span class='ocrx_word' id='word_1_145' title='bbox 2699 1493 2762 1548; x_wconf 92' lang='lat' dir='ltr'>et</span> <span class='ocrx_word' id='word_1_146' title='bbox 2821 1487 3018 1547; x_wconf 89' lang='lat' dir='ltr'>multa</span> <span class='ocrx_word' id='word_1_147' title='bbox 3073 1487 3344 1548; x_wconf 88' lang='lat' dir='ltr'>contulit</span> <span class='ocrx_word' id='word_1_148' title='bbox 3391 1488 3581 1561; x_wconf 90' lang='lat' dir='ltr'>dona,</span> 
     </span>
    </p>
   </div>
   <div class='ocr_carea' id='block_1_15' title="bbox 323 1593 3584 1674">
    <p class='ocr_par' dir='ltr' id='par_1_15' title="bbox 323 1593 3584 1674">
     <span class='ocr_line' id='line_1_15' title="bbox 323 1593 3584 1674; baseline 0.001 -21"><span class='ocrx_word' id='word_1_149' title='bbox 323 1612 463 1673; x_wconf 65' lang='lat' dir='ltr'>quae</span> <span class='ocrx_word' id='word_1_150' title='bbox 521 1598 585 1653; x_wconf 90' lang='lat' dir='ltr'>et</span> <span class='ocrx_word' id='word_1_151' title='bbox 642 1611 754 1674; x_wconf 92' lang='lat' dir='ltr'>per</span> <span class='ocrx_word' id='word_1_152' title='bbox 816 1593 1135 1674; x_wconf 82' lang='lat' dir='ltr'>privilegii</span> <span class='ocrx_word' id='word_1_153' title='bbox 1188 1595 1483 1674; x_wconf 83' lang='lat' dir='ltr'>paginam</span> <span class='ocrx_word' id='word_1_154' title='bbox 1549 1596 1666 1656; x_wconf 89' lang='lat' dir='ltr'>sub</span> <span class='ocrx_word' id='word_1_155' title='bbox 1727 1595 2148 1657; x_wconf 86' lang='lat' dir='ltr'>anathematis</span> <span class='ocrx_word' id='word_1_156' title='bbox 2205 1595 2536 1657; x_wconf 88' lang='lat' dir='ltr'>interdicto</span> <span class='ocrx_word' id='word_1_157' title='bbox 2613 1595 3031 1656; x_wconf 86' lang='lat' dir='ltr'>confirmavit.</span> <span class='ocrx_word' id='word_1_158' title='bbox 3094 1595 3237 1656; x_wconf 86' lang='lat' dir='ltr'>Pari</span> <span class='ocrx_word' id='word_1_159' title='bbox 3299 1596 3484 1656; x_wconf 92' lang='lat' dir='ltr'>modo</span> <span class='ocrx_word' id='word_1_160' title='bbox 3546 1615 3584 1656; x_wconf 91' lang='lat' dir='ltr'><strong>a</strong></span> 
     </span>
    </p>
   </div>
   <div class='ocr_carea' id='block_1_16' title="bbox 322 1700 3586 1782">
    <p class='ocr_par' dir='ltr' id='par_1_16' title="bbox 322 1700 3586 1782">
     <span class='ocr_line' id='line_1_16' title="bbox 322 1700 3586 1782; baseline 0.001 -23"><span class='ocrx_word' id='word_1_161' title='bbox 322 1718 484 1760; x_wconf 90' lang='lat' dir='ltr'>navo</span> <span class='ocrx_word' id='word_1_162' title='bbox 543 1700 842 1762; x_wconf 80' lang='lat' dir='ltr'>fundasse</span> <span class='ocrx_word' id='word_1_163' title='bbox 898 1701 1288 1779; x_wconf 76' lang='lat' dir='ltr'>dignoscitur</span> <span class='ocrx_word' id='word_1_164' title='bbox 1348 1708 1409 1764; x_wconf 92' lang='lat' dir='ltr'>et</span> <span class='ocrx_word' id='word_1_165' title='bbox 1472 1703 1933 1764; x_wconf 86' lang='lat' dir='ltr'>xenodocbium</span> <span class='ocrx_word' id='word_1_166' title='bbox 1991 1704 2054 1764; x_wconf 91' lang='lat' dir='ltr'>in</span> <span class='ocrx_word' id='word_1_167' title='bbox 2113 1703 2423 1764; x_wconf 87' lang='lat' dir='ltr'>Plantana</span> <span class='ocrx_word' id='word_1_168' title='bbox 2479 1702 2576 1782; x_wconf 90' lang='lat' dir='ltr'>(c),</span> <span class='ocrx_word' id='word_1_169' title='bbox 2637 1708 2890 1763; x_wconf 91' lang='lat' dir='ltr'>centum</span> <span class='ocrx_word' id='word_1_170' title='bbox 2952 1721 3297 1782; x_wconf 86' lang='lat' dir='ltr'>pauperum</span> <span class='ocrx_word' id='word_1_171' title='bbox 3349 1701 3586 1763; x_wconf 88' lang='lat' dir='ltr'>Christi</span> 
     </span>
    </p>
   </div>
   <div class='ocr_carea' id='block_1_17' title="bbox 212 1807 3250 1889">
    <p class='ocr_par' dir='ltr' id='par_1_17' title="bbox 212 1807 3250 1889">
     <span class='ocr_line' id='line_1_17' title="bbox 212 1807 3250 1889; baseline 0.001 -22"><span class='ocrx_word' id='word_1_172' title='bbox 212 1809 282 1867; x_wconf 88' lang='grc'>10</span> <span class='ocrx_word' id='word_1_173' title='bbox 323 1807 678 1887; x_wconf 91' lang='lat' dir='ltr'>depositum</span> <span class='ocrx_word' id='word_1_174' title='bbox 738 1809 867 1869; x_wconf 92' lang='lat' dir='ltr'>illic</span> <span class='ocrx_word' id='word_1_175' title='bbox 914 1809 1170 1883; x_wconf 83' lang='lat' dir='ltr'>faciens,</span> <span class='ocrx_word' id='word_1_176' title='bbox 1235 1809 1670 1889; x_wconf 91' lang='lat' dir='ltr'>quotidianum</span> <span class='ocrx_word' id='word_1_177' title='bbox 1734 1811 2022 1872; x_wconf 89' lang='lat' dir='ltr'>videlicet</span> <span class='ocrx_word' id='word_1_178' title='bbox 2075 1811 2304 1871; x_wconf 91' lang='lat' dir='ltr'>victum</span> <span class='ocrx_word' id='word_1_179' title='bbox 2364 1829 2580 1873; x_wconf 78' lang='lat' dir='ltr'>eorum</span> <span class='ocrx_word' id='word_1_180' title='bbox 2639 1810 2984 1871; x_wconf 91' lang='lat' dir='ltr'>decernens</span> <span class='ocrx_word' id='word_1_181' title='bbox 3039 1809 3250 1869; x_wconf 91' lang='lat' dir='ltr'>tribui.</span> 
     </span>
    </p>
   </div>
   <div class='ocr_carea' id='block_1_18' title="bbox 400 1952 3585 2032">
    <p class='ocr_par' dir='ltr' id='par_1_18' title="bbox 400 1952 3585 2032">
     <span class='ocr_line' id='line_1_18' title="bbox 400 1952 3585 2032; baseline 0.001 -18"><span class='ocrx_word' id='word_1_182' title='bbox 400 1958 572 2014; x_wconf 64' lang='grc' dir='ltr'>πο</span> <span class='ocrx_word' id='word_1_183' title='bbox 631 1953 788 2011; x_wconf 86' lang='lat' dir='ltr'>Nam</span> <span class='ocrx_word' id='word_1_184' title='bbox 845 1957 907 2013; x_wconf 90' lang='lat' dir='ltr'>et</span> <span class='ocrx_word' id='word_1_185' title='bbox 964 1952 1116 2013; x_wconf 83' lang='lat' dir='ltr'>foris</span> <span class='ocrx_word' id='word_1_186' title='bbox 1174 1971 1388 2014; x_wconf 91' lang='lat' dir='ltr'>muros</span> <span class='ocrx_word' id='word_1_187' title='bbox 1446 1952 1637 2032; x_wconf 85' lang='lat' dir='ltr'>hujus</span> <span class='ocrx_word' id='word_1_188' title='bbox 1693 1953 1960 2015; x_wconf 84' lang='lat' dir='ltr'>civitatis</span> <span class='ocrx_word' id='word_1_189' title='bbox 2015 1957 2315 2014; x_wconf 76' lang='lat' dir='ltr'>Romanae</span> <span class='ocrx_word' id='word_1_190' title='bbox 2371 1972 2548 2014; x_wconf 89' lang='lat' dir='ltr'>secus</span> <span class='ocrx_word' id='word_1_191' title='bbox 2604 1953 2927 2014; x_wconf 88' lang='lat' dir='ltr'>basilicam</span> <span class='ocrx_word' id='word_1_192' title='bbox 2991 1952 3155 2013; x_wconf 87' lang='lat' dir='ltr'>beati</span> <span class='ocrx_word' id='word_1_193' title='bbox 3208 1952 3376 2012; x_wconf 85' lang='lat' dir='ltr'>Petri</span> <span class='ocrx_word' id='word_1_194' title='bbox 3399 1957 3585 2032; x_wconf 74' lang='lat' dir='ltr'>aposl</span> 
     </span>
    </p>
   </div>
   <div class='ocr_carea' id='block_1_19' title="bbox 320 2057 3579 2140">
    <p class='ocr_par' dir='ltr' id='par_1_19' title="bbox 320 2057 3579 2140">
     <span class='ocr_line' id='line_1_19' title="bbox 320 2057 3579 2140; baseline 0.001 -23"><span class='ocrx_word' id='word_1_195' title='bbox 320 2057 429 2118; x_wconf 90' lang='lat' dir='ltr'>tali</span> <span class='ocrx_word' id='word_1_196' title='bbox 488 2058 617 2119; x_wconf 91' lang='lat' dir='ltr'>duo</span> <span class='ocrx_word' id='word_1_197' title='bbox 673 2057 822 2120; x_wconf 81' lang='lat' dir='ltr'>fecit</span> <span class='ocrx_word' id='word_1_198' title='bbox 878 2058 1297 2136; x_wconf 85' lang='lat' dir='ltr'>xenodochia,</span> <span class='ocrx_word' id='word_1_199' title='bbox 1358 2059 1422 2120; x_wconf 93' lang='lat' dir='ltr'>in</span> <span class='ocrx_word' id='word_1_200' title='bbox 1483 2059 1712 2140; x_wconf 92' lang='lat' dir='ltr'>quibus</span> <span class='ocrx_word' id='word_1_201' title='bbox 1770 2065 1830 2120; x_wconf 94' lang='lat' dir='ltr'>et</span> <span class='ocrx_word' id='word_1_202' title='bbox 1874 2060 2058 2140; x_wconf 89' lang='lat' dir='ltr'>plura</span> <span class='ocrx_word' id='word_1_203' title='bbox 2113 2061 2383 2122; x_wconf 89' lang='lat' dir='ltr'>contulit</span> <span class='ocrx_word' id='word_1_204' title='bbox 2441 2061 2631 2131; x_wconf 92' lang='lat' dir='ltr'>bona,</span> <span class='ocrx_word' id='word_1_205' title='bbox 2693 2078 2833 2139; x_wconf 69' lang='lat' dir='ltr'>quae</span> <span class='ocrx_word' id='word_1_206' title='bbox 2892 2065 2954 2120; x_wconf 93' lang='lat' dir='ltr'>et</span> <span class='ocrx_word' id='word_1_207' title='bbox 3010 2059 3271 2119; x_wconf 89' lang='lat' dir='ltr'>sociavit</span> <span class='ocrx_word' id='word_1_208' title='bbox 3324 2078 3579 2120; x_wconf 89' lang='lat' dir='ltr'>venera-</span> 
     </span>
    </p>
   </div>
   <div class='ocr_carea' id='block_1_20' title="bbox 317 2163 3574 2248">
    <p class='ocr_par' dir='ltr' id='par_1_20' title="bbox 317 2163 3574 2248">
     <span class='ocr_line' id='line_1_20' title="bbox 317 2163 3574 2248; baseline 0.001 -26"><span class='ocrx_word' id='word_1_209' title='bbox 317 2163 549 2226; x_wconf 92' lang='lat' dir='ltr'>bilibus</span> <span class='ocrx_word' id='word_1_210' title='bbox 625 2165 929 2226; x_wconf 89' lang='lat' dir='ltr'>diaconiis</span> <span class='ocrx_word' id='word_1_211' title='bbox 1003 2165 1132 2227; x_wconf 90' lang='lat' dir='ltr'>illic</span> <span class='ocrx_word' id='word_1_212' title='bbox 1205 2166 1356 2226; x_wconf 85' lang='lat' dir='ltr'>foris</span> <span class='ocrx_word' id='word_1_213' title='bbox 1430 2167 1842 2228; x_wconf 83' lang='lat' dir='ltr'>existentibus</span> <span class='ocrx_word' id='word_1_214' title='bbox 1921 2169 2284 2247; x_wconf 91' lang='lat' dir='ltr'>perenniter</span> <span class='ocrx_word' id='word_1_215' title='bbox 2362 2184 2733 2248; x_wconf 88' lang='lat' dir='ltr'>permanere</span> <span class='ocrx_word' id='word_1_216' title='bbox 2811 2164 2920 2245; x_wconf 74' lang='lat'>((1),</span> <span class='ocrx_word' id='word_1_217' title='bbox 2982 2166 3043 2224; x_wconf 91' lang='lat' dir='ltr'>id</span> <span class='ocrx_word' id='word_1_218' title='bbox 3113 2171 3206 2226; x_wconf 92' lang='lat' dir='ltr'>est</span> <span class='ocrx_word' id='word_1_219' title='bbox 3263 2165 3574 2226; x_wconf 73' lang='lat' dir='ltr'>diaconias</span> 
     </span>
    </p>
   </div>
   <div class='ocr_carea' id='block_1_21' title="bbox 314 2271 3574 2353">
    <p class='ocr_par' dir='ltr' id='par_1_21' title="bbox 314 2271 3574 2353">
     <span class='ocr_line' id='line_1_21' title="bbox 314 2271 3574 2353; baseline 0 -22"><span class='ocrx_word' id='word_1_220' title='bbox 314 2278 551 2333; x_wconf 65' lang='lat' dir='ltr'>sancta:</span> <span class='ocrx_word' id='word_1_221' title='bbox 607 2272 719 2333; x_wconf 92' lang='lat' dir='ltr'>Dei</span> <span class='ocrx_word' id='word_1_222' title='bbox 762 2272 1114 2345; x_wconf 90' lang='lat' dir='ltr'>Genitricis,</span> <span class='ocrx_word' id='word_1_223' title='bbox 1174 2278 1237 2334; x_wconf 91' lang='lat' dir='ltr'>et</span> <span class='ocrx_word' id='word_1_224' title='bbox 1293 2272 1460 2333; x_wconf 91' lang='lat' dir='ltr'>beati</span> <span class='ocrx_word' id='word_1_225' title='bbox 1517 2273 1798 2334; x_wconf 85' lang='lat' dir='ltr'>Silvestri</span> <span class='ocrx_word' id='word_1_226' title='bbox 1853 2273 2018 2349; x_wconf 68' lang='lat' dir='ltr'>duae,</span> <span class='ocrx_word' id='word_1_227' title='bbox 2081 2279 2143 2334; x_wconf 93' lang='lat' dir='ltr'>et</span> <span class='ocrx_word' id='word_1_228' title='bbox 2195 2273 2538 2353; x_wconf 88' lang='lat' dir='ltr'>privilegiis</span> <span class='ocrx_word' id='word_1_229' title='bbox 2591 2271 2952 2353; x_wconf 90' lang='lat' dir='ltr'>apostolicis</span> <span class='ocrx_word' id='word_1_230' title='bbox 3011 2271 3370 2352; x_wconf 89' lang='lat' dir='ltr'>perenniter</span> <span class='ocrx_word' id='word_1_231' title='bbox 3430 2291 3574 2352; x_wconf 89' lang='lat' dir='ltr'>per-</span> 
     </span>
    </p>
   </div>
   <div class='ocr_carea' id='block_1_22' title="bbox 236 2378 975 2440">
    <p class='ocr_par' dir='ltr' id='par_1_22' title="bbox 236 2378 975 2440">
     <span class='ocr_line' id='line_1_22' title="bbox 236 2378 975 2440; baseline 0.007 -5"><span class='ocrx_word' id='word_1_232' title='bbox 236 2378 271 2435; x_wconf 87' lang='lat'><strong>5</strong></span> <span class='ocrx_word' id='word_1_233' title='bbox 315 2379 634 2440; x_wconf 86' lang='lat' dir='ltr'>manenda</span> <span class='ocrx_word' id='word_1_234' title='bbox 688 2378 975 2440; x_wconf 90' lang='lat' dir='ltr'>munivit.</span> 
     </span>
    </p>
   </div>
   <div class='ocr_carea' id='block_1_23' title="bbox 394 2511 3581 2607">
    <p class='ocr_par' dir='ltr' id='par_1_23' title="bbox 394 2511 3581 2607">
     <span class='ocr_line' id='line_1_23' title="bbox 394 2511 3581 2607; baseline 0 -33"><span class='ocrx_word' id='word_1_235' title='bbox 394 2521 567 2574; x_wconf 65' lang='lat'><strong>880</strong></span> <span class='ocrx_word' id='word_1_236' title='bbox 620 2511 697 2591; x_wconf 76' lang='grc' dir='ltr'>(θ)</span> <span class='ocrx_word' id='word_1_237' title='bbox 757 2513 927 2574; x_wconf 83' lang='lat' dir='ltr'>Inter</span> <span class='ocrx_word' id='word_1_238' title='bbox 981 2513 1118 2573; x_wconf 68' lang='lat' dir='ltr'>haec</span> <span class='ocrx_word' id='word_1_239' title='bbox 1174 2530 1324 2573; x_wconf 93' lang='lat' dir='ltr'>vero</span> <span class='ocrx_word' id='word_1_240' title='bbox 1379 2511 1530 2572; x_wconf 92' lang='lat' dir='ltr'>dum</span> <span class='ocrx_word' id='word_1_241' title='bbox 1583 2531 1817 2592; x_wconf 92' lang='lat' dir='ltr'>magna</span> <span class='ocrx_word' id='word_1_242' title='bbox 1866 2513 2220 2594; x_wconf 90' lang='lat' dir='ltr'>persecutio</span> <span class='ocrx_word' id='word_1_243' title='bbox 2279 2532 2316 2574; x_wconf 90' lang='lat' dir='ltr'><strong>a</strong></span> <span class='ocrx_word' id='word_1_244' title='bbox 2371 2511 2933 2591; x_wconf 91' lang='lat' dir='ltr'>Langobardorum</span> <span class='ocrx_word' id='word_1_245' title='bbox 2980 2531 3128 2590; x_wconf 89' lang='lat' dir='ltr'>rege</span> <span class='ocrx_word' id='word_1_246' title='bbox 3175 2513 3441 2574; x_wconf 85' lang='lat' dir='ltr'>Aistulfa</span> <span class='ocrx_word' id='word_1_247' title='bbox 3499 2511 3581 2607; x_wconf 80' lang='grc' dir='ltr'>(Ῑ)</span> 
     </span>
    </p>
   </div>
   <div class='ocr_carea' id='block_1_24' title="bbox 306 2613 3576 2698">
    <p class='ocr_par' dir='ltr' id='par_1_24' title="bbox 306 2613 3576 2698">
     <span class='ocr_line' id='line_1_24' title="bbox 306 2613 3576 2698; baseline 0 -18"><span class='ocrx_word' id='word_1_248' title='bbox 306 2619 369 2680; x_wconf 92' lang='lat' dir='ltr'>in</span> <span class='ocrx_word' id='word_1_249' title='bbox 421 2620 542 2681; x_wconf 90' lang='lat' dir='ltr'>hac</span> <span class='ocrx_word' id='word_1_250' title='bbox 602 2622 888 2681; x_wconf 76' lang='lat' dir='ltr'>Romana</span> <span class='ocrx_word' id='word_1_251' title='bbox 945 2619 1100 2681; x_wconf 85' lang='lat' dir='ltr'>urbe</span> <span class='ocrx_word' id='word_1_252' title='bbox 1159 2620 1258 2681; x_wconf 89' lang='lat' dir='ltr'>vel</span> <span class='ocrx_word' id='word_1_253' title='bbox 1307 2619 1781 2698; x_wconf 89' lang='lat' dir='ltr'>subjacentibus</span> <span class='ocrx_word' id='word_1_254' title='bbox 1833 2621 1886 2681; x_wconf 89' lang='lat' dir='ltr'>ei</span> <span class='ocrx_word' id='word_1_255' title='bbox 1943 2613 2318 2682; x_wconf 8' lang='lat' dir='ltr'>{civitatibus</span> <span class='ocrx_word' id='word_1_256' title='bbox 2367 2619 2730 2694; x_wconf 82' lang='lat' dir='ltr'>exstitisset,</span> <span class='ocrx_word' id='word_1_257' title='bbox 2793 2626 2857 2681; x_wconf 87' lang='lat' dir='ltr'>et</span> <span class='ocrx_word' id='word_1_258' title='bbox 2908 2620 3246 2681; x_wconf 88' lang='lat' dir='ltr'>vehemens</span> <span class='ocrx_word' id='word_1_259' title='bbox 3293 2619 3576 2698; x_wconf 85' lang='lat' dir='ltr'>ejusdem</span> 
     </span>
    </p>
   </div>
   <div class='ocr_carea' id='block_1_25' title="bbox 312 2726 3577 2808">
    <p class='ocr_par' dir='ltr' id='par_1_25' title="bbox 312 2726 3577 2808">
     <span class='ocr_line' id='line_1_25' title="bbox 312 2726 3577 2808; baseline 0 -20"><span class='ocrx_word' id='word_1_260' title='bbox 312 2727 477 2806; x_wconf 87' lang='lat' dir='ltr'>regis</span> <span class='ocrx_word' id='word_1_261' title='bbox 535 2727 777 2788; x_wconf 74' lang='lat' dir='ltr'>stevitia</span> <span class='ocrx_word' id='word_1_262' title='bbox 833 2727 1213 2799; x_wconf 90' lang='lat' dir='ltr'>immineret,</span> <span class='ocrx_word' id='word_1_263' title='bbox 1273 2726 1440 2787; x_wconf 92' lang='lat' dir='ltr'>illico</span> <span class='ocrx_word' id='word_1_264' title='bbox 1497 2727 1693 2788; x_wconf 90' lang='lat' dir='ltr'>isdem</span> <span class='ocrx_word' id='word_1_265' title='bbox 1748 2727 2148 2789; x_wconf 88' lang='lat' dir='ltr'>beatissimus</span> <span class='ocrx_word' id='word_1_266' title='bbox 2207 2746 2375 2808; x_wconf 91' lang='lat' dir='ltr'>papa</span> <span class='ocrx_word' id='word_1_267' title='bbox 2446 2727 2631 2788; x_wconf 91' lang='lat' dir='ltr'>tertio</span> <span class='ocrx_word' id='word_1_268' title='bbox 2693 2727 3090 2806; x_wconf 88' lang='lat' dir='ltr'>apostolatus</span> <span class='ocrx_word' id='word_1_269' title='bbox 3159 2727 3577 2789; x_wconf 88' lang='lat' dir='ltr'>ordinationis</span> 
     </span>
    </p>
   </div>
   <div class='ocr_carea' id='block_1_26' title="bbox 309 2832 3573 2914">
    <p class='ocr_par' dir='ltr' id='par_1_26' title="bbox 309 2832 3573 2914">
     <span class='ocr_line' id='line_1_26' title="bbox 309 2832 3573 2914; baseline 0 -20"><span class='ocrx_word' id='word_1_270' title='bbox 309 2852 436 2894; x_wconf 62' lang='lat' dir='ltr'>suae</span> <span class='ocrx_word' id='word_1_271' title='bbox 495 2852 711 2896; x_wconf 89' lang='lat' dir='ltr'>mense</span> <span class='ocrx_word' id='word_1_272' title='bbox 767 2833 1109 2914; x_wconf 88' lang='lat' dir='ltr'>disponens</span> <span class='ocrx_word' id='word_1_273' title='bbox 1165 2851 1348 2894; x_wconf 88' lang='lat' dir='ltr'>suum</span> <span class='ocrx_word' id='word_1_274' title='bbox 1400 2851 1774 2911; x_wconf 89' lang='lat' dir='ltr'>germanum</span> <span class='ocrx_word' id='word_1_275' title='bbox 1835 2834 2320 2906; x_wconf 88' lang='lat' dir='ltr'>sanctissimum,</span> <span class='ocrx_word' id='word_1_276' title='bbox 2382 2832 2619 2895; x_wconf 89' lang='lat' dir='ltr'>scilicet</span> <span class='ocrx_word' id='word_1_277' title='bbox 2673 2833 2941 2895; x_wconf 89' lang='lat' dir='ltr'>Paulum</span> <span class='ocrx_word' id='word_1_278' title='bbox 2993 2833 3327 2894; x_wconf 87' lang='lat' dir='ltr'>diaconum</span> <span class='ocrx_word' id='word_1_279' title='bbox 3380 2839 3573 2913; x_wconf 88' lang='lat' dir='ltr'>atque</span> 
     </span>
    </p>
   </div>
   <div class='ocr_carea' id='block_1_27' title="bbox 233 2939 3572 3020">
    <p class='ocr_par' dir='ltr' id='par_1_27' title="bbox 233 2939 3572 3020">
     <span class='ocr_line' id='line_1_27' title="bbox 233 2939 3572 3020; baseline 0 -21"><span class='ocrx_word' id='word_1_280' title='bbox 233 2942 269 2999; x_wconf 83' lang='lat'><strong>5</strong></span> <span class='ocrx_word' id='word_1_281' title='bbox 325 2940 725 3001; x_wconf 83' lang='lat' dir='ltr'>Ambrosium</span> <span class='ocrx_word' id='word_1_282' title='bbox 785 2939 1236 3020; x_wconf 90' lang='lat' dir='ltr'>primicerium,</span> <span class='ocrx_word' id='word_1_283' title='bbox 1298 2939 1584 3019; x_wconf 89' lang='lat' dir='ltr'>plurimis</span> <span class='ocrx_word' id='word_1_284' title='bbox 1659 2939 1741 3019; x_wconf 89' lang='lat' dir='ltr'>(g)</span> <span class='ocrx_word' id='word_1_285' title='bbox 1801 2958 1944 3000; x_wconf 91' lang='lat' dir='ltr'>cum</span> <span class='ocrx_word' id='word_1_286' title='bbox 2035 2941 2401 3002; x_wconf 89' lang='lat' dir='ltr'>muneribus</span> <span class='ocrx_word' id='word_1_287' title='bbox 2476 2939 2556 3000; x_wconf 92' lang='lat' dir='ltr'>ad</span> <span class='ocrx_word' id='word_1_288' title='bbox 2637 2940 2926 3001; x_wconf 91' lang='lat' dir='ltr'>eumdem</span> <span class='ocrx_word' id='word_1_289' title='bbox 3004 2939 3572 3018; x_wconf 90' lang='lat' dir='ltr'>Langobardorum</span> 
     </span>
    </p>
   </div>
   <div class='ocr_carea' id='block_1_28' title="bbox 314 3045 3574 3127">
    <p class='ocr_par' dir='ltr' id='par_1_28' title="bbox 314 3045 3574 3127">
     <span class='ocr_line' id='line_1_28' title="bbox 314 3045 3574 3127; baseline 0 -19"><span class='ocrx_word' id='word_1_290' title='bbox 314 3065 530 3126; x_wconf 86' lang='lat' dir='ltr'>regem</span> <span class='ocrx_word' id='word_1_291' title='bbox 585 3046 920 3108; x_wconf 84' lang='lat' dir='ltr'>Aistulfum</span> <span class='ocrx_word' id='word_1_292' title='bbox 979 3046 1060 3108; x_wconf 92' lang='lat' dir='ltr'>ad</span> <span class='ocrx_word' id='word_1_293' title='bbox 1115 3045 1290 3127; x_wconf 89' lang='lat' dir='ltr'>pacis</span> <span class='ocrx_word' id='word_1_294' title='bbox 1347 3045 1766 3107; x_wconf 85' lang='lat' dir='ltr'>ordinandum</span> <span class='ocrx_word' id='word_1_295' title='bbox 1846 3052 2036 3126; x_wconf 90' lang='lat' dir='ltr'>atque</span> <span class='ocrx_word' id='word_1_296' title='bbox 2093 3047 2600 3108; x_wconf 83' lang='lat' dir='ltr'>conﬁrmandum</span> <span class='ocrx_word' id='word_1_297' title='bbox 2658 3047 2901 3107; x_wconf 78' lang='lat' dir='ltr'>fcedera</span> <span class='ocrx_word' id='word_1_298' title='bbox 2974 3045 3164 3107; x_wconf 92' lang='lat' dir='ltr'>misit.</span> <span class='ocrx_word' id='word_1_299' title='bbox 3228 3046 3344 3118; x_wconf 86' lang='lat' dir='ltr'>Qui</span> <span class='ocrx_word' id='word_1_300' title='bbox 3418 3065 3574 3126; x_wconf 67' lang='lat' dir='ltr'>pra:-</span> 
     </span>
    </p>
   </div>
   <div class='ocr_carea' id='block_1_29' title="bbox 317 3151 3569 3233">
    <p class='ocr_par' dir='ltr' id='par_1_29' title="bbox 317 3151 3569 3233">
     <span class='ocr_line' id='line_1_29' title="bbox 317 3151 3569 3233; baseline -0.001 -18"><span class='ocrx_word' id='word_1_301' title='bbox 317 3154 428 3215; x_wconf 79' lang='lat' dir='ltr'>fati</span> <span class='ocrx_word' id='word_1_302' title='bbox 486 3153 605 3214; x_wconf 93' lang='lat' dir='ltr'>viri</span> <span class='ocrx_word' id='word_1_303' title='bbox 659 3154 738 3215; x_wconf 89' lang='lat' dir='ltr'>ad</span> <span class='ocrx_word' id='word_1_304' title='bbox 807 3172 948 3216; x_wconf 91' lang='lat' dir='ltr'>eum</span> <span class='ocrx_word' id='word_1_305' title='bbox 1007 3152 1469 3224; x_wconf 88' lang='lat' dir='ltr'>convenientes,</span> <span class='ocrx_word' id='word_1_306' title='bbox 1529 3151 1864 3231; x_wconf 89' lang='lat' dir='ltr'>impartitis</span> <span class='ocrx_word' id='word_1_307' title='bbox 1917 3153 2304 3225; x_wconf 90' lang='lat' dir='ltr'>muneribus,</span> <span class='ocrx_word' id='word_1_308' title='bbox 2368 3172 2494 3233; x_wconf 90' lang='lat' dir='ltr'>quo</span> <span class='ocrx_word' id='word_1_309' title='bbox 2550 3152 2793 3213; x_wconf 84' lang='lat' dir='ltr'>facilius</span> <span class='ocrx_word' id='word_1_310' title='bbox 2843 3153 3061 3213; x_wconf 89' lang='lat' dir='ltr'>eadem</span> <span class='ocrx_word' id='word_1_311' title='bbox 3113 3171 3226 3231; x_wconf 89' lang='lat' dir='ltr'>pro</span> <span class='ocrx_word' id='word_1_312' title='bbox 3287 3171 3352 3214; x_wconf 91' lang='lat' dir='ltr'>re</span> <span class='ocrx_word' id='word_1_313' title='bbox 3400 3153 3569 3232; x_wconf 86' lang='lat' dir='ltr'>apud</span> 
     </span>
    </p>
   </div>
   <div class='ocr_carea' id='block_1_30' title="bbox 317 3259 3571 3341">
    <p class='ocr_par' dir='ltr' id='par_1_30' title="bbox 317 3259 3571 3341">
     <span class='ocr_line' id='line_1_30' title="bbox 317 3259 3571 3341; baseline -0.001 -19"><span class='ocrx_word' id='word_1_314' title='bbox 317 3279 460 3322; x_wconf 88' lang='lat' dir='ltr'>eum</span> <span class='ocrx_word' id='word_1_315' title='bbox 520 3261 964 3341; x_wconf 89' lang='lat' dir='ltr'>impetrarent,-</span> <span class='ocrx_word' id='word_1_316' title='bbox 1013 3259 1077 3321; x_wconf 93' lang='lat' dir='ltr'>in</span> <span class='ocrx_word' id='word_1_317' title='bbox 1137 3259 1561 3338; x_wconf 90' lang='lat' dir='ltr'>quadraginta</span> <span class='ocrx_word' id='word_1_318' title='bbox 1631 3277 1943 3320; x_wconf 92' lang='lat' dir='ltr'>annorum</span> <span class='ocrx_word' id='word_1_319' title='bbox 2022 3260 2230 3340; x_wconf 90' lang='lat' dir='ltr'>spatia</span> <span class='ocrx_word' id='word_1_320' title='bbox 2305 3259 2478 3340; x_wconf 91' lang='lat' dir='ltr'>pacis</span> <span class='ocrx_word' id='word_1_321' title='bbox 2557 3259 2762 3320; x_wconf 74' lang='lat' dir='ltr'>fmdus</span> <span class='ocrx_word' id='word_1_322' title='bbox 2839 3278 2980 3320; x_wconf 91' lang='lat' dir='ltr'>cum</span> <span class='ocrx_word' id='word_1_323' title='bbox 3054 3277 3128 3321; x_wconf 92' lang='lat' dir='ltr'>eo</span> <span class='ocrx_word' id='word_1_324' title='bbox 3205 3259 3571 3320; x_wconf 90' lang='lat' dir='ltr'>ordinantes</span> 
     </span>
    </p>
   </div>
   <div class='ocr_carea' id='block_1_31' title="bbox 315 3365 3570 3447">
    <p class='ocr_par' dir='ltr' id='par_1_31' title="bbox 315 3365 3570 3447">
     <span class='ocr_line' id='line_1_31' title="bbox 315 3365 3570 3447; baseline -0.001 -19"><span class='ocrx_word' id='word_1_325' title='bbox 315 3367 876 3430; x_wconf 84' lang='lat' dir='ltr'>conﬁrmaverunt.</span> <span class='ocrx_word' id='word_1_326' title='bbox 935 3370 1015 3429; x_wconf 86' lang='lat' dir='ltr'>At</span> <span class='ocrx_word' id='word_1_327' title='bbox 1071 3385 1224 3428; x_wconf 91' lang='lat' dir='ltr'>vero</span> <span class='ocrx_word' id='word_1_328' title='bbox 1280 3366 1478 3428; x_wconf 91' lang='lat' dir='ltr'>isdem</span> <span class='ocrx_word' id='word_1_329' title='bbox 1538 3373 1868 3447; x_wconf 85' lang='lat' dir='ltr'>protervus</span> <span class='ocrx_word' id='word_1_330' title='bbox 1926 3367 2491 3446; x_wconf 89' lang='lat' dir='ltr'>Langobardorum</span> <span class='ocrx_word' id='word_1_331' title='bbox 2555 3385 2685 3442; x_wconf 88' lang='lat' dir='ltr'>rex,</span> <span class='ocrx_word' id='word_1_332' title='bbox 2748 3366 2993 3446; x_wconf 91' lang='lat' dir='ltr'>antiqui</span> <span class='ocrx_word' id='word_1_333' title='bbox 3060 3365 3258 3427; x_wconf 88' lang='lat' dir='ltr'>hastis</span> <span class='ocrx_word' id='word_1_334' title='bbox 3314 3366 3570 3426; x_wconf 86' lang='lat' dir='ltr'>invasus</span> 
     </span>
    </p>
   </div>
   <div class='ocr_carea' id='block_1_32' title="bbox 202 3473 3566 3554">
    <p class='ocr_par' dir='ltr' id='par_1_32' title="bbox 202 3473 3566 3554">
     <span class='ocr_line' id='line_1_32' title="bbox 202 3473 3566 3554; baseline -0 -20"><span class='ocrx_word' id='word_1_335' title='bbox 202 3474 275 3534; x_wconf 90' lang='grc'>10</span> <span class='ocrx_word' id='word_1_336' title='bbox 315 3475 612 3549; x_wconf 90' lang='lat' dir='ltr'>versutia,</span> <span class='ocrx_word' id='word_1_337' title='bbox 669 3475 808 3554; x_wconf 84' lang='lat' dir='ltr'>ipsa</span> <span class='ocrx_word' id='word_1_338' title='bbox 863 3475 1103 3536; x_wconf 73' lang='lat' dir='ltr'>fmdera</span> <span class='ocrx_word' id='word_1_339' title='bbox 1159 3474 1330 3554; x_wconf 90' lang='lat' dir='ltr'>pacis</span> <span class='ocrx_word' id='word_1_340' title='bbox 1387 3481 1529 3554; x_wconf 90' lang='lat' dir='ltr'>post</span> <span class='ocrx_word' id='word_1_341' title='bbox 1581 3493 1740 3552; x_wconf 90' lang='lat' dir='ltr'>pene</span> <span class='ocrx_word' id='word_1_342' title='bbox 1797 3479 2072 3553; x_wconf 92' lang='lat' dir='ltr'>quatuor</span> <span class='ocrx_word' id='word_1_343' title='bbox 2131 3492 2396 3548; x_wconf 91' lang='lat' dir='ltr'>menses,</span> <span class='ocrx_word' id='word_1_344' title='bbox 2474 3473 2539 3534; x_wconf 92' lang='lat' dir='ltr'>in</span> <span class='ocrx_word' id='word_1_345' title='bbox 2616 3473 2878 3554; x_wconf 89' lang='lat' dir='ltr'>perjurii</span> <span class='ocrx_word' id='word_1_346' title='bbox 2950 3473 3233 3534; x_wconf 89' lang='lat' dir='ltr'>incidens</span> <span class='ocrx_word' id='word_1_347' title='bbox 3293 3477 3566 3547; x_wconf 88' lang='lat' dir='ltr'>reatum,</span> 
     </span>
    </p>
   </div>
   <div class='ocr_carea' id='block_1_33' title="bbox 312 3580 3567 3663">
    <p class='ocr_par' dir='ltr' id='par_1_33' title="bbox 312 3580 3567 3663">
     <span class='ocr_line' id='line_1_33' title="bbox 312 3580 3567 3663; baseline -0.001 -21"><span class='ocrx_word' id='word_1_348' title='bbox 312 3581 606 3663; x_wconf 87' lang='lat' dir='ltr'>disrupit,</span> <span class='ocrx_word' id='word_1_349' title='bbox 669 3581 898 3642; x_wconf 88' lang='lat' dir='ltr'>multas</span> <span class='ocrx_word' id='word_1_350' title='bbox 946 3581 1081 3662; x_wconf 91' lang='lat' dir='ltr'>jam</span> <span class='ocrx_word' id='word_1_351' title='bbox 1142 3581 1273 3641; x_wconf 82' lang='lat' dir='ltr'>fato</span> <span class='ocrx_word' id='word_1_352' title='bbox 1331 3581 1717 3642; x_wconf 88' lang='lat' dir='ltr'>saectissimo</span> <span class='ocrx_word' id='word_1_353' title='bbox 1776 3580 1910 3641; x_wconf 89' lang='lat' dir='ltr'>viro</span> <span class='ocrx_word' id='word_1_354' title='bbox 1986 3581 2082 3642; x_wconf 91' lang='lat' dir='ltr'>vel</span> <span class='ocrx_word' id='word_1_355' title='bbox 2141 3588 2370 3642; x_wconf 87' lang='lat' dir='ltr'>cuncto</span> <span class='ocrx_word' id='word_1_356' title='bbox 2429 3581 2666 3661; x_wconf 85' lang='lat' dir='ltr'>populo</span> <span class='ocrx_word' id='word_1_357' title='bbox 2726 3583 3010 3642; x_wconf 82' lang='lat' dir='ltr'>Romano</span> <span class='ocrx_word' id='word_1_358' title='bbox 3068 3581 3362 3660; x_wconf 89' lang='lat' dir='ltr'>ingerens</span> <span class='ocrx_word' id='word_1_359' title='bbox 3413 3598 3567 3641; x_wconf 92' lang='lat' dir='ltr'>con-</span> 
     </span>
    </p>
   </div>
   <div class='ocr_carea' id='block_1_34' title="bbox 312 3685 3570 3767">
    <p class='ocr_par' dir='ltr' id='par_1_34' title="bbox 312 3685 3570 3767">
     <span class='ocr_line' id='line_1_34' title="bbox 312 3685 3570 3767; baseline -0.001 -17"><span class='ocrx_word' id='word_1_360' title='bbox 312 3688 627 3763; x_wconf 89' lang='lat' dir='ltr'>tumelias,</span> <span class='ocrx_word' id='word_1_361' title='bbox 689 3687 896 3749; x_wconf 88' lang='lat' dir='ltr'>varias</span> <span class='ocrx_word' id='word_1_362' title='bbox 952 3687 1044 3748; x_wconf 92' lang='lat' dir='ltr'>illi</span> <span class='ocrx_word' id='word_1_363' title='bbox 1100 3687 1303 3748; x_wconf 89' lang='lat' dir='ltr'>minas</span> <span class='ocrx_word' id='word_1_364' title='bbox 1360 3687 1660 3766; x_wconf 87' lang='lat' dir='ltr'>dirigens.</span> <span class='ocrx_word' id='word_1_365' title='bbox 1711 3687 1986 3767; x_wconf 90' lang='lat' dir='ltr'>Cupiens</span> <span class='ocrx_word' id='word_1_366' title='bbox 2032 3687 2274 3767; x_wconf 91' lang='lat' dir='ltr'>quippe</span> <span class='ocrx_word' id='word_1_367' title='bbox 2331 3690 2462 3748; x_wconf 89' lang='lat' dir='ltr'>Deo</span> <span class='ocrx_word' id='word_1_368' title='bbox 2511 3687 2630 3748; x_wconf 90' lang='lat' dir='ltr'>sibi</span> <span class='ocrx_word' id='word_1_369' title='bbox 2678 3687 2996 3749; x_wconf 89' lang='lat' dir='ltr'>contrario</span> <span class='ocrx_word' id='word_1_370' title='bbox 3054 3694 3347 3749; x_wconf 69' lang='lat' dir='ltr'>cunctam</span> <span class='ocrx_word' id='word_1_371' title='bbox 3403 3685 3570 3748; x_wconf 88' lang='lat' dir='ltr'>hanc</span> 
     </span>
    </p>
   </div>
   <div class='ocr_carea' id='block_1_35' title="bbox 313 3792 3566 3875">
    <p class='ocr_par' dir='ltr' id='par_1_35' title="bbox 313 3792 3566 3875">
     <span class='ocr_line' id='line_1_35' title="bbox 313 3792 3566 3875; baseline -0.001 -19"><span class='ocrx_word' id='word_1_372' title='bbox 313 3794 705 3875; x_wconf 89' lang='lat' dir='ltr'>provinciam</span> <span class='ocrx_word' id='word_1_373' title='bbox 761 3794 1081 3866; x_wconf 88' lang='lat' dir='ltr'>invadere,</span> <span class='ocrx_word' id='word_1_374' title='bbox 1144 3812 1479 3856; x_wconf 90' lang='lat' dir='ltr'>onerosum</span> <span class='ocrx_word' id='word_1_375' title='bbox 1538 3794 1847 3854; x_wconf 91' lang='lat' dir='ltr'>tributum</span> <span class='ocrx_word' id='word_1_376' title='bbox 1896 3792 2085 3871; x_wconf 90' lang='lat' dir='ltr'>hujus</span> <span class='ocrx_word' id='word_1_377' title='bbox 2163 3795 2462 3854; x_wconf 65' lang='lat' dir='ltr'>Romanae</span> <span class='ocrx_word' id='word_1_378' title='bbox 2534 3793 2706 3853; x_wconf 91' lang='lat' dir='ltr'>urbis</span> <span class='ocrx_word' id='word_1_379' title='bbox 2779 3793 3282 3856; x_wconf 90' lang='lat' dir='ltr'>inhabitantibus</span> <span class='ocrx_word' id='word_1_380' title='bbox 3338 3792 3566 3854; x_wconf 87' lang='lat' dir='ltr'>addh&#39;i-</span> 
     </span>
    </p>
   </div>
   <div class='ocr_carea' id='block_1_36' title="bbox 311 3899 3569 3982">
    <p class='ocr_par' dir='ltr' id='par_1_36' title="bbox 311 3899 3569 3982">
     <span class='ocr_line' id='line_1_36' title="bbox 311 3899 3569 3982; baseline 0 -20"><span class='ocrx_word' id='word_1_381' title='bbox 311 3901 468 3964; x_wconf 89' lang='lat' dir='ltr'>bere</span> <span class='ocrx_word' id='word_1_382' title='bbox 525 3899 609 3982; x_wconf 76' lang='lat' dir='ltr'>(h)</span> <span class='ocrx_word' id='word_1_383' title='bbox 665 3901 1058 3963; x_wconf 90' lang='lat' dir='ltr'>innitebatur</span> <span class='ocrx_word' id='word_1_384' title='bbox 1111 3917 1124 3960; x_wconf 93' lang='lat'><strong>:</strong></span> <span class='ocrx_word' id='word_1_385' title='bbox 1189 3919 1303 3980; x_wconf 91' lang='lat' dir='ltr'>per</span> <span class='ocrx_word' id='word_1_386' title='bbox 1361 3899 1858 3979; x_wconf 89' lang='lat' dir='ltr'>unumquodque</span> <span class='ocrx_word' id='word_1_387' title='bbox 1924 3899 2164 3960; x_wconf 88' lang='lat' dir='ltr'>scilicet</span> <span class='ocrx_word' id='word_1_388' title='bbox 2231 3905 2424 3980; x_wconf 93' lang='lat' dir='ltr'>caput</span> <span class='ocrx_word' id='word_1_389' title='bbox 2488 3899 2772 3979; x_wconf 88' lang='lat' dir='ltr'>singulas</span> <span class='ocrx_word' id='word_1_390' title='bbox 2839 3900 2979 3961; x_wconf 90' lang='lat' dir='ltr'>auri</span> <span class='ocrx_word' id='word_1_391' title='bbox 3052 3900 3286 3962; x_wconf 87' lang='lat' dir='ltr'>solidos</span> <span class='ocrx_word' id='word_1_392' title='bbox 3359 3918 3569 3962; x_wconf 90' lang='lat' dir='ltr'>annue</span> 
     </span>
    </p>
   </div>
   <div class='ocr_carea' id='block_1_37' title="bbox 199 4005 3570 4089">
    <p class='ocr_par' dir='ltr' id='par_1_37' title="bbox 199 4005 3570 4089">
     <span class='ocr_line' id='line_1_37' title="bbox 199 4005 3570 4089; baseline 0 -21"><span class='ocrx_word' id='word_1_393' title='bbox 199 4008 270 4070; x_wconf 89' lang='grc'>15</span> <span class='ocrx_word' id='word_1_394' title='bbox 311 4008 545 4071; x_wconf 84' lang='lat' dir='ltr'>inferre</span> <span class='ocrx_word' id='word_1_395' title='bbox 603 4007 674 4089; x_wconf 79' lang='grc' dir='ltr'>(ι’)</span> <span class='ocrx_word' id='word_1_396' title='bbox 729 4007 1039 4069; x_wconf 89' lang='lat' dir='ltr'>inhiabat.</span> <span class='ocrx_word' id='word_1_397' title='bbox 1097 4009 1176 4068; x_wconf 89' lang='lat' dir='ltr'>Et</span> <span class='ocrx_word' id='word_1_398' title='bbox 1228 4025 1357 4068; x_wconf 63' lang='lat' dir='ltr'>sua)</span> <span class='ocrx_word' id='word_1_399' title='bbox 1406 4005 1834 4084; x_wconf 90' lang='lat' dir='ltr'>jurisdictioni</span> <span class='ocrx_word' id='word_1_400' title='bbox 1890 4005 2206 4066; x_wconf 91' lang='lat' dir='ltr'>civitatem</span> <span class='ocrx_word' id='word_1_401' title='bbox 2271 4005 2434 4066; x_wconf 90' lang='lat' dir='ltr'>hanc</span> <span class='ocrx_word' id='word_1_402' title='bbox 2495 4008 2842 4067; x_wconf 82' lang='lat' dir='ltr'>Romanam</span> <span class='ocrx_word' id='word_1_403' title='bbox 2903 4005 3002 4066; x_wconf 91' lang='lat' dir='ltr'>vel</span> <span class='ocrx_word' id='word_1_404' title='bbox 3060 4006 3455 4086; x_wconf 89' lang='lat' dir='ltr'>subjacentia</span> <span class='ocrx_word' id='word_1_405' title='bbox 3509 4007 3570 4068; x_wconf 91' lang='lat' dir='ltr'>ei</span> 
     </span>
    </p>
   </div>
   <div class='ocr_carea' id='block_1_38' title="bbox 313 4112 1683 4194">
    <p class='ocr_par' dir='ltr' id='par_1_38' title="bbox 313 4112 1683 4194">
     <span class='ocr_line' id='line_1_38' title="bbox 313 4112 1683 4194; baseline -0.004 -17"><span class='ocrx_word' id='word_1_406' title='bbox 313 4121 520 4178; x_wconf 88' lang='lat' dir='ltr'>castra</span> <span class='ocrx_word' id='word_1_407' title='bbox 575 4113 842 4177; x_wconf 91' lang='lat' dir='ltr'>subdere</span> <span class='ocrx_word' id='word_1_408' title='bbox 899 4114 1304 4194; x_wconf 91' lang='lat' dir='ltr'>indignanter</span> <span class='ocrx_word' id='word_1_409' title='bbox 1357 4112 1683 4174; x_wconf 72' lang='lat' dir='ltr'>afferebat.</span> 
     </span>
    </p>
   </div>
   <div class='ocr_carea' id='block_1_39' title="bbox 397 4243 3563 4326">
    <p class='ocr_par' dir='ltr' id='par_1_39' title="bbox 397 4243 3563 4326">
     <span class='ocr_line' id='line_1_39' title="bbox 397 4243 3563 4326; baseline -0.002 -14"><span class='ocrx_word' id='word_1_410' title='bbox 397 4257 558 4312; x_wconf 62' lang='lat' dir='ltr'>tu</span> <span class='ocrx_word' id='word_1_411' title='bbox 621 4249 898 4310; x_wconf 90' lang='lat' dir='ltr'>Cernens</span> <span class='ocrx_word' id='word_1_412' title='bbox 953 4266 1101 4310; x_wconf 92' lang='lat' dir='ltr'>vero</span> <span class='ocrx_word' id='word_1_413' title='bbox 1154 4247 1320 4309; x_wconf 91' lang='lat' dir='ltr'>idem</span> <span class='ocrx_word' id='word_1_414' title='bbox 1375 4245 1803 4308; x_wconf 91' lang='lat' dir='ltr'>sanctissimus</span> <span class='ocrx_word' id='word_1_415' title='bbox 1858 4264 2026 4326; x_wconf 85' lang='lat' dir='ltr'>papa</span> <span class='ocrx_word' id='word_1_416' title='bbox 2089 4245 2296 4307; x_wconf 90' lang='lat' dir='ltr'>valide</span> <span class='ocrx_word' id='word_1_417' title='bbox 2353 4245 2600 4326; x_wconf 75' lang='lat' dir='ltr'>praefati</span> <span class='ocrx_word' id='word_1_418' title='bbox 2658 4244 2824 4324; x_wconf 87' lang='lat' dir='ltr'>regis</span> <span class='ocrx_word' id='word_1_419' title='bbox 2883 4243 3297 4324; x_wconf 89' lang='lat' dir='ltr'>perniciosam</span> <span class='ocrx_word' id='word_1_420' title='bbox 3351 4244 3563 4307; x_wconf 90' lang='lat' dir='ltr'>immi-</span> 
     </span>
    </p>
   </div>
   <div class='ocr_carea' id='block_1_40' title="bbox 313 4350 3562 4435">
    <p class='ocr_par' dir='ltr' id='par_1_40' title="bbox 313 4350 3562 4435">
     <span class='ocr_line' id='line_1_40' title="bbox 313 4350 3562 4435; baseline -0.001 -20"><span class='ocrx_word' id='word_1_421' title='bbox 313 4373 465 4416; x_wconf 89' lang='lat' dir='ltr'>nere</span> <span class='ocrx_word' id='word_1_422' title='bbox 531 4354 861 4428; x_wconf 64' lang='lat' dir='ltr'>saviliam,</span> <span class='ocrx_word' id='word_1_423' title='bbox 939 4373 1321 4435; x_wconf 88' lang='lat' dir='ltr'>magnopere</span> <span class='ocrx_word' id='word_1_424' title='bbox 1394 4354 1473 4414; x_wconf 90' lang='lat' dir='ltr'>ad</span> <span class='ocrx_word' id='word_1_425' title='bbox 1550 4373 1616 4416; x_wconf 90' lang='lat' dir='ltr'>se</span> <span class='ocrx_word' id='word_1_426' title='bbox 1676 4353 1992 4416; x_wconf 89' lang='lat' dir='ltr'>accersitis</span> <span class='ocrx_word' id='word_1_427' title='bbox 2066 4353 2522 4414; x_wconf 91' lang='lat' dir='ltr'>venerabilium</span> <span class='ocrx_word' id='word_1_428' title='bbox 2597 4350 3126 4413; x_wconf 85' lang='lat' dir='ltr'>monasteriorum</span> <span class='ocrx_word' id='word_1_429' title='bbox 3200 4355 3562 4412; x_wconf 87' lang='lat' dir='ltr'>sanctarum</span> 
     </span>
    </p>
   </div>
   <div class='ocr_carea' id='block_1_41' title="bbox 312 4457 3558 4541">
    <p class='ocr_par' dir='ltr' id='par_1_41' title="bbox 312 4457 3558 4541">
     <span class='ocr_line' id='line_1_41' title="bbox 312 4457 3558 4541; baseline -0.002 -17"><span class='ocrx_word' id='word_1_430' title='bbox 312 4461 624 4524; x_wconf 82' lang='lat' dir='ltr'>Vincentii</span> <span class='ocrx_word' id='word_1_431' title='bbox 699 4467 760 4523; x_wconf 88' lang='lat' dir='ltr'>et</span> <span class='ocrx_word' id='word_1_432' title='bbox 834 4461 1156 4524; x_wconf 92' lang='lat' dir='ltr'>Benedicti</span> <span class='ocrx_word' id='word_1_433' title='bbox 1235 4461 1542 4541; x_wconf 89' lang='lat' dir='ltr'>religiosis</span> <span class='ocrx_word' id='word_1_434' title='bbox 1599 4460 1955 4535; x_wconf 90' lang='lat' dir='ltr'>abbatibus,</span> <span class='ocrx_word' id='word_1_435' title='bbox 2036 4479 2151 4522; x_wconf 90' lang='lat' dir='ltr'>sua</span> <span class='ocrx_word' id='word_1_436' title='bbox 2222 4460 2355 4522; x_wconf 93' lang='lat' dir='ltr'>vice</span> <span class='ocrx_word' id='word_1_437' title='bbox 2430 4460 2634 4522; x_wconf 90' lang='lat' dir='ltr'>eidem</span> <span class='ocrx_word' id='word_1_438' title='bbox 2691 4457 3123 4520; x_wconf 88' lang='lat' dir='ltr'>crudelissimo</span> <span class='ocrx_word' id='word_1_439' title='bbox 3183 4457 3350 4518; x_wconf 92' lang='lat' dir='ltr'>misit</span> <span class='ocrx_word' id='word_1_440' title='bbox 3406 4458 3558 4537; x_wconf 90' lang='lat' dir='ltr'>regi,</span> 
     </span>
    </p>
   </div>
   <div class='ocr_carea' id='block_1_42' title="bbox 314 4565 3562 4648">
    <p class='ocr_par' dir='ltr' id='par_1_42' title="bbox 314 4565 3562 4648">
     <span class='ocr_line' id='line_1_42' title="bbox 314 4565 3562 4648; baseline -0.001 -18"><span class='ocrx_word' id='word_1_441' title='bbox 314 4569 545 4630; x_wconf 86' lang='lat' dir='ltr'>obnixe</span> <span class='ocrx_word' id='word_1_442' title='bbox 600 4587 714 4647; x_wconf 88' lang='lat' dir='ltr'>per</span> <span class='ocrx_word' id='word_1_443' title='bbox 769 4588 878 4630; x_wconf 91' lang='lat' dir='ltr'>eos</span> <span class='ocrx_word' id='word_1_444' title='bbox 935 4568 1262 4648; x_wconf 91' lang='lat' dir='ltr'>postulans</span> <span class='ocrx_word' id='word_1_445' title='bbox 1318 4568 1488 4647; x_wconf 85' lang='lat' dir='ltr'>pacis</span> <span class='ocrx_word' id='word_1_446' title='bbox 1544 4568 1807 4640; x_wconf 73' lang='lat' dir='ltr'>foedera,</span> <span class='ocrx_word' id='word_1_447' title='bbox 1867 4574 1930 4628; x_wconf 90' lang='lat' dir='ltr'>et</span> <span class='ocrx_word' id='word_1_448' title='bbox 1996 4568 2270 4648; x_wconf 85' lang='lat' dir='ltr'>quietem</span> <span class='ocrx_word' id='word_1_449' title='bbox 2331 4573 2740 4646; x_wconf 90' lang='lat' dir='ltr'>utrarumque</span> <span class='ocrx_word' id='word_1_450' title='bbox 2813 4565 3089 4645; x_wconf 90' lang='lat' dir='ltr'>partium</span> <span class='ocrx_word' id='word_1_451' title='bbox 3157 4565 3374 4644; x_wconf 91' lang='lat' dir='ltr'>populi</span> <span class='ocrx_word' id='word_1_452' title='bbox 3449 4565 3562 4626; x_wconf 90' lang='lat' dir='ltr'>Dei</span> 
     </span>
    </p>
   </div>
   <div class='ocr_carea' id='block_1_43' title="bbox 236 4671 3562 4756">
    <p class='ocr_par' dir='ltr' id='par_1_43' title="bbox 236 4671 3562 4756">
     <span class='ocr_line' id='line_1_43' title="bbox 236 4671 3562 4756; baseline -0 -22"><span class='ocrx_word' id='word_1_453' title='bbox 236 4676 272 4734; x_wconf 84' lang='lat'><strong>5</strong></span> <span class='ocrx_word' id='word_1_454' title='bbox 313 4675 595 4738; x_wconf 83' lang='lat' dir='ltr'>oblinere</span> <span class='ocrx_word' id='word_1_455' title='bbox 653 4675 1173 4736; x_wconf 82' lang='lat' dir='ltr'>confirmandam.</span> <span class='ocrx_word' id='word_1_456' title='bbox 1233 4676 1400 4748; x_wconf 88' lang='lat' dir='ltr'>Quas</span> <span class='ocrx_word' id='word_1_457' title='bbox 1458 4693 1682 4755; x_wconf 90' lang='lat' dir='ltr'>nempe</span> <span class='ocrx_word' id='word_1_458' title='bbox 1739 4675 2108 4756; x_wconf 81' lang='lat' dir='ltr'>suséipiens,</span> <span class='ocrx_word' id='word_1_459' title='bbox 2168 4679 2230 4736; x_wconf 90' lang='lat' dir='ltr'>et</span> <span class='ocrx_word' id='word_1_460' title='bbox 2277 4675 2535 4736; x_wconf 91' lang='lat' dir='ltr'>omnino</span> <span class='ocrx_word' id='word_1_461' title='bbox 2587 4671 2979 4753; x_wconf 91' lang='lat' dir='ltr'>contemptui</span> <span class='ocrx_word' id='word_1_462' title='bbox 3027 4671 3292 4744; x_wconf 89' lang='lat' dir='ltr'>habens,</span> <span class='ocrx_word' id='word_1_463' title='bbox 3327 4672 3562 4751; x_wconf 87' lang='lat' dir='ltr'>sprevit</span> 
     </span>
    </p>
   </div>
   <div class='ocr_carea' id='block_1_44' title="bbox 312 4778 3560 4862">
    <p class='ocr_par' dir='ltr' id='par_1_44' title="bbox 312 4778 3560 4862">
     <span class='ocr_line' id='line_1_44' title="bbox 312 4778 3560 4862; baseline -0.001 -20"><span class='ocrx_word' id='word_1_464' title='bbox 312 4800 530 4844; x_wconf 89' lang='lat' dir='ltr'>eorum</span> <span class='ocrx_word' id='word_1_465' title='bbox 593 4780 838 4843; x_wconf 89' lang='lat' dir='ltr'>monita</span> <span class='ocrx_word' id='word_1_466' title='bbox 893 4781 972 4862; x_wconf 81' lang='lat' dir='ltr'>(j)</span> <span class='ocrx_word' id='word_1_467' title='bbox 1035 4787 1098 4843; x_wconf 92' lang='lat' dir='ltr'>et</span> <span class='ocrx_word' id='word_1_468' title='bbox 1152 4781 1229 4842; x_wconf 93' lang='lat' dir='ltr'>ad</span> <span class='ocrx_word' id='word_1_469' title='bbox 1307 4801 1435 4843; x_wconf 69' lang='lat' dir='ltr'>sua:</span> <span class='ocrx_word' id='word_1_470' title='bbox 1513 4782 1750 4842; x_wconf 66' lang='lat' dir='ltr'>animas</span> <span class='ocrx_word' id='word_1_471' title='bbox 1829 4782 2279 4843; x_wconf 90' lang='lat' dir='ltr'>detrimentum</span> <span class='ocrx_word' id='word_1_472' title='bbox 2336 4783 2468 4842; x_wconf 90' lang='lat' dir='ltr'>sine</span> <span class='ocrx_word' id='word_1_473' title='bbox 2539 4783 2765 4843; x_wconf 77' lang='lat' dir='ltr'>effectu</span> <span class='ocrx_word' id='word_1_474' title='bbox 2845 4797 3049 4840; x_wconf 74' lang='lat' dir='ltr'>causae</span> <span class='ocrx_word' id='word_1_475' title='bbox 3126 4779 3423 4840; x_wconf 90' lang='lat' dir='ltr'>confusos</span> <span class='ocrx_word' id='word_1_476' title='bbox 3479 4778 3560 4838; x_wconf 92' lang='lat' dir='ltr'>ad</span> 
     </span>
    </p>
   </div>
   <div class='ocr_carea' id='block_1_45' title="bbox 311 4884 3554 4969">
    <p class='ocr_par' dir='ltr' id='par_1_45' title="bbox 311 4884 3554 4969">
     <span class='ocr_line' id='line_1_45' title="bbox 311 4884 3554 4969; baseline -0.002 -21"><span class='ocrx_word' id='word_1_477' title='bbox 311 4889 572 4969; x_wconf 88' lang='lat' dir='ltr'>propria</span> <span class='ocrx_word' id='word_1_478' title='bbox 630 4887 900 4950; x_wconf 89' lang='lat' dir='ltr'>absolvit</span> <span class='ocrx_word' id='word_1_479' title='bbox 960 4889 1360 4960; x_wconf 90' lang='lat' dir='ltr'>monasteria,</span> <span class='ocrx_word' id='word_1_480' title='bbox 1427 4889 1751 4951; x_wconf 89' lang='lat' dir='ltr'>obtestans</span> <span class='ocrx_word' id='word_1_481' title='bbox 1807 4907 1914 4951; x_wconf 91' lang='lat' dir='ltr'>eos</span> <span class='ocrx_word' id='word_1_482' title='bbox 1974 4889 2228 4950; x_wconf 92' lang='lat' dir='ltr'>minime</span> <span class='ocrx_word' id='word_1_483' title='bbox 2287 4889 2367 4950; x_wconf 91' lang='lat' dir='ltr'>ad</span> <span class='ocrx_word' id='word_1_484' title='bbox 2423 4887 2886 4949; x_wconf 89' lang='lat' dir='ltr'>sanctissimum</span> <span class='ocrx_word' id='word_1_485' title='bbox 2937 4904 3167 4966; x_wconf 91' lang='lat' dir='ltr'>papam</span> <span class='ocrx_word' id='word_1_486' title='bbox 3216 4884 3554 4945; x_wconf 89' lang='lat' dir='ltr'>declinare.</span> 
     </span>
    </p>
   </div>
   <div class='ocr_carea' id='block_1_46' title="bbox 313 4991 3559 5076">
    <p class='ocr_par' dir='ltr' id='par_1_46' title="bbox 313 4991 3559 5076">
     <span class='ocr_line' id='line_1_46' title="bbox 313 4991 3559 5076; baseline -0.002 -21"><span class='ocrx_word' id='word_1_487' title='bbox 313 4995 490 5067; x_wconf 87' lang='lat' dir='ltr'>Quod</span> <span class='ocrx_word' id='word_1_488' title='bbox 551 4995 816 5056; x_wconf 90' lang='lat' dir='ltr'>audiens</span> <span class='ocrx_word' id='word_1_489' title='bbox 872 4995 1006 5076; x_wconf 90' lang='lat' dir='ltr'>ipse</span> <span class='ocrx_word' id='word_1_490' title='bbox 1060 4995 1415 5076; x_wconf 63' lang='lat' dir='ltr'>praecipuus</span> <span class='ocrx_word' id='word_1_491' title='bbox 1471 4999 1660 5058; x_wconf 89' lang='lat' dir='ltr'>Pater</span> <span class='ocrx_word' id='word_1_492' title='bbox 1714 4996 2030 5075; x_wconf 84' lang='lat' dir='ltr'>extemplo</span> <span class='ocrx_word' id='word_1_493' title='bbox 2090 4995 2294 5076; x_wconf 85' lang='lat' dir='ltr'>(juxta</span> <span class='ocrx_word' id='word_1_494' title='bbox 2350 5000 2418 5055; x_wconf 91' lang='lat' dir='ltr'>ut</span> <span class='ocrx_word' id='word_1_495' title='bbox 2473 4994 2696 5054; x_wconf 91' lang='lat' dir='ltr'>crebro</span> <span class='ocrx_word' id='word_1_496' title='bbox 2771 4992 3205 5071; x_wconf 88' lang='lat' dir='ltr'>consueverat)</span> <span class='ocrx_word' id='word_1_497' title='bbox 3262 4991 3559 5071; x_wconf 89' lang='lat' dir='ltr'>omnipo-</span> 
     </span>
    </p>
   </div>
   <div class='ocr_carea' id='block_1_47' title="bbox 1330 5291 2374 5342">
    <p class='ocr_par' dir='ltr' id='par_1_47' title="bbox 1330 5291 2374 5342">
     <span class='ocr_line' id='line_1_47' title="bbox 1330 5291 2374 5342; baseline -0.005 0"><span class='ocrx_word' id='word_1_498' title='bbox 1330 5295 1588 5342; x_wconf 70' lang='lat' dir='ltr'>NOTULE</span> <span class='ocrx_word' id='word_1_499' title='bbox 1631 5294 2008 5340; x_wconf 77' lang='lat' dir='ltr'>NARGINALES</span> <span class='ocrx_word' id='word_1_500' title='bbox 2053 5291 2374 5340; x_wconf 77' lang='lat' dir='ltr'>FABROTTI.</span> 
     </span>
    </p>
   </div>
   <div class='ocr_carea' id='block_1_48' title="bbox 221 5535 3556 5624">
    <p class='ocr_par' dir='ltr' id='par_1_48' title="bbox 221 5535 3556 5624">
     <span class='ocr_line' id='line_1_48' title="bbox 221 5535 3556 5624; baseline -0.001 -27"><span class='ocrx_word' id='word_1_501' title='bbox 221 5541 728 5624; x_wconf 31' lang='lat' dir='ltr'>(a)_‘conservabat.</span> <span class='ocrx_word' id='word_1_502' title='bbox 788 5544 866 5624; x_wconf 49' lang='lat' dir='ltr'>(li)</span> <span class='ocrx_word' id='word_1_503' title='bbox 897 5545 1076 5624; x_wconf 56' lang='lat' dir='ltr'>Berol:</span> <span class='ocrx_word' id='word_1_504' title='bbox 1123 5544 1966 5624; x_wconf 49' lang='lat' dir='ltr'>elemosynisusgilicet,ﬂuam</span> <span class='ocrx_word' id='word_1_505' title='bbox 2013 5539 2642 5624; x_wconf 42' lang='lat' dir='ltr'>oorporalrprws‘enlia.</span> <span class='ocrx_word' id='word_1_506' title='bbox 2705 5541 2790 5624; x_wconf 53' lang='grc' dir='ltr'>(ελ</span> <span class='ocrx_word' id='word_1_507' title='bbox 2811 5535 3216 5624; x_wconf 41' lang='grc' dir='ltr'>Β,νξ)1ειίαι·ἱετ.“</span> <span class='ocrx_word' id='word_1_508' title='bbox 3235 5535 3309 5624; x_wconf 58' lang='grc' dir='ltr'>(εἰ)</span> <span class='ocrx_word' id='word_1_509' title='bbox 3343 5541 3412 5624; x_wconf 64' lang='lat' dir='ltr'>ut</span> <span class='ocrx_word' id='word_1_510' title='bbox 3458 5554 3556 5611; x_wconf 90' lang='lat' dir='ltr'>pe-</span> 
     </span>
    </p>
   </div>
   <div class='ocr_carea' id='block_1_49' title="bbox 153 5607 3554 5754">
    <p class='ocr_par' dir='ltr' id='par_1_49' title="bbox 153 5607 3554 5754">
     <span class='ocr_line' id='line_1_49' title="bbox 153 5607 3554 5754; baseline -0.001 -87"><span class='ocrx_word' id='word_1_511' title='bbox 153 5607 406 5754; x_wconf 46' lang='lat' dir='ltr'>agnniter</span> <span class='ocrx_word' id='word_1_512' title='bbox 435 5607 863 5686; x_wconf 43' lang='lat' dir='ltr'>permanerent:</span> <span class='ocrx_word' id='word_1_513' title='bbox 922 5619 992 5684; x_wconf 78' lang='grc' dir='ltr'>(θ)</span> <span class='ocrx_word' id='word_1_514' title='bbox 1022 5617 1222 5671; x_wconf 85' lang='lat' dir='ltr'>Baron.</span> <span class='ocrx_word' id='word_1_515' title='bbox 1278 5607 1410 5670; x_wconf 69' lang='grc' dir='ltr'>αηῖι.</span> <span class='ocrx_word' id='word_1_516' title='bbox 1468 5617 1594 5671; x_wconf 83' lang='grc'>752.</span> <span class='ocrx_word' id='word_1_517' title='bbox 1656 5607 1825 5687; x_wconf 64' lang='lat' dir='ltr'>(DD;</span> <span class='ocrx_word' id='word_1_518' title='bbox 1855 5607 2176 5684; x_wconf 81' lang='lat' dir='ltr'>Aistulplio.</span> <span class='ocrx_word' id='word_1_519' title='bbox 2245 5607 2406 5682; x_wconf 46' lang='lat' dir='ltr'>(g)‘et</span> <span class='ocrx_word' id='word_1_520' title='bbox 2436 5609 2654 5680; x_wconf 88' lang='lat' dir='ltr'>plures.</span> <span class='ocrx_word' id='word_1_521' title='bbox 2718 5613 2796 5681; x_wconf 92' lang='lat' dir='ltr'>(h)</span> <span class='ocrx_word' id='word_1_522' title='bbox 2826 5609 3095 5680; x_wconf 86' lang='lat' dir='ltr'>adjicere.</span> <span class='ocrx_word' id='word_1_523' title='bbox 3156 5607 3220 5678; x_wconf 83' lang='grc' dir='ltr'>(ἰ)</span> <span class='ocrx_word' id='word_1_524' title='bbox 3253 5612 3272 5631; x_wconf 86' lang='grc'><strong>·</strong></span> <span class='ocrx_word' id='word_1_525' title='bbox 3304 5607 3554 5665; x_wconf 77' lang='lat' dir='ltr'>auferre.</span> 
     </span>
     <span class='ocr_line' id='line_1_50' title="bbox 284 5701 550 5742; baseline -0.004 -1"><span class='ocrx_word' id='word_1_526' title='bbox 284 5701 550 5742; x_wconf 89' lang='lat' dir='ltr'>munera.</span> 
     </span>
    </p>
   </div>
  </div>
