3922 6206
343 188 498 280 m7
1508 228 1917 293 ANASTASII
1956 228 2581 294 BlBLIOTHEGARII
2792 284 2793 287 χ
3606 224 3777 288 1088

505 356 663 419 lenti
718 358 986 423 Domino
1045 362 1173 424 Deo
1231 365 1446 425 nostro
1520 382 1698 426 suam
1774 365 2121 447 populique
2178 364 2299 428 sibi
2373 365 2695 428 commissi
2768 362 3223 428 commendans
3292 362 3570 429 contulit
3627 381 3780 424 cau-

385 466 463 524 10
502 484 662 540 sam,
718 470 779 527 et
838 468 1003 529 hanc
1060 469 1392 549 lugubrem
1451 470 1587 551 ejus
1643 472 1870 534 divina
1929 472 2246 553 majestati
2303 474 2647 536 insinuavit
2700 472 3243 535 lamentationem.

588 582 751 637 282
812 576 891 637 Et
944 576 1095 637 dum
1153 577 1289 639 hac
1345 585 1686 657 agerentur
1739 580 2070 659 conjunxit
2121 580 2205 661 (a)
2268 584 2530 642 Romam
2603 581 2883 642 Joannes
2941 578 3294 660 imperialis
3351 577 3772 652 silentiarius,

505 681 791 742 deferens
845 682 1044 743 eidem
1106 684 1499 747 sanctissimo
1559 686 1845 765 pontiﬁci
1900 688 2138 766 regiam
2199 685 2571 762 iussionem,
2648 687 2964 766 simulque
3033 690 3096 747 et
3146 685 3335 747 aliam
3395 686 3477 748 ad
3534 704 3779 748 nomen

508 788 795 869 pradicti
867 790 1030 868 regis
1101 791 1281 871 impii
1350 791 1576 854 detulit
1650 793 2118 855 adhortationis
2193 813 2510 857 annexam
2586 793 2959 874 iussionem,
3018 797 3089 853 ut
3163 792 3552 872 Reipublica
3629 793 3778 854 loca

508 895 821 956 diabolico
879 896 959 956 ab
1014 916 1088 959 eo
1147 904 1449 978 usurpata
1505 899 1782 978 ingenio,
1840 900 2097 981 proprio
2174 902 2535 963 restitueret
2603 901 2886 963 domino.
2947 901 3143 973 Quem
3224 898 3517 960 videlicet
3574 900 3781 981 impe-

428 1006 465 1064 5
526 1002 745 1065 rialem
808 1002 1066 1065 missum
1124 1005 1451 1067 confestim
1485 1008 1821 1087 sapefatus
1875 1008 2303 1070 sanctissimus
2359 1028 2527 1089 papa
2584 1027 2727 1070 cum
2759 1027 2874 1070 suo
2906 1025 3211 1087 germano
3245 1006 3548 1088 pradicto
3594 1025 3778 1068 sane:

510 1108 752 1171 tissime
809 1110 1006 1172 Paulo
1061 1112 1337 1174 Diacono
1396 1114 1476 1174 ad
1531 1115 1821 1175 eumdem
1882 1115 2053 1176 misit
2125 1116 2580 1197 nequissimum
2656 1112 2995 1177 AiStquum
3066 1116 3456 1176 Ravennam.
3528 1113 3791 1186 Quibus,

509 1216 816 1298 susceptis
874 1237 1016 1279 cum
1070 1219 1242 1281 inani
1300 1239 1405 1281 eos
1465 1220 1735 1285 absolvit
1793 1241 2113 1303 responso,
2175 1222 2508 1285 adharens
2565 1218 2652 1304 (ὁ)
2697 1221 2898 1285 eidem
2953 1220 3269 1302 imperiali
3318 1220 3505 1282 misso
3554 1239 3779 1301 quem-

508 1320 654 1383 dam
709 1324 981 1405 propria
1038 1326 1245 1407 gentis
1301 1327 1613 1389 nefarium
1672 1328 1875 1390 virum
1934 1327 2262 1390 diabolicis
2323 1329 2639 1390 imbutum
2720 1328 2997 1391 consiliis
3072 1328 3153 1389 ad
3221 1327 3460 1407 regiam
3536 1345 3776 1408 prope—

512 1430 780 1491 randum
837 1430 911 1513 (ς)
971 1432 1215 1503 urbem,
1272 1434 1630 1515 reversique
1688 1435 1879 1515 legati
1936 1438 2200 1497 Romam
2259 1455 2333 1497 ac
2391 1432 2754 1517 praesentati
2819 1435 3021 1499 eidem
3091 1434 3527 1495 sanctissimo"
3561 1452 3775 1514 papa,

396 1536 473 1595 l0
517 1545 981 1600 enarraverunt
1037 1539 1093 1602 ci
1151 1540 1309 1602 nihil
1365 1561 1429 1602 se
1502 1542 1723 1620 egisse.
1780 1544 1958 1603 Tunc
2026 1543 2330 1623 pral'atus
2407 1542 2838 1604 sanctis‘simus
2895 1542 3013 1617 vir,
3073 1542 3290 1621 agnito
3351 1540 3616 1619 maligni
3673 1559 3777 1601 re-

514 1642 610 1723 gis
666 1645 954 1719 consilio,
1017 1647 1183 1708 misit
1241 1648 1303 1708 in
1368 1648 1603 1727 regiam
1657 1650 1876 1711 urbem
1937 1668 2081 1711 suos
2140 1650 2362 1711 missos
2419 1656 2479 1711 et
2532 1650 2913 1731 apostolicos
2970 1649 3198 1709 atl‘atus
3250 1666 3390 1709 cum
3451 1647 3775 1728 imperiali

513 1752 777 1830 prafato
838 1753 1045 1827 misso,
1108 1754 1454 1835 deprecans
1511 1756 1905 1837 imp'erialem
1964 1757 2361 1818 clementiam
2417 1762 2486 1818 ut
2534 1756 2721 1835 juxta
2777 1755 2947 1836 quod
3005 1756 3063 1816 ei
3118 1753 3349 1835 sapius
3404 1754 3769 1834 scripserat,

513 1876 653 1918 cum
715 1861 988 1921 exercitu
1049 1862 1127 1922 ad
1187 1862 1453 1924 tuendas
1510 1863 1625 1924 has
1678 1862 1874 1925 Italia
1932 1868 2147 1944 partes
2204 1863 2406 1925 modis
2463 1863 2758 1925 omnibus
2813 1862 3159 1936 adveniret,
3220 1868 3284 1923 et
3336 1861 3416 1922 de
3472 1860 3776 1941 iniquita-

512 1964 594 2026 t’is
670 1964 782 2027 ﬁlii
855 1967 1168 2029 morsibus
1241 1972 1590 2031 Romanam
1670 1970 1837 2031 hanc
1891 1971 2113 2032 urbem
2168 1972 2265 2031 vel
2308 1976 2600 2032 cunctam
2664 1962 2910 2031 Itallam
2979 1967 3373 2050 provinciam
3440 1966 3770 2029 liberaret.

596 2106 761 2160 ιιι
821 2101 994 2162 Inter
1034 2101 1185 2175 ,bac
1244 2122 1394 2166 vero
1453 2124 1832 2185 permanens
1886 2104 1952 2165 in
2018 2123 2133 2165 sua
2198 2104 2474 2184 pernicie
2536 2102 2620 2184 (d)
2678 2103 2980 2185 praefatus
3035 2102 3463 2163 atrocissimus
3518 2103 3775 2179 Longo-

515 2203 858 2267 bardorum
918 2226 1059 2282 rex,
1119 2209 1352 2272 exarsit
1427 2212 1639 2274 furore
1702 2210 2085 2286 vehementi,
2144 2216 2207 2272 et
2282 2211 2555 2272 fremens
2630 2215 2700 2270 ut
2773 2210 2895 2285 lco,
2962 2207 3289 2290 pestiferas
3363 2208 3573 2269 minas
3646 2208 3775 2267 Ro-

518 2311 722 2371 manis
795 2312 1067 2394 dirigere
1145 2336 1270 2377 non
1355 2316 1706 2392 desinebat,
1784 2336 2068 2379 asserens
2139 2336 2362 2378 omnes
2422 2336 2552 2379 uno
2620 2316 2835 2396 gladio
2907 2314 3212 2396 jugulari,
3290 2312 3410 2375 nisi
3484 2332 3639 2388 sua,
3706 2320 3778 2374 ut

518 2419 853 2497 prafatum
923 2426 1038 2495 est,
1122 2442 1256 2485 sese
1332 2424 1673 2485 subderent
1747 2424 1995 2486 ditiani.
2056 2427 2456 2505 Rursumque
2515 2423 2588 2505 (θ)
2658 2424 2974 2486 antefatUs
3052 2419 3482 2483 sanctissimus
3553 2422 3768 2495 Pater,

326 2520 351 2603 (
438 2526 476 2583 5
518 2518 904 2605 congregato
962 2529 1254 2593 universo
1316 2535 1603 2594 Romano
1655 2536 1846 2605 catu,
1904 2531 2116 2593 taliter
2169 2548 2276 2593 eos
2332 2537 2598 2611 paterno
2672 2547 2885 2591 amore
2963 2524 3315 2601 admonuit,
3393 2528 3690 2608 inquiens
3747 2544 3766 2587 :

520 2635 744 2706 Onaso
801 2652 931 2708 vos,
995 2637 1109 2699 filii
1163 2636 1535 2712 charissimi,
1597 2657 1713 2719 pro
1761 2644 2118 2700 nostrorum
2173 2638 2545 2700 delictorum
2604 2637 2770 2699 mole
2846 2636 3099 2699 Domini
3164 2634 3583 2715 imploremus
3637 2636 3765 2696 cle-

522 2741 846 2818 mentiam,
900 2749 963 2805 et
1018 2745 1154 2826 ipse
1208 2752 1422 2808 noster
1475 2746 1593 2808 erit
1651 2746 1923 2825 adjutor,
1986 2742 2406 2825 liberabitque
2466 2762 2580 2806 nos
2635 2760 2750 2805 sua
2796 2740 3357 2824 ‘providentissima
3411 2742 3769 2802 misericor-

520 2847 625 2908 dia
703 2866 741 2910 a
823 2851 1334 2930 persequentium
1417 2853 1710 2914 manibus
1771 2870 1785 2913 :
1846 2851 2027 2932 cujus
2098 2852 2437 2914 salutiferis
2507 2850 3047 2913 admonitionibus
3123 2854 3388 2911 cunctus
3462 2848 3771 2911 obediens

521 2954 794 3035 pepulus
851 2960 1217 3038 congregati
1280 2959 1666 3021 unanimiter
1738 2978 1957 3021 omnes
2029 2959 2324 3040 lacrymis
2397 2959 2550 3020 fusis
2617 2958 3118 3037 omnipotentem
3184 2955 3539 3016 'Dominum
3617 2954 3769 3015 nos-

406 3062 482 3122 l0
526 3047 693 3123 trum
751 3048 1070 3145 deprecati
1123 3070 1292 3127 sunt.
1353 3067 1422 3127 In
1480 3085 1608 3127 una
1666 3084 1815 3128 vero
1858 3066 2103 3127 dierum
2179 3083 2320 3127 cum
2380 3065 2581 3126 multa
2654 3062 3014 3125 humilitate
3085 3058 3350 3123 sollicite
3422 3061 3772 3142 procedens

524 3170 589 3230 in
647 3170 880 3232 letania
934 3190 1077 3233 cum
1148 3174 1571 3235 sacratissimo
1643 3172 1920 3254 imagine
1973 3173 2226 3234 Domini
2283 3172 2395 3234 Dei
2477 3177 2541 3234 et
2613 3171 2962 3233 Salvatoris
3034 3168 3237 3230 nostri
3293 3168 3443 3231 Jeau
3514 3167 3769 3241 Christi,

523 3296 666 3358 qua
721 3278 1159 3360 anthempsita
1208 3278 1298 3362 (ί)
1354 3285 1781 3361 nuncupatur,
1841 3280 2155 3361 simulque
2210 3282 2274 3341 et
2328 3290 2471 3341 cum
2531 3296 2608 3340 ea
2679 3277 2807 3340 alia
2874 3270 3123 3339 diversa
3186 3290 3370 3337 sacra
3425 3275 3775 3337 ministeria

524 3368 836 3465 recipiens
867 3383 947 3466 (g)
1009 3388 1393 3468 proprioque
1447 3387 1716 3448 humero
1788 3387 1990 3467 ipsam
2065 3390 2348 3448 sanctam
2424 3385 2766 3464 imaginem
2826 3402 2967 3446 cum
3028 3382 3286 3464 reliquis
3343 3382 3776 3444 sacerdotibus

525 3491 692 3552 idem
768 3491 1197 3553 sanctissimus
1280 3512 1450 3573 papa
1533 3498 1808 3572 gestans,
1886 3494 2197 3574 nudisque
2272 3491 2561 3573 pedibus,
2643 3498 2771 3553 tam
2849 3491 2984 3572 ipse
3069 3487 3391 3571 quamque
3486 3488 3775 3551 universa

407 3599 482 3657 15
525 3597 722 3677 plebs,
782 3596 1147 3660 incedentes
1204 3599 1266 3660 in
1327 3600 1653 3662 ecclesiam
1735 3606 1970 3661 sancta
2041 3600 2154 3661 Dei
2229 3599 2581 3673 Genitricis,
2641 3617 2782 3679 qua
2859 3598 2942 3659 ad
2998 3599 3286 3676 Prasepe
3344 3604 3767 3675 nuncupatur,

528 3702 733 3783 posito
780 3704 854 3764 in
913 3705 1194 3765 omnium
1275 3705 1589 3785 capitibus
1663 3706 2041 3786 populorum
2117 3706 2349 3780 cinere,
2409 3724 2550 3765 cum
2627 3704 2906 3766 maximo
2978 3703 3226 3764 ululatu
3284 3700 3370 3784 (Iz)
3416 3708 3769 3782 pergentes,

527 3811 1181 3873 misericordissimum
1255 3812 1596 3874 Dominum
1680 3818 1969 3873 nostrum
2044 3811 2363 3892 deprecati
2437 3816 2606 3884 sunt,
2685 3811 2957 3891 alligans
3038 3815 3546 3888 connectensque
3619 3808 3774 3869 ado-

524 3900 742 3979 randa
825 3919 996 3981 cruci
1054 3919 1191 3981 'Dei
1276 3919 1476 3980 nostri
1562 3923 1817 3999 pactum
1902 3919 2059 3980 illud
2143 3919 2313 3999 quod
2410 3918 2722 3979 nefandus
2782 3928 2915 3979 rex
2996 3912 3562 3996 Longobardorum
3644 3914 3773 3976 dis-

524 4024 718 4106 rupit.

608 4166 773 4221 "4
856 4159 969 4220 Hic
1044 4158 1443 4221 beatissimus
1525 4178 1695 4240 papa
1776 4176 1998 4221 omnes
2078 4177 2225 4220 suos
2308 4144 2683 4233 saCerdotes,
2755 4162 2819 4219 et
2878 4155 3136 4218 clerum
3218 4155 3285 4217 in
3370 4148 3783 4217 Lateranensi

507 4246 913 4347 ‘patriarchio
944 4266 1160 4329 sedule
1224 4272 1607 4347 ‘aggregans,
1669 4266 2058 4327 admonebat
2129 4254 2408 4326 divinam
2480 4265 2630 4326 totis
2704 4256 2944 4325 nisibus
3016 4262 3288 4324 scrutari
3350 4261 3774 4342 Seripturam,

528 4379 591 4434 et
647 4372 711 4433 in
769 4373 1037 4436 lectione
1095 4391 1319 4435 vacare
1368 4372 1706 4453 spirituali,
1756 4378 1825 4433 ut
1880 4360 2165 4433 efficaces
2221 4371 2655 4433 invenirentur
2707 4371 2773 4433 in
2833 4369 3009 4433 omni
3075 4384 3378 4450 responso
3450 4372 3513 4430 et
3572 4386 3781 4429 asser-

532 4479 704 4541 tione
778 4466 1283 4542 adverSariorum
1359 4478 1651 4541 Ecclesia
1733 4478 1866 4540 Dei.
1952 4480 2077 4540 Nec
2152 4474 2320 4539 enim
2380 4477 2668 4539 cessabat
2740 4472 3178 4539 indesinenter
3242 4473 3644 4537 admonendo
3718 4479 3778 4534 et

449 4588 486 4645 5
529 4586 918 4647 confutando
975 4592 1272 4648 cunctum
1330 4584 1443 4644 Dei
1498 4586 1807 4666 pppulum
1860 4582 2065 4647 sobrie
2121 4584 2350 4666 pieque
2405 4603 2613 4664 agere,
2676 4592 2870 4665 atque
2924 4584 3005 4646 ab
3058 4583 3234 4645 omni
3292 4581 3604 4662 pravitate
3643 4599 3777 4642 sese

531 4691 869 4755 Custodire.
929 4691 1044 4753 Hic
1098 4689 1500 4752 beatissimus
1556 4692 1652 4753 vir
1709 4711 1823 4773 pro
1880 4692 2084 4753 salute
2133 4691 2475 4772 provincia
2531 4697 2597 4753 et
2663 4691 2947 4754 omnium
3029 4690 3531 4753 Christianorum
3605 4688 3779 4748 omni

533 4800 959 4861 Sabbator‘um
1043 4797 1145 4858 die
1226 4797 1545 4873 letaniam,
1610 4799 1784 4859 omni
1867 4799 2218 4880 postposito
2296 4798 2608 4879 neglectu,
2687 4798 2824 4860 ﬁeri
2899 4797 3144 4859 statuit.
3222 4800 3435 4859 Unum
3518 4794 3778 4876 quidem

504 4905 880 4967 ‘Sabbatum
941 4903 1021 4964 ad
1079 4890 1360 4964 sanctam
1419 4905 1532 4966 Dei
1604 4906 1983 4967 Genitricem
2043 4906 2123 4967 ad
2177 4906 2491 4987 Praesepe,
2552 4905 2745 4967 alium
2821 4922 2970 4965 vero
3040 4903 3123 4965 ad
3186 4902 3444 4965 beatum
3525 4904 3778 4962 Petrum

533 5011 912 5092 apestolum,
975 5013 1037 5071 et
1086 5009 1281 5071 alium
1341 5011 1421 5072 ad
1469 5011 1725 5073 beatum
1780 5012 2048 5073 Paulum
2103 5012 2485 5093 apostolum.

616 5151 783 5204 ιιι
839 5141 913 5222 (ι’)
968 5142 1080 5205 Hic
1133 5143 1532 5206 beatissimus
1592 5163 1759 5226 papa
1815 5146 2189 5207 restauravit
2260 5145 2586 5208 basilicam
2661 5144 2863 5206 sancti
2936 5143 3275 5217 Laurentii,
3336 5161 3530 5223 super
3601 5160 3780 5203 sanc-

536 5256 668 5312 tum
728 5248 1112 5313 Clementem
1166 5251 1375 5327 sitam,
1436 5252 1693 5333 regione
1749 5252 1956 5330 tertia,
2025 5271 2166 5333 qua
2225 5271 2264 5314 a
2320 5252 2636 5315 diuturnis
2711 5250 3100 5332 temporibus
3175 5249 3389 5311 diruta
3458 5249 3777 5310 manebat.

538 5357 929 5419 Restauravit
980 5363 1044 5421 et
1096 5364 1393 5438 tegumen
1450 5358 1797 5421 camelerii
1850 5364 2085 5420 sancta
2139 5359 2444 5437 Sotheris,
2503 5358 2677 5439 quod
2722 5357 3053 5420 ceciderat.
3111 5358 3331 5437 Itaque
3379 5355 3536 5417 dum
3587 5354 3780 5417 isdem

1558 5544 1807 5592 NOTULE
1844 5543 2249 5591 “RGINALBS'
2269 5544 2592 5591 FABROTTI.

446 5679 521 5765 (ιζ)
551 5689 836 5765 convenit.
870 5692 1046 5765 ((9)73,
1078 5688 1276 5765 idest,
1308 5690 1656 5765 coniungens.
1689 5689 1760 5763 (ε)
1790 5689 2210 5765 profecturum.
2244 5690 2324 5763 (ἁ)
2352 5689 2630 5765 nequitia.
2666 5688 2735 5762 (ε)
2764 5688 3125 5759 Rursusque.
3158 5687 3225 5759 (Γ)
3251 5690 3398 5758 forte
3424 5685 3777 5759 acheropita.

373 5745 462 5818 (9i
482 5745 516 5781 “’
533 5758 811 5820 misteria.
842 5745 1020 5833 (λγΒ,
1032 5745 1104 5833 'ej
1112 5745 1297 5817 ulatu.
1316 5745 1629 5832 ίζιγΒαῖόηξ
1656 5745 1949 5818 αῆἡῖ753.
