3922 6206
168 259 329 322 1089
442 257 454 264 ’
879 256 1244 320 HISTORIA
1291 259 1393 320 DE
1435 259 1637 322 VITIS
1684 260 1875 322 ROM.
1925 261 2152 322 PONT.
2184 293 2264 307 —
2296 261 2758 326 STEPHANUS
2805 265 2879 324 ΙΙ.
3424 267 3580 329 1090

336 391 769 454 sanctissimus
853 392 949 451 vir
1024 391 1158 472 jam
1245 384 1440 452 fat'um
1529 394 1890 473 pestiferum
1974 393 2534 474 Longobardorum
2623 415 2833 475 regem
2933 397 3256 459 immensis
3341 401 3581 462 vicibus

250 503 289 562 5
335 499 831 562 innumerabilla
907 499 1186 559 tribuens
1261 518 1521 561 munera
1591 501 2036 580 deprecaretur
2114 521 2226 579 pro
2283 501 2577 580 gregibus
2639 502 2756 562 sibi
2815 523 2852 563 a
2906 506 3035 564 Deo
3093 507 3460 579 commissis,
3522 512 3584 568 et

336 609 602 690 perditis
659 608 880 668 ovibus
939 605 1044 690 (α),
1107 606 1343 667 scilicet
1408 626 1522 687 pro
1583 607 1872 668 universo
1947 608 2357 689 exercitulb)
2420 612 2757 683 Ilavenna,
2840 615 3027 690 atque
3105 619 3332 676 cuncto
3404 615 3583 678 istius

339 716 540 777 Italia
600 714 945 794 provmcia
1007 713 1268 793 papulo,
1327 732 1485 792 quos
1543 713 1856 774 diabolica
1902 714 2121 774 fraude
2175 715 2306 794 ipse
2353 715 2584 794 impius
2639 717 2969 796 deceperat
3032 737 3138 778 rex
3197 727 3258 780 et
3314 723 3587 800 posside-

339 823 491 898 bat;
552 828 615 884 et
665 822 815 883 dum
875 820 954 881 ab
1010 839 1082 881 eo
1144 819 1299 879 nihil
1355 821 1475 880 hac
1533 821 1609 881 de
1669 839 1735 881 re
1791 820 2128 895 obtineret,
2188 840 2449 882 cernens
2509 823 2854 903 prasertim
2913 823 2986 905 (ρ)
3039 831 3101 886 ct
3146 827 3226 887 ab
3276 828 3588 908 imperiali

340 909 630 1012 potentia
687 929 930 990 nullum
1004 945 1136 989 esse
1210 925 1624 988 subveniendi
1691 927 2017 1000 auxilium,
2083 933 2232 990 tunc
2307 929 2838 1008 quemadmodum
2920 933 3410 1011 pradecessores
3453 936 3587 1015 ejus

213 1038 295 1098 10
340 1037 544 1099 beata
602 1036 924 1097 memoria
982 1034 1251 1094 domnus
1309 1033 1670 1112 Gregorius,
1731 1039 1792 1094 et
1851 1034 2187 1113 Gregorius
2241 1035 2424 1110 alius,
2487 1041 2550 1096 et
2621 1035 2890 1098 domnus
2965 1038 3303 1102 Zacharias
3355 1041 3586 1105 beatis-

341 1145 483 1206 simi
532 1142 882 1224 pontitlces,
955 1140 1198 1213 Carolo,
1261 1140 1800 1201 excellentissima
1859 1141 2177 1202 memoria
2234 1142 2368 1220 regi
2450 1144 2860 1218 Francorum,
2917 1144 3301 1220 direxerunt,
3365 1157 3590 1228 peten-

341 1258 436 1312 tes
493 1251 610 1311 sibi
651 1247 968 1309 subveniri
1029 1253 1286 1327 propter
1329 1247 1768 1326 oppressiones
1826 1265 1902 1306 ac
1956 1247 2316 1308 invasiones
2361 1267 2519 1327 quas
2574 1255 2637 1309 et
2684 1249 2800 1330 ipsi
2855 1250 2918 1310 in
2978 1250 3096 1312 hac
3157 1255 3588 1317 Romanorum

342 1357 667 1438 provincia
719 1375 756 1416 a
816 1354 1090 1416 nefanda
1145 1352 1707 1431 Longobardorum
1755 1358 1941 1431 gente
1999 1354 2278 1434 perpessi
2336 1361 2530 1414 sunt:
2592 1355 2679 1416 ita
2739 1355 2925 1417 modo
2983 1364 3047 1418 et
3119 1358 3252 1438 ipse
3325 1380 3589 1424 venera-

339 1465 485 1526 bilis
537 1465 744 1535 Pater,
806 1461 1019 1522 divina
1074 1459 1278 1539 gratia
1335 1459 1714 1539 inspirante,
1771 1460 1930 1520 clam
1989 1479 2100 1540 per
2155 1460 2491 1541 quemdam
2551 1463 2951 1541 peregrinum
3010 1484 3152 1526 suas
3211 1466 3376 1528 misit
3432 1469 3592 1531 litte-

214 1575 298 1636 15
346 1591 447 1633 ras
499 1569 769 1650 Pippino
819 1567 950 1646 regi
1001 1569 1387 1628 Francorum
1448 1566 1642 1627 nimio
1699 1566 1915 1628 dolore
1967 1567 2112 1628 huic
2171 1567 2510 1646 provincia
2555 1567 2890 1631 inhaerenti
2938 1573 3345 1652 conscriptas.

427 1685 593 1741 286
649 1676 743 1737 Ad
827 1675 996 1735 hunc
1074 1674 1263 1734 etiam
1339 1691 1506 1734 nunc
1597 1673 1682 1754 (d)
1767 1674 2028 1734 cessavit
2109 1674 2408 1752 dirigens,
2493 1681 2564 1735 ut
2658 1695 2804 1737 suos
2905 1676 3007 1738 hic
3109 1681 3371 1742 Romam
3458 1683 3591 1764 ipse

345 1789 730 1848 Francorum
789 1801 896 1843 rex
958 1781 1230 1842 mitteret
1293 1780 1536 1853 missos,
1596 1799 1707 1861 per
1762 1781 1931 1860 quod
1991 1799 2133 1841 eum
2193 1782 2274 1841 ad
2333 1800 2398 1842 se
2455 1784 2743 1843 accersiri
2800 1784 3064 1847 fecisset.
3125 1789 3202 1848 Et
3269 1789 3419 1849 dum
3483 1811 3589 1852 va-

343 1892 468 1952 lide
522 1890 596 1972 (e)
654 1890 735 1951 ab
794 1889 1014 1950 eodem
1075 1887 1640 1966 Longobartlorum
1700 1905 1846 1964 rege
1903 1887 2186 1948 civitates
2217 1893 2278 1948 et
2337 1888 2660 1968 provincia
2711 1889 2832 1950 ista
2896 1893 3323 1955 Romanorum
3383 1899 3594 1978 oppri-

345 2005 689 2070 merentur,
743 1995 947 2057 subito
1006 1991 1482 2074 conjunxit,(f)
1541 1994 1766 2054 missus
1813 1993 1947 2072 jam
2008 1995 2121 2054 fati
2177 1995 2341 2074 regis
2399 2014 2435 2055 a
2492 1998 2875 2058 Francorum
2950 2001 3202 2061 nomine
3280 2004 3594 2083 Rodigan-

259 2109 301 2166 5
348 2125 464 2187 gus
522 2105 607 2185 (g)
663 2103 879 2175 abbas,
941 2120 1052 2181 per
1109 2119 1295 2180 quem
1355 2101 1524 2160 misit
1577 2101 1641 2160 in
1703 2101 2013 2180 responsis
2074 2119 2325 2162 omnem
2401 2101 2790 2164 voluntatem
2868 2123 2940 2166 ac
3011 2107 3378 2186 petitionem
3437 2130 3596 2191 pra-

347 2213 498 2272 dicti
555 2208 936 2272 sanctissimi
997 2225 1175 2288 papa
1233 2225 1298 2267 se
1358 2207 1725 2288 adimplere.
1787 2209 1863 2268 Et
1921 2209 2323 2286 postmodum
2384 2208 2542 2268 alius
2603 2210 2825 2270 missus
2884 2213 3210 2274 familiaris
3261 2215 3396 2293 ejus
3451 2236 3596 2279 con-

338 2319 577 2398 junxit,
640 2335 713 2378 ea
770 2317 906 2396 ipsa
961 2314 1367 2375 annuntians.
2476 2378 2487 2390 ι

433 2433 595 2488 28!
659 2427 940 2503 Cumque
997 2442 1035 2482 ιι
1110 2420 1564 2499 Longobardis,
1627 2426 1692 2480 ut
1763 2421 2093 2500 prafatum
2167 2427 2282 2494 est,
2361 2422 2625 2500 antiqua
2692 2425 2979 2486 Romana
3052 2426 3200 2487 urbs
3277 2435 3337 2488 et
3394 2437 3598 2492 castra

349 2535 644 2595 universa
701 2531 1250 2608 distringerentur,
1312 2528 1400 2588 ita
1455 2528 1643 2588 etiam
1707 2533 1773 2587 ut
1826 2528 2203 2589 Ciccanense
2279 2528 2629 2602 castellum,
2691 2531 2860 2609 quod
2934 2533 3302 2595 colonorum
3367 2544 3596 2599 sancta

347 2640 464 2702 Dei
537 2639 829 2700 Ecclesia
901 2635 1230 2707 existebat,
1310 2640 1664 2713 usurparet,
1723 2635 1889 2695 illico
1955 2635 2037 2695 ad
2105 2635 2340 2712 regiam
2405 2635 2620 2695 urbem
2699 2638 3030 2716 conjunxit
3086 2641 3171 2721 (Ιι)
3227 2645 3598 2722 sapefactus

343 2752 624 2810 Joannes
669 2743 1014 2824 imperialis
1073 2741 1455 2801 silentiarius
1512 2759 1652 2800 cum
1713 2741 1916 2801 missis
1972 2741 2167 2820 ipsius
2218 2742 2594 2801 sanctissimi
2652 2744 2986 2821 pontiﬁcis,
3050 2746 3336 2808 deferens
3380 2768 3590 2811 secum

349 2861 412 2916 et
469 2872 610 2934 qua
667 2851 1115 2930 deportaverat
1163 2847 1366 2926 iniqui
1421 2846 1986 2925 Longobardorum
2043 2848 2207 2925 regis
2265 2848 2513 2921 missus,
2568 2849 2754 2910 simul
2809 2857 2870 2912 et
2909 2850 3261 2930 jussionem
3311 2856 3601 2936 imperia-

347 2962 497 3035 lem,
560 2960 623 3019 in
683 2976 811 3038 qua
858 2955 1110 3016 inherat
1166 2954 1240 3035 (τ’)
1293 2954 1598 3014 insertum
1677 2972 1716 3014 a
1773 2953 2332 3032 Longobardorum
2409 2973 2554 3034 rege
2613 2955 2716 3036 (γ’),
2778 2957 3066 3020 eumdem
3136 2963 3596 3028 sanctissimum

347 3085 583 3148 papam
640 3083 772 3126 esse
832 3065 1244 3143 properatum
1303 3059 1385 3120 ob
1445 3059 1867 3139 recipiendam
1944 3061 2401 3150 ltavenpnatium
2486 3061 2703 3123 urbem
2759 3068 2821 3123 et
2875 3064 3158 3127 civitates
3217 3069 3272 3129 ei
3329 3069 3409 3151 (k)
3463 3091 3602 3152 per-

351 3175 645 3235 tinentes.
696 3172 820 3231 Pro
878 3188 1004 3249 quo
1079 3173 1143 3229 et
1218 3167 1295 3228 de
1373 3166 1665 3247 prasenti
1735 3165 2094 3247 Stephanus
2139 3186 2305 3247 papa
2363 3169 2590 3229 direxit
2645 3171 2726 3230 ad
2795 3170 3084 3233 eumdem
3157 3173 3598 3256 blasphemum

350 3298 564 3359 regem
620 3296 803 3339 suum
875 3275 1134 3336 missum
1192 3291 1309 3354 pro
1378 3291 1513 3345 sua,
1565 3278 1626 3334 et
1712 3274 1821 3352 qui
1902 3291 2042 3334 cum
2124 3293 2198 3335 eo
2285 3274 2432 3335 ituri
2528 3281 2728 3351 erant,
2817 3277 3251 3343 indemnitate.
3329 3286 3599 3367 Ipsoque

221 3389 305 3451 10
353 3404 602 3448 reverso
686 3382 1022 3462 extemplo,
1106 3386 1169 3442 et
1233 3380 1404 3440 missi
1482 3379 1614 3458 jam
1719 3379 1831 3439 fati
1911 3380 2164 3460 Pippini
2244 3381 2407 3462 regis
2503 3385 2889 3445 Francorum
2961 3387 3448 3467 conjunxerunt,
3536 3394 3601 3455 id

348 3499 446 3556 est
503 3491 908 3570 Rodigangus
962 3487 1034 3568 (Ι)
1088 3487 1442 3567 episcopus,
1521 3493 1583 3548 et
1652 3486 2030 3546 Autcharius
2108 3488 2233 3548 dux
2312 3496 2622 3568 quatenus
2698 3493 3061 3572 pradictum
3138 3497 3597 3562 sanctissimum

348 3617 583 3681 papam
649 3596 855 3678 (juxta
913 3594 1084 3674 quod
1142 3593 1416 3673 petendo
1477 3592 1754 3672 miserat)
1813 3592 1893 3653 ad
1950 3613 2130 3653 suum
2191 3597 2472 3656 Francia
2527 3596 2636 3676 (m)
2693 3618 2902 3678 regem
2960 3601 3362 3681 deducerent,
3413 3625 3600 3686 quem

349 3707 540 3769 etiam
601 3708 891 3786 paratum
967 3702 1343 3762 invenerant
1417 3701 1492 3760 ad
1569 3699 1940 3778 pradictum
2003 3701 2563 3779 Longobardorum
2623 3723 2834 3784 regem
2915 3710 3409 3788 properandum,
3488 3733 3604 3794 pro

347 3812 794 3891 recolligendis
851 3807 1162 3869 universis
1217 3807 1548 3867 dominicis
1606 3807 1866 3887 perditis
1923 3807 2194 3866 ovilibus
2255 3808 2362 3888 (η).

434 3927 598 3981 238
655 3920 833 3980 Tunc
891 3915 1224 3978 consulens
1280 3913 1360 3993 (ο)
1417 3913 1582 3972 idem
1639 3913 2038 3973 beatissimus
2099 3932 2264 3992 papa
2322 3916 2776 3995 omnipotentis
2836 3921 2946 3980 Dei
3003 3924 3199 3984 nostri
3260 3926 3605 3988 misericor-

349 4027 544 4098 diam,
609 4043 896 4104 egressus
950 4027 1043 4084 est
1101 4021 1181 4082 ab
1237 4019 1358 4080 hac
1446 4021 1729 4078 Romana
1809 4017 1965 4078 urbe
2051 4019 2131 4078 ad
2202 4020 2459 4080 beatum
2547 4023 2800 4083 Petrum
2888 4030 3272 4106 apostolum,
3361 4032 3604 4096 decimo

354 4139 583 4214 quarto
643 4133 743 4192 die
802 4130 1032 4192 mensis
1086 4127 1392 4200 Octobris,
1453 4124 1792 4185 indictione
1849 4125 2158 4204 septima;
2221 4127 2419 4187 secuti
2476 4133 2623 4188 sunt
2678 4150 2819 4191 eum
2880 4133 3093 4211 plures
3170 4140 3601 4204 Romanorum

354 4247 419 4302 et
472 4245 840 4301 caterarum
896 4237 1220 4298 civitatum
1278 4233 1516 4314 p0puli,
1578 4231 1799 4293 ﬂentes
1849 4231 2315 4312 ululantesque,
2377 4239 2440 4294 et
2497 4253 2900 4316 nequaquam
2961 4259 3104 4302 eum
3171 4246 3421 4323 penitus
3480 4268 3608 4320 am-

261 4351 304 4408 5
349 4347 570 4408 bulare
642 4345 955 4407 sinebant.
1019 4343 1137 4416 Qui
1212 4340 1502 4401 videlicet
1573 4338 2001 4399 sanctissimus
2077 4339 2194 4413 vir,
2251 4360 2384 4402 sese
2454 4341 2519 4401 in
2597 4344 2709 4403 Dei
2772 4345 3008 4408 virtute
3080 4354 3143 4410 et
3214 4357 3606 4430 protectione

351 4459 587 4515 sancta
638 4453 750 4514 Dei
812 4449 1142 4514 Genitricis
1198 4453 1260 4508 et
1316 4447 1646 4508 beatorum
1705 4446 2059 4526 principum
2129 4447 2560 4527 apostolorum
2644 4450 2988 4527 conﬁdens,
3067 4463 3432 4522 constanter
3491 4484 3605 4542 pro

351 4560 555 4622 salute
611 4558 919 4632 omnium,
983 4556 1130 4616 licet
1191 4553 1560 4614 inﬁrmitate
1613 4553 1893 4633 corporis
1950 4553 2265 4627 detentus,
2314 4555 2699 4617 laboriosum
2757 4575 3090 4636 aggressus
3145 4569 3238 4622 est
3291 4566 3433 4640 iter,
3462 4587 3608 4631 con-
3719 4623 3730 4632 κ

355 4668 604 4729 fortans
659 4671 849 4745 atque
902 4661 1353 4724 commendans
1401 4665 1691 4721 cunctam
1750 4659 2143 4722 Dominicam
2203 4662 2450 4742 plebem
2508 4663 2675 4725 bono
2735 4665 2971 4744 pastori
3027 4667 3296 4730 Domino
3365 4659 3602 4750 nostro,

223 4777 308 4838 10
353 4779 417 4858 et
473 4774 804 4834 beatorum
849 4769 1281 4850 apostolorum
1336 4767 1605 4847 principi
1656 4768 1865 4829 Petro.
1920 4769 2000 4829 Et
2057 4787 2384 4830 assumens
2430 4789 2642 4831 secum
2701 4790 2777 4832 ex
2832 4771 2952 4832 hac
3034 4781 3256 4835 sancta
3329 4779 3607 4843 Ecclesia

350 4879 440 4961 (ρ)
500 4879 806 4958 quosdam
865 4876 1242 4949 sacerdotes,
1302 4893 1593 4955 proceres
1649 4875 1838 4935 etiam
1899 4882 1962 4936 et
2035 4881 2294 4937 cateros
2351 4877 2719 4939 clericorum
2794 4880 3052 4955 ordinis,
3111 4901 3355 4945 necnon
3411 4891 3474 4946 et
3529 4905 3607 4948 ex

351 4986 600 5048 militia
654 4983 1085 5065 optimatibus,
1147 4981 1392 5043 Christo
1463 4979 1719 5060 pravio,
1783 4987 2059 5061 captum
2131 4989 2500 5062 prosecutus
2555 4990 2650 5046 est
2722 4987 2858 5061 iter,
2923 5006 3218 5067 magnam
3293 4991 3385 5052 illi
3459 4994 3603 5056 cali

357 5093 757 5154 serenitatem
815 5090 1086 5152 Domino
1142 5089 1206 5149 in
1269 5088 1405 5168 ipso
1462 5087 1685 5149 itinere
1743 5088 2085 5149 tribuente.

438 5206 606 5260 θεν
665 5199 864 5277 Igitur
919 5195 1346 5275 conjungente
1403 5213 1476 5255 eo
1536 5196 1666 5255 fere
1720 5194 2275 5274 quadragesimum
2330 5197 2692 5258 milliarium
2765 5200 3325 5277 Longobardorum
3384 5205 3606 5268 ﬁnium

362 5305 445 5388 (q)
501 5307 568 5366 in
625 5323 756 5366 una
813 5304 1092 5366 noctium
1157 5303 1406 5382 signum
1464 5301 1530 5360 in
1588 5300 1746 5361 calo
1806 5317 2105 5379 magnum
2165 5303 2478 5382 apparuit,
2536 5305 2722 5383 quasi
2774 5306 2998 5385 globus
3054 5309 3282 5388 igneus
3340 5293 3421 5374 ad
3459 5332 3607 5394 par-

1375 5493 1623 5540 NOTULE
1665 5489 2048 5539 MARGINALES
2090 5494 2398 5540 FABROTTI
2407 5525 2420 5538 .

268 5645 354 5723 (ξι)
385 5642 450 5711 Β,
485 5640 708 5723 avibs?
746 5640 822 5712 (δ)
851 5637 1182 5723 emebat-u-
1219 5630 2170 5723 (εὶῗρῖξειενεῖειι,(ἀὲρίέἒλξιρ,βίίῆφ
2202 5653 2338 5723 ηρητ
2373 5635 3172 5723 (ωβλῖεξιείθεωθιηενυεηέιε
3202 5643 3606 5723 amoenam.

178 5703 598 5792 --ιιρδίεςεέιριυες
631 5712 710 5792 (ιι)
741 5703 775 5767 ά
804 5703 963 5783 regia
989 5709 1134 5792 μςυε
1163 5703 1436 5792 enim
1460 5710 1602 5792 θυεμ·
1625 5703 2035 5792 ωερεεέεθφ·
2070 5706 2162 5792 (ιε),
2183 5703 2435 5792 acam-
2463 5703 3048 5792 (ιλᾟιιοιίῦὲαίξάυεο
3080 5703 3178 5792 (1η)
3199 5714 3258 5792 ip
3278 5703 3605 5792 Ρταηέῖείιῖιῖ

565 5768 652 5856 (al
673 5768 946 5842 cernens.
982 5781 1064 5857 (Ρ)
1093 5795 1168 5836 θῑ-
1188 5768 1915 5856 Ῑὶιῡιιεέαηοῐεεὶῖὲοοιθείᾱ
1936 5768 2111 5835 clero.
2129 5768 2221 5857 '(q)
2251 5779 2273 5802 '
2305 5768 2675 5856 perveniente
2705 5768 2771 5841 eo
2795 5768 2863 5839 in
2893 5768 3608 5860 Langobardoruaiin‘e-s;
