3934 6202
316 343 467 403 1001
1468 338 1869 399 ANASTASI]

2175 336 2588 399 DTHECARII.
3570 343 3728 404 1092

482 480 604 534 tem
666 475 1005 534 australem
1063 472 1386 533 declinans
1441 490 1479 532 a
1536 471 1750 533 Galliae
1831 472 2117 551 partibus
2183 470 2246 530 in
2321 469 2882 549 Longobardorum
2956 475 3190 550 partes.
3266 473 3488 554 Itaque
3565 493 3733 536 unus

482 601 557 642 ex
617 581 849 642 eisdem
909 583 1294 641 Francorum
1355 578 1577 652 missis,
1641 578 1877 638 scilicet
1930 577 2313 639 Autcharius
2365 578 2515 650 dux,
2575 576 2953 656 quantocius
3001 578 3364 657 praecedens
3411 581 3728 659 Ticinum,

398 692 436 750 5
494 707 636 751 eum
698 687 1098 768 praestolatus
1155 692 1270 747 est.
1331 687 1483 747 Cum
1543 703 1691 746 vero
1749 685 2323 766 appropinquasset
2371 683 2504 763 jam
2563 685 2726 744 fatus
2799 682 3200 746 beatissimus
3274 705 3442 768 papa
3503 688 3586 749 ad
3643 689 3732 750 ci-

478 797 738 857 vitatem
800 794 1088 874 Papiam,
1148 792 1380 854 direxit
1455 793 1535 853 ad
1610 811 1753 854 eum
1831 794 2169 872 saepefatus
2219 791 2527 852 Aislulfus
2598 790 3017 871 nequissimus
3088 811 3195 854 rex
3265 793 3488 855 missos
3557 815 3729 871 suos,

477 903 799 964 obtestans
855 919 997 962 eum
1058 899 1236 960 nulla
1293 899 1543 980 penitus
1600 899 1845 960 ratione
1902 899 2134 960 audere
2211 898 2469 959 verbum
2538 897 2632 958 illi
2685 897 2894 960 dicere
2950 900 3204 979 petendi
3264 902 3728 963 Ravennatium

477 1010 794 1071 civitatem
854 1013 917 1069 et
972 1006 1380 1069 exarchatum
1443 1007 1499 1067 ei
1557 1007 2003 1086 pertinentem,
2059 1005 2160 1066 vel
2217 1005 2292 1067 de
2360 1005 2618 1084 reliquis
2692 1005 3056 1086 reipublicae
3137 1007 3314 1081 locis,
3376 1027 3518 1088 quae
3594 1009 3730 1090 ipse

475 1116 574 1178 vel
633 1115 772 1194 ejus
848 1114 1342 1194 prmdecessores
1413 1113 1979 1192 Longobardorum
2053 1130 2231 1190 reges
2304 1111 2688 1172 invaserant.
2747 1112 2858 1172 Ille
2913 1129 3063 1174 vero
3135 1113 3226 1174 ita
3298 1114 3352 1175 ei
3419 1114 3592 1176 misit
3662 1115 3729 1178 in

358 1225 433 1283 10
478 1222 793 1302 responsis
851 1239 1136 1282 asserens
1193 1221 1359 1301 quod
1421 1221 1654 1280 nullius
1707 1219 2145 1299 trepidationis
2203 1224 2439 1280 terrore
2495 1218 2710 1280 sileret
2757 1219 3198 1299 hujuscemodi
3256 1221 3510 1300 petendi
3572 1241 3726 1284 cau-

473 1347 607 1390 sam
667 1328 769 1409 (α).

560 1443 732 1496 £40
787 1432 1227 1512 Conjungente
1285 1452 1432 1494 vero
1491 1452 1564 1493 eo
1621 1432 1883 1514 Papiam
1962 1432 2025 1492 in
2105 1432 2443 1504 civitatem,
2516 1439 2577 1492 et
2631 1432 2933 1512 praedicto
3004 1433 3276 1494 nefando
3352 1435 3485 1514 regi
3561 1455 3726 1517 prae-

481 1547 747 1617 sentato,
811 1541 993 1620 plura
1050 1541 1142 1600 illi
1203 1539 1420 1600 tribuit
1475 1558 1762 1613 munera,
1823 1544 1880 1601 el
1940 1539 2126 1599 nimis
2181 1557 2324 1600 eum
2384 1538 2749 1600 obsecratus
2807 1545 2900 1600 est
2963 1543 3152 1620 atque
3225 1539 3518 1621 lacrymis
3576 1561 3726 1623 pro-

477 1649 628 1710 fusis
684 1668 826 1710 eum
889 1648 1107 1728 petivit
1162 1653 1232 1706 ut
1291 1647 1674 1718 Dominicas,
1755 1664 1913 1725 quas
1991 1645 2359 1719 abstulerat,
2421 1646 2712 1708 redderet
2767 1665 2938 1722 oves,
2983 1652 3046 1707 et
3123 1647 3378 1727 propria
3451 1650 3730 1729 propriis

473 1756 852 1817 restitueret.
915 1754 1036 1816 Sed
1081 1753 1255 1814 nullo
1313 1752 1500 1813 modo
1561 1752 1731 1832 apud
1787 1771 1930 1813 eum
1984 1752 2122 1812 haec
2179 1752 2520 1832 impetrare
2550 1751 2770 1814 valuit.
2805 1755 2960 1812 Nam
3021 1760 3083 1814 et
3125 1753 3469 1834 imperialis
3497 1755 3730 1817 missus

396 1864 431 1921 5
476 1862 666 1924 simili
723 1860 909 1922 modo
966 1859 1168 1940 petiit,
1230 1866 1293 1919 et
1347 1859 1708 1939 imperiales
1761 1859 2004 1920 litteras
2059 1859 2150 1919 illi
2207 1859 2448 1933 tribuit,
2507 1865 2571 1921 et
2642 1859 2730 1920 nil
2788 1859 3072 1921 obtinere
3142 1862 3371 1942 potuit.
3430 1862 3728 1924 Prwdicti

475 1988 625 2030 vero
681 1971 1068 2029 Francorum
1129 1965 1304 2026 missi
1378 1965 1798 2026 imminebant
1871 1965 2117 2026 fortiter
2189 1965 2360 2045 apud
2436 1965 2727 2028 eumdem
2803 1966 3170 2041 Aistulfum,
3242 1973 3312 2028 ut
3383 1970 3725 2050 praefatum

474 2075 937 2138 sanctissimum
997 2092 1228 2158 papam
1284 2073 1351 2132 in
1409 2073 1739 2133 Franciam
1800 2090 2061 2152 pergere
2126 2071 2463 2133 relaxaret.
2538 2073 2630 2134 Ad
2711 2073 2846 2134 haec
2921 2092 3275 2135 convocans
3350 2075 3726 2154 jamdictum

475 2182 909 2244 beatissimum
971 2182 1173 2240 virum
1232 2179 1667 2257 interrogavit,
1729 2179 1780 2239 si
1837 2177 1974 2257 ejus
2031 2177 2112 2259 (ὁ)
2179 2178 2241 2238 in
2300 2179 2627 2240 Franciam
2689 2180 3072 2260 properandi
3147 2187 3310 2243 esset
3381 2183 3728 2247 voluntas?

476 2288 658 2362 Quod
714 2287 1005 2348 videlicet
1061 2286 1166 2347 ille
1223 2304 1626 2365 nequaquam
1683 2284 1880 2357 siluit,
1941 2284 2050 2345 sed
2105 2302 2283 2345 suam
2339 2285 2432 2345 illi
2508 2286 2866 2366 propalavit
2940 2287 3352 2350 voluntatem.
3414 2290 3600 2352 Unde
3657 2307 3729 2361 ut,

356 2400 433 2459 10
474 2397 574 2458 leo
631 2395 922 2455 dentibus
980 2393 1309 2465 fremebat,
1367 2374 1482 2472 pro
1541 2411 1667 2472 quo
1725 2397 1788 2453 et
1846 2391 2107 2453 diversis
2135 2391 2378 2452 vicibus
2429 2411 2575 2454 suos
2632 2394 2934 2456 satellites
2991 2395 3070 2456 ad
3128 2413 3270 2458 eum
3318 2397 3482 2458 clam
3530 2398 3719 2472 misit,

473 2511 544 2564 ut
592 2521 734 2563 eum
792 2519 1046 2582 quoquo
1106 2500 1291 2562 modo
1347 2517 1385 2560 a
1436 2499 1548 2560 tali
1602 2499 1849 2561 intentu
1903 2499 1977 2579 (c)
2021 2499 2434 2562 declinarent.

559 2617 718 2672 241
778 2609 950 2670 Alias
1008 2626 1177 2681 vero,
1243 2613 1549 2687 praesente
1627 2606 1995 2685 Rodigango
2070 2607 2463 2668 sanctissimo
2540 2609 2858 2689 episcopo,
2937 2609 3353 2690 interrogavit
3427 2613 3723 2675 eumdem

379 2751 386 2754 -
471 2715 907 2777 beatissimum
959 2733 1190 2794 papam
1229 2713 1364 2793 jam
1422 2714 1585 2774 fatus
1641 2711 2203 2791 Longobardorum
2263 2732 2370 2774 rex
2429 2715 2480 2775 si
2534 2715 2697 2776 velle
2755 2714 3020 2776 haberet
3087 2719 3419 2780 Franciam
3495 2720 3722 2781 ambu-

469 2823 648 2885 landi
682 2822 784 2904 (ἆ),
844 2828 908 2883 et
961 2822 1050 2882 ita
1103 2821 1334 2882 aﬂ'atus
1385 2826 1480 2882 est
1535 2819 1606 2900 (ρ)
1672 2837 1688 2879 :
1749 2819 1928 2893 Quod
1984 2820 2037 2880 si
2085 2826 2195 2881 tua
2241 2820 2531 2882 voluntas
2577 2827 2670 2882 est
2719 2840 2818 2884 me
2867 2823 3217 2899 relaxandi,
3268 2843 3413 2887 mea
3461 2828 3723 2889 omnino

472 2937 565 2992 est
621 2928 1012 2991 ambulandi.
1074 2929 1250 2989 Tunc
1305 2927 1632 2988 absolutus
1686 2933 1782 2988 est
1835 2927 1916 2988 ab
1945 2945 2045 2988 eo.
2104 2933 2167 2988 et
2207 2946 2533 2989 assumens
2585 2947 2662 2990 ex
2717 2928 2908 3009 hujus
2964 2937 3196 2992 sancta:
3251 2932 3364 2994 Dei
3427 2935 3721 2996 Ecclesia:

392 3041 428 3098 5
473 3037 905 3098 sacerdotibus
959 3041 1021 3096 et
1075 3035 1265 3108 clero,
1326 3035 1390 3095 id
1447 3041 1564 3110 est,
1623 3033 1958 3113 Georgium
2019 3033 2384 3115 episcopum
2459 3035 2856 3109 Ostiensiem,
2912 3037 3279 3099 Wilearium
3342 3038 3421 3120 (Γ)
3476 3041 3719 3122 episco-

470 3163 620 3224 pum
679 3146 1176 3216 Numentanum,
1237 3144 1529 3216 Leonem,
1591 3141 1982 3221 Philippum,
2046 3141 2382 3220 Georgium
2448 3149 2512 3203 et.
2585 3142 2983 3223 Stephanum
3038 3144 3459 3225 presbyteros,
3521 3149 3726 3209 Theo-

471 3238 839 3332 phylactum
897 3247 1437 3320 archidiaconum,
1496 3249 1770 3308 Pardum
1830 3253 1892 3309 et
1947 3249 2345 3309 Gemmulum
2402 3249 2724 3324 diaconos,
2783 3249 3190 3312 Ambrosium
3262 3251 3718 3332 primicerium,

469 3358 859 3419 Bonifacium
920 3354 1284 3428 secundum,
1344 3356 1621 3415 Leonem
1677 3359 1740 3414 et
1787 3353 2310 3434 Christophorum
2361 3356 2753 3434 regionarios
2807 3375 3018 3418 secum
3066 3363 3131 3419 et
3175 3363 3458 3434 caeteros,
3499 3359 3722 3440 quinta

469 3464 716 3524 decima
770 3463 871 3522 die
924 3480 1136 3522 mense
1193 3460 1561 3522 Novembris
1619 3461 1934 3540 praedictae
2011 3461 2291 3541 septimae
2368 3462 2731 3524 indictionis
2787 3483 2826 3524 a
2883 3464 3136 3526 civitate
3191 3465 3389 3545 Papia
3462 3484 3727 3530 movens

353 3572 429 3632 10
473 3588 654 3632 suum
697 3569 762 3629 in
823 3568 1147 3654 Franciam
1210 3568 1525 3648 profectus
1583 3573 1674 3628 est
1727 3568 1870 3629 iter.

553 3684 717 3737 242
794 3677 874 3736 Et
952 3682 1094 3754 post
1175 3673 1312 3752 ejus
1387 3672 1848 3734 absolutionem
1935 3673 2145 3736 adhuc
2230 3675 2551 3737 nitebatur
2605 3677 3071 3759 suprascriptus
3151 3678 3717 3758 Longobardorum

472 3803 582 3844 rex
640 3801 678 3842 a
732 3782 1033 3862 praedicto
1091 3780 1314 3840 itinere
1370 3798 1512 3840 eum
1575 3779 1845 3854 deviare,
1908 3781 2080 3860 quod
2140 3783 2396 3843 minime
2451 3783 2656 3862 ipsum
2720 3785 3184 3846 sanctissimum
3241 3785 3448 3846 virum
3508 3787 3717 3848 latuit.

472 3890 652 3954 Unde
708 3896 770 3950 et
831 3907 971 3950 cum
1049 3887 1244 3947 nimia
1319 3886 1638 3947 celeritate
1711 3889 1841 3948 Deo
1903 3888 2140 3968 praevio
2197 3889 2273 3950 ad
2354 3891 2738 3951 Francorum
2815 3890 3148 3970 conjunxit
3204 3891 3284 3973 (g)
3345 3893 3553 3954 clusas
3613 3893 3717 3974 (Ia).

472 3999 638 4068 Quas
692 3997 1012 4074 ingressus
1071 4012 1212 4053 cum
1265 3992 1364 4053 his
1422 3993 1531 4073 qui
1588 4012 1730 4054 cum
1791 4012 1864 4055 eo
1926 3996 2518 4067 erant,-confestim
2579 3995 2798 4058 laudes
2849 3997 3274 4077 omnipotenti
3331 4000 3462 4060 Deo
3512 3999 3721 4061 reddi-

392 4107 428 4164 5
471 4105 584 4164 dit.
647 4105 724 4165 Et
779 4108 1054 4182 emptum
1134 4099 1430 4180 gradiens
1504 4100 1646 4170 iter,
1721 4099 1801 4160 ad
1874 4101 2234 4162 venerabile
2317 4102 3048 4165 monasterium~sancti
3121 4104 3351 4165 Christi
3428 4107 3724 4185 martyris

471 4209 755 4273 Mauricii
810 4209 1118 4289 pervenit,
1177 4208 1241 4268 in
1295 4226 1422 4287 quo
1480 4212 1543 4268 et
1593 4207 2000 4268 constitutum
2059 4213 2195 4269 erat
2251 4208 2488 4288 pariter
2546 4228 2759 4270 secum
2833 4213 3219 4271 Francorum
3296 4230 3510 4290 regem
3569 4230 3722 4273 con-

469 4318 709 4390 veniri;
769 4322 1088 4378 annuente
1144 4315 1413 4376 Domino
1469 4333 1682 4394 sospes
1737 4314 1933 4375 isdem
1991 4313 2390 4376 beatissimus
2460 4317 2742 4395 pontifex
2801 4335 2943 4378 cum
3020 4317 3313 4378 omnibus
3387 4317 3500 4400 qui
3577 4337 3720 4379 cum

471 4444 545 4487 eo
604 4430 809 4497 erant,
855 4423 1132 4484 advenit.
1185 4423 1255 4482 In
1314 4408 1440 4499 quo
1495 4426 1560 4481 et
1615 4420 1959 4500 aliquantis
2015 4421 2416 4482 demorantes
2471 4422 2715 4497 diebus,
2774 4422 3244 4503 conjunxerunt
3298 4424 3368 4505 (ι)
3423 4424 3490 4485 in
3555 4443 3720 4505 prae-

471 4532 638 4593 dicto
695 4531 1039 4592 venerabili
1097 4528 1478 4588 monasterio
1538 4529 1847 4589 Fulradus
1905 4528 2101 4590 abbas
2159 4534 2222 4590 et
2273 4529 2636 4590 Bothardus
2694 4530 2772 4612 (j)
2835 4531 2988 4604 dux,
3047 4531 3269 4593 directi
3326 4549 3364 4593 a
3414 4532 3722 4613 saepefato

351 4642 428 4701 10
469 4640 740 4720 Pippino
796 4630 1320 4699 excellentissimo
1395 4634 1781 4696 Francorum
1846 4653 2019 4714 rege,
2080 4641 2366 4714 petentes
2441 4636 2732 4698 eumdem
2810 4639 3278 4699 sanctissimum
3356 4638 3720 4720 pontiﬁcem

473 4747 554 4808 ad
610 4763 793 4806 suum
851 4738 1150 4823 progredi
1204 4757 1438 4817 regem.
1496 4742 1691 4813 Quem
1751 4747 1812 4803 et
1859 4760 2000 4802 cum
2060 4761 2293 4822 magno
2354 4743 2594 4806 honore
2677 4763 2819 4806 cum
2892 4746 3185 4807 omnibus
3259 4746 3371 4828 qui
3442 4765 3585 4809 cum
3642 4765 3721 4809 eo

471 4859 654 4916 erant
707 4851 787 4912 ad
845 4865 988 4908 eum
1043 4844 1460 4907 deduxerunt.

553 4968 718 5021 348
777 4953 1056 5017 Audiens
1112 4971 1258 5014 vero
1313 4953 1511 5015 isdem
1571 4973 1682 5015 rex
1735 4954 2015 5035 ejusdem
2073 4957 2416 5019 beatissimi
2475 4958 2792 5038 pontiﬁcis
2861 4959 3229 5036 adventum,
3296 4961 3487 5023 nimis
3545 4962 3722 5023 festi-

475 5071 699 5127 nanter
754 5061 820 5121 in
879 5058 1015 5138 ejus
1072 5059 1324 5120 advenit
1379 5079 1731 5137 occursum,
1799 5082 1925 5124 una
1978 5082 2120 5124 cum
2178 5063 2474 5144 conjuge,
2533 5065 2680 5126 filiis
2753 5066 2944 5127 etiam
3017 5073 3083 5128 et
3143 5067 3544 5148 primatibus,
3603 5087 3722 5148 pro

473 5190 598 5255 quo
656 5174 720 5230 et
775 5166 1044 5233 aﬂ'erens
1100 5172 1351 5229 centum
1409 5168 1487 5250 (lc)
1549 5168 1748 5229 millia
1802 5170 2000 5231 ﬁlium
2058 5189 2241 5232 suum
2291 5171 2548 5233 nomine
2603 5173 2899 5234 Carolum
2976 5173 3041 5234 in
3115 5191 3446 5235 occursum
3525 5174 3724 5256 ipsius

479 5274 826 5355 coangelici
881 5294 1062 5356 papae
1121 5275 1350 5338 direxit
1407 5293 1550 5336 cum
1608 5275 1924 5356 aliquibus
1979 5295 2052 5338 ex
2111 5277 2241 5338 suis
2312 5277 2745 5358 optimatibus.
2805 5281 3070 5360 Ipseque
3126 5279 3193 5340 in
3268 5279 3509 5360 palatio
3582 5299 3720 5355 suo,

397 5385 436 5444 5
491 5385 556 5447 in
612 5383 750 5446 loco
809 5383 917 5463 qui
976 5389 1240 5446 vocatur
1294 5382 1664 5458 Ponticone,
1727 5383 1808 5445 ad
1863 5384 1994 5446 fere
2068 5383 2257 5445 trium
2317 5385 2585 5446 millium
2645 5386 2918 5467 spatium
2976 5386 3365 5449 descendens
3420 5387 3502 5450 de
3561 5405 3725 5469 equo

1489 5585 1742 5633 NOTULE
1785 5586 2169 5634 MABGINALES
2212 5589 2528 5635 FABROTTI.

385 5730 460 5808 ςᾳ)
491 5725 592 5808 pro
624 5733 846 5808 nullius
876 5731 1264 5808 trepidatione
1291 5731 1532 5808 terroris
1563 5729 1860 5808 siler-etab
1911 5732 2269 5808 ejusce‘modi
2329 5731 2582 5808 petendi
2617 5748 2815 5808 causa.
2847 5731 2924 5804 (ὁ)
2954 5730 3006 5808 ei
3023 5733 3108 5808 _(c)
3138 5731 3485 5808 intentione.
3510 5733 3645 5808 fit)"
3678 5731 3725 5789 si

301 5775 594 5883 migra};
621 5775 1545 5883 ἴηέὲξὲιξὲἷᾷιῖζξὲἱξ”ᾖςὲξῖιῖἆἰῐ.
1563 5775 2594 5883 ἲίόνῆέίίἧῑανῖᾖῌῗῗῇῖῇἑῃιὲἶιῇἶῖὶι)
2618 5775 3724 5883 ἲςῖ“οἷὲἰιὲὲεζὲά“ἓὲι’ἓὶἦῗᾶἱιῖᾶἇὶ’Ᾰῷἲῑινὶἱξ

311 5866 380 5946 (ἱ)
407 5879 707 5938 venerunt.
739 5875 807 5948 ω
840 5866 1183 5935 Rothaldus.
1215 5870 1290 5947 (Ic)
1322 5866 1345 5896 ⁵
1377 5885 1481 5945 pro
1514 5866 1638 5944 quo
1659 5875 1716 5928 et
1746 5871 1862 5929 fere
1893 5873 1965 5930 ad
1997 5866 2255 5932 centum.
2286 5879 2354 5950 Β,
2385 5866 2652 5935 offerens.
