3934 6202
150 287 308 350 1093
854 284 1221 349 HISTORIA
1266 286 1364 347 DE
1409 285 1612 349 VITIS
1659 283 1847 348 ROM.
1900 285 2124 349 PONT.
2159 322 2236 332 —
2267 288 2732 352 STEPHANUS
2778 290 2852 352 ll.
3398 291 3551 354 1094

309 439 424 482 suo
485 437 627 482 cum
689 436 919 498 magna
973 419 1330 480 humilitate
1389 425 1570 480 terrae
1629 425 2006 502 prostratus,
2069 440 2195 482 una
2253 441 2395 483 cum
2455 441 2569 483 sua
2647 421 2937 502 conjuge,
2997 421 3110 482 ﬁlii
3162 427 3226 482 et
3280 423 3550 503 Optima-

308 529 500 600 tibus,
563 527 854 588 eumdem
915 527 1376 588 sanctissimum
1437 546 1668 608 papam
1725 528 2020 609 suscepit.
2083 529 2195 590 Cui
2250 535 2313 590 et
2368 529 2788 590 vicestratoris
2849 548 3045 609 usque
3118 529 3181 589 in
3257 529 3552 608 aliquan-

306 642 442 696 tum
503 635 712 696 locum
762 633 952 713 juxta
1006 633 1142 713 ejus
1193 634 1481 695 sellarem
1542 635 1925 715 preparavit.
1984 638 2162 697 Tunc
2205 635 2541 716 praedictus
2597 635 2904 696 almiﬁcus
2980 636 3074 697 vir
3141 654 3283 697 cum
3342 637 3549 698 omni-

179 746 261 805 10
303 743 422 803 bus
476 741 604 802 suis
655 746 913 802 extensa
972 740 1056 820 (a)
1117 759 1266 802 voce
1323 740 1590 820 gloriam
1667 747 1730 804 et
1802 741 2206 803 incessabiles
2281 741 2500 803 laudes
2573 742 2993 822 omnipotenti
3068 745 3196 803 Deo
3276 743 3554 804 referens

305 867 449 910 cum
511 847 765 928 hymnis
823 853 884 909 et
939 847 1198 908 canticis
1254 847 1684 928 spiritualibus
1762 867 1962 928 usque
2038 847 2118 908 ad
2192 849 2527 930 praefatum
2603 848 2909 929 palatium
2989 850 3225 929 pariter
3293 855 3356 912 et
3410 869 3551 912 cum

304 975 454 1036 rege
510 974 730 1016 omnes
785 954 1051 1034 profecti
1106 960 1272 1028 sunt,
1325 959 1503 1016 sexta
1555 956 1841 1018 Januarii
1900 955 2130 1017 mensis
2203 955 2304 1016 die
2380 955 2445 1016 in
2498 956 2928 1036 Apparitionis
2985 956 3238 1017 Domini
3294 962 3356 1017 et
3413 957 3555 1019 Sal-

304 1062 541 1125 vatoris
616 1062 814 1123 nostri
867 1063 1015 1124 Jesu
1068 1061 1296 1122 Christi
1353 1062 1775 1124 sacratissima
1849 1062 2273 1137 solemnitate,
2355 1061 2567 1142 ibique
2643 1062 2815 1123 intus
2892 1063 3240 1124 oratorium
3316 1063 3555 1142 pariter

305 1168 740 1242 consedentes,
805 1187 952 1229 mox
1005 1168 1171 1228 idem
1231 1168 1628 1230 beatissimus
1686 1187 1853 1248 papa
1907 1169 2280 1248 praedictum
2335 1168 2937 1230 Christianissimum
2996 1177 3206 1247 regem
3250 1169 3556 1250 lacryma-

179 1263 260 1340 l5
306 1276 521 1338 biliter
573 1276 946 1357 deprecatus
998 1281 1093 1336 est
1147 1279 1217 1334 ut
1274 1293 1385 1356 per
1441 1275 1612 1356 pacis
1666 1275 1909 1336 fmdera
1963 1294 2216 1337 causam
2274 1276 2445 1337 beati
2501 1275 2671 1337 Petri
2713 1280 2774 1336 et
2819 1276 3199 1356 Reipublicae
3244 1279 3556 1338 Romano-

305 1403 446 1444 rum
491 1382 875 1464 disponeret.
923 1382 1042 1454 Oui
1082 1381 1161 1442 de
1204 1383 1500 1462 praesenti
1534 1381 1953 1461 jurejurando
1997 1382 2201 1443 eidem
2245 1382 2606 1443 beatissimo
2652 1401 2832 1462 papae
2895 1383 3214 1457 satisfecit,
3261 1384 3555 1445 omnibus

302 1489 622 1551 mandatis
664 1488 802 1568 ejus
844 1493 907 1548 et
947 1488 1484 1550 admonitionibus
1526 1507 1661 1550 sese
1707 1489 1853 1550 totis
1897 1489 2138 1550 nisibus
2185 1487 2263 1569 (ὀ)
2309 1489 2590 1562 obedire,
2637 1494 2698 1550 et
2742 1494 2810 1550 ut
2851 1489 2944 1550 illi
2987 1489 3288 1570 placitum
3340 1490 3552 1565 fuerit,

305 1595 719 1659 exarchatum
768 1598 1083 1656 Ravennae
1128 1601 1192 1656 et
1235 1595 1618 1674 Reipublicaa
1655 1593 1806 1674 jura
1848 1615 1957 1656 seu
2001 1596 2141 1657 loca
2188 1595 2445 1656 reddere
2493 1595 2692 1656 modis
2753 1596 3047 1657 omnibus
3095 1594 3198 1676 (c).
3243 1597 3363 1658 Sed
3409 1595 3558 1677 quia

309 1709 560 1784 tempus
602 1701 974 1763 imminebat
1015 1701 1286 1764 hiemale
1331 1701 1622 1763 eumdem
1667 1702 2126 1763 sanctissimum
2172 1720 2403 1783 papam
2449 1720 2591 1762 cum
2637 1701 2764 1763 suis
2808 1702 3101 1764 omnibus
3155 1703 3426 1764 Parisios
3470 1701 3553 1784 (τί)

174 1813 261 1872 20
307 1811 477 1891 apud
520 1809 882 1872 venerabile
927 1808 1377 1870 monasterium
1419 1809 1586 1871 beati
1628 1809 1908 1890 Dionysii
1952 1811 2031 1870 ad
2076 1809 2491 1870 habitandum
2538 1809 2610 1890 (e)
2657 1828 2916 1890 pergere
2967 1810 3230 1870 curavit.

389 1952 553 2006 844
601 1946 734 2017 Quo
781 1947 1034 2023 peracto
1078 1948 1139 2004 et
1182 1962 1255 2004 eo
1299 1943 1362 2004 in
1407 1944 1626 2005 eodem
1670 1943 2015 2004 venerabili
2060 1944 2442 2004 monasterio
2487 1961 2631 2004 cum
2667 1943 2803 2022 jam
2847 1945 2978 2005 fato
3023 1944 3556 2006 Christianissimo

306 2051 575 2132 Pippino
619 2050 1046 2130 conjungente
1092 2049 1176 2130 (ί)
1217 2050 1485 2111 Domino
1529 2055 1866 2123 annuente,
1917 2049 2000 2130 (g)
2047 2056 2190 2130 post
2232 2050 2594 2130 aliquantos
2645 2050 2778 2111 dies
2839 2051 3037 2112 isdem
3100 2051 3557 2112 Christianissi-

311 2178 449 2219 mus
491 2157 797 2238 Pippinus
842 2175 952 2218 rex
995 2156 1076 2217 ab
1119 2156 1338 2217 eodem
1383 2157 1778 2217 sanctissimo
1824 2175 1989 2236 papa
2031 2156 2259 2218 Christi
2303 2157 2509 2234 gratia
2551 2174 2695 2217 cum
2741 2157 2988 2218 duobus
3031 2158 3179 2219 ﬁliis
3209 2159 3336 2219 suis
3381 2176 3558 2237 reges

310 2264 484 2326 uncti
526 2269 673 2324 sunt
715 2267 1128 2325 Francorum.
1189 2263 1417 2324 Postea
1474 2280 1622 2323 vero
1676 2262 2074 2324 beatissimus
2119 2280 2286 2343 papa
2347 2281 2477 2342 prae
2542 2262 2738 2323 nimio
2791 2263 3006 2325 labore
3069 2265 3313 2326 itineris
3369 2273 3560 2344 atque

220 2376 261 2434 5
313 2371 613 2452 temporis
656 2369 1088 2449 inaequalitate
1133 2369 1380 2430 fortiter
1419 2367 1774 2429 inﬁrmatus
1815 2373 1933 2442 est,
1981 2374 2051 2429 ut
2112 2369 2302 2429 etiam
2364 2387 2586 2430 omnes
2649 2374 2776 2428 tam
2835 2369 2932 2430 sui
2992 2390 3310 2451 quamque
3369 2373 3560 2433 etiam

311 2481 695 2539 Francorum
741 2476 974 2538 ibidem
1021 2476 1421 2537 existentium
1465 2493 1686 2536 omnes
1729 2493 1870 2536 eum
1916 2475 2325 2556 desperarent
2368 2474 2474 2555 (Iz).
2523 2475 2642 2537 Sed
2689 2476 2942 2538 Domini
2982 2477 3097 2537 Dei
3141 2478 3340 2539 nostri
3397 2479 3561 2541 inef-

310 2585 518 2646 fabilis
561 2583 917 2657 clementia,
965 2583 1070 2662 qui
1117 2601 1241 2643 non
1287 2582 1519 2643 deserit
1560 2587 1884 2662 sperantes
1926 2582 1990 2642 in
2034 2600 2123 2657 se,
2170 2581 2412 2642 salvum
2470 2582 2732 2662 cupiens
2791 2582 3095 2644 domuum
3158 2585 3561 2648 Christianis-

312 2693 566 2768 simum,
611 2691 760 2752 dum
807 2709 947 2750 eum
992 2689 1063 2770 (ι’)
1110 2708 1292 2750 mane
1338 2695 1651 2749 mortuum
1699 2689 1980 2750 invenire
2025 2688 2390 2769 sperabant,
2436 2688 2642 2758 subito
2686 2689 2812 2751 alio
2869 2691 2970 2750 die
3031 2710 3222 2752 sanus
3277 2700 3562 2774 repertus

313 2806 428 2862 est.
474 2797 780 2878 Pippinus
822 2815 969 2858 vero
1015 2815 1121 2856 rex
1165 2814 1305 2856 cum
1351 2795 1804 2867 admonitione,
1851 2795 2056 2874 gratia
2096 2800 2160 2855 et
2215 2795 2500 2855 oratione
2559 2795 2753 2874 ipsius
2813 2797 3190 2858 venerabilis
3246 2799 3562 2878 pontiﬁcis

185 2912 272 2971 10
315 2905 662 2978 absolutus,
711 2903 774 2964 in
821 2904 956 2964 loco
1003 2902 1084 2984 (ﬂ
1129 2901 1238 2982 qui
1279 2901 1626 2962 Carisiacus
1671 2900 1759 2982 (Ic)
1799 2901 2178 2981 appellatur,
2225 2919 2515 2980 pergens,
2565 2901 2780 2982 ibique
2840 2921 3236 2984 congregans
3297 2913 3561 2968 cunctos

313 3031 607 3094 proceres
653 3010 841 3089 regiae
885 3029 1014 3071 suae
1061 3008 1406 3089 potestatis,
1457 3014 1520 3068 et
1563 3027 1669 3068 eos
1712 3008 1872 3068 tanti
1917 3007 2120 3068 Patris
2162 3008 2593 3068 admonitione
2634 3007 2946 3084 imbuens,
2993 3011 3212 3073 statuit
3267 3029 3410 3073 cum
3474 3013 3562 3074 eis

314 3139 458 3200 quae
503 3118 715 3191 semel,
764 3117 1011 3178 Christo
1055 3116 1328 3192 favente,
1378 3134 1503 3176 una
1545 3133 1689 3175 cum
1734 3114 1953 3175 eodem
1999 3114 2361 3176 beatissimo
2407 3133 2577 3195 papa
2632 3116 3015 3192 decreverat,
3071 3119 3397 3199 perﬁcere.

397 3260 563 3314 245
611 3253 860 3312 Interea
902 3248 1386 3312 nefandissimus
1445 3247 1748 3309 Aistulfus
1803 3248 2356 3321 Carolomannum,
2414 3249 2673 3310 fratrem
2719 3249 2787 3331 (1)
2833 3251 3267 3330 benignissimi
3308 3255 3563 3336 Pippini

313 3360 478 3438 regis
522 3377 559 3418 a
604 3357 984 3419 monasterio
1029 3355 1196 3417 beati
1239 3355 1581 3428 Benedicti,
1631 3353 1694 3414 in
1739 3373 1864 3435 quo
1909 3354 2132 3415 devote
2192 3373 2306 3434 per
2361 3355 2714 3416 revolutum
2768 3359 3065 3438 temporis
3106 3361 3379 3440 spatium
3426 3383 3560 3425 mo-

314 3465 579 3528 nachice
625 3463 725 3544 (m)
771 3463 1060 3542 degebat,
1110 3461 1436 3522 diabolicis
1479 3461 1535 3522 ei
1578 3461 1976 3522 suasionibus
2019 3461 2292 3522 suadens
2337 3463 2666 3523 Franciam
2730 3465 3118 3543 provinciam
3180 3469 3259 3528 ad
3317 3470 3564 3532 obicen-

315 3573 469 3634 dum
517 3571 603 3653 (η)
647 3577 838 3651 atque
880 3569 1342 3630 adversandum
1387 3587 1593 3629 causas
1637 3568 2087 3648 redemptionis
2148 3573 2384 3629 sancta:
2429 3569 2538 3631 Dei
2583 3570 2874 3632 Ecclesiae
2919 3573 3300 3654 Reipublicaa
3346 3578 3568 3640 Roma.

227 3686 268 3743 5
315 3698 568 3754 norum,
629 3678 879 3738 direxit.
926 3680 1215 3756 Dumque
1270 3676 1420 3737 illuc
1463 3675 1893 3755 conjunxisset
1953 3674 2056 3755 (ο),
2104 3675 2425 3736 nitebatur
2467 3677 2724 3738 omnino
2780 3683 2842 3739 et
2882 3679 3317 3744 vehementius
3358 3684 3570 3749 decer-

317 3787 494 3847 tebat
553 3790 785 3846 sanctae
842 3784 953 3844 Dei
1024 3783 1316 3843 Ecclesiae
1394 3801 1647 3843 causam
1727 3782 2112 3853 subvertere,
2163 3781 2352 3859 juxta
2435 3782 2605 3860 quod
2668 3802 2706 3844 a
2775 3786 3040 3865 praefato
3115 3808 3230 3850 nec
3297 3791 3564 3856 dicendo

315 3891 586 3954 Aistulfo
649 3897 920 3970 tyranno
980 3891 1185 3950 fuerat
1239 3888 1537 3948 directus.
1599 3885 1722 3947 Sed
1779 3887 2165 3966 pr0pitiante
2223 3887 2492 3948 Domino
2547 3889 2806 3951 minime
2861 3893 3060 3954 valuit
3132 3895 3228 3957 sui
3282 3901 3566 3976 germani

318 3997 836 4060 Christianissimi
889 3995 1140 4076 Pippini
1195 3993 1361 4073 regis
1417 3995 1801 4054 Francorum
1858 3993 1924 4052 in
1983 3992 2104 4052 hoc
2151 3992 2488 4054 ﬁrmissum
2537 4013 2647 4056 cor
2692 3995 3016 4073 inclinare,
3068 4002 3283 4063 Potius
3326 4013 3561 4084 autem,

187 4113 270 4170 10
318 4109 644 4185 comperta
688 4102 1055 4183 nequissimi
1109 4101 1358 4163 Aistulﬁ
1413 4100 1716 4173 versutia,
1778 4104 1913 4161 tota
1988 4116 2051 4160 se
2100 4099 2328 4160 virtute
2398 4101 2564 4162 idem
2643 4103 3201 4170 excellentissimus
3263 4111 3568 4193 Pippinus

319 4214 708 4272 Francorum
771 4228 878 4269 rex
935 4208 1251 4287 professus
1309 4210 1402 4267 est
1443 4205 1764 4267 decertare
1817 4224 1932 4286 pro
1989 4222 2180 4265 causa
2236 4212 2470 4267 sanctae
2523 4208 2632 4268 Dei
2713 4208 3028 4280 Ecclesiae,
3089 4214 3250 4276 sicut
3325 4219 3565 4298 pridem

313 4317 449 4396 jam
509 4317 639 4377 fato
683 4315 1044 4376 beatissimo
1099 4313 1527 4394 spoponderat
1584 4311 1887 4392 pontiﬁci.

403 4457 572 4510 246
627 4453 804 4512 Tunc
863 4448 999 4528 pari
1055 4447 1315 4509 consilio
1372 4446 1569 4507 isdem
1629 4445 2058 4507 sanctissimus
2114 4465 2282 4526 papa
2332 4465 2474 4508 cum
2525 4447 2931 4510 denominato
2979 4453 3360 4519 Francorum
3421 4479 3569 4539 rege

319 4557 584 4620 consilio
637 4556 791 4617 inito
843 4554 1028 4634 juxta
1082 4555 1148 4615 id
1214 4553 1385 4634 quod
1460 4552 1761 4634 praefatus
1833 4553 2334 4615 Carolomannus
2405 4555 2535 4616 Deo
2593 4573 2659 4616 se
2716 4555 3056 4619 devoverat
3129 4565 3566 4629 monachicam

324 4665 554 4743 degere
627 4662 846 4736 vitam,
923 4661 989 4722 in
1065 4660 1446 4722 monasterio
1526 4677 1670 4721 eum
1751 4659 1881 4721 illic
1953 4661 2017 4720 in
2107 4661 2371 4722 Francia
2431 4661 2518 4742 (p)
2579 4662 3068 4726 collocaverunt.
3129 4668 3249 4729 Ubi
3310 4677 3372 4731 et
3426 4680 3570 4753 post

318 4771 682 4850 aliquantos
738 4769 870 4830 dies
929 4767 1143 4828 divina
1184 4767 1514 4828 vocatione
1572 4767 1650 4828 de
1705 4765 1825 4827 hac
1895 4765 2034 4827 luce
2117 4767 2414 4846 migravit
2478 4786 2644 4829 anno
2717 4769 2969 4830 Domini
3025 4772 3143 4831 735
3195 4773 3304 4854 (ᾳ).
3369 4778 3567 4839 Porro

231 4883 272 4939 5
321 4875 894 4939 Christianissimus
947 4873 1254 4954 Pippinus
1311 4877 1696 4935 Francorum
1757 4891 1891 4948 rex,
1945 4878 2015 4932 ut
2071 4892 2215 4934 vere
2270 4873 2438 4934 beati
2493 4875 2663 4935 Petri
2717 4873 2939 4949 fidelis,
3006 4882 3194 4956 atque
3263 4879 3397 4958 jam
3455 4883 3569 4943 fati

319 4982 708 5045 sanctissimi
767 4981 1079 5062 pontiﬁcis
1122 4980 1464 5042 salutiferis
1519 4980 1966 5060 obtemperans
2040 4980 2296 5040 monitis
2357 4979 2431 5061 (r)
2490 4979 2719 5041 direxit
2791 4999 2941 5041 suos
3011 4983 3234 5045 missos
3300 4986 3568 5047 Aistulfo

1348 5272 1600 5318 NOTULE
1640 5272 2022 5320 HARGINALES
2065 5271 2386 5318 FABBOTTI.

221 5527 308 5599 (αὶ
334 5522 582 5599 excelsa.
619 5520 1162 5599 (b)virib_us.l(c)_s_et_1
1189 5523 1397 5599 caetera
1416 5518 1544 5599 loca
1563 5519 1685 5589 juri
1704 5519 1950 5599 reipubl.
1968 5523 2160 5599 modis
2185 5520 2461 5599 omnibus
2493 5519 2749 5599 reddere.
2773 5517 3278 5599 (drParisiaeum.
3295 5520 3572 5599 (e)hiber-

221 5537 302 5599 (a)
334 5537 582 5581 excelsa.
619 5537 940 5595 (D)Vtt‘lDllS.
975 5537 1045 5596 (e)
1059 5537 1162 5577 seu
1189 5537 1397 5574 cetera
1417 5537 1544 5574 ioca
1563 5537 2160 5644 Jurirezpunl.mouis
2185 5537 2461 5577 omnibus
2493 5537 2749 5577 renuere.
2773 5537 3570 5593 (a)'rar131aeum.(e)niner-

146 5595 442 5653 nandum.
478 5596 549 5666 (f)
571 5593 913 5671 eomitante.
943 5593 1020 5664 (g)
1056 5591 1183 5671 Vide
1211 5595 1414 5646 Baron.
1437 5589 1666 5671 niden.
1701 5591 1767 5643 75
1809 5631 1820 5644 .
1855 5592 2202 5671 (QfFranci
2226 5591 2860 5671 ibidem‘existentesde
2879 5591 3007 5659 ejus
3028 5590 3145 5671 vita
3165 5592 3570 5671 desperarent.

147 5671 254 5736 (i)'
289 5659 538 5723 omnem
563 5659 1040 5736 ﬁerihornine'in,
1075 5663 1226 5736 dum
1246 5678 1399 5736 eum.
1431 5659 2408 5736 (j)fad_l_ocum_.A(k)_B,Parisiacus.
2440 5662 2751 5736 (l)_‘Carolo
2783 5663 2992 5736 Magno
3024 5659 3574 5736 fratri_.g(n'z)‘mona-

147 5730 494 5831 eh‘u's'hmln'
526 5751 662 5791 eum
693 5733 756 5788 in
789 5733 1050 5831 Franci/aq
1071 5731 1429 5831 prpvineiam
1450 5730 1534 5787 ad
1568 5730 1679 5786 sibi
1712 5730 2120 5789 obedien’dum.
2157 5733 2260 5807 (o)‘
2293 5730 2669 5808 pervenisset.
2702 5736 2817 5810 (p)'
2849 5730 3083 5790 Viennae
3115 5730 3572 5799 collocaverunt.

149 5811 230 5888 ((1)
265 5807 397 5869 Vide
420 5807 621 5866 Βανοη.
656 5821 793 5864 ann.
821 5805 945 5863 754.
978 5804 1051 5881 (ν)
1073 5804 1101 5831 ἶ
1125 5804 1334 5879 jussis.
