3934 6202
419 136 576 197 1095
1562 130 1981 194 ANASTASII
2025 129 2679 193 BIBLIOTHECARII.
3667 135 3810 199 1096

579 268 962 350 nequissima
1007 265 1567 347 Langobardorum
1638 263 1770 343 regi
1831 268 2090 344 propter
2148 263 2324 344 pacis
2379 263 2642 337 foedera,
2689 268 2751 324 et
2811 263 3219 345 proprietatis
3273 271 3509 329 sanctae
3575 268 3654 350 (α)
3709 270 3810 332 Dei

579 373 892 447 Ecclesiae,
939 392 1011 433 ac
1056 371 1434 451 Reipublicae
1488 369 1874 430 restituenda
1929 369 2098 448 jura,
2146 375 2336 447 atque
2387 369 2482 428 bis
2524 374 2588 429 et
2649 369 2832 430 tertia
2888 368 3075 447 juxta
3133 371 3420 451 saepefati
3477 372 3806 454 beatissimi

577 501 759 563 papa:
802 480 1293 541 admonitionem
1340 496 1483 538 eum
1529 476 1901 556 deprecatus
1944 481 2056 550 est,
2105 482 2168 537 et
2214 477 2399 555 plura
2448 475 2504 536 ei
2547 475 2864 555 pollicitus
2908 482 3005 538 est
3078 488 3366 553 munera,
3418 485 3491 540 ut
3546 485 3810 545 tantum-

456 590 534 650 10
578 588 765 650 modo
810 586 1067 666 pacifice
1111 584 1371 665 propria
1414 583 1771 643 restitueret
1817 583 2127 662 prapriis;
2175 583 2283 643 sed
2327 582 2456 656 ille,
2504 587 2761 662 peccato
2804 583 3200 659 imminente,
3246 584 3505 647 obedire
3555 586 3805 650 distulit.

472 671 499 695 λ’
573 695 668 756 Ad
712 695 837 755 hoc
903 692 1099 753 isdem
1144 690 1412 751 eximius
1469 691 1857 751 Francorum
1920 708 2053 763 rex,
2117 706 2380 750 cernens
2441 686 2612 769 quod
2659 690 3034 751 atracissimi
3090 690 3340 752 Aistulfi
3409 711 3805 774 nequaquam

569 802 808 861 valeret
849 815 1104 879 quoqua
1151 797 1336 858 modo
1381 815 1640 858 saxeum
1686 796 1931 857 mollire
1973 814 2102 869 car,
2156 796 2513 873 generalem
2557 802 2782 858 contra
2827 814 2975 859 eum
3017 797 3298 859 decrevit
3339 799 3548 862 facere
3592 801 3806 864 matia-

570 928 738 971 nem.
779 909 857 968 Et
895 906 1045 966 dum
1099 903 1236 984 jam
1310 904 1440 965 fere
1521 903 1798 964 medium
1854 902 2100 964 itineris
2152 903 2425 983 spatium
2505 904 2895 963 Francorum
2967 904 3314 966 exercitum
3398 907 3805 985 graderentur

569 1015 771 1089 cunei,
820 1030 1069 1074 rursum
1114 1012 1249 1091 ipse
1293 1010 1724 1071 sanctissimus
1766 1010 1862 1070 vir
1905 1011 2241 1090 praefatum
2296 1009 2826 1089 benignissimum
2887 1010 3262 1091 deprecatus
3322 1021 3418 1075 est
3472 1013 3800 1094 Pippinum

447 1126 523 1185 15
567 1140 799 1202 regem,
853 1120 1108 1180 demum
1152 1117 1234 1200 (ὁ)
1280 1117 1621 1179 saevissimo
1669 1116 1938 1179 Aistulf‘o
1983 1116 2171 1197 dirigi
2212 1116 2779 1195 Langobardorum
2813 1117 2976 1197 regi,
3008 1118 3062 1178 si
3101 1137 3228 1198 quo
3274 1118 3462 1182 modo
3508 1121 3806 1201 potuisset

566 1230 665 1291 vel
709 1246 847 1290 sera
906 1226 1157 1286 tandem
1221 1225 1357 1304 ejus
1404 1224 1623 1285 sedare
1680 1224 2006 1296 saevitiam,
2069 1229 2133 1284 et
2187 1224 2446 1303 propria
2502 1223 2775 1304 propriis
2829 1223 3245 1287 saluberrime
3312 1226 3613 1289 suaderet
3669 1224 3801 1291 red-

563 1338 712 1398 dere
768 1335 1007 1414 absque
1062 1332 1328 1393 humani
1377 1331 1680 1393 eliusione
1735 1331 2080 1410 sanguinis.
2142 1332 2220 1392 Et
2274 1331 2363 1391 ita
2417 1331 2652 1391 factum
2699 1336 2813 1405 est,
2867 1336 3055 1411 atque
3118 1332 3328 1395 denuo
3403 1334 3540 1413 ipse
3624 1335 3799 1396 beni-

567 1443 904 1526 gnissimus
964 1444 1349 1501 Francorum
1412 1456 1520 1499 rex
1581 1457 1726 1499 suos
1783 1439 1985 1499 eidem
2040 1437 2311 1500 Aistulto
2369 1437 2540 1498 misit
2596 1437 2842 1499 missas.

646 1557 807 1617 τις
873 1546 995 1609 Sed
1065 1545 1460 1607 beatissimus
1534 1544 1730 1606 isdem
1809 1562 1998 1625 papa,
2074 1549 2144 1604 ut
2206 1561 2352 1605 vere
2425 1547 2608 1623 pater
2682 1549 2745 1605 et
2815 1545 3022 1606 bonus
3089 1550 3326 1625 pastor,
3400 1564 3482 1609 ne
3555 1545 3805 1626 sanguis

559 1656 990 1720 effunderetur
1046 1652 1572 1725 Christianorum,
1634 1650 2087 1712 admonitionis
2141 1656 2205 1710 et
2262 1644 2715 1711 obsecrationis
2772 1651 3152 1731 apostolicus
3225 1652 3285 1712 ei
3354 1651 3589 1714 direxit
3642 1652 3801 1715 litte-

559 1782 683 1838 ras,
743 1780 856 1843 per
909 1778 1015 1822 eas
1072 1765 1137 1820 et
1193 1758 1440 1820 fortiter
1497 1776 1611 1838 per
1665 1757 1878 1819 omnia
1933 1757 2149 1818 divina
2206 1756 2505 1839 mysteria
2573 1762 2637 1818 et
2709 1758 2907 1818 futuri
2979 1757 3292 1820 examinis
3356 1757 3527 1821 diem
3585 1759 3802 1839 conju-

557 1889 705 1933 rans
761 1874 951 1948 atque
1007 1867 1331 1928 obtestans
1399 1870 1468 1925 ut
1540 1864 1802 1945 paciﬁce
1872 1864 2009 1926 sine
2085 1864 2218 1927 ulla
2289 1863 2615 1943 sanguinis
2687 1864 2990 1926 effusione
3064 1864 3327 1945 propria
3396 1870 3633 1928 sanctae
3695 1867 3806 1929 Dei

476 1981 514 2040 5
554 1976 849 2040 Ecclesiae
922 1980 985 2035 et
1058 1972 1442 2052 Reipublicae
1518 1974 1948 2032 Romanorum
2023 1969 2314 2032 redderet
2373 1970 2579 2050 jura;
2637 1970 2747 2032 sed
2821 1971 3157 2051 iniquitate
3236 1971 3374 2051 ejus
3438 1972 3798 2047 obsistente,

554 2099 953 2165 nequaquam
1014 2078 1407 2160 acquiescere
1466 2079 1687 2139 voluit.
1745 2079 1964 2139 Potius
2021 2084 2233 2140 autem
2292 2096 2326 2139 e
2379 2077 2698 2139 contraria
2756 2078 2960 2139 minas
3018 2083 3082 2140 et
3134 2078 3604 2158 indignationes
3655 2098 3804 2161 pree-

552 2194 682 2253 fato
737 2187 1019 2270 pontifici
1074 2192 1131 2247 et
1187 2185 1714 2246 excellentissima
1769 2185 2043 2265 Pippino
2101 2185 2233 2265 regi
2287 2184 2386 2247 vel
2441 2186 2683 2247 cunctis
2753 2187 3010 2246 Francis
3081 2184 3332 2247 direxit.
3393 2189 3572 2248 Tunc
3645 2186 3801 2249 fixus

551 2298 631 2378 (c)
690 2298 751 2357 in
809 2292 1260 2373 omnipotentis
1320 2292 1432 2352 Dei
1507 2291 1938 2352 misericordia
2014 2292 2336 2354 antefatus
2405 2291 2713 2371 Pippinus
2787 2292 3174 2354 Francorum
3249 2311 3360 2354 rex
3427 2292 3551 2355 iter
3618 2312 3796 2356 suum

547 2404 867 2485 profectus
921 2399 1005 2480 (ιΙ)
1085 2404 1198 2474 est,
1283 2398 1675 2478 praemittens
1749 2404 1895 2459 ante
1952 2416 2136 2459 suum
2211 2416 2540 2459 occursum
2616 2398 2864 2479 aliquas
2937 2417 3014 2462 ex
3089 2399 3219 2485 suis
3292 2400 3682 2485 proceribus,
3739 2408 3800 2462 et

434 2515 507 2574 ΤΟ
548 2529 691 2573 cum
751 2509 841 2570 eis
898 2506 1309 2568 exercituales
1373 2506 1543 2566 viros
1611 2505 1693 2565 ad
1764 2505 2246 2566 custodiendum
2325 2506 2612 2586 proprias
2681 2508 3067 2568 Francorum
3143 2506 3349 2569 clusas
3405 2507 3527 2588 (e);
3588 2508 3799 2589 ibique

547 2616 1008 2697 conjungentes
1066 2613 1291 2674 remoti
1340 2611 1726 2685 residebant,
1784 2612 2024 2692 proprii
2082 2612 2246 2690 regis
2303 2613 2738 2692 praestolantes
2804 2613 3170 2675 adventum.
3230 2614 3506 2675 Audiens
3579 2614 3793 2695 itaque

546 2729 878 2806 protervus
931 2721 1036 2781 ille
1091 2717 1413 2793 Aistult‘us,
1453 2737 1681 2798 parvos
1739 2718 1926 2780 fuisse
1982 2721 2256 2780 Francos
2313 2718 2456 2780 illos
2511 2719 2621 2798 qui
2677 2719 2758 2780 ad
2827 2720 3179 2781 custodiam
3228 2720 3631 2802 propriarum
3681 2721 3793 2783 ad-

539 2835 845 2892 venerant
916 2828 1257 2899 clusarum,
1337 2826 1535 2887 ﬂdcns
1610 2827 1675 2885 in
1747 2844 1861 2886 sua
1936 2826 2259 2887 feracitate
2316 2825 2420 2906 (Γ),
2481 2826 2688 2887 subito
2765 2828 3054 2907 aperiens
3128 2827 3352 2902 clusas,
3424 2846 3619 2909 super
3690 2847 3797 2890 eas

540 2935 796 2998 diliculo
852 2952 993 2995 cum
1052 2932 1344 3013 plurin.is
1400 2931 1782 2993 exercitibus
1835 2931 2042 2992 irruit.
2104 2931 2224 2995 Sed
2277 2932 2488 3011 justus
2537 2932 2736 3011 judex
2803 2933 3107 2995 Dominus
3160 2936 3326 2995 Deus
3380 2940 3445 2995 et
3501 2935 3799 2998 Salvator

419 3050 495 3108 15
539 3048 751 3105 noster
823 3043 1005 3103 Jesus
1099 3039 1383 3101 Christus
1455 3038 1785 3099 victoriam
1863 3037 2261 3118 paucissimis
2331 3038 2456 3099 illis
2531 3038 2752 3100 tribuit
2812 3040 3096 3102 Francis.
3171 3042 3251 3101 Et
3314 3040 3795 3103 multitudinem

537 3151 708 3231 illam
762 3146 1327 3228 Langobardorum
1384 3151 1755 3225 superantes
1829 3144 2326 3219 trucidaverunt,
2386 3145 2478 3207 ita
2548 3150 2618 3207 ut
2690 3147 2824 3227 ipse
2891 3146 3200 3208 Aistulfus
3271 3148 3425 3227 fuga
3500 3131 3796 3229 arreptus

533 3258 637 3319 vix
695 3255 775 3317 ab
832 3272 1051 3316 eorum
1104 3252 1372 3315 evadere
1450 3252 1755 3332 potuisset
1831 3253 2140 3325 manibus,
2211 3251 2331 3313 nisi
2408 3271 2604 3333 usque
2678 3252 2744 3315 in
2816 3254 3083 3334 Papiam
3152 3254 3470 3316 civitatem
3551 3256 3793 3336 absque

534 3363 727 3425 armis
784 3363 996 3439 fugam
1056 3360 1463 3445 arripuisset;
1518 3358 1583 3419 in
1640 3377 1768 3438 qua
1824 3364 1887 3420 et
1943 3378 2073 3438 prae
2128 3358 2353 3420 timore
2411 3362 2798 3422 Francorum
2856 3379 3000 3422 cum
3057 3360 3399 3441 aliquantis
3453 3379 3524 3423 se
3590 3368 3791 3424 retru-

530 3470 635 3533 sit.
689 3468 814 3549 Ipsi
884 3487 1034 3530 vero
1110 3466 1336 3529 Franci
1400 3466 1797 3541 introeuntes
1853 3466 2078 3545 clusas,
2138 3472 2434 3528 cunctum
2494 3468 2797 3529 fossatum
2853 3468 2938 3550 (g)
2996 3467 3563 3549 Langobardorum
3645 3475 3789 3549 post

360 3582 489 3645 -20
531 3583 848 3659 peractam
907 3576 1142 3637 caedem
1199 3572 1619 3645 abstulerunt,
1678 3574 1881 3653 spolia
1940 3572 2141 3636 multa
2194 3575 2575 3636 auferentes.

608 3692 773 3745 248
832 3682 1235 3761 Conjuugens
1309 3698 1456 3742 vero
1529 3679 2094 3741 Christianissimus
2167 3680 2473 3761 Pippinus
2549 3684 2937 3744 Francorum
3007 3700 3141 3756 rex,
3220 3681 3516 3762 sequipes
3589 3681 3787 3743 etiam

523 3791 660 3872 ejus
717 3792 944 3863 factus,
1003 3793 1067 3849 et
1122 3788 1441 3849 antefatus
1492 3786 1892 3848 beatissimus
1947 3805 2138 3868 papa,
2195 3807 2394 3867 usque
2451 3788 2533 3849 ad
2605 3807 2822 3850 mueos
2896 3788 3164 3853 civitatis
3235 3788 3449 3868 Papiae
3528 3788 3789 3869 utrique

523 3900 969 3980 pervenerunt.
1030 3895 1229 3967 Quam
1282 3899 1346 3957 et
1392 3892 1755 3967 obsidentes
1783 3912 1896 3974 per
1949 3893 2308 3974 aliquantae
2363 3894 2499 3957 dies
2552 3896 2816 3956 viriliter
2865 3914 3003 3958 eam
3081 3897 3470 3957 Francorum
3537 3895 3788 3956 exerci-

519 4012 621 4066 tus
676 4002 1190 4067 constrinxerunt
1257 3999 1367 4081 (/1).
1428 4002 1605 4062 Tunc
1663 3999 1798 4079 jam
1874 4000 2042 4063 fatus
2101 3982 2504 4063 beatissimus
2578 4006 2643 4062 et
2715 4001 3115 4083 caangelicus
3190 4019 3357 4082 papa
3433 4000 3787 4081 Pippinum

432 4116 471 4175 5
519 4112 891 4192 deprecatus
945 4112 1042 4171 est
1096 4107 1616 4187 benignissimum
1667 4124 1900 4186 regem,
1955 4112 2026 4168 ut
2071 4086 2213 4187 jam.
2267 4107 2539 4191 amplius
2595 4109 2832 4169 malum
2882 4108 3004 4170 hoc
3052 4126 3178 4169 non
3227 4107 3621 4188 proveniret,
3686 4107 3783 4189 (ι’),

514 4236 719 4298 neque
775 4216 1035 4295 sanguis
1090 4214 1521 4277 effunderetur
1574 4204 2101 4286 Christianorum,
2153 4214 2494 4276 imminens
2551 4215 2873 4277 salutifera
2928 4213 3404 4297 praedicatione,
3466 4219 3540 4275 ut
3602 4214 3783 4295 paci-

514 4325 630 4387 fice
697 4342 904 4386 causa:
976 4323 1332 4415 finirentur.
1411 4320 1509 4382 Ad
1579 4318 1715 4380 haec
1788 4318 2355 4383 Christianissimus
2428 4322 2737 4402 Pippinus
2807 4325 3195 4383 Francorum
3274 4340 3409 4394 rex,
3487 4319 3787 4397 ejusdem

510 4430 856 4493 beatissimi
910 4430 1115 4490 Patris
1171 4434 1236 4488 et
1290 4427 1440 4487 boni
1496 4426 1766 4507 pastoris
1822 4427 2085 4488 audiens
2142 4424 2218 4509 (λ’)
2279 4427 2758 4508 adimplensque
2815 4427 3340 4501 admonitionem,
3396 4426 3532 4489 Dea
3591 4426 3789 4490 dilec-

512 4543 639 4600 tam
694 4555 916 4617 pacem
987 4534 1276 4606 inientes,
1353 4537 1543 4612 atque
1607 4532 1673 4592 in
1748 4533 1984 4613 scripta
2050 4533 2291 4597 fcedera
2362 4535 2639 4615 partium
2714 4534 3100 4597 afﬁrmantes
3174 4514 3343 4595 inter
3421 4535 3779 4608 Romanas,

388 4647 463 4733 10
505 4647 782 4708 Francos
838 4648 901 4702 et
952 4637 1427 4719 Langobardos,
1487 4644 1550 4700 et
1605 4639 1856 4700 obsides
1899 4639 2465 4720 Langobardorum
2512 4642 2711 4703 isdem
2761 4641 3146 4703 Francorum
3198 4620 3309 4702 rex
3362 4639 3721 4703 abstollens
3762 4661 3780 4704 :

504 4747 1026 4842 epapondit'ipse
1081 4744 1381 4806 Aistulfus
1438 4763 1578 4806 cum
1636 4745 1941 4808 universis
1997 4748 2125 4808 suis
2181 4746 2526 4826 judicibus,
2577 4748 2693 4810 sub
2740 4749 3007 4810 terribili
3061 4754 3124 4810 et
3169 4747 3519 4810 fortissima
3568 4766 3785 4810 sacra-

505 4860 744 4927 menta,
804 4858 994 4930 atque
1048 4850 1112 4909 in
1172 4850 1392 4912 eadem
1453 4851 1622 4931 pacti
1673 4852 1911 4914 foedere
1964 4870 2078 4934 per
2130 4855 2427 4934 scriptam
2481 4857 2779 4936 paginam
2828 4855 3171 4917 affirmavit
3219 4873 3286 4916 se
3335 4854 3510 4916 illico
3563 4853 3782 4918 reddi-

501 4967 717 5022 turum
770 4958 1084 5018 civitatem
1138 4957 1597 5019 Ravennatium
1655 4977 1797 5019 cum
1854 4960 1993 5021 aliis
2049 4960 2310 5022 diversis
2369 4962 2750 5024 civitatibus.

586 5070 756 5125 $49
811 5066 888 5125 Et
942 5070 1082 5145 post
1137 5063 1284 5138 hoc,
1341 5065 1509 5125 facta
1563 5083 1717 5144 pace
1760 5067 1927 5127 inter
1978 5070 2317 5144 Romanas,
2381 5072 2655 5131 Francos
2714 5075 2776 5130 et
2832 5067 3304 5148 Langobardos,
3366 5087 3481 5129 rex
3537 5067 3769 5149 Pippi-

500 5188 620 5234 nus
667 5168 912 5233 absides
937 5171 1501 5252 Langobardorum
1532 5189 1746 5234 secum
1772 5172 2008 5237 ducens
2036 5174 2103 5236 in
2133 5174 2364 5237 ﬁnibus
2394 5175 2523 5237 suis
2551 5175 2759 5237 rediit.
2793 5176 3075 5257 Cumque
3105 5175 3185 5237 ab
3229 5174 3507 5237 invicem
3552 5172 3778 5237 essent

1513 5320 1767 5367 NOTULE
1808 5323 2197 5371 ιιΑιιρωΑικε
2238 5325 2560 5372 FABROTTI.

350 5436 572 5525 H(a)_B,
604 5439 851 5525 praefata;
877 5443 1112 5525 sanctae.
1141 5440 1220 5525 (lg)
1246 5438 1462 5525 denuo.
1495 5436 1561 5525 (ρ)
1585 5437 2360 5525 ﬁsus.l(d)‘13,‘p‘rasecutu.s.
2393 5441 2804 5525 (e)B.clausas.
2827 5442 2895 5518 (ι)
2925 5441 3302 5525 fortitudine:
3330 5440 3408 5525 (ρ)
3440 5440 3771 5525 fossatum,

336 5506 396 5586 ᾖα
420 5506 499 5568 ea
524 5506 733 5586 castra.
764 5512 845 5586 (ἡ)
874 5506 1240 5569 constrinxit.
1271 5511 1337 5581 (ἱ)
1351 5507 1729 5586 perveniret._
1757 5506 1880 5581 (1')"
1910 5506 2135 5586 Αόᾝρο
2162 5506 2460 5586 Pippinus
2489 5530 2588 5571 rex
2635 5506 2895 5586 audiens
2930 5530 3030 5570 eos
3060 5512 3191 5585 paci
3220 5506 3549 5586 inhiantes,
3581 5506 3774 5586 atque

336 5530 396 5566 ea
422 5530 498 5568 εει
526 5530 733 5569 ϐᾶΒῑῐἮ..
766 5530 845 5584 (η)
874 5530 1240 5569 consu'mxu.
1271 5530 1337 5581 μ)
1368 5530 1714 5581 ΡΕΙὟθΙΠΓΘι-
1757 5530 1827 5581 υ)
1860 5530 1877 5535 “
1910 5530 1994 5566 Λα
2026 5530 2135 5566 n00
2162 5530 2221 5568 1’1
2269 5531 2443 5586 pinus
2489 5530 2588 5571 rex
2635 5530 2881 5571 audiens
2930 5530 3030 5570 608
3060 5530 3191 5585 paci
3220 5530 3549 5578 mutantes,
3581 5530 3774 5583 atque

332 5579 395 5638 in
425 5585 636 5660 scripta
667 5584 880 5643 foedere
909 5587 1149 5659 pactum
1179 5579 1587 5656 promittentes
1616 5579 1763 5640 dixit
1792 5595 2027 5640 summa
2053 5530 2336 5642 Pontiﬁci.
2372 5585 2499 5643 Fiat
2528 5578 2855 5642 secundum
2883 5588 3242 5660 praeeptum
3274 5586 3453 5643 tuum
3481 5579 3774 5641 beatissi-

332 5667 428 5714 me
451 5655 631 5749 Pater.
