3934 6202
156 264 314 325 4-097
871 263 1238 328 HISTORIA
1286 264 1387 328 DE
1431 257 1632 329 vrrrs
1679 263 1866 328 ROM.
1922 255 2244 329 eoN'r.—
2275 237 2738 330 STEPHANUS
2780 266 2858 328 ιι.
3407 268 3562 329 1098

312 395 656 476 segregati,
718 393 990 458 solitum'
1021 397 1086 458 in
1141 397 1404 478 perjurii
1463 389 1726 461 reatum
1767 393 2039 460 inﬁdelis
2097 387 2202 460 ille
2263 377 2568 461 Kistulfus
2624 397 3184 478 Longobardorum
3255 419 3356 461 rex
3419 401 3568 462 inci-

314 504 494 576 dens,
557 502 730 583 quod
779 503 1196 583 jurejurando
1259 506 1567 584 promisit,
1630 501 1888 567 reddere
1944 493 2208 566 distulit.
2272 509 2434 567 Dum
2492 505 2660 566 enim
2736 506 3074 585 saepefatus
3137 506 3566 588 sanctissimus

228 611 268 669 5
317 625 486 690 papa
543 607 961 689 conjungeret
1019 611 1308 685 Romam,
1370 607 1528 692 post
1567 609 1877 693 aliquanti
1936 613 2236 692 temporis
2297 613 2594 692 spatium,
2655 612 2868 672 furore
2942 611 3303 672 vehementi
3361 614 3564 693 reple-

311 722 413 777 tus
495 716 896 778 adversarius
981 716 1113 790 ille,
1171 723 1236 779 et
1302 736 1432 779 sua}
1517 719 1745 780 anima:
1827 719 2141 793 inimicus,
2211 719 2538 790 Aistulfus,
2619 719 2748 779 Deo
2835 717 2954 778 sibi
3037 718 3378 792 contrario,
3439 737 3567 781 non

307 810 537 884 solum
573 821 732 903 quia
783 831 860 884 ea‘
929 819 1084 903 qu‘aé~
1147 824 1524 903 promiserat
1585 817 1842 886 minime
1905 825 2291 906 adimplevit,
2368 824 2474 885 sed
2553 825 2743 885 etiam
2801 830 2863 884 et
2919 825 3276 904 generalem
3335 824 3569 887 faciens

307 929 828 991 commotion‘em'
861 937 1004 990 cum
1055 927 1350 992 universo
1407 931 1585 1011 regni
1642 932 1739 992 sui
1793 931 2359 1011 Longobardorum
2420 931 2655 1012 populo
2715 936 2938 992 contra
2993 925 3159 991 hanc
3215 927 3566 992 Romanam

305 1022 483 1096 venit
535 1035 784 1110 urbem,
847 1039 1058 1116 qu’am'
1101 1055 1217 1117 per
1271 1037 1460 1098 trium
1524 1033 1834 1099 mensium
1901 1038 2105 1118 spatia
2161 1036 2476 1112 obsidens,
2541 1043 2730 1118 atque
2790 1057 2866 1098 ex
2922 1029 3095 1097 omni
3168 1027 3568 1099 circuindans

178 1144 266 1203 10
311 1141 862 1222 parta-quotidie
901 1140 1164 1204 fortiter
1204 1161 1344 1204 eam
1404 1143 1838 1224 eXpugnabat,
1897 1143 2113 1205 Omnia
2165 1139 2310 1224 (ηυδε
2369 1150 2548 1205 erant
2591 1151 2769 1205 extra
2826 1135 3043 1204 urbem
3105 1143 3274 1204 ferro
3329 1150 3392 1205 et
3419 1145 3566 1224 igne

310 1248 667 1309 deva'sta‘ns’
709 1251 900 1328 atque
958 1245 1248 1309 funditus
1299 1245 1648 1312 demolien's
1704 1251 2121 1330 consumpsit.
2177 1250 2518 1311 Imminens
2561 1251 2998 1311 vehementius
3054 1247 3251 1310 isdem
3310 1240 3567 1330 pestifer

307 1355 640 1428 Aistulfus,
698 1357 784 1416 ut‘
819 1354 1008 1417 hanc
1044 1352 1392 1417 llomanam
1452 1359 1679 1436 capere
1735 1357 2086 1438 potuissent
2155 1357 2400 1430 urbem,
2459 1349 2625 1417 nam
2665 1362 2725 1417 el
2781 1357 2980 1417 multa
3039 1375 3308 1438 corpora
3381 1376 3564 1418 sanc-

307 1465 521 1523 torum
578 1460 906 1536 effodiens,
969 1480 1187 1524 eorum
1265 1481 1447 1524 sacra
1519 1464 1818 1544 mysteria
1895 1463 1997 1545 (a),
2073 1463 2150 1524 ad
2231 1482 2533 1542 magnum
2603 1464 2830 1524 animae
2894 1459 3350 1524 detrimentum
3419 1463 3564 1524 abs-

306 1567 502 1642 tulit,

392 1681 565 1738 250
613 1675 762 1735 Hac
817 1673 1033 1756 itaque
1086 1675 1283 1757 impie
1340 1677 1422 1736 ab
1481 1675 1723 1737 eodem
1758 1676 2032 1739 Aistulfo
2090 1681 2269 1756 gesta
2326 1676 2758 1756 quantocitius
2804 1675 3124 1756 saepedicti
3178 1667 3565 1738 Francorum

303 1781 656 1843 insonuere
700 1780 868 1861 regis
943 1782 1016 1842 iu
1085 1799 1270 1844 aures
1327 1781 1434 1862 (ὁ).
1499 1783 1638 1845 Sed
1697 1787 1758 1844 et
1837 1782 2246 1845 beatissimus-
2309 1783 2590 1862 pontifex
2661 1800 2774 1863 per
2847 1783 3190 1843 marinum:
3237 1783 3356 1845 iter
3419 1801 3566 1844 suos

312 1887 641 1961 ordinans,
700 1892 762 1950 et
835 1887 913 1949 ad
1001 1884 1159 1950 eum
1230 1888 1582 1950 Franciam'
1638 1889 1852 1969 dirigit
1929 1890 2172 1963 missos,
2251 1906 2379 1950 una
2462 1907 2604 1950 cum
2683 1885 2966 1968 quodam»
3029 1888 3320 1968 religioso
3405 1890 3564 1964 viro,

307 1994 645 2056 Warnerio
703 1995 980 2068 nomine,
1055 1995 1164 2076 qui
1248 1995 1328 2056 ab
1413 1995 1634 2057 eodem
1713 1997 2100 2057 Francorum
2190 2013 2336 2074 rege
2420 1995 2546 2056 huc
2627 2000 2900 2058 Romam
2976 1995 3250 2057 directus
3331 1998 3560 2058 fuerat.

220 2103 260 2160 5
309 2102 552 2162 Cuncta
606 2113 760 2181 qua!
814 2107 992 2180 gesta
1069 2106 1238 2175 sunt,
1301 2107 1360 2162 et
1416 2119 1558 2182 qua;
1643 2093 1983 2163 crudeliter
2064 2108 2376 2182 tyrannus
2457 2102 2564 2163 ille
2648 2102 2890 2182 peregit
2955 2102 3275 2177 Aistolfus,
3351 2101 3568 2164 subtili

310 2207 565 2269 ﬁctione
622 2208 750 2269 suis
804 2206 1297 2288 (c)‘apostolicis
1353 2203 1767 2270 relationibus
1819 2209 2142 2289 saepefato'
2179 2207 2738 2294 Christianissimo,
2797 2215 2860 2270 et
2917 2208 3048 2293 Dei
3121 2209 3352 2270 cultori
3420 2209 3563 2290 Pip-

309 2315 461 2394 pin-0
519 2317 904 2375 Francorum
965 2311 1284 2376 intimavit
1359 2314 1884 2395 regi,~adjurans
1959 2325 2102 2376 eum
2182 2315 2432 2376 fortiter
2505 2315 2896 2394 ﬁrmiterque
2971 2316 3086 2375 sub
3158 2315 3388 2376 divina'
3442 2315 3568 2376 diei

299 2420 526 2500 judicii
580 2421 1021 2492 obtestatione,
1083 2423 1513 2501 cuncta‘quae
1568 2421 1756 2483 beato
1812 2422 1998 2482 Petro
2057 2419 2525 2501 pollicitus'est
2581 2416 3057 2502 adimplendum
3103 2420 3216 2502 (ά.)
3263 2421 3360 2482 Ad
3416 2439 3565 2483 vero

309 2527 448 2588 haec
502 2526 1073 2588 Christianissimus
1129 2523 1470 2609 Pippinus'
1507 2539 1618 2590 rex
1676 2529 2089 2602 Francorum,
2151 2529 2398 2588 fervore
2453 2527 2599 2588 ﬁdei
2659 2528 3180 2601 motus,-iterum
3255 2545 3396 2589 eum
3456 2517 3568 2589 Dei

175 2637 262 2697 10
310 2634 544 2695 virtute
574 2633 933 2713 generalem
966 2634 1200 2695 faciens
1231 2635 1597 2708 motionem,
1622 2635 1682 2695 in
1713 2634 2275 2714 Longobardorum
2311 2639 2519 2714 partes
2549 2632 2941 2713 conjunxit‘,
2962 2643 3025 2696 et
3052 2632 3256 2695 clusas
3285 2634 3568 2695 funditus

305 2741 671 2802 eorumdem
703 2740 928 2802 evertit
962 2741 1550 2820 Longobardorum.
1579 2742 1832 2802 Etenim
1888 2759 2030 2802 cum
2081 2742 2161 2802 ad
2195 2742 2530 2821 prmdictas
2585 2741 3146 2819 Langobardorum
3202 2741 3410 2801 clusas
3431 2741 3566 2819 jam

305 2835 475 2908 fatus
496 2847 1062 2908 Christianissimus
1091 2848 1396 2928 Pippinus
1423 2848 1809 2908 Francorum
1835 2847 2379 2928 apprOpinquaret
2409 2864 2541 2921 rex,
2588 2846 3056 2926 conjunxerunt
3097 2846 3163 2907 in
3193 2846 3314 2907 hac
3346 2849 3570 2908 Roma-

321 2971 405 3014 na
433 2953 589 3014 urbe
649 2952 722 3032 (f)
755 2953 1114 3033 imperiales
1145 2955 1338 3028 missi,
1401 2954 1736 3032 Gregorius
1783 2955 2020 3015 scilicet
2075 2961 2473 3034 potosecrata
2527 2953 2638 3032 (g),
2695 2959 2758 3014 et
2811 2955 3090 3016 Joannes
3147 2952 3568 3031 Silentiarius,

306 3060 536 3121 direxti
593 3060 672 3121 ad
730 3059 1100 3139 praedictum
1171 3063 1856 3140 Francorum-regem.
1939 3062 2110 3133 Q'uos
2189 3059 2537 3140 suscipiens
2615 3059 3013 3120 beatissimus
3091 3077 3257 3140 papa
3333 3059 3569 3121 eisdem

183 3169 270 3231 15
315 3167 659 3228 motionem
721 3167 968 3247 praafati
1025 3170 1411 3229 Francorum
1488 3167 1652 3246 regis
1711 3167 2048 3228 nuntiavit.
2109 3167 2289 3239 Quod
2373 3166 2628 3246 quidem
2705 3166 2797 3226 illi
2879 3166 3143 3227 dubium
3211 3166 3574 3228 habuerunt

309 3273 631 3336 credendi.
693 3275 770 3335 Et
839 3274 1171 3336 adhaerens
1248 3275 1336 3336 eis
1383 3275 1671 3336 ‘missum
1745 3273 2106 3354 apostolicae
2189 3273 2352 3334 sedis
2408 3291 2515 3335 eos
2596 3274 2662 3334 in
2745 3267 3077 3334 Franciam
3152 3273 3243 3336 ire
3303 3272 3575 3335 absolvit

311 3381 419 3462 (Ιι).
477 3383 554 3442 Et
612 3386 944 3461 pergentes
1003 3381 1250 3443 marino
1336 3381 1556 3443 itinere
1630 3382 2007 3462 quantocius
2085 3381 2420 3441 Massiliam
2495 3381 2924 3454 advenerunt;
2986 3381 3049 3440 in
3101 3371 3573 3461 quamingres-

309 3487 558 3550 dientes
615 3487 976 3550 didicerunt
1022 3487 1159 3566 jam
1207 3488 1583 3568 praedictum
1635 3491 2034 3550 Francorum
2070 3493 2284 3567 regem
2317 3487 2878 3566 Longobardorum
2934 3487 3089 3549 ﬁnes
3145 3488 3333 3549 fuisse
3361 3487 3572 3567 ingre-

314 3612 480 3671 sum,
561 3592 758 3674 juxta
813 3593 1323 3656 adhortationem
1414 3595 1680 3657 antefati
1733 3595 2080 3656 beatissimi
2138 3613 2344 3674 papas,
2405 3600 2468 3655 et
2549 3596 3028 3675 promissionem
3113 3613 3304 3675 quam
3387 3595 3574 3656 beato

177 3701 267 3762 20
313 3702 508 3762 Petro
578 3699 996 3780 jurejurando
1071 3701 1412 3763 obtulerat.
1469 3704 1548 3764 Et
1629 3702 1766 3763 haec
1840 3701 1913 3782 (ι’)
2009 3707 2458 3779 cognoscentes
2510 3701 2631 3781 ipsi
2678 3701 3038 3782 imperiales
3113 3701 3308 3776 missi,
3369 3701 3577 3764 tristes

317 3807 548 3881 effecti,
621 3807 990 3868 nitebantur
1060 3807 1276 3869 dolose
1351 3807 1432 3888 (j)
1509 3809 1771 3869 missum
1837 3809 2201 3888 apostolica;
2259 3808 2426 3868 sedis
2501 3809 2783 3870 detinere
2867 3809 3230 3884 Massiliam,
3305 3815 3372 3870 ut
3455 3809 3573 3870 mi-

309 3913 485 3974 nimc
570 3915 648 3974 ad
737 3913 1103 3994 praedicium
1163 3921 1531 3994 properaret
1609 3932 1846 3993 regem,
1903 3914 2261 3993 atﬁigentes
2346 3933 2490 3975 cum
2548 3915 2755 3976 valide
2805 3913 2910 3997 (k).

400 4027 562 4081 εει
613 4020 759 4095 Sed,
818 4021 1282 4082 interveniente
1334 4020 1520 4082 beato
1578 4022 1764 4082 Petro
1815 4021 2246 4100 apostolorum
2307 4021 2620 4100 principe,
2681 4040 2899 4084 eorum
2961 4023 3190 4084 callida
3265 4022 3346 4083 ad
3418 4021 3584 4082 nibi-

321 4127 457 4188 lum
514 4127 772 4189 redacta
826 4134 924 4191 est
975 4128 1272 4190 versutia.
1332 4130 1556 4208 Itaque
1610 4145 1772 4189 unus
1843 4146 1921 4188 ex
1990 4126 2162 4206 ipsis,
2228 4127 2568 4206 Gregorius
2640 4129 2936 4191 videlicet
3010 4133 3440 4210 prolosecrata
3511 4127 3583 4208 (Ι)

329 4233 696 4314 praecedens
751 4235 1114 4316 apostolicae
1177 4235 1344 4296 sedis
1400 4235 1678 4309 missum,
1741 4233 2030 4295 celeriter
2083 4233 2617 4314 pramominatum
2680 4237 3066 4298 Francorum
3121 4243 3440 4298 assecutus
3496 4237 3592 4306 est

327 4358 570 4418 regem.
632 4360 835 4420 quem
903 4346 966 4403 et
1044 4342 1111 4403 in
1197 4341 1428 4403 ﬁnibus
1511 4340 2079 4421 Longobardorum
2154 4359 2281 4401 non
2355 4341 2660 4420 procula
2733 4344 2931 4423 Papia
2987 4344 3221 4424 reperit
3293 4343 3584 4418 civitate;

253 4448 295 4506 5
342 4453 406 4507 et
465 4446 654 4508 nimis
737 4465 879 4509 eum
947 4449 1314 4528 deprecans,
1378 4455 1570 4529 atque
1654 4449 1838 4530 plura
1919 4447 2238 4528 spondens
2323 4446 2517 4507 tribui
2599 4447 2709 4528 (ιη)
2762 4451 3118 4529 imperialia
3185 4468 3467 4525 munera,
3519 4453 3594 4510 ut

344 4553 814 4616 Ravennatium
902 4555 1123 4616 urbem
1207 4556 1323 4617 vel
1371 4562 1638 4617 caeteras
1719 4553 2000 4635 ejusdem
2065 4553 2442 4616 exarcbatus
2512 4554 2794 4617 civitates
2868 4562 2930 4619 et
3001 4562 3208 4619 castra
3280 4555 3593 4638 imperiali

347 4659 636 4720 tribuens
691 4661 1062 4723 concederet
1117 4662 1365 4724 ditioni.
1426 4665 1506 4723 At
1566 4680 1971 4742 nequaquam
2026 4661 2226 4722 valuit
2280 4661 2708 4722 ﬁrmissimum
2761 4661 2895 4740 jam
2955 4665 3069 4724 fati
3135 4663 3590 4726 Christianissi-

347 4765 436 4826 mi
493 4755 685 4846 atque
741 4763 1176 4848 benignissimi
1250 4769 1453 4830 ﬁdelis
1521 4769 1634 4831 Dei
1707 4775 1772 4830 et.
1843 4769 2146 4830 amatoris
2219 4769 2388 4830 beati
2445 4770 2615 4831 Petri
2664 4769 2958 4849 apostoli,
3017 4771 3254 4833 scilicet
3329 4769 3593 4832 antefati

336 4873 596 4953 Pippini
647 4875 1040 4966 Francorum
1095 4876 1280 4955 regis,
1341 4876 1646 4937 inclinare
1703 4894 1832 4949 cor,
1889 4881 1958 4936 ut
2019 4870 2270 4937 easdem
2324 4877 2610 4938 civitates
2664 4883 2729 4937 et.
2787 4877 2920 4938 loca
2977 4877 3293 4958 imperiali
3348 4879 3587 4940 tribue-

211 4963 299 5041 1ίό
345 4985 444 5039 ret
499 4963 748 5042 ditioni.
805 4979 1102 5044 Asserens
1159 4983 1358 5044 isdem
1415 4983 1528 5045 Dei
1583 4983 1810 5059 cultor,
1871 4982 2238 5043 mitissimus
2295 5001 2428 5055 rex,
2487 4983 2662 5044 nulla
2726 4984 2978 5063 penitus
3035 4985 3279 5047 ratione
3338 4986 3588 5046 easdem

339 5085 626 5148 civitates
689 5106 728 5148 a
784 5095 1095 5169 potestate
1152 5089 1322 5151 beati
1377 5092 1547 5152 Petri
1595 5096 1656 5152 et
1715 5090 1861 5170 jure
1932 5089 2223 5150 Ecclesiae
2298 5090 2599 5150 Romanas
2670 5091 2768 5151 vel
2842 5090 3156 5170 pontiﬁcis
3229 5093 3591 5172 apostolica:

343 5192 510 5281 sedis
581 5192 1032 5275 quoquomodo
1109 5197 1373 5258 alienari
1429 5197 1536 5278 (η).
1598 5199 1939 5258 Afﬁrmans
2039 5197 2228 5259 etiam
2304 5196 2422 5256 sub
2489 5195 2853 5275 juramento
2928 5197 3097 5276 quod
3172 5217 3286 5276 per
3359 5199 3593 5258 nullius

345 5286 636 5361 hominis.
691 5302 972 5365 favorem
1034 5321 1166 5364 sese
1214 5303 1543 5364 certamini
1598 5305 1829 5384 saepius
1884 5304 2178 5377 dedisset,
2231 5302 2350 5363 nisi
2408 5321 2523 5384 pro
2583 5321 2798 5365 amore
2842 5302 3012 5363 beati
3066 5304 3260 5378 Petri,
3319 5308 3381 5363 et
3410 5303 3596 5363 venia

1401 5460 1640 5499 NOTULE
1677 5461 2040 5502 MARGIN'ALES
2088 5461 2381 5502 FABRO'I'I'I.

251 5571 334 5643 (α)
358 5572 381 5595 ¹
411 5571 764 5643 cmmeteria.
845 5570 922 5643 (ὁ)
953 5572 973 5594 "
1006 5569 1396 5643 insonuerunt
1425 5567 1686 5643 auribus.
1729 5567 1798 5643 (ς)
1830 5571 1851 5592 '
1885 5568 2177 5643 subtiliter
2204 5570 2349 5643 suis.
2400 5569 2477 5641 (ά)
2507 5571 2529 5593 *
2561 5567 2670 5623 sub
2703 5565 2880 5643 divini
2903 5562 3114 5643 judicii
3144 5565 3239 5622 die
3270 5566 3593 5643 obtestans,

175 5636 494 5718 ut'cuncta
527 5660 664 5718 quas
689 5636 1933 5718 beataPetropollicitusest,adimplereti
1975 5641 2061 5718 te)
2092 5641 2322 5718 venit.“
2345 5636 2418 5718 (ﬂ
2445 5636 2468 5665 ‘
2498 5638 2851 5718 veneruntip
2865 5636 3308 5718 hancurbem.”
3335 5638 3411 5707 (g)
3433 5640 3599 5718 prato

173 5730 212 5770 θ.
245 5709 515 5768 secretis.
545 5707 562 5714 ’
595 5715 682 5784 th)”
703 5712 983 5779 Absolvit,
1016 5707 1179 5765 idest
1207 5709 1439 5763 dimisit.
1474 5709 1540 5780 (ἱ)
1571 5711 1590 5731 ¹¹
1622 5707 1725 5778 ςιιὲ

172 5782 414 5842 tribuit.
490 5786 572 5859 (η)
610 5785 667 5841 Β.
701 5784 843 5858 pati.

2052 5709 2178 5766 lolo.
2255 5707 2611 5786 (kji'valde.
2689 5711 2754 5781 (ι)
2803 5709 2970 5765 Proto
3020 5722 3054 5761 a
3102 5707 3368 5764 secretis.
3443 5709 3546 5778 (ηπ)
3575 5708 3605 5780 ⁸,

500 5909 769 5974 ΡΑι-ιιοι..
816 5907 917 5974 CX

3191 5902 3268 5966 35
