3934 6202
304 154 455 213 1099
1449 128 1865 212 ANASTASII
1908 142 2561 211 BIBLIOTHECARII.
3526 109 3746 207 nco

462 286 858 360 delictorum,
918 301 1203 346 asserens
1257 288 1320 345 et
1378 283 1498 344 hoc
1557 281 1725 363 quod
1784 281 1962 343 nulla
2034 299 2178 343 eum
2235 280 2321 363 (α)
2379 279 2661 344 thesauri
2735 277 2919 361 copia
2991 275 3257 342 suadere
3329 278 3575 344 valeret
3656 285 3744 343 ut

345 396 418 455 t5
464 392 633 471 quod
691 392 883 453 semel
955 392 1143 454 beato
1218 394 1406 453 Petro
1490 389 1740 462 obtulit,
1806 388 2102 450 auferret.
2163 390 2241 449 Et
2300 387 2433 449 haec
2503 384 2805 469 praedicto
2880 386 3106 466 imper.
3167 384 3357 448 misso
3442 386 3740 450 reddens

466 500 531 559 in
590 498 931 579 responsis.
989 498 1289 560 continuo
1343 515 1484 557 eum
1543 495 1623 556 ad
1683 495 1943 576 propria
1990 494 2397 557 remeandum
2463 512 2575 576 per
2631 493 2821 556 aliam
2886 493 3057 554 viam
3130 493 3425 568 absolvit,
3484 496 3600 577 qui
3668 501 3743 559 et

466 607 603 668 sine
657 606 882 667 effectu
940 606 1203 666 Romam
1261 603 1614 683 conjunxit.

575 736 738 790 εει
801 731 962 790 Dum
1020 747 1169 789 vero
1227 727 1547 789 antefatus
1603 725 2090 808 benignissimus
2143 725 2450 807 Pippinus
2506 727 2896 788 Francorum
2953 742 3065 786 rex
3108 725 3372 806 Papiam
3419 726 3743 790 obsidens

465 837 927 914 constringeret
984 834 1329 907 civitatem,
1388 840 1538 895 tunc
1613 834 1918 895 Aistulfus
1992 832 2421 895 atrocissimus
2496 850 2619 899 rex
2688 831 3279 912 Longobardorum,
3337 839 3411 895 ut
3463 834 3739 896 veniam

464 943 557 1004 illi
613 942 918 1003 tribueret
975 947 1037 1004 et
1092 942 1172 1004 ab
1228 941 1556 1006 obsidione
1603 946 1900 1017 cessaret,
1959 958 2119 1021 quas
2175 939 2348 1021 prius
2420 943 2887 1020 contempserat
2958 938 3347 1021 conscriptas
3419 941 3486 1005 in
3546 945 3744 1022 pacti

464 1049 699 1110 foedere
775 1048 1063 1115 redderet
1134 1048 1443 1122 civitates,
1520 1065 1588 1110 se
1661 1046 1864 1108 modis
1920 1045 2215 1109 omnibus
2291 1046 2609 1128 professus
2682 1050 2779 1107 est
2853 1044 3271 1109 redditurum.
3345 1048 3426 1109 Et
3498 1050 3731 1114 denuo

378 1159 415 1218 5
460 1155 834 1218 confirmato
889 1155 1202 1217 anteriore
1262 1159 1469 1236 pacto,
1528 1153 1701 1235 quod
1757 1171 1872 1234 per
1930 1152 2215 1234 elapsam
2276 1157 2569 1215 octavam
2628 1151 3037 1215 indictionem
3093 1151 3260 1216 inter
3315 1159 3533 1236 partes
3575 1175 3736 1239 pro-

462 1267 723 1324 venerat
779 1261 884 1344 (b),
920 1261 1193 1323 restituit
1247 1260 1418 1342 ipsas
1474 1260 1757 1323 civitates
1813 1259 2130 1342 praalatas,
2193 1259 2432 1321 addens
2519 1263 2584 1321 et
2656 1264 2933 1322 castrum
2987 1258 3161 1341 quod
3225 1263 3736 1341 cognominatur

461 1369 846 1432 Comiaclum
875 1367 978 1450 (ο).
1072 1426 1073 1431 η

546 1501 711 1555 258
757 1496 846 1555 De
902 1493 1132 1573 quibus
1187 1492 1484 1555 omnibus
1538 1492 1805 1574 receptis
1861 1489 2223 1553 civitatibus
2274 1489 2683 1552 donationem
2740 1490 2807 1551 in
2877 1490 3127 1571 scriptis
3181 1510 3221 1553 a
3277 1490 3467 1556 beato
3524 1496 3732 1557 Petro

466 1607 655 1680 atque
713 1620 751 1661 a
806 1606 1025 1661 sancta
1081 1602 1366 1660 Romana
1423 1599 1724 1673 Ecclesia,
1780 1597 1879 1660 vel
1934 1596 2232 1661 omnibus
2290 1597 2356 1659 in
2424 1602 2797 1677 perpetuum
2873 1596 3281 1677 pontiﬁcibus
3352 1601 3732 1681 apostolica:

466 1707 649 1783 sedis,
714 1706 884 1767 misit
931 1706 1395 1787 possidendam,
1456 1724 1599 1786 qua:
1657 1710 1720 1766 et
1776 1722 1973 1786 usque
2033 1703 2340 1767 hactenus
2386 1703 2450 1764 in
2508 1703 2789 1765 archivio
2841 1709 3078 1766 sancta:
3126 1710 3359 1767 nostra:
3419 1706 3731 1771 Ecclesia:

468 1813 791 1875 recondita
877 1819 1148 1875 tenetur.
1209 1812 1307 1875 Ad
1390 1811 1780 1894 recipiendas
1860 1829 2008 1873 vero
2080 1811 2250 1892 ipsas
2325 1810 2612 1872 civitates
2682 1809 2852 1873 misit
2927 1810 3063 1892 ipse
3144 1812 3732 1879 Christianissimus

387 1923 423 1979 5
468 1923 850 1981 Francorum
908 1939 1019 1981 rex
1073 1937 1256 1981 suum
1316 1917 1770 1992 consiliarium,
1827 1917 1891 1980 id
1947 1924 2045 1981 est
2106 1916 2449 1979 Fulradum
2529 1916 2951 1979 venerabilem
3026 1917 3323 1981 abbatem
3401 1926 3466 1982 et
3541 1940 3728 2003 pres-

466 2027 781 2107 byterum.
870 2028 947 2087 Et
1027 2026 1331 2087 continuo
1404 2025 1543 2105 ejus
1622 2025 1952 2088 eximietas
2006 2022 2096 2105 (d)
2151 2023 2419 2086 feliciter
2496 2042 2640 2085 cum
2722 2023 2851 2085 suis
2933 2024 3317 2089 exercitibus
3383 2029 3727 2091 Franciam

468 2134 811 2213 repedavit.
870 2132 1375 2194 Praenominatus
1429 2137 1641 2194 autem
1699 2130 2010 2193 Fulradus
2067 2130 2449 2193 venerabilis
2503 2130 2700 2193 abbas
2755 2136 2820 2194 et
2857 2131 3185 2213 presbyter
3255 2136 3725 2199 Ravennatium

466 2248 677 2321 partes
726 2258 869 2301 cum
927 2238 1132 2300 missis
1181 2237 1318 2318 jam
1375 2239 1490 2299 fati
1526 2237 1773 2300 Aistulﬁ
1819 2239 1986 2317 regis
2039 2236 2453 2317 conjungens.
2514 2243 2578 2300 et
2633 2255 2746 2318 per
2800 2237 3079 2317 singulas
3141 2238 3507 2320 ingrediens
3559 2243 3727 2305 civi-

466 2353 627 2408 tates
682 2352 812 2407 tam
870 2346 1292 2426 Pentapoleos
1338 2364 1529 2426 quam
1586 2350 1650 2406 et
1702 2345 1994 2420 jEmiliaa,
2040 2362 2273 2425 easque
2332 2344 2661 2425 recipiens,
2721 2349 2786 2406 et
2838 2344 3089 2407 obsides
3144 2364 3258 2427 per
3296 2366 3730 2430 unamquam-

351 2458 428 2516 10
471 2473 593 2533 que
652 2454 944 2515 auferens
996 2452 1100 2534 (e),
1159 2458 1348 2534 atque
1405 2452 1707 2534 primates
1761 2470 1975 2514 secum
2032 2470 2161 2519 una
2204 2469 2347 2513 cum
2406 2451 2690 2513 clavibus
2754 2457 3081 2533 portarum
3153 2453 3480 2516 civitatum
3541 2457 3726 2520 defe-

474 2580 638 2636 rens,
686 2562 954 2622 Romam
1012 2558 1366 2639 conjunxit.

554 2694 719 2747 254
766 2686 844 2746 Et
890 2684 1056 2764 ipsas
1111 2683 1325 2745 claves
1383 2689 1511 2745 tam
1570 2683 2030 2746 Ravennatium
2086 2682 2262 2745 urbis
2317 2700 2636 2764 quamque
2691 2683 3084 2746 dlversarum
3143 2684 3471 2747 civitatum
3520 2685 3726 2768 ipsius

478 2791 937 2855 Ravennatium
995 2790 1371 2852 exarchatus
1425 2808 1555 2852 una
1615 2809 1758 2852 cum
1834 2790 2265 2873 suprascripta
2333 2790 2677 2853 donatione
2731 2790 2810 2853 de
2865 2791 2956 2853 eis
3006 2809 3047 2853 a
3098 2810 3214 2854 suo
3288 2811 3437 2873 rege
3490 2794 3725 2858 emissa

470 2900 536 2960 in
589 2897 982 2960 confessione
1040 2897 1211 2959 beati
1266 2898 1438 2960 Petri
1499 2915 1766 2979 ponens,
1823 2897 2028 2960 eidem
2076 2896 2364 2979 apostolo
2429 2901 2494 2958 et
2566 2895 2702 2976 ejus
2756 2896 2991 2959 vicario
3055 2897 3447 2962 sanctissimo
3507 2920 3718 2982 papae,

470 3011 661 3086 atque
715 3004 1009 3066 omnibus
1062 3002 1201 3082 ejus
1262 3003 1726 3067 successoribus
1775 3003 2179 3085 pontiﬁcibus
2230 3003 2595 3084 perenniter
2648 3003 3057 3084 possidendas
3120 3009 3311 3087 atque
3369 3006 3717 3089 disponen-

391 3114 428 3172 5
471 3113 583 3174 das
667 3111 947 3186 tradidit,
1005 3109 1071 3171 id
1144 3116 1239 3172 est
1298 3113 1684 3196 Ravennam,
1742 3110 2123 3185 Ariminum,
2180 3111 2534 3183 Pisaurum,
2589 3117 2781 3192 atque
2857 3112 3122 3188 Fanum,
3181 3114 3474 3190 Cesenas,
3523 3115 3721 3178 Seno-

468 3220 713 3299 gallias,
774 3218 1013 3291 Esium,
1071 3218 1304 3280 Forum
1359 3218 1680 3299 Pompilii,
1740 3220 1969 3281 Forum
2046 3217 2228 3291 Livii,
2289 3236 2432 3279 cum
2507 3223 2714 3280 castro
2785 3217 3116 3293 Sussubio,
3189 3218 3710 3298 Montemferetri,

468 3327 829 3406 Acerragio,
889 3326 1168 3387 Montem
1249 3324 1496 3397 Lucari,
1585 3326 1861 3398 Serram,
1922 3325 2250 3387 castellum
2325 3324 2525 3387 sancti
2606 3324 2894 3399 Mariani,
2982 3325 3288 3401 Bobrum,
3372 3328 3713 3393 Urbinum.

468 3433 756 3507 Gallium,
812 3430 1103 3505 Luculos,
1164 3430 1524 3510 Eugubium
1575 3449 1684 3494 seu
1741 3431 2150 3494 Comiaclum.
2207 3434 2464 3494 Necnon
2535 3438 2600 3493 et
2673 3431 2995 3494 civitatem
3071 3433 3502 3511 Narniensem,
3569 3456 3712 3516 qua:

467 3558 505 3600 a
550 3539 785 3601 ducatu
831 3537 1158 3618 Spoletin
1211 3536 1323 3617 (Ῑ).
1354 3556 1394 3599 a
1452 3544 1630 3618 parte
1678 3540 2108 3601 Romanorum
2160 3558 2274 3620 per
2314 3538 2568 3600 evoluta
2609 3555 2921 3601 annorum
2964 3539 3172 3620 spatia
3216 3541 3424 3604 fuerat
3466 3543 3711 3607 invasa.

345 3651 422 3709 10
462 3648 623 3708 Dum
681 3664 831 3725 ergo
890 3645 1026 3707 haec
1097 3650 1461 3725 agerentur,
1518 3645 1654 3726 ipse
1708 3645 1929 3708 infelix
1986 3645 2294 3709 Aistutfus
2335 3646 2612 3726 quodam
2670 3644 2809 3707 loco
2883 3646 2950 3707 in
3023 3648 3497 3712 venerationem
3570 3670 3712 3732 per-

467 3773 622 3834 gens
667 3753 880 3814 divino
937 3753 1064 3814 ictu
1109 3770 1461 3832 percussus,
1507 3751 1841 3815 defunctus
1894 3756 2011 3815 est.
2073 3754 2251 3815 Tunc
2304 3752 2663 3815 Desiderius
2716 3752 2978 3835 quidam
3052 3753 3183 3816 dux
3253 3756 3708 3836 Longobardo-

470 3880 633 3935 rum,
695 3859 805 3940 qui
860 3859 940 3920 ab
997 3859 1216 3923 eodem
1262 3858 1646 3940 nequissimo
1695 3859 1964 3921 Aistulfo
2011 3860 2254 3922 Tuscia:
2297 3860 2362 3922 in
2419 3865 2631 3942 partes
2686 3867 2828 3923 erat
2868 3860 3168 3936 directus,
3230 3862 3497 3926 audiens
3547 3884 3703 3947 pras-

467 3969 666 4030 fatum
721 3966 948 4028 obiisse
985 3966 1347 4039 Aistulfum,
1381 3965 1550 4028 illico
1606 3983 1963 4047 aggregans
2014 3966 2213 4048 ipsius
2267 3966 2511 4030 Tuscia
2555 3967 2912 4030 universam
2970 3968 3359 4031 exercituum
3421 3971 3709 4034 multitu-

468 4076 705 4149 dinem,
791 4073 972 4154 regni
1059 4072 1623 4153 Longobardorum
1708 4073 1955 4154 eripere
2037 4072 2226 4135 nixus
2306 4078 2403 4135 est
2493 4072 2817 4153 fastigium
2905 4072 3009 4155 (g).
3096 4074 3290 4155 Cujus
3373 4095 3709 4158 personam

345 4185 421 4244 l5
464 4180 784 4262 despectui
838 4180 1082 4242 habens
1131 4178 1481 4241 Radehisus
1535 4179 1776 4243 dudum
1838 4197 1968 4252 rex,
2029 4184 2095 4241 et
2149 4178 2552 4260 postmodum
2612 4179 2983 4255 monachus,
3048 4199 3388 4261 germanus
3459 4184 3709 4264 praefati

463 4288 736 4362 Aistulfi,
780 4287 887 4349 sed
958 4293 1020 4348 et
1091 4285 1201 4348 alii
1281 4286 1493 4367 plures
1547 4284 2110 4365 Longobardorum
2163 4285 2504 4367 optimates
2552 4303 2728 4347 -cum
2803 4304 2878 4349 eo
2959 4287 3233 4350 eundem
3316 4289 3705 4354 Desiderium

460 4401 853 4475 spernentes,
903 4393 1245 4473 plurimam
1305 4392 1719 4473 trausalpium
1785 4391 1886 4454 vel
1941 4395 2170 4454 caetera
2249 4391 2814 4472 Longobardorum
2885 4394 3275 4456 exercituum
3355 4396 3705 4461 multitudi-

458 4521 602 4566 nem
652 4506 1091 4581 aggregantes,
1152 4497 1234 4560 ad
1290 4496 1719 4561 dimicandum
1777 4504 2001 4562 contra
2053 4516 2198 4561 eum
2247 4498 2515 4579 profecti
2569 4505 2740 4560 sunt.

342 4630 422 4690 20
546 4634 711 4687 εδδ
756 4627 849 4687 Ad
906 4625 1045 4685 haec
1102 4621 1404 4702 praefatus
1452 4623 1808 4686 Destderius
1863 4623 2097 4686 obnixe
2154 4624 2490 4705 praefatum
2545 4622 2978 4686 beatissimum
3036 4625 3401 4706 pontiﬁcem
3480 4627 3703 4709 depre-

462 4739 640 4795 catus
699 4739 794 4793 est
835 4730 954 4791 sibi
1008 4727 1315 4789 auxilium
1371 4728 1559 4804 ferre,
1616 4737 1933 4811 quatenus
1984 4731 2188 4811 ipsam
2259 4729 2535 4810 regalem
2607 4730 2849 4793 valeret
2913 4749 3234 4795 assumere
3306 4732 3700 4813 dignitatem,

461 4839 779 4919 spondens
853 4832 1273 4916 jurejurando
1353 4852 1608 4898 omnem
1683 4838 1932 4917 praefati
2011 4836 2356 4900 beatissimi
2451 4836 2768 4918 pontificis
2851 4836 3200 4918 adimplere
3282 4838 3698 4904 voluntatem.

460 4949 725 5023 Insuper
781 4948 840 5003 et
900 4940 1261 5020 reipublicae
1317 4960 1384 5004 se
1436 4943 1835 5005 redditurum
1891 4945 2208 5026 professus
2265 4949 2360 5005 est
2415 4943 2703 5006 civitates
2754 4962 2899 5024 qum
2955 4951 3414 5020 remanserant,
3466 4947 3596 5010 imo
3642 4955 3699 5011 et

338 5053 415 5114 25
458 5050 714 5128 copiosa
767 5050 1060 5109 daturum
1119 5066 1405 5111 munera.
1465 5051 1642 5111 Tunc
1699 5050 1894 5113 isdem
1952 5050 2309 5132 praecipuus
2353 5051 2542 5113 Pater
2597 5055 2661 5113 et
2702 5050 2908 5113 bonus
2964 5056 3203 5133 pastor,
3245 5051 3403 5114 inito
3443 5054 3699 5117 consilio

455 5172 622 5234 saepe
678 5155 808 5216 fato
866 5152 1141 5217 Fulrado
1195 5155 1542 5218 venerabili
1599 5157 1967 5237 presbytero
2041 5163 2107 5220 et
2171 5156 2422 5235 abbate,
2484 5162 2676 5238 atque
2750 5157 3113 5221 consiliario
3187 5158 3697 5224 Christianissimi

1467 5405 1719 5453 NOTULE
1759 5405 2147 5453 IARGINALES
2188 5405 2514 5455 FABROTTI.

364 5596 444 5680 (tr)
474 5596 545 5680 ei.
624 5601 697 5678 (b)
726 5607 786 5675 B,
819 5607 1188 5680 convenerat.
1276 5604 1348 5676 (ο)
1370 5605 1433 5674 Β,
1466 5602 1827 5680 comaelum.
1855 5643 1861 5649 π

2139 5618 2163 5660 s
2194 5619 2311 5660 rex.
2415 5604 2484 5680 (ε)
2514 5602 2548 5641 ⁸
2574 5603 2645 5662 de
2680 5620 3030 5679 unaquaque
3058 5603 3292 5664 tollens.
3395 5609 3472 5680 (Ι)
3499 5609 3525 5636 ‘
3556 5609 3692 5667 duce

294 5669 639 5744 Spelctanof
681 5669 783 5755 '(g)'
808 5678 936 5737 Vide
967 5682 1169 5734 Baron.
1203 5669 1341 5732 una.
1370 5669 1600 5733 Domini
1619 5676 1744 5732 756.
