3934 6202
172 222 343 287 H37
974 222 1340 284 HISTORIA
1392 225 1491 285 DE
1534 225 1736 286 VI'I‘IS
1786 226 1971 288 ROM.
2022 227 2337 289 PONT.——-
2369 228 2433 289 S.
2480 229 2811 292 PAULUS.
3438 232 3595 293 H38

348 372 737 436 quemquam
796 372 908 435 per
964 355 1212 436 iniquos
1269 357 1599 420 statellites
1675 359 2016 422 tribulabat
2090 361 2151 422 in
2232 362 2518 443 proximo
2595 363 2701 443 (α),
2760 369 2973 425 tamen
3050 363 3282 442 pietate
3360 373 3591 440 motus,

347 462 798 525 consolationis
879 463 985 524 ille
1069 464 1381 526 inferebat
1475 466 1986 528 misericordium.
2050 469 2184 542 Ilic,
2257 476 2326 530 ut
2407 471 2586 531 multi
2673 471 2879 531 testati
2964 476 3133 544 sunt,
3223 477 3403 532 nocte
3485 490 3598 552 per

260 572 302 630 5
347 570 756 650 semetipsum
820 570 1011 631 cellas
1070 590 1425 650 pauperum
1485 574 1880 635 inﬁrmorum
1944 575 2424 655 per-jacentium,
2485 577 2595 657 qui
2649 596 2722 638 ex
2770 580 2897 637 suis
2980 596 3379 657 nequaquam
3440 578 3599 639 vale~

340 676 499 739 bant
576 675 847 750 lectulis,
913 696 1159 739 necnon
1231 684 1293 739 et
1368 680 1641 741 aliorum
1727 682 1989 760 inepum
2074 701 2214 744 cum
2296 684 2424 744 suis
2509 684 2923 745 familiaribus
3009 685 3209 744 noctis
3294 685 3598 746 circuibat

344 784 619 857 silentio,
682 784 1067 863 amplissime
1117 784 1241 845 illis
1300 786 1666 847 ministrans
1725 788 2088 849 alimoniam
2162 795 2353 867 atque
2426 791 2685 853 subsidii
2734 791 3011 851 inferens
3085 809 3290 869 opem.
3355 792 3477 852 Sed
3537 798 3599 853 et

341 908 627 951 carceres
687 896 877 970 atque
932 890 1057 952 alia
1114 891 1391 953 claustra
1448 912 1559 972 per
1617 895 1836 955 eadem
1898 895 2173 957 noctium
2234 902 2474 957 secreta
2534 897 2850 968 visitabat,
2911 903 2972 957 et
3029 897 3079 957 si
3148 915 3306 977 quos
3361 897 3594 958 ibidem

343 996 761 1059 conveniebat
817 1003 1110 1070 retrusos,
1178 1017 1213 1059 a
1275 1000 1492 1060 mortis
1551 1019 1767 1061 emens
1828 1002 2130 1079 periculo,
2189 1003 2423 1064 liberos
2473 1003 2564 1064 ire
2639 1003 2983 1065 relaxabat.
3044 1004 3166 1065 Sed
3252 1010 3314 1064 et
3388 1005 3598 1083 plures

212 1104 297 1164 10
342 1105 477 1184 qui,
539 1104 762 1166 debitis
820 1104 1084 1182 obligati
1139 1111 1328 1185 atque
1389 1107 1633 1178 afﬂicti,
1689 1127 1728 1168 a
1783 1109 1912 1169 suis
1971 1110 2431 1171 feneratoribus
2506 1110 3050 1189 opprimebantur,
3136 1109 3381 1170 reddito
3458 1111 3593 1189 ipso

343 1211 581 1282 debito,
642 1229 679 1270 a
729 1210 888 1289 jugo
948 1211 1297 1271 redimebat
1370 1213 1605 1273 servitii
1669 1231 1681 1272 :
1749 1214 1948 1274 viduis
2024 1222 2087 1276 et
2164 1217 2421 1296 pupillis
2495 1217 2916 1297 omnibusque
2999 1217 3327 1295 egentibus
3405 1234 3590 1296 opem

347 1318 593 1389 fere'ns;
655 1317 1032 1377 fortissimus
1107 1319 1270 1377 enim
1350 1326 1485 1379 erat
1563 1320 1933 1380 orthodoxae
2016 1322 2156 1381 fidei
2227 1323 2541 1383 defensor.
2603 1324 2779 1384 Unde
2859 1324 3085 1402 saepius
3154 1340 3298 1383 suos
3376 1322 3594 1383 missos

343 1442 488 1484 cum
549 1423 907 1503 apostolicis
964 1424 1408 1485 obsecratoriis
1459 1431 1647 1504 atque
1706 1426 2141 1487 admonitoriis
2222 1428 2443 1489 litteris
2508 1429 2784 1508 praefatis
2835 1429 3243 1489 Coiistaulino
3289 1435 3350 1488 et
3404 1428 3598 1489 Leoni

341 1531 642 1609 Augustis
719 1531 947 1591 direxit
1022 1550 1135 1610 pro
1206 1533 1607 1592 restituendis
1673 1534 2246 1614 cei'ilirmandisquc
2322 1536 2381 1595 in
2472 1535 2801 1615 pristinum
2880 1536 3301 1596 venerationis
3363 1541 3592 1595 statum

216 1638 297 1697 13
347 1636 789 1697 sacratissimis
848 1638 1228 1715 imaginibus
1282 1640 1531 1699 Domini
1592 1641 1700 1700 Dei
1753 1647 1814 1701 et
1870 1642 2213 1703 Salvatoris
2278 1643 2475 1703 nostri
2555 1644 2701 1704 Jesu
2760 1643 2987 1703 Christi
3044 1648 3404 1721 sauciaeque
3461 1641 3598 1721 ejus

348 1743 685 1805 Genitricis
739 1749 928 1824 atque
987 1744 1315 1806 beatorum
1370 1747 1794 1826 apostolorum
1846 1749 2256 1829 omniumque
2304 1754 2683 1819 sanctorum.
2731 1749 3209 1829 prophetarum,
3248 1754 3593 1828 martyrum

349 1856 415 1912 ct
470 1851 918 1913 confessorum.

438 1990 601 2048 259
645 1984 756 2044 Hic
816 1983 982 2045 enim
1044 1983 1441 2045 beatissimus
1499 1983 1777 2063 pontifex
1835 2004 1977 2045 cum
2038 1987 2331 2048 omnibus
2381 1987 2815 2067 spiritualibus
2873 1986 3001 2047 suis
3049 1986 3269 2046 studiis
3302 2004 3592 2065 magnam

348 2090 789 2151 sollicitudinis
844 2109 1059 2152 curam
1119 2109 1270 2169 erga
1325 2097 1543 2151 sancta
1599 2092 2445 2158 cremeteriaindesinenter
2502 2094 2779 2172 gerebat.
2829 2094 3008 2155 Unde
3080 2112 3342 2153 cernens
3400 2092 3595 2172 pluri-

362 2215 469 2257 ma
551 2198 916 2259 eorumdem
997 2204 1359 2259 sanctorum
1444 2198 1945 2259 cmmeleriorum
2030 2200 2166 2261 loca
2254 2200 2561 2279 neglecta,
2651 2218 2723 2259 ac
2806 2198 3115 2260 desideria
3206 2197 3602 2278 antiquitatis

361 2305 639 2364 maxima
696 2304 1126 2378 demolitione,
1188 2312 1377 2384 atque
1424 2304 1558 2383 jam
1621 2305 1823 2365 vicina
1874 2306 2072 2366 ruinae
2130 2307 2352 2385 posita,
2421 2306 2703 2384 protinus
2751 2305 2968 2365 eadem
3047 2312 3408 2364 sanctorum
3465 2321 3601 2364 ror-

266 2413 308 2473 5
361 2429 517 2490 pora
572 2411 649 2472 de
708 2411 858 2491 ipsis
915 2412 1137 2473 dirutis
1190 2411 1453 2472 abstulit
1515 2412 1911 2472 cmmeteriis.
1966 2412 2122 2483 Quae
2180 2430 2321 2472 cum
2395 2411 2646 2491 hymnis
2722 2417 2785 2472 et
2845 2412 3104 2472 canticis
3162 2408 3592 2490 spiritualibus

357 2518 525 2578 infra
582 2518 747 2577 hanc
802 2518 1118 2578 civitatem
1179 2520 1528 2578 Romanam
1589 2518 2014 2590 introducens,
2076 2518 2203 2578 alia
2259 2536 2478 2578 eorum
2539 2536 2650 2597 per
2708 2517 2921 2577 titulos
2978 2536 3049 2577 ac
3105 2516 3428 2577 diaconias
3486 2534 3596 2575 seu

360 2624 742 2685 monasteria
798 2629 854 2685 et
916 2624 1188 2703 reliquas
1244 2624 1536 2684 ecclesias
1590 2642 1733 2684 eum
1787 2624 2154 2685 condeccnti
2211 2624 2451 2683 studuit
2499 2624 2754 2684 recondi
2812 2623 3073 2685 honore.

446 2765 616 2818 260
666 2758 780 2818 llic
837 2759 1267 2819 sanctissimus
1309 2758 1537 2839 prmsul
1591 2757 1651 2817 in
1712 2776 1825 2817 sua
1882 2758 2137 2837 propria
2195 2759 2384 2819 domo
2461 2757 2908 2818 monasterium
2970 2775 3007 2816 a
3065 2754 3486 2815 fundamentis
3542 2753 3606 2814 in

362 2864 604 2926 honore
660 2865 865 2924 sancti
921 2863 1250 2944 Stephani,
1312 2864 1548 2925 scilicet
1604 2864 1899 2944 martyris
1955 2870 2146 2945 atque
2206 2864 2538 2944 pontificis,
2604 2882 2843 2923 necnon
2923 2868 2986 2922 et
3063 2862 3222 2922 beati
3296 2859 3600 2931 Silvestri,

358 2972 508 3032 item
570 2972 881 3051 pontificis
925 2976 986 3032 et
1027 2971 1402 3032 confessoris
1444 2971 1693 3043 Christi,
1744 2970 2113 3044 construxit,
2166 2970 2272 3030 ubi
2321 2976 2383 3031 et
2444 2969 2769 3030 oraculum
2816 2969 2877 3028 in
2946 2966 3374 3048 superioribus
3431 2965 3601 3044 ejus-

361 3078 504 3138 dem
567 3078 932 3139 monasterii
990 3077 1236 3137 mreniis
1294 3077 1631 3148 aedificans,
1702 3095 1921 3136 eorum
1985 3095 2252 3155 corpora
2324 3095 2555 3154 magna
2624 3094 2767 3136 cum
2832 3074 3233 3134 veneratione
3298 3070 3603 3133 condidit.

269 3188 314 3245 5
360 3186 533 3245 Infra
577 3185 852 3244 claustra
895 3202 1042 3245 vero
1085 3184 1280 3263 ipsius
1326 3183 1689 3244 monasterii
1750 3183 2074 3243 ecclesiam
2133 3182 2305 3242 miras
2352 3181 2835 3263 pulchritudinis
2879 3199 2915 3240 a
2959 3179 3383 3240 fundamentis
3428 3176 3604 3237 novi-

363 3296 458 3352 ter
500 3291 871 3351 construxit.
922 3292 1121 3362 Quam
1182 3290 1424 3350 musivo
1469 3296 1532 3349 et
1577 3290 1994 3348 marmoribus
2038 3288 2365 3360 decorans,
2415 3295 2478 3349 et
2521 3307 2772 3349 omnem
2818 3287 2939 3364 illis
2996 3292 3289 3346 ornatum
3341 3285 3404 3343 in
3450 3301 3603 3343 auro

364 3403 753 3475 argentoque
798 3406 860 3457 et
903 3395 1163 3456 diversis
1205 3396 1534 3475 speciebus
1576 3394 1874 3473 largiens,
1921 3394 2029 3455 sed
2074 3400 2134 3454 et
2177 3394 2484 3453 cibarium
2547 3394 2778 3454 ibidem
2839 3413 2915 3454 ex
2976 3397 3237 3471 argento
3302 3390 3604 3450 librarum

360 3505 534 3576 fecit,
579 3503 835 3582 illicque
903 3502 1463 3563 innumerabilium
1524 3507 1887 3562 sanctorum
1948 3519 2236 3580 corpora,
2285 3520 2425 3580 qua:
2490 3501 2566 3561 de
2631 3500 2909 3580 praefatis
2970 3497 3283 3559 demolitis
3352 3495 3609 3556 abstulit

364 3610 762 3682 coemeteriis,
813 3611 1090 3669 maxime
1137 3608 1561 3669 venerationis
1606 3607 1887 3668 condidit
1931 3608 2182 3667 affectu.
2231 3610 2299 3667 lu
2344 3608 2563 3668 eodem
2611 3609 2846 3687 quippe
2901 3605 3280 3667 monasterio
3341 3602 3611 3683 plurima

235 3721 323 3781 10
366 3717 635 3779 contulit
677 3716 916 3796 praedia
959 3723 1021 3775 et
1065 3716 1488 3796 possessiones
1533 3733 1606 3775 ac
1650 3716 1788 3774 loca
1833 3714 2077 3773 urbana
2140 3713 2238 3772 vel
2287 3714 2537 3786 rustica,
2591 3716 2909 3794 superflue
2967 3720 3158 3793 atque
3216 3711 3614 3772 abundanter

367 3825 577 3885 ditans
622 3843 775 3883 auro
820 3830 882 3884 et
923 3829 1186 3901 argento
1231 3823 1496 3901 aliisque
1540 3840 1750 3881 rerum
1802 3820 2130 3899 speciebus
2190 3824 2253 3879 et
2313 3820 2607 3879 omnibus
2674 3820 3074 3891 utilitatibus,
3127 3819 3233 3879 ubi
3295 3823 3358 3878 et
3401 3834 3615 3877 mona-

369 3931 636 3992 chorum
710 3929 1264 4009 congregationem
1339 3933 1729 3999 construens,
1798 3928 2029 3987 Graecae
2094 3924 2541 3985 modulationis
2612 3926 2980 4004 psalmodize
3050 3924 3407 3985 cmuobium
3481 3940 3614 3982 esse

369 4039 668 4111 decrevit,
716 4043 907 4118 atque
972 4039 1097 4097 Deo
1182 4040 1399 4095 nostro
1485 4033 1907 4112 omnipotenti
1989 4037 2051 4091 et
2111 4032 2403 4091 omnibus
2480 4032 2711 4091 ibidem
2778 4030 3312 4110 requiescentibus
3382 4027 3616 4089 sanctis

372 4146 621 4224 magnis
720 4146 837 4206 sub
973 4142 1522 4204 interdictionibus
1623 4139 1838 4200 sedule
1940 4158 2014 4199 ac
2096 4138 2524 4198 indesinenter
2623 4138 2837 4198 laudes
2938 4138 3157 4197 statuit
3253 4136 3612 4214 persolven-

243 4254 326 4315 15
373 4252 507 4314 das.

456 4392 616 4445 πει
667 4385 783 4445 Hic
826 4383 973 4443 fecit
1014 4383 1264 4443 noviter
1324 4381 1647 4443 ecclesiam
1711 4379 1878 4440 infra
1921 4379 2085 4440 hanc
2128 4377 2442 4438 civitatem
2508 4379 2851 4438 Romanam
2918 4375 2980 4434 in
3039 4373 3139 4435 via
3200 4390 3363 4445 aera,
3431 4370 3618 4448 juxta

376 4492 687 4572 templum
733 4490 1007 4564 Romuli,
1056 4491 1120 4551 in
1165 4490 1406 4551 honore
1450 4494 1814 4549 sanctorum
1859 4485 2285 4567 apostolorum
2346 4485 2513 4544 Petri
2554 4489 2616 4544 et
2678 4483 2877 4555 Pauli,
2927 4482 3034 4541 ubi
3095 4480 3211 4559 ipsi
3274 4476 3618 4537 beatissimi

377 4599 697 4681 principes
746 4598 1203 4677 apostolorum,
1249 4604 1533 4676 tempore
1579 4614 1702 4675 quo
1767 4613 1878 4674 pro
1947 4592 2175 4653 Christi
2238 4590 2491 4651 nomine
2550 4589 2847 4669 martyrio
2910 4587 3191 4648 coronati
3251 4588 3417 4655 sunt,
3465 4583 3617 4643 dum

380 4692 785 4785 Redemptori
830 4710 1046 4766 nostro
1094 4704 1432 4765 funderent
1477 4721 1710 4781 preces,
1761 4701 2017 4780 propria
2059 4718 2266 4778 genua
2310 4700 2557 4758 ﬂectere
2600 4697 2711 4757 visi
2754 4701 2920 4756 sunt.
2968 4695 3034 4753 lu
3081 4712 3206 4771 quo
3252 4692 3386 4751 loco
3422 4708 3617 4768 usque

202 4827 229 4845 "
292 4817 332 4874 5
379 4813 687 4873 hactenus
736 4830 952 4871 eorum
1003 4829 1211 4888 genua
1256 4828 1368 4889 pro
1415 4808 1773 4869 testimonio
1818 4807 2023 4866 omnis
2069 4806 2132 4865 in
2180 4810 2497 4883 postremo
2556 4809 2836 4863 venturae
2887 4797 3307 4881 generationis
3347 4796 3411 4854 in
3458 4814 3617 4874 quo-

380 4919 529 4979 dam
577 4916 916 4978 fortissimo
959 4917 1132 4977 silice
1178 4916 1324 4977 licet
1369 4935 1502 4978 esse
1548 4920 1894 4976 noscuntur
1936 4913 2286 4990 designata.
2338 4913 2492 4971 Nam
2539 4916 2600 4969 et
2643 4910 2805 4969 infra
2865 4905 3188 4968 ecclesiam
3233 4902 3404 4962 beati
3450 4901 3621 4961 Petri

380 5024 646 5106 apostoli
694 5025 846 5084 foris
893 5042 1102 5083 muros
1144 5023 1334 5100 hujus
1379 5022 1647 5082 civitatis
1691 5022 1994 5079 Romanas
2040 5018 2284 5078 noviter
2326 5017 2651 5076 oraculum
2699 5015 2775 5095 (ὑ)
2827 5016 2887 5073 in
2950 5013 3185 5071 honore
3229 5013 3462 5067 sanctae
3509 5008 3621 5068 Dei

384 5131 718 5194 Genitricis
761 5119 1355 5207 construxit,‘juxta
1401 5127 1746 5187 oratorium
1802 5126 2003 5184 sancti
2053 5125 2272 5184 Leonis
2316 5141 2516 5200 papa),
2567 5141 2745 5182 secus
2776 5170 2781 5181 ,
2812 5123 2970 5179 fores
3032 5115 3324 5176 introitus
3386 5118 3621 5173 sanctas

380 5237 743 5299 Petronilla:
771 5242 960 5314 atque
1004 5236 1173 5295 beati
1213 5234 1479 5293 Andreae
1526 5232 1791 5310 apostoli
1839 5231 2081 5289 musivo
2127 5236 2189 5288 et
2233 5228 2494 5286 diversis
2541 5227 2809 5287 metallis
2833 5245 2970 5285 eum
3000 5223 3356 5281 adormans.
3410 5219 3529 5278 Ubi
3561 5224 3623 5278 et

260 5348 340 5406 10
388 5345 663 5423 efﬁgiem
699 5348 929 5403 sanctae
972 5342 1083 5403 Dei
1128 5340 1463 5402 Genitricis
1509 5339 1565 5396 in
1613 5343 1820 5396 statua
1864 5356 1938 5396 ex
1984 5342 2246 5412 argento
2290 5334 2616 5404 deaurato,
2650 5353 2791 5411 quae
2839 5335 3059 5410 pensat
3104 5326 3294 5386 libras
3339 5330 3616 5397 centum,

1415 5570 1452 5612 N
1462 5568 1665 5613 OTULE
1707 5567 1789 5609 MA
1800 5565 1973 5609 RGINA
1986 5565 2049 5607 LlZ
2059 5565 2088 5607 S
2130 5562 2419 5607 FABROTTI
2431 5591 2443 5602 .

232 5832 243 5842 _
297 5755 376 5827 (α)
408 5756 470 5811 Β.
506 5750 813 5809 tribulatos
844 5748 1134 5806 audiebat.
1213 5748 1289 5821 (ὁ)
1321 5746 1641 5812 oraculum,
1678 5745 1732 5800 id
1761 5752 1837 5799 est
1867 5742 2202 5798 oratorium.
