  <div class='ocr_page' id='page_1' title='image "/cluster/home/n/w/nwhite01/storage/ocr_20150623/128/uva.x000829780/576.png"; bbox 0 0 3934 6202; ppageno 0'>
   <div class='ocr_carea' id='block_1_1' title="bbox 199 255 3614 326">
    <p class='ocr_par' dir='ltr' id='par_1_1' title="bbox 199 255 3614 326">
     <span class='ocr_line' id='line_1_1' title="bbox 199 255 3614 326; baseline 0.003 -9"><span class='ocrx_word' id='word_1_1' title='bbox 199 256 361 319; x_wconf 75' lang='lat' dir='ltr'><strong>H49</strong></span> <span class='ocrx_word' id='word_1_2' title='bbox 904 255 1273 319; x_wconf 82' lang='lat' dir='ltr'><strong>HISTORIA</strong></span> <span class='ocrx_word' id='word_1_3' title='bbox 1318 257 1420 318; x_wconf 86' lang='lat' dir='ltr'><strong>DE</strong></span> <span class='ocrx_word' id='word_1_4' title='bbox 1463 257 1664 319; x_wconf 86' lang='lat' dir='ltr'><strong>VITIS</strong></span> <span class='ocrx_word' id='word_1_5' title='bbox 1710 257 1898 320; x_wconf 81' lang='lat' dir='ltr'><strong>ROM.</strong></span> <span class='ocrx_word' id='word_1_6' title='bbox 1945 258 2174 319; x_wconf 82' lang='lat' dir='ltr'><strong>PONT.</strong></span> <span class='ocrx_word' id='word_1_7' title='bbox 2207 291 2285 302; x_wconf 90' lang='lat'><strong>—</strong></span> <span class='ocrx_word' id='word_1_8' title='bbox 2313 257 2780 322; x_wconf 86' lang='lat' dir='ltr'><strong>STEPHANUS</strong></span> <span class='ocrx_word' id='word_1_9' title='bbox 2826 259 2932 321; x_wconf 90' lang='lat' dir='ltr'><strong>III.</strong></span> <span class='ocrx_word' id='word_1_10' title='bbox 3455 263 3614 326; x_wconf 82' lang='grc'><strong>1150</strong></span> 
     </span>
    </p>
   </div>
   <div class='ocr_carea' id='block_1_2' title="bbox 196 389 3614 472">
    <p class='ocr_par' dir='ltr' id='par_1_2' title="bbox 196 389 3614 472">
     <span class='ocr_line' id='line_1_2' title="bbox 196 389 3614 472; baseline 0.001 -24"><span class='ocrx_word' id='word_1_11' title='bbox 196 389 403 472; x_wconf 84' lang='lat' dir='ltr'><strong>Paul_o_,</strong></span> <span class='ocrx_word' id='word_1_12' title='bbox 434 390 1306 472; x_wconf 27' lang='lat' dir='ltr'><strong>germano..ejusLegistructum</strong></span> <span class='ocrx_word' id='word_1_13' title='bbox 1345 389 1564 472; x_wconf 67' lang='lat' dir='ltr'><strong>dicitur</strong></span> <span class='ocrx_word' id='word_1_14' title='bbox 1597 407 1618 472; x_wconf 85' lang='lat'><strong>:_</strong></span> <span class='ocrx_word' id='word_1_15' title='bbox 1643 395 1855 472; x_wconf 50' lang='lat' dir='ltr'><strong>exstat;</strong></span> <span class='ocrx_word' id='word_1_16' title='bbox 1885 392 1938 458; x_wconf 81' lang='grc' dir='ltr'><strong>Α</strong></span> <span class='ocrx_word' id='word_1_17' title='bbox 1970 390 2196 472; x_wconf 74' lang='lat' dir='ltr'><strong>cienda,</strong></span> <span class='ocrx_word' id='word_1_18' title='bbox 2229 407 2362 446; x_wconf 90' lang='lat' dir='ltr'><strong>cum</strong></span> <span class='ocrx_word' id='word_1_19' title='bbox 2395 390 2454 472; x_wconf 73' lang='lat' dir='ltr'><strong>in</strong></span> <span class='ocrx_word' id='word_1_20' title='bbox 2486 391 2887 472; x_wconf 83' lang='lat' dir='ltr'><strong>describendis</strong></span> <span class='ocrx_word' id='word_1_21' title='bbox 2919 389 3411 472; x_wconf 62' lang='lat' dir='ltr'><strong>chronicisnotis,</strong></span> <span class='ocrx_word' id='word_1_22' title='bbox 3442 393 3614 453; x_wconf 89' lang='lat' dir='ltr'><strong>libra-</strong></span> 
     </span>
    </p>
   </div>
   <div class='ocr_carea' id='block_1_3' title="bbox 241 460 3613 538">
    <p class='ocr_par' dir='ltr' id='par_1_3' title="bbox 241 460 3613 538">
     <span class='ocr_line' id='line_1_3' title="bbox 241 460 3613 538; baseline 0.002 -20"><span class='ocrx_word' id='word_1_23' title='bbox 241 480 332 538; x_wconf 88' lang='lat' dir='ltr'><strong>ue_</strong></span> <span class='ocrx_word' id='word_1_24' title='bbox 335 462 396 518; x_wconf 90' lang='lat' dir='ltr'><strong>id</strong></span> <span class='ocrx_word' id='word_1_25' title='bbox 416 460 840 538; x_wconf 54' lang='lat' dir='ltr'><strong>5re0pagiticis</strong></span> <span class='ocrx_word' id='word_1_26' title='bbox 863 460 1121 517; x_wconf 85' lang='lat' dir='ltr'><strong>Hilduini</strong></span> <span class='ocrx_word' id='word_1_27' title='bbox 1154 462 1309 538; x_wconf 86' lang='lat' dir='ltr'><strong>apud</strong></span> <span class='ocrx_word' id='word_1_28' title='bbox 1343 461 1582 538; x_wconf 74' lang='lat' dir='ltr'><strong>Sui-ium</strong></span> <span class='ocrx_word' id='word_1_29' title='bbox 1606 467 1762 516; x_wconf 89' lang='lat' dir='ltr'><strong>tomo</strong></span> <span class='ocrx_word' id='word_1_30' title='bbox 1785 461 1850 515; x_wconf 94' lang='lat' dir='ltr'><strong>V.</strong></span> <span class='ocrx_word' id='word_1_31' title='bbox 1969 462 2037 515; x_wconf 87' lang='lat' dir='ltr'><strong>rii</strong></span> <span class='ocrx_word' id='word_1_32' title='bbox 2063 479 2224 538; x_wconf 74' lang='lat' dir='ltr'><strong>saepe</strong></span> <span class='ocrx_word' id='word_1_33' title='bbox 2273 461 2504 534; x_wconf 85' lang='lat' dir='ltr'><strong>saepius,</strong></span> <span class='ocrx_word' id='word_1_34' title='bbox 2541 466 2606 518; x_wconf 92' lang='lat' dir='ltr'><strong>ut</strong></span> <span class='ocrx_word' id='word_1_35' title='bbox 2636 467 2867 518; x_wconf 80' lang='lat' dir='ltr'><strong>constat</strong></span> <span class='ocrx_word' id='word_1_36' title='bbox 2914 464 3068 535; x_wconf 91' lang='lat' dir='ltr'><strong>apud</strong></span> <span class='ocrx_word' id='word_1_37' title='bbox 3099 463 3378 536; x_wconf 89' lang='lat' dir='ltr'><strong>eruditos,</strong></span> <span class='ocrx_word' id='word_1_38' title='bbox 3399 460 3613 538; x_wconf 87' lang='lat' dir='ltr'><strong>pecca-</strong></span> 
     </span>
    </p>
   </div>
   <div class='ocr_carea' id='block_1_4' title="bbox 193 479 2167 605">
    <p class='ocr_par' dir='ltr' id='par_1_4' title="bbox 193 479 2167 605">
     <span class='ocr_line' id='line_1_4' title="bbox 241 479 2167 536; baseline -0.001 -18"><span class='ocrx_word' id='word_1_39' title='bbox 241 480 314 518; x_wconf 87' lang='lat' dir='ltr'><strong>ue</strong></span> <span class='ocrx_word' id='word_1_40' title='bbox 335 479 396 518; x_wconf 87' lang='lat' dir='ltr'><strong>ia</strong></span> <span class='ocrx_word' id='word_1_41' title='bbox 416 479 840 536; x_wconf 77' lang='lat' dir='ltr'><strong>Areopagitieis</strong></span> <span class='ocrx_word' id='word_1_42' title='bbox 863 479 1121 517; x_wconf 80' lang='lat' dir='ltr'><strong>uiiauini</strong></span> <span class='ocrx_word' id='word_1_43' title='bbox 1154 479 1309 533; x_wconf 85' lang='lat' dir='ltr'><strong>apua</strong></span> <span class='ocrx_word' id='word_1_44' title='bbox 1343 479 1582 516; x_wconf 76' lang='lat' dir='ltr'><strong>Surium</strong></span> <span class='ocrx_word' id='word_1_45' title='bbox 1606 479 1762 516; x_wconf 79' lang='lat' dir='ltr'><strong>tomo</strong></span> <span class='ocrx_word' id='word_1_46' title='bbox 1795 479 1850 515; x_wconf 89' lang='grc' dir='ltr'><strong>ν.</strong></span> <span class='ocrx_word' id='word_1_47' title='bbox 1969 479 2037 515; x_wconf 89' lang='lat' dir='ltr'><strong>rii</strong></span> <span class='ocrx_word' id='word_1_48' title='bbox 2073 479 2167 534; x_wconf 68' lang='lat' dir='ltr'><strong>sai]</strong></span> 
     </span>
     <span class='ocr_line' id='line_1_5' title="bbox 193 479 2167 605; baseline -0.001 -15"><span class='ocrx_word' id='word_1_49' title='bbox 193 479 252 590; x_wconf 59' lang='lat'><strong>3.</strong></span> <span class='ocrx_word' id='word_1_50' title='bbox 285 535 550 590; x_wconf 78' lang='lat' dir='ltr'><strong>Tandem</strong></span> <span class='ocrx_word' id='word_1_51' title='bbox 600 533 740 605; x_wconf 90' lang='lat' dir='ltr'><strong>quia</strong></span> <span class='ocrx_word' id='word_1_52' title='bbox 787 533 1060 605; x_wconf 88' lang='lat' dir='ltr'><strong>pleraque</strong></span> <span class='ocrx_word' id='word_1_53' title='bbox 1106 537 1300 605; x_wconf 85' lang='lat' dir='ltr'><strong>vetera</strong></span> <span class='ocrx_word' id='word_1_54' title='bbox 1345 532 1683 604; x_wconf 70' lang='lat' dir='ltr'><strong>diplomata,</strong></span> <span class='ocrx_word' id='word_1_55' title='bbox 1726 551 1852 605; x_wconf 58' lang='lat' dir='ltr'><strong>qum</strong></span> <span class='ocrx_word' id='word_1_56' title='bbox 1962 532 2167 589; x_wconf 90' lang='lat' dir='ltr'><strong>verint.</strong></span> 
     </span>
    </p>
   </div>
   <div class='ocr_carea' id='block_1_5' title="bbox 191 603 1853 677">
    <p class='ocr_par' dir='ltr' id='par_1_5' title="bbox 191 603 1853 677">
     <span class='ocr_line' id='line_1_6' title="bbox 191 603 1853 677; baseline -0.002 -16"><span class='ocrx_word' id='word_1_57' title='bbox 191 605 357 677; x_wconf 81' lang='lat' dir='ltr'><strong>apud</strong></span> <span class='ocrx_word' id='word_1_58' title='bbox 382 621 588 660; x_wconf 88' lang='lat' dir='ltr'><strong>omnes</strong></span> <span class='ocrx_word' id='word_1_59' title='bbox 616 603 905 660; x_wconf 82' lang='lat' dir='ltr'><strong>constanti</strong></span> <span class='ocrx_word' id='word_1_60' title='bbox 938 603 1050 660; x_wconf 85' lang='lat' dir='ltr'><strong>fide</strong></span> <span class='ocrx_word' id='word_1_61' title='bbox 1081 603 1460 677; x_wconf 84' lang='lat' dir='ltr'><strong>recipiuntur,</strong></span> <span class='ocrx_word' id='word_1_62' title='bbox 1493 609 1689 660; x_wconf 90' lang='lat' dir='ltr'><strong>essent</strong></span> <span class='ocrx_word' id='word_1_63' title='bbox 1719 603 1853 675; x_wconf 85' lang='lat' dir='ltr'><strong>reji-</strong></span> 
     </span>
    </p>
   </div>
   <div class='ocr_carea' id='block_1_6' title="bbox 264 711 2117 783">
    <p class='ocr_par' dir='ltr' id='par_1_6' title="bbox 264 711 2117 783">
     <span class='ocr_line' id='line_1_7' title="bbox 264 711 2117 783; baseline 0 -16"><span class='ocrx_word' id='word_1_64' title='bbox 264 713 403 782; x_wconf 76' lang='lat' dir='ltr'><strong>(Hi‘c</strong></span> <span class='ocrx_word' id='word_1_65' title='bbox 432 714 488 768; x_wconf 82' lang='lat' dir='ltr'><strong>in</strong></span> <span class='ocrx_word' id='word_1_66' title='bbox 520 711 758 769; x_wconf 78' lang='lat' dir='ltr'><strong>editione</strong></span> <span class='ocrx_word' id='word_1_67' title='bbox 786 713 1311 768; x_wconf 75' lang='lat' dir='ltr'><strong>Romano-Vaticana</strong></span> <span class='ocrx_word' id='word_1_68' title='bbox 1337 711 1595 768; x_wconf 81' lang='lat' dir='ltr'><strong>desinunt</strong></span> <span class='ocrx_word' id='word_1_69' title='bbox 1620 720 1766 769; x_wconf 69' lang='lat' dir='ltr'><strong>nota:</strong></span> <span class='ocrx_word' id='word_1_70' title='bbox 1792 712 2117 783; x_wconf 78' lang='lat' dir='ltr'><strong>variorum.)</strong></span> 
     </span>
    </p>
   </div>
   <div class='ocr_carea' id='block_1_7' title="bbox 1423 1055 2524 1126">
    <p class='ocr_par' dir='ltr' id='par_1_7' title="bbox 1423 1055 2524 1126">
     <span class='ocr_line' id='line_1_8' title="bbox 1423 1055 2524 1126; baseline -0.002 -1"><span class='ocrx_word' id='word_1_71' title='bbox 1423 1055 1696 1125; x_wconf 86' lang='lat' dir='ltr'><strong>XCVI.</strong></span> <span class='ocrx_word' id='word_1_72' title='bbox 1753 1055 2340 1126; x_wconf 79' lang='lat' dir='ltr'><strong>STEPHANUS</strong></span> <span class='ocrx_word' id='word_1_73' title='bbox 2397 1057 2524 1124; x_wconf 92' lang='lat' dir='ltr'><strong>Ill.</strong></span> 
     </span>
    </p>
   </div>
   <div class='ocr_carea' id='block_1_8' title="bbox 1101 1230 2696 1304">
    <p class='ocr_par' dir='ltr' id='par_1_8' title="bbox 1101 1230 2696 1304">
     <span class='ocr_line' id='line_1_9' title="bbox 1101 1230 2696 1304; baseline -0.001 -10"><span class='ocrx_word' id='word_1_74' title='bbox 1101 1247 1264 1294; x_wconf 63' lang='lat' dir='ltr'><strong>anno</strong></span> <span class='ocrx_word' id='word_1_75' title='bbox 1306 1247 1544 1295; x_wconf 78' lang='lat' dir='ltr'><strong>canisri</strong></span> <span class='ocrx_word' id='word_1_76' title='bbox 1584 1230 1727 1304; x_wconf 80' lang='lat'><strong>768,</strong></span> <span class='ocrx_word' id='word_1_77' title='bbox 1773 1245 2177 1292; x_wconf 71' lang='lat' dir='ltr'><strong>CONSTANTINI</strong></span> <span class='ocrx_word' id='word_1_78' title='bbox 2219 1246 2552 1294; x_wconf 70' lang='lat' dir='ltr'><strong>coraonriu</strong></span> <span class='ocrx_word' id='word_1_79' title='bbox 2593 1235 2696 1296; x_wconf 82' lang='lat'><strong>28.</strong></span> 
     </span>
    </p>
   </div>
   <div class='ocr_carea' id='block_1_9' title="bbox 409 1586 3604 1665">
    <p class='ocr_par' dir='ltr' id='par_1_9' title="bbox 409 1586 3604 1665">
     <span class='ocr_line' id='line_1_10' title="bbox 409 1586 3604 1665; baseline 0.002 -19"><span class='ocrx_word' id='word_1_80' title='bbox 409 1589 561 1646; x_wconf 73' lang='lat'><strong>262</strong></span> <span class='ocrx_word' id='word_1_81' title='bbox 593 1586 927 1660; x_wconf 82' lang='lat' dir='ltr'><strong>Stephanus</strong></span> <span class='ocrx_word' id='word_1_82' title='bbox 957 1587 1184 1656; x_wconf 90' lang='lat' dir='ltr'><strong>tertius,</strong></span> <span class='ocrx_word' id='word_1_83' title='bbox 1217 1587 1454 1644; x_wconf 89' lang='lat' dir='ltr'><strong>natione</strong></span> <span class='ocrx_word' id='word_1_84' title='bbox 1483 1587 1736 1654; x_wconf 91' lang='lat' dir='ltr'><strong>Siculus,</strong></span> <span class='ocrx_word' id='word_1_85' title='bbox 1765 1604 1832 1644; x_wconf 87' lang='lat' dir='ltr'><strong>ex</strong></span> <span class='ocrx_word' id='word_1_86' title='bbox 1862 1591 2024 1660; x_wconf 84' lang='lat' dir='ltr'><strong>patre</strong></span> <span class='ocrx_word' id='word_1_87' title='bbox 2055 1587 2233 1656; x_wconf 89' lang='lat' dir='ltr'><strong>Olivo,</strong></span> <span class='ocrx_word' id='word_1_88' title='bbox 2259 1588 2410 1644; x_wconf 90' lang='lat' dir='ltr'><strong>sedit</strong></span> <span class='ocrx_word' id='word_1_89' title='bbox 2441 1605 2624 1645; x_wconf 90' lang='lat' dir='ltr'><strong>annos</strong></span> <span class='ocrx_word' id='word_1_90' title='bbox 2647 1593 2788 1656; x_wconf 88' lang='lat' dir='ltr'><strong>tres,</strong></span> <span class='ocrx_word' id='word_1_91' title='bbox 2822 1607 3053 1647; x_wconf 85' lang='lat' dir='ltr'><strong>menses</strong></span> <span class='ocrx_word' id='word_1_92' title='bbox 3085 1591 3497 1665; x_wconf 87' lang='lat' dir='ltr'><strong>quinque,dies</strong></span> <span class='ocrx_word' id='word_1_93' title='bbox 3521 1593 3604 1654; x_wconf 75' lang='lat' dir='ltr'><strong>vi.</strong></span> 
     </span>
    </p>
   </div>
   <div class='ocr_carea' id='block_1_10' title="bbox 331 1675 3598 1750">
    <p class='ocr_par' dir='ltr' id='par_1_10' title="bbox 331 1675 3598 1750">
     <span class='ocr_line' id='line_1_11' title="bbox 331 1675 3598 1750; baseline 0.002 -18"><span class='ocrx_word' id='word_1_94' title='bbox 331 1675 483 1750; x_wconf 87' lang='lat' dir='ltr'><strong>ginti</strong></span> <span class='ocrx_word' id='word_1_95' title='bbox 510 1676 767 1733; x_wconf 87' lang='lat' dir='ltr'><strong>octo.Vir</strong></span> <span class='ocrx_word' id='word_1_96' title='bbox 796 1681 1074 1733; x_wconf 82' lang='lat' dir='ltr'><strong>strenuus</strong></span> <span class='ocrx_word' id='word_1_97' title='bbox 1103 1681 1160 1732; x_wconf 89' lang='lat' dir='ltr'><strong>et</strong></span> <span class='ocrx_word' id='word_1_98' title='bbox 1190 1675 1401 1732; x_wconf 87' lang='lat' dir='ltr'>divinis</span> <span class='ocrx_word' id='word_1_99' title='bbox 1434 1676 1749 1749; x_wconf 91' lang='lat' dir='ltr'><strong>Scripturis</strong></span> <span class='ocrx_word' id='word_1_100' title='bbox 1782 1677 2252 1748; x_wconf 90' lang='lat' dir='ltr'><strong>eruditus,atque</strong></span> <span class='ocrx_word' id='word_1_101' title='bbox 2277 1676 2689 1734; x_wconf 83' lang='lat' dir='ltr'><strong>ecclesiasticis</strong></span> <span class='ocrx_word' id='word_1_102' title='bbox 2722 1678 3138 1736; x_wconf 82' lang='lat' dir='ltr'><strong>traditionibus</strong></span> <span class='ocrx_word' id='word_1_103' title='bbox 3172 1680 3519 1750; x_wconf 91' lang='lat' dir='ltr'><strong>imbutus,et</strong></span> <span class='ocrx_word' id='word_1_104' title='bbox 3539 1681 3598 1737; x_wconf 92' lang='lat' dir='ltr'><strong>in</strong></span> 
     </span>
    </p>
   </div>
   <div class='ocr_carea' id='block_1_11' title="bbox 331 1763 3601 1838">
    <p class='ocr_par' dir='ltr' id='par_1_11' title="bbox 331 1763 3601 1838">
     <span class='ocr_line' id='line_1_12' title="bbox 331 1763 3601 1838; baseline 0.001 -16"><span class='ocrx_word' id='word_1_105' title='bbox 331 1782 536 1822; x_wconf 87' lang='lat' dir='ltr'><strong>earum</strong></span> <span class='ocrx_word' id='word_1_106' title='bbox 566 1765 1068 1822; x_wconf 83' lang='lat' dir='ltr'><strong>obsecrationibus</strong></span> <span class='ocrx_word' id='word_1_107' title='bbox 1100 1765 1617 1821; x_wconf 85' lang='lat' dir='ltr'><strong>constantissimus</strong></span> <span class='ocrx_word' id='word_1_108' title='bbox 1648 1769 2063 1838; x_wconf 89' lang='lat' dir='ltr'><strong>perseverator.</strong></span> <span class='ocrx_word' id='word_1_109' title='bbox 2089 1763 2191 1820; x_wconf 86' lang='lat' dir='ltr'><strong>Hic</strong></span> <span class='ocrx_word' id='word_1_110' title='bbox 2221 1766 2363 1820; x_wconf 89' lang='lat' dir='ltr'><strong>dum</strong></span> <span class='ocrx_word' id='word_1_111' title='bbox 2387 1783 2420 1820; x_wconf 90' lang='lat' dir='ltr'><strong>a</strong></span> <span class='ocrx_word' id='word_1_112' title='bbox 2451 1765 2738 1822; x_wconf 88' lang='lat' dir='ltr'><strong>Siciliensi</strong></span> <span class='ocrx_word' id='word_1_113' title='bbox 2772 1766 2966 1822; x_wconf 88' lang='lat' dir='ltr'><strong>insula</strong></span> <span class='ocrx_word' id='word_1_114' title='bbox 2995 1767 3054 1823; x_wconf 89' lang='lat' dir='ltr'><strong>in</strong></span> <span class='ocrx_word' id='word_1_115' title='bbox 3087 1767 3238 1824; x_wconf 91' lang='lat' dir='ltr'><strong>hanc</strong></span> <span class='ocrx_word' id='word_1_116' title='bbox 3270 1769 3601 1825; x_wconf 88' lang='lat' dir='ltr'><strong>advenisset</strong></span> 
     </span>
    </p>
   </div>
   <div class='ocr_carea' id='block_1_12' title="bbox 331 1854 3598 1929">
    <p class='ocr_par' dir='ltr' id='par_1_12' title="bbox 331 1854 3598 1929">
     <span class='ocr_line' id='line_1_13' title="bbox 331 1854 3598 1929; baseline 0.002 -19"><span class='ocrx_word' id='word_1_117' title='bbox 331 1855 659 1910; x_wconf 83' lang='lat' dir='ltr'><strong>Romanam</strong></span> <span class='ocrx_word' id='word_1_118' title='bbox 681 1855 907 1923; x_wconf 89' lang='lat' dir='ltr'><strong>urbem,</strong></span> <span class='ocrx_word' id='word_1_119' title='bbox 938 1854 1181 1910; x_wconf 85' lang='lat' dir='ltr'><strong>tradidit</strong></span> <span class='ocrx_word' id='word_1_120' title='bbox 1200 1871 1332 1909; x_wconf 89' lang='lat' dir='ltr'><strong>eum</strong></span> <span class='ocrx_word' id='word_1_121' title='bbox 1366 1855 1620 1909; x_wconf 90' lang='lat' dir='ltr'><strong>domnus</strong></span> <span class='ocrx_word' id='word_1_122' title='bbox 1651 1854 1983 1926; x_wconf 85' lang='lat' dir='ltr'><strong>Gregorius,</strong></span> <span class='ocrx_word' id='word_1_123' title='bbox 2015 1858 2228 1910; x_wconf 82' lang='lat' dir='ltr'><strong>sanctae</strong></span> <span class='ocrx_word' id='word_1_124' title='bbox 2255 1855 2673 1911; x_wconf 84' lang='lat' dir='ltr'><strong>recordationis</strong></span> <span class='ocrx_word' id='word_1_125' title='bbox 2704 1856 2911 1912; x_wconf 86' lang='lat' dir='ltr'><strong>tertius</strong></span> <span class='ocrx_word' id='word_1_126' title='bbox 2945 1873 3117 1929; x_wconf 89' lang='lat' dir='ltr'><strong>papa,</strong></span> <span class='ocrx_word' id='word_1_127' title='bbox 3150 1856 3210 1912; x_wconf 91' lang='lat' dir='ltr'><strong>in</strong></span> <span class='ocrx_word' id='word_1_128' title='bbox 3242 1858 3598 1915; x_wconf 89' lang='lat' dir='ltr'><strong>monasterio</strong></span> 
     </span>
    </p>
   </div>
   <div class='ocr_carea' id='block_1_13' title="bbox 249 1941 3596 2016">
    <p class='ocr_par' dir='ltr' id='par_1_13' title="bbox 249 1941 3596 2016">
     <span class='ocr_line' id='line_1_14' title="bbox 249 1941 3596 2016; baseline 0.001 -18"><span class='ocrx_word' id='word_1_129' title='bbox 249 1945 291 1998; x_wconf 89' lang='lat'>5</span> <span class='ocrx_word' id='word_1_130' title='bbox 329 1943 517 1999; x_wconf 85' lang='lat' dir='ltr'><strong>sancti</strong></span> <span class='ocrx_word' id='word_1_131' title='bbox 541 1943 1076 2016; x_wconf 85' lang='lat' dir='ltr'><strong>Chrysogoni,quod</strong></span> <span class='ocrx_word' id='word_1_132' title='bbox 1110 1947 1246 1998; x_wconf 92' lang='lat' dir='ltr'><strong>tunc</strong></span> <span class='ocrx_word' id='word_1_133' title='bbox 1279 1942 1864 2010; x_wconf 72' lang='lat' dir='ltr'><strong>noviterfundabat,‘</strong></span> <span class='ocrx_word' id='word_1_134' title='bbox 1897 1941 2132 2015; x_wconf 89' lang='lat' dir='ltr'><strong>illieque</strong></span> <span class='ocrx_word' id='word_1_135' title='bbox 2161 1943 2411 2000; x_wconf 90' lang='lat' dir='ltr'><strong>clericus</strong></span> <span class='ocrx_word' id='word_1_136' title='bbox 2443 1948 2618 2016; x_wconf 88' lang='lat' dir='ltr'><strong>atque</strong></span> <span class='ocrx_word' id='word_1_137' title='bbox 2649 1945 2972 2001; x_wconf 89' lang='lat' dir='ltr'><strong>monachus</strong></span> <span class='ocrx_word' id='word_1_138' title='bbox 3003 1950 3089 2001; x_wconf 89' lang='lat' dir='ltr'><strong>est</strong></span> <span class='ocrx_word' id='word_1_139' title='bbox 3120 1945 3379 2001; x_wconf 76' lang='lat' dir='ltr'><strong>effectus.</strong></span> <span class='ocrx_word' id='word_1_140' title='bbox 3414 1948 3596 2013; x_wconf 88' lang='lat' dir='ltr'><strong>Quem</strong></span> 
     </span>
    </p>
   </div>
   <div class='ocr_carea' id='block_1_14' title="bbox 327 2031 3598 2105">
    <p class='ocr_par' dir='ltr' id='par_1_14' title="bbox 327 2031 3598 2105">
     <span class='ocr_line' id='line_1_15' title="bbox 327 2031 3598 2105; baseline 0.002 -18"><span class='ocrx_word' id='word_1_141' title='bbox 327 2032 706 2104; x_wconf 89' lang='lat' dir='ltr'><strong>postmodum</strong></span> <span class='ocrx_word' id='word_1_142' title='bbox 738 2033 992 2087; x_wconf 89' lang='lat' dir='ltr'><strong>domnus</strong></span> <span class='ocrx_word' id='word_1_143' title='bbox 1019 2031 1325 2088; x_wconf 86' lang='lat' dir='ltr'><strong>Zacharias</strong></span> <span class='ocrx_word' id='word_1_144' title='bbox 1352 2049 1503 2103; x_wconf 90' lang='lat' dir='ltr'><strong>papa</strong></span> <span class='ocrx_word' id='word_1_145' title='bbox 1526 2048 1593 2087; x_wconf 85' lang='lat' dir='ltr'><strong>ex</strong></span> <span class='ocrx_word' id='word_1_146' title='bbox 1622 2031 1749 2102; x_wconf 91' lang='lat' dir='ltr'><strong>ipso</strong></span> <span class='ocrx_word' id='word_1_147' title='bbox 1775 2031 2092 2087; x_wconf 91' lang='lat' dir='ltr'><strong>abstollens</strong></span> <span class='ocrx_word' id='word_1_148' title='bbox 2111 2032 2640 2099; x_wconf 88' lang='lat' dir='ltr'><strong>(a)monasterio,in</strong></span> <span class='ocrx_word' id='word_1_149' title='bbox 2661 2034 3068 2090; x_wconf 89' lang='lat' dir='ltr'><strong>Lateranensis</strong></span> <span class='ocrx_word' id='word_1_150' title='bbox 3093 2034 3598 2105; x_wconf 87' lang='lat' dir='ltr'><strong>patriarchiicubi—</strong></span> 
     </span>
    </p>
   </div>
   <div class='ocr_carea' id='block_1_15' title="bbox 325 2119 3595 2193">
    <p class='ocr_par' dir='ltr' id='par_1_15' title="bbox 325 2119 3595 2193">
     <span class='ocr_line' id='line_1_16' title="bbox 325 2119 3595 2193; baseline 0.002 -17"><span class='ocrx_word' id='word_1_151' title='bbox 325 2119 462 2176; x_wconf 89' lang='lat' dir='ltr'><strong>culo</strong></span> <span class='ocrx_word' id='word_1_152' title='bbox 491 2136 619 2176; x_wconf 89' lang='lat' dir='ltr'><strong>esse</strong></span> <span class='ocrx_word' id='word_1_153' title='bbox 648 2121 938 2193; x_wconf 72' lang='lat' dir='ltr'><strong>praecepit.</strong></span> <span class='ocrx_word' id='word_1_154' title='bbox 974 2121 1238 2192; x_wconf 87' lang='lat' dir='ltr'><strong>Eumque</strong></span> <span class='ocrx_word' id='word_1_155' title='bbox 1268 2121 1644 2192; x_wconf 86' lang='lat' dir='ltr'><strong>postmodum</strong></span> <span class='ocrx_word' id='word_1_156' title='bbox 1677 2121 2078 2192; x_wconf 83' lang='lat' dir='ltr'><strong>presbyterum</strong></span> <span class='ocrx_word' id='word_1_157' title='bbox 2120 2120 2180 2175; x_wconf 92' lang='lat' dir='ltr'><strong>in</strong></span> <span class='ocrx_word' id='word_1_158' title='bbox 2230 2120 2402 2176; x_wconf 84' lang='lat' dir='ltr'><strong>titulo</strong></span> <span class='ocrx_word' id='word_1_159' title='bbox 2453 2127 2667 2176; x_wconf 68' lang='lat' dir='ltr'><strong>sanctae</strong></span> <span class='ocrx_word' id='word_1_160' title='bbox 2716 2121 2969 2178; x_wconf 72' lang='lat' dir='ltr'><strong>ecclesia:</strong></span> <span class='ocrx_word' id='word_1_161' title='bbox 3001 2125 3380 2179; x_wconf 87' lang='lat' dir='ltr'><strong>consecravit.</strong></span> <span class='ocrx_word' id='word_1_162' title='bbox 3413 2127 3595 2191; x_wconf 86' lang='lat' dir='ltr'><strong>Quem</strong></span> 
     </span>
    </p>
   </div>
   <div class='ocr_carea' id='block_1_16' title="bbox 323 2208 3594 2282">
    <p class='ocr_par' dir='ltr' id='par_1_16' title="bbox 323 2208 3594 2282">
     <span class='ocr_line' id='line_1_17' title="bbox 323 2208 3594 2282; baseline 0.002 -18"><span class='ocrx_word' id='word_1_163' title='bbox 323 2213 524 2264; x_wconf 90' lang='lat' dir='ltr'><strong>tamen</strong></span> <span class='ocrx_word' id='word_1_164' title='bbox 555 2225 658 2281; x_wconf 94' lang='lat' dir='ltr'><strong>pro</strong></span> <span class='ocrx_word' id='word_1_165' title='bbox 689 2209 817 2280; x_wconf 90' lang='lat' dir='ltr'><strong>ejus</strong></span> <span class='ocrx_word' id='word_1_166' title='bbox 849 2209 1137 2265; x_wconf 86' lang='lat' dir='ltr'><strong>castitatis</strong></span> <span class='ocrx_word' id='word_1_167' title='bbox 1167 2209 1456 2266; x_wconf 88' lang='lat' dir='ltr'><strong>modestia</strong></span> <span class='ocrx_word' id='word_1_168' title='bbox 1478 2209 1534 2264; x_wconf 90' lang='lat' dir='ltr'><strong>in</strong></span> <span class='ocrx_word' id='word_1_169' title='bbox 1564 2227 1670 2264; x_wconf 91' lang='lat' dir='ltr'><strong>suo</strong></span> <span class='ocrx_word' id='word_1_170' title='bbox 1701 2208 1892 2264; x_wconf 85' lang='lat' dir='ltr'><strong>officio</strong></span> <span class='ocrx_word' id='word_1_171' title='bbox 1927 2209 2332 2265; x_wconf 87' lang='lat' dir='ltr'><strong>Lateranensis</strong></span> <span class='ocrx_word' id='word_1_172' title='bbox 2362 2210 2634 2266; x_wconf 84' lang='lat' dir='ltr'><strong>detinuit.</strong></span> <span class='ocrx_word' id='word_1_173' title='bbox 2670 2211 2780 2265; x_wconf 89' lang='lat' dir='ltr'><strong>Sed</strong></span> <span class='ocrx_word' id='word_1_174' title='bbox 2815 2215 2870 2265; x_wconf 91' lang='lat' dir='ltr'><strong>et</strong></span> <span class='ocrx_word' id='word_1_175' title='bbox 2901 2209 3131 2282; x_wconf 87' lang='lat' dir='ltr'><strong>reliqui,</strong></span> <span class='ocrx_word' id='word_1_176' title='bbox 3166 2209 3389 2268; x_wconf 89' lang='lat' dir='ltr'><strong>scilicet</strong></span> <span class='ocrx_word' id='word_1_177' title='bbox 3427 2213 3594 2270; x_wconf 87' lang='lat' dir='ltr'><strong>dom-</strong></span> 
     </span>
    </p>
   </div>
   <div class='ocr_carea' id='block_1_17' title="bbox 323 2296 3595 2371">
    <p class='ocr_par' dir='ltr' id='par_1_17' title="bbox 323 2296 3595 2371">
     <span class='ocr_line' id='line_1_18' title="bbox 323 2296 3595 2371; baseline 0.001 -18"><span class='ocrx_word' id='word_1_178' title='bbox 323 2314 441 2353; x_wconf 92' lang='lat' dir='ltr'><strong>nus</strong></span> <span class='ocrx_word' id='word_1_179' title='bbox 470 2297 802 2370; x_wconf 86' lang='lat' dir='ltr'><strong>Stephanus</strong></span> <span class='ocrx_word' id='word_1_180' title='bbox 831 2303 887 2354; x_wconf 92' lang='lat' dir='ltr'><strong>et</strong></span> <span class='ocrx_word' id='word_1_181' title='bbox 919 2297 1129 2354; x_wconf 87' lang='lat' dir='ltr'><strong>Paulus</strong></span> <span class='ocrx_word' id='word_1_182' title='bbox 1151 2297 1475 2354; x_wconf 88' lang='lat' dir='ltr'><strong>beatissimi</strong></span> <span class='ocrx_word' id='word_1_183' title='bbox 1500 2297 1826 2369; x_wconf 82' lang='lat' dir='ltr'><strong>pontifices,</strong></span> <span class='ocrx_word' id='word_1_184' title='bbox 1859 2296 2132 2353; x_wconf 89' lang='lat' dir='ltr'><strong>eumdem</strong></span> <span class='ocrx_word' id='word_1_185' title='bbox 2165 2297 2607 2353; x_wconf 88' lang='lat' dir='ltr'><strong>sanctissimum</strong></span> <span class='ocrx_word' id='word_1_186' title='bbox 2639 2297 3003 2370; x_wconf 83' lang='lat' dir='ltr'><strong>Stephanum</strong></span> <span class='ocrx_word' id='word_1_187' title='bbox 3036 2315 3139 2370; x_wconf 92' lang='lat' dir='ltr'><strong>pro</strong></span> <span class='ocrx_word' id='word_1_188' title='bbox 3171 2299 3298 2370; x_wconf 84' lang='lat' dir='ltr'><strong>ejus</strong></span> <span class='ocrx_word' id='word_1_189' title='bbox 3329 2299 3444 2371; x_wconf 91' lang='lat' dir='ltr'><strong>piis</strong></span> <span class='ocrx_word' id='word_1_190' title='bbox 3465 2318 3595 2357; x_wconf 92' lang='lat' dir='ltr'><strong>con-</strong></span> 
     </span>
    </p>
   </div>
   <div class='ocr_carea' id='block_1_18' title="bbox 207 2386 1974 2443">
    <p class='ocr_par' dir='ltr' id='par_1_18' title="bbox 207 2386 1974 2443">
     <span class='ocr_line' id='line_1_19' title="bbox 207 2386 1974 2443; baseline -0.001 -1"><span class='ocrx_word' id='word_1_191' title='bbox 207 2388 284 2442; x_wconf 88' lang='grc'><strong>10</strong></span> <span class='ocrx_word' id='word_1_192' title='bbox 322 2386 752 2442; x_wconf 87' lang='lat' dir='ltr'><strong>versationibus</strong></span> <span class='ocrx_word' id='word_1_193' title='bbox 783 2387 842 2442; x_wconf 92' lang='lat' dir='ltr'><strong>in</strong></span> <span class='ocrx_word' id='word_1_194' title='bbox 874 2404 981 2443; x_wconf 90' lang='lat' dir='ltr'><strong>suo</strong></span> <span class='ocrx_word' id='word_1_195' title='bbox 1013 2388 1244 2443; x_wconf 90' lang='lat' dir='ltr'><strong>servitio</strong></span> <span class='ocrx_word' id='word_1_196' title='bbox 1273 2387 1546 2443; x_wconf 89' lang='lat' dir='ltr'><strong>similiter</strong></span> <span class='ocrx_word' id='word_1_197' title='bbox 1576 2387 1974 2442; x_wconf 88' lang='lat' dir='ltr'><strong>detinuerunt.</strong></span> 
     </span>
    </p>
   </div>
   <div class='ocr_carea' id='block_1_19' title="bbox 400 2474 3593 2550">
    <p class='ocr_par' dir='ltr' id='par_1_19' title="bbox 400 2474 3593 2550">
     <span class='ocr_line' id='line_1_20' title="bbox 400 2474 3593 2550; baseline 0.001 -18"><span class='ocrx_word' id='word_1_198' title='bbox 400 2475 551 2532; x_wconf 74' lang='lat'><strong>208</strong></span> <span class='ocrx_word' id='word_1_199' title='bbox 584 2475 732 2531; x_wconf 92' lang='lat' dir='ltr'><strong>Dum</strong></span> <span class='ocrx_word' id='word_1_200' title='bbox 764 2493 895 2532; x_wconf 90' lang='lat' dir='ltr'><strong>vero</strong></span> <span class='ocrx_word' id='word_1_201' title='bbox 928 2477 1318 2549; x_wconf 66' lang='lat' dir='ltr'><strong>praedecessor</strong></span> <span class='ocrx_word' id='word_1_202' title='bbox 1347 2478 1474 2548; x_wconf 88' lang='lat' dir='ltr'><strong>ejus</strong></span> <span class='ocrx_word' id='word_1_203' title='bbox 1507 2477 1759 2531; x_wconf 91' lang='lat' dir='ltr'><strong>domnus</strong></span> <span class='ocrx_word' id='word_1_204' title='bbox 1791 2475 2006 2530; x_wconf 88' lang='lat' dir='ltr'><strong>Paulus</strong></span> <span class='ocrx_word' id='word_1_205' title='bbox 2036 2493 2188 2548; x_wconf 90' lang='lat' dir='ltr'><strong>papa</strong></span> <span class='ocrx_word' id='word_1_206' title='bbox 2219 2493 2322 2547; x_wconf 91' lang='lat' dir='ltr'><strong>pro</strong></span> <span class='ocrx_word' id='word_1_207' title='bbox 2355 2475 2701 2532; x_wconf 86' lang='lat' dir='ltr'><strong>auctoritate</strong></span> <span class='ocrx_word' id='word_1_208' title='bbox 2735 2474 2971 2532; x_wconf 83' lang='lat' dir='ltr'><strong>fervoris</strong></span> <span class='ocrx_word' id='word_1_209' title='bbox 3003 2475 3201 2532; x_wconf 68' lang='lat' dir='ltr'><strong>aastivo</strong></span> <span class='ocrx_word' id='word_1_210' title='bbox 3243 2480 3504 2550; x_wconf 89' lang='lat' dir='ltr'><strong>tempore</strong></span> <span class='ocrx_word' id='word_1_211' title='bbox 3534 2477 3593 2534; x_wconf 91' lang='lat' dir='ltr'><strong>in</strong></span> 
     </span>
    </p>
   </div>
   <div class='ocr_carea' id='block_1_20' title="bbox 322 2563 3592 2638">
    <p class='ocr_par' dir='ltr' id='par_1_20' title="bbox 322 2563 3592 2638">
     <span class='ocr_line' id='line_1_21' title="bbox 322 2563 3592 2638; baseline 0.001 -19"><span class='ocrx_word' id='word_1_212' title='bbox 322 2563 571 2620; x_wconf 86' lang='lat' dir='ltr'><strong>ecclesia</strong></span> <span class='ocrx_word' id='word_1_213' title='bbox 601 2565 754 2621; x_wconf 83' lang='lat' dir='ltr'><strong>beati</strong></span> <span class='ocrx_word' id='word_1_214' title='bbox 788 2565 948 2621; x_wconf 90' lang='lat' dir='ltr'><strong>Pauli</strong></span> <span class='ocrx_word' id='word_1_215' title='bbox 997 2567 1420 2632; x_wconf 87' lang='lat' dir='ltr'><strong>demoraretur,</strong></span> <span class='ocrx_word' id='word_1_216' title='bbox 1453 2571 1510 2620; x_wconf 90' lang='lat' dir='ltr'><strong>et</strong></span> <span class='ocrx_word' id='word_1_217' title='bbox 1561 2565 1752 2620; x_wconf 89' lang='lat' dir='ltr'><strong>valida</strong></span> <span class='ocrx_word' id='word_1_218' title='bbox 1800 2565 2016 2620; x_wconf 88' lang='lat' dir='ltr'><strong>ibidem</strong></span> <span class='ocrx_word' id='word_1_219' title='bbox 2066 2564 2412 2637; x_wconf 80' lang='lat' dir='ltr'><strong>aegritudine</strong></span> <span class='ocrx_word' id='word_1_220' title='bbox 2457 2569 2979 2637; x_wconf 71' lang='lat' dir='ltr'><strong>praeoccuparetur,</strong></span> <span class='ocrx_word' id='word_1_221' title='bbox 3033 2566 3103 2620; x_wconf 93' lang='lat' dir='ltr'><strong>de</strong></span> <span class='ocrx_word' id='word_1_222' title='bbox 3148 2583 3265 2638; x_wconf 86' lang='lat' dir='ltr'><strong>qua</strong></span> <span class='ocrx_word' id='word_1_223' title='bbox 3313 2571 3370 2622; x_wconf 91' lang='lat' dir='ltr'><strong>et</strong></span> <span class='ocrx_word' id='word_1_224' title='bbox 3412 2567 3592 2624; x_wconf 88' lang='lat' dir='ltr'><strong>vitam</strong></span> 
     </span>
    </p>
   </div>
   <div class='ocr_carea' id='block_1_21' title="bbox 322 2652 3592 2728">
    <p class='ocr_par' dir='ltr' id='par_1_21' title="bbox 322 2652 3592 2728">
     <span class='ocr_line' id='line_1_22' title="bbox 322 2652 3592 2728; baseline 0.002 -21"><span class='ocrx_word' id='word_1_225' title='bbox 322 2653 534 2720; x_wconf 77' lang='lat' dir='ltr'><strong>ﬁnivit,</strong></span> <span class='ocrx_word' id='word_1_226' title='bbox 561 2652 652 2709; x_wconf 92' lang='lat' dir='ltr'><strong>die</strong></span> <span class='ocrx_word' id='word_1_227' title='bbox 686 2659 978 2728; x_wconf 90' lang='lat' dir='ltr'><strong>noctuque</strong></span> <span class='ocrx_word' id='word_1_228' title='bbox 1007 2654 1194 2712; x_wconf 89' lang='lat' dir='ltr'><strong>isdem</strong></span> <span class='ocrx_word' id='word_1_229' title='bbox 1227 2655 1610 2711; x_wconf 85' lang='lat' dir='ltr'><strong>beatissimus</strong></span> <span class='ocrx_word' id='word_1_230' title='bbox 1640 2653 1974 2726; x_wconf 85' lang='lat' dir='ltr'><strong>Stephanus</strong></span> <span class='ocrx_word' id='word_1_231' title='bbox 2011 2654 2067 2708; x_wconf 92' lang='lat' dir='ltr'><strong>in</strong></span> <span class='ocrx_word' id='word_1_232' title='bbox 2101 2654 2363 2725; x_wconf 89' lang='lat' dir='ltr'><strong>ejusdem</strong></span> <span class='ocrx_word' id='word_1_233' title='bbox 2415 2653 2506 2708; x_wconf 90' lang='lat' dir='ltr'><strong>sui</strong></span> <span class='ocrx_word' id='word_1_234' title='bbox 2557 2654 3000 2726; x_wconf 60' lang='lat' dir='ltr'><strong>praedecessoris</strong></span> <span class='ocrx_word' id='word_1_235' title='bbox 3049 2654 3344 2727; x_wconf 86' lang='lat' dir='ltr'><strong>pontificis</strong></span> <span class='ocrx_word' id='word_1_236' title='bbox 3393 2673 3592 2728; x_wconf 88' lang='lat' dir='ltr'><strong>perse-</strong></span> 
     </span>
    </p>
   </div>
   <div class='ocr_carea' id='block_1_22' title="bbox 317 2742 3589 2818">
    <p class='ocr_par' dir='ltr' id='par_1_22' title="bbox 317 2742 3589 2818">
     <span class='ocr_line' id='line_1_23' title="bbox 317 2742 3589 2818; baseline 0.001 -21"><span class='ocrx_word' id='word_1_237' title='bbox 317 2759 529 2798; x_wconf 83' lang='lat' dir='ltr'><strong>verans</strong></span> <span class='ocrx_word' id='word_1_238' title='bbox 561 2743 982 2812; x_wconf 89' lang='lat' dir='ltr'><strong>servitio,nullo</strong></span> <span class='ocrx_word' id='word_1_239' title='bbox 1017 2745 1187 2800; x_wconf 90' lang='lat' dir='ltr'><strong>modo</strong></span> <span class='ocrx_word' id='word_1_240' title='bbox 1219 2744 1291 2800; x_wconf 90' lang='lat' dir='ltr'><strong>ab</strong></span> <span class='ocrx_word' id='word_1_241' title='bbox 1323 2745 1450 2815; x_wconf 89' lang='lat' dir='ltr'><strong>ejus</strong></span> <span class='ocrx_word' id='word_1_242' title='bbox 1481 2743 1904 2811; x_wconf 92' lang='lat' dir='ltr'><strong>lectulo,donec</strong></span> <span class='ocrx_word' id='word_1_243' title='bbox 1936 2742 2206 2814; x_wconf 90' lang='lat' dir='ltr'><strong>spiritum</strong></span> <span class='ocrx_word' id='word_1_244' title='bbox 2239 2742 2549 2810; x_wconf 87' lang='lat' dir='ltr'><strong>emitteret,</strong></span> <span class='ocrx_word' id='word_1_245' title='bbox 2566 2742 2907 2798; x_wconf 87' lang='lat' dir='ltr'><strong>recessit.At</strong></span> <span class='ocrx_word' id='word_1_246' title='bbox 2938 2760 3070 2798; x_wconf 87' lang='lat' dir='ltr'><strong>vero</strong></span> <span class='ocrx_word' id='word_1_247' title='bbox 3105 2743 3318 2799; x_wconf 89' lang='lat' dir='ltr'><strong>Paulus</strong></span> <span class='ocrx_word' id='word_1_248' title='bbox 3349 2761 3502 2818; x_wconf 89' lang='lat' dir='ltr'><strong>papa</strong></span> <span class='ocrx_word' id='word_1_249' title='bbox 3530 2745 3589 2801; x_wconf 92' lang='lat' dir='ltr'><strong>in</strong></span> 
     </span>
    </p>
   </div>
   <div class='ocr_carea' id='block_1_23' title="bbox 242 2831 3591 2905">
    <p class='ocr_par' dir='ltr' id='par_1_23' title="bbox 242 2831 3591 2905">
     <span class='ocr_line' id='line_1_24' title="bbox 242 2831 3591 2905; baseline 0.001 -18"><span class='ocrx_word' id='word_1_250' title='bbox 242 2833 281 2887; x_wconf 88' lang='lat'>5</span> <span class='ocrx_word' id='word_1_251' title='bbox 320 2831 669 2904; x_wconf 65' lang='lat' dir='ltr'><strong>aegritudine</strong></span> <span class='ocrx_word' id='word_1_252' title='bbox 700 2833 927 2904; x_wconf 91' lang='lat' dir='ltr'><strong>positus</strong></span> <span class='ocrx_word' id='word_1_253' title='bbox 956 2850 1092 2888; x_wconf 90' lang='lat' dir='ltr'><strong>cum</strong></span> <span class='ocrx_word' id='word_1_254' title='bbox 1125 2833 1388 2889; x_wconf 90' lang='lat' dir='ltr'><strong>nondum</strong></span> <span class='ocrx_word' id='word_1_255' title='bbox 1419 2833 1611 2888; x_wconf 91' lang='lat' dir='ltr'><strong>adhuc</strong></span> <span class='ocrx_word' id='word_1_256' title='bbox 1643 2832 1916 2905; x_wconf 89' lang='lat' dir='ltr'><strong>spiritum</strong></span> <span class='ocrx_word' id='word_1_257' title='bbox 1949 2832 2262 2898; x_wconf 83' lang='lat' dir='ltr'><strong>exhalaret,</strong></span> <span class='ocrx_word' id='word_1_258' title='bbox 2298 2831 2452 2887; x_wconf 89' lang='lat' dir='ltr'><strong>illico</strong></span> <span class='ocrx_word' id='word_1_259' title='bbox 2485 2833 2629 2887; x_wconf 91' lang='lat' dir='ltr'><strong>Toto</strong></span> <span class='ocrx_word' id='word_1_260' title='bbox 2662 2832 2900 2904; x_wconf 89' lang='lat' dir='ltr'><strong>quidam</strong></span> <span class='ocrx_word' id='word_1_261' title='bbox 2931 2832 3374 2904; x_wconf 75' lang='lat' dir='ltr'><strong>dux,Nepesina=:</strong></span> <span class='ocrx_word' id='word_1_262' title='bbox 3396 2833 3591 2891; x_wconf 87' lang='lat' dir='ltr'><strong>civita-</strong></span> 
     </span>
    </p>
   </div>
   <div class='ocr_carea' id='block_1_24' title="bbox 317 2920 3597 2994">
    <p class='ocr_par' dir='ltr' id='par_1_24' title="bbox 317 2920 3597 2994">
     <span class='ocr_line' id='line_1_25' title="bbox 317 2920 3597 2994; baseline 0.001 -19"><span class='ocrx_word' id='word_1_263' title='bbox 317 2921 395 2976; x_wconf 89' lang='lat' dir='ltr'><strong>tis</strong></span> <span class='ocrx_word' id='word_1_264' title='bbox 429 2922 654 2976; x_wconf 88' lang='lat' dir='ltr'><strong>dudum</strong></span> <span class='ocrx_word' id='word_1_265' title='bbox 686 2921 1142 2990; x_wconf 88' lang='lat' dir='ltr'><strong>habitator,cum</strong></span> <span class='ocrx_word' id='word_1_266' title='bbox 1175 2923 1299 2978; x_wconf 91' lang='lat' dir='ltr'><strong>suis</strong></span> <span class='ocrx_word' id='word_1_267' title='bbox 1329 2922 1628 2994; x_wconf 86' lang='lat' dir='ltr'><strong>germanis</strong></span> <span class='ocrx_word' id='word_1_268' title='bbox 1658 2921 2299 2989; x_wconf 89' lang='lat' dir='ltr'><strong>Constantino,Passivo</strong></span> <span class='ocrx_word' id='word_1_269' title='bbox 2322 2926 2379 2976; x_wconf 89' lang='lat' dir='ltr'><strong>et</strong></span> <span class='ocrx_word' id='word_1_270' title='bbox 2409 2920 3103 2994; x_wconf 83' lang='lat' dir='ltr'><strong>Paschale,aggregantes</strong></span> <span class='ocrx_word' id='word_1_271' title='bbox 3133 2927 3255 2977; x_wconf 86' lang='lat' dir='ltr'><strong>tam</strong></span> <span class='ocrx_word' id='word_1_272' title='bbox 3286 2939 3354 2977; x_wconf 82' lang='lat' dir='ltr'><strong>ex</strong></span> <span class='ocrx_word' id='word_1_273' title='bbox 3383 2923 3597 2978; x_wconf 88' lang='lat' dir='ltr'><strong>eadem-</strong></span> 
     </span>
    </p>
   </div>
   <div class='ocr_carea' id='block_1_25' title="bbox 316 3009 3583 3084">
    <p class='ocr_par' dir='ltr' id='par_1_25' title="bbox 316 3009 3583 3084">
     <span class='ocr_line' id='line_1_26' title="bbox 316 3009 3583 3084; baseline 0.001 -19"><span class='ocrx_word' id='word_1_274' title='bbox 316 3009 608 3082; x_wconf 86' lang='lat' dir='ltr'><strong>Nepesina</strong></span> <span class='ocrx_word' id='word_1_275' title='bbox 637 3028 930 3084; x_wconf 88' lang='lat' dir='ltr'><strong>quamque</strong></span> <span class='ocrx_word' id='word_1_276' title='bbox 961 3029 1029 3067; x_wconf 84' lang='lat' dir='ltr'><strong>ex</strong></span> <span class='ocrx_word' id='word_1_277' title='bbox 1060 3011 1190 3068; x_wconf 87' lang='lat' dir='ltr'><strong>aliis</strong></span> <span class='ocrx_word' id='word_1_278' title='bbox 1223 3012 1447 3068; x_wconf 71' lang='lat' dir='ltr'><strong>Tuscia:</strong></span> <span class='ocrx_word' id='word_1_279' title='bbox 1477 3011 1812 3067; x_wconf 88' lang='lat' dir='ltr'><strong>civitatibus</strong></span> <span class='ocrx_word' id='word_1_280' title='bbox 1843 3009 2280 3066; x_wconf 80' lang='lat' dir='ltr'><strong>multitudinem</strong></span> <span class='ocrx_word' id='word_1_281' title='bbox 2313 3009 2599 3066; x_wconf 86' lang='lat' dir='ltr'><strong>exercitus</strong></span> <span class='ocrx_word' id='word_1_282' title='bbox 2648 3013 2820 3082; x_wconf 89' lang='lat' dir='ltr'><strong>atque</strong></span> <span class='ocrx_word' id='word_1_283' title='bbox 2869 3013 3158 3065; x_wconf 89' lang='lat' dir='ltr'><strong>catervam</strong></span> <span class='ocrx_word' id='word_1_284' title='bbox 3207 3009 3583 3080; x_wconf 88' lang='lat' dir='ltr'><strong>rusticorum,</strong></span> 
     </span>
    </p>
   </div>
   <div class='ocr_carea' id='block_1_26' title="bbox 317 3097 3582 3172">
    <p class='ocr_par' dir='ltr' id='par_1_26' title="bbox 317 3097 3582 3172">
     <span class='ocr_line' id='line_1_27' title="bbox 317 3097 3582 3172; baseline 0.001 -20"><span class='ocrx_word' id='word_1_285' title='bbox 317 3097 830 3172; x_wconf 85' lang='lat' dir='ltr'><strong>ingredientcsque</strong></span> <span class='ocrx_word' id='word_1_286' title='bbox 860 3117 964 3172; x_wconf 90' lang='lat' dir='ltr'><strong>per</strong></span> <span class='ocrx_word' id='word_1_287' title='bbox 994 3106 1220 3172; x_wconf 88' lang='lat' dir='ltr'><strong>portam</strong></span> <span class='ocrx_word' id='word_1_288' title='bbox 1255 3100 1409 3156; x_wconf 91' lang='lat' dir='ltr'><strong>beati</strong></span> <span class='ocrx_word' id='word_1_289' title='bbox 1441 3099 1731 3156; x_wconf 90' lang='lat' dir='ltr'><strong>Pancratii</strong></span> <span class='ocrx_word' id='word_1_290' title='bbox 1765 3099 1820 3154; x_wconf 91' lang='lat' dir='ltr'><strong>in</strong></span> <span class='ocrx_word' id='word_1_291' title='bbox 1855 3100 2006 3155; x_wconf 90' lang='lat' dir='ltr'><strong>hanc</strong></span> <span class='ocrx_word' id='word_1_292' title='bbox 2036 3099 2359 3154; x_wconf 83' lang='lat' dir='ltr'><strong>Romanam</strong></span> <span class='ocrx_word' id='word_1_293' title='bbox 2393 3098 2617 3167; x_wconf 91' lang='lat' dir='ltr'><strong>urbem,</strong></span> <span class='ocrx_word' id='word_1_294' title='bbox 2647 3103 2822 3170; x_wconf 89' lang='lat' dir='ltr'><strong>atque</strong></span> <span class='ocrx_word' id='word_1_295' title='bbox 2851 3097 2909 3152; x_wconf 89' lang='lat' dir='ltr'><strong>in</strong></span> <span class='ocrx_word' id='word_1_296' title='bbox 2941 3098 3114 3154; x_wconf 89' lang='lat' dir='ltr'><strong>domo</strong></span> <span class='ocrx_word' id='word_1_297' title='bbox 3161 3098 3439 3155; x_wconf 90' lang='lat' dir='ltr'><strong>antedicti</strong></span> <span class='ocrx_word' id='word_1_298' title='bbox 3470 3100 3582 3155; x_wconf 90' lang='lat' dir='ltr'><strong>To-</strong></span> 
     </span>
    </p>
   </div>
   <div class='ocr_carea' id='block_1_27' title="bbox 313 3187 3582 3263">
    <p class='ocr_par' dir='ltr' id='par_1_27' title="bbox 313 3187 3582 3263">
     <span class='ocr_line' id='line_1_28' title="bbox 313 3187 3582 3263; baseline 0 -20"><span class='ocrx_word' id='word_1_299' title='bbox 313 3189 473 3244; x_wconf 89' lang='lat' dir='ltr'><strong>tonis</strong></span> <span class='ocrx_word' id='word_1_300' title='bbox 496 3189 706 3245; x_wconf 85' lang='lat' dir='ltr'><strong>armati</strong></span> <span class='ocrx_word' id='word_1_301' title='bbox 741 3189 1103 3257; x_wconf 88' lang='lat' dir='ltr'><strong>assistentes,</strong></span> <span class='ocrx_word' id='word_1_302' title='bbox 1139 3189 1440 3263; x_wconf 89' lang='lat' dir='ltr'><strong>elegerunt</strong></span> <span class='ocrx_word' id='word_1_303' title='bbox 1469 3189 1686 3245; x_wconf 87' lang='lat' dir='ltr'><strong>ibidem</strong></span> <span class='ocrx_word' id='word_1_304' title='bbox 1729 3189 1922 3244; x_wconf 92' lang='lat' dir='ltr'><strong>subito</strong></span> <span class='ocrx_word' id='word_1_305' title='bbox 1971 3188 2419 3243; x_wconf 88' lang='lat' dir='ltr'><strong>Constantinum</strong></span> <span class='ocrx_word' id='word_1_306' title='bbox 2469 3189 2708 3244; x_wconf 87' lang='lat' dir='ltr'><strong>fratrem</strong></span> <span class='ocrx_word' id='word_1_307' title='bbox 2759 3188 3023 3259; x_wconf 87' lang='lat' dir='ltr'><strong>ejusdem</strong></span> <span class='ocrx_word' id='word_1_308' title='bbox 3075 3187 3315 3243; x_wconf 89' lang='lat' dir='ltr'><strong>Totonis</strong></span> <span class='ocrx_word' id='word_1_309' title='bbox 3365 3187 3582 3244; x_wconf 91' lang='lat' dir='ltr'><strong>laicum</strong></span> 
     </span>
    </p>
   </div>
   <div class='ocr_carea' id='block_1_28' title="bbox 204 3275 3582 3352">
    <p class='ocr_par' dir='ltr' id='par_1_28' title="bbox 204 3275 3582 3352">
     <span class='ocr_line' id='line_1_29' title="bbox 204 3275 3582 3352; baseline -0 -19"><span class='ocrx_word' id='word_1_310' title='bbox 204 3279 276 3333; x_wconf 92' lang='grc'><strong>10</strong></span> <span class='ocrx_word' id='word_1_311' title='bbox 317 3277 868 3350; x_wconf 83' lang='lat' dir='ltr'><strong>existentem,quem</strong></span> <span class='ocrx_word' id='word_1_312' title='bbox 899 3295 1032 3334; x_wconf 91' lang='lat' dir='ltr'><strong>cum</strong></span> <span class='ocrx_word' id='word_1_313' title='bbox 1062 3278 1243 3335; x_wconf 89' lang='lat' dir='ltr'><strong>armis</strong></span> <span class='ocrx_word' id='word_1_314' title='bbox 1275 3278 1512 3352; x_wconf 87' lang='lat' dir='ltr'><strong>plurimi</strong></span> <span class='ocrx_word' id='word_1_315' title='bbox 1544 3295 1745 3334; x_wconf 91' lang='lat' dir='ltr'><strong>eorum</strong></span> <span class='ocrx_word' id='word_1_316' title='bbox 1775 3277 1971 3333; x_wconf 91' lang='lat' dir='ltr'><strong>loricis</strong></span> <span class='ocrx_word' id='word_1_317' title='bbox 2002 3276 2191 3332; x_wconf 90' lang='lat' dir='ltr'><strong>induti</strong></span> <span class='ocrx_word' id='word_1_318' title='bbox 2219 3276 2632 3333; x_wconf 86' lang='lat' dir='ltr'><strong>latrocinantes</strong></span> <span class='ocrx_word' id='word_1_319' title='bbox 2661 3276 2719 3331; x_wconf 88' lang='lat' dir='ltr'><strong>in</strong></span> <span class='ocrx_word' id='word_1_320' title='bbox 2748 3277 3132 3332; x_wconf 87' lang='lat' dir='ltr'><strong>Lateranense</strong></span> <span class='ocrx_word' id='word_1_321' title='bbox 3159 3275 3582 3349; x_wconf 89' lang='lat' dir='ltr'><strong>patriarchium</strong></span> 
     </span>
    </p>
   </div>
   <div class='ocr_carea' id='block_1_29' title="bbox 315 3365 786 3422">
    <p class='ocr_par' dir='ltr' id='par_1_29' title="bbox 315 3365 786 3422">
     <span class='ocr_line' id='line_1_30' title="bbox 315 3365 786 3422; baseline 0.004 -2"><span class='ocrx_word' id='word_1_322' title='bbox 315 3365 786 3422; x_wconf 81' lang='lat' dir='ltr'><strong>introduxerunt.</strong></span> 
     </span>
    </p>
   </div>
   <div class='ocr_carea' id='block_1_30' title="bbox 389 3453 3584 3528">
    <p class='ocr_par' dir='ltr' id='par_1_30' title="bbox 389 3453 3584 3528">
     <span class='ocr_line' id='line_1_31' title="bbox 389 3453 3584 3528; baseline 0 -19"><span class='ocrx_word' id='word_1_323' title='bbox 389 3453 544 3510; x_wconf 73' lang='lat'><strong>204</strong></span> <span class='ocrx_word' id='word_1_324' title='bbox 570 3455 640 3510; x_wconf 88' lang='lat' dir='ltr'><strong>Et</strong></span> <span class='ocrx_word' id='word_1_325' title='bbox 660 3455 1040 3512; x_wconf 90' lang='lat' dir='ltr'><strong>ascendentes</strong></span> <span class='ocrx_word' id='word_1_326' title='bbox 1070 3473 1204 3511; x_wconf 90' lang='lat' dir='ltr'><strong>cum</strong></span> <span class='ocrx_word' id='word_1_327' title='bbox 1235 3472 1300 3511; x_wconf 94' lang='lat' dir='ltr'><strong>eo</strong></span> <span class='ocrx_word' id='word_1_328' title='bbox 1331 3455 1391 3512; x_wconf 91' lang='lat' dir='ltr'><strong>in</strong></span> <span class='ocrx_word' id='word_1_329' title='bbox 1421 3455 1825 3524; x_wconf 88' lang='lat' dir='ltr'><strong>vicedominio,</strong></span> <span class='ocrx_word' id='word_1_330' title='bbox 1860 3455 2135 3512; x_wconf 90' lang='lat' dir='ltr'><strong>continuo</strong></span> <span class='ocrx_word' id='word_1_331' title='bbox 2168 3454 2445 3510; x_wconf 90' lang='lat' dir='ltr'><strong>accersito</strong></span> <span class='ocrx_word' id='word_1_332' title='bbox 2478 3454 2720 3527; x_wconf 86' lang='lat' dir='ltr'><strong>Georgio</strong></span> <span class='ocrx_word' id='word_1_333' title='bbox 2752 3455 2826 3526; x_wconf 79' lang='grc' dir='ltr'><strong>(ὁ)</strong></span> <span class='ocrx_word' id='word_1_334' title='bbox 2859 3454 3149 3528; x_wconf 91' lang='lat' dir='ltr'><strong>episcopo,</strong></span> <span class='ocrx_word' id='word_1_335' title='bbox 3174 3453 3584 3526; x_wconf 89' lang='lat' dir='ltr'><strong>compulerunt</strong></span> 
     </span>
    </p>
   </div>
   <div class='ocr_carea' id='block_1_31' title="bbox 315 3543 3584 3616">
    <p class='ocr_par' dir='ltr' id='par_1_31' title="bbox 315 3543 3584 3616">
     <span class='ocr_line' id='line_1_32' title="bbox 315 3543 3584 3616; baseline 0.001 -20"><span class='ocrx_word' id='word_1_336' title='bbox 315 3557 454 3596; x_wconf 90' lang='lat' dir='ltr'><strong>eum</strong></span> <span class='ocrx_word' id='word_1_337' title='bbox 486 3547 551 3597; x_wconf 90' lang='lat' dir='ltr'><strong>ut</strong></span> <span class='ocrx_word' id='word_1_338' title='bbox 578 3543 898 3599; x_wconf 89' lang='lat' dir='ltr'><strong>orationem</strong></span> <span class='ocrx_word' id='word_1_339' title='bbox 931 3544 1241 3600; x_wconf 89' lang='lat' dir='ltr'><strong>clericatus</strong></span> <span class='ocrx_word' id='word_1_340' title='bbox 1272 3544 1460 3601; x_wconf 91' lang='lat' dir='ltr'><strong>eidem</strong></span> <span class='ocrx_word' id='word_1_341' title='bbox 1491 3545 1870 3601; x_wconf 87' lang='lat' dir='ltr'><strong>Constantino</strong></span> <span class='ocrx_word' id='word_1_342' title='bbox 1901 3544 2339 3616; x_wconf 88' lang='lat' dir='ltr'><strong>tribueret.lpse</strong></span> <span class='ocrx_word' id='word_1_343' title='bbox 2372 3560 2502 3599; x_wconf 89' lang='lat' dir='ltr'><strong>vero</strong></span> <span class='ocrx_word' id='word_1_344' title='bbox 2533 3544 2772 3599; x_wconf 90' lang='lat' dir='ltr'><strong>omnino</strong></span> <span class='ocrx_word' id='word_1_345' title='bbox 2803 3543 2912 3599; x_wconf 88' lang='lat' dir='ltr'><strong>hoc</strong></span> <span class='ocrx_word' id='word_1_346' title='bbox 2945 3544 3584 3610; x_wconf 85' lang='lat' dir='ltr'><strong>renuebatfacere,cor-</strong></span> 
     </span>
    </p>
   </div>
   <div class='ocr_carea' id='block_1_32' title="bbox 315 3632 3586 3706">
    <p class='ocr_par' dir='ltr' id='par_1_32' title="bbox 315 3632 3586 3706">
     <span class='ocr_line' id='line_1_33' title="bbox 315 3632 3586 3706; baseline 0.001 -20"><span class='ocrx_word' id='word_1_347' title='bbox 315 3647 614 3704; x_wconf 87' lang='lat' dir='ltr'><strong>ruensque</strong></span> <span class='ocrx_word' id='word_1_348' title='bbox 634 3632 694 3687; x_wconf 90' lang='lat' dir='ltr'><strong>in</strong></span> <span class='ocrx_word' id='word_1_349' title='bbox 728 3637 940 3688; x_wconf 90' lang='lat' dir='ltr'><strong>terram</strong></span> <span class='ocrx_word' id='word_1_350' title='bbox 973 3634 1285 3705; x_wconf 89' lang='lat' dir='ltr'><strong>prostravit</strong></span> <span class='ocrx_word' id='word_1_351' title='bbox 1316 3651 1376 3690; x_wconf 91' lang='lat' dir='ltr'><strong>se</strong></span> <span class='ocrx_word' id='word_1_352' title='bbox 1406 3635 1654 3706; x_wconf 87' lang='lat' dir='ltr'><strong>pedibus</strong></span> <span class='ocrx_word' id='word_1_353' title='bbox 1686 3633 1871 3706; x_wconf 88' lang='lat' dir='ltr'><strong>ipsius</strong></span> <span class='ocrx_word' id='word_1_354' title='bbox 1903 3632 2289 3705; x_wconf 83' lang='lat' dir='ltr'><strong>Constantini,</strong></span> <span class='ocrx_word' id='word_1_355' title='bbox 2310 3633 2592 3702; x_wconf 88' lang='lat' dir='ltr'><strong>adjurans</strong></span> <span class='ocrx_word' id='word_1_356' title='bbox 2622 3649 2757 3688; x_wconf 90' lang='lat' dir='ltr'><strong>eum</strong></span> <span class='ocrx_word' id='word_1_357' title='bbox 2787 3634 3011 3688; x_wconf 83' lang='lat' dir='ltr'><strong>fortiter</strong></span> <span class='ocrx_word' id='word_1_358' title='bbox 3040 3650 3142 3705; x_wconf 90' lang='lat' dir='ltr'><strong>per</strong></span> <span class='ocrx_word' id='word_1_359' title='bbox 3170 3633 3369 3689; x_wconf 89' lang='lat' dir='ltr'><strong>omnia</strong></span> <span class='ocrx_word' id='word_1_360' title='bbox 3390 3633 3586 3688; x_wconf 92' lang='lat' dir='ltr'><strong>divina</strong></span> 
     </span>
    </p>
   </div>
   <div class='ocr_carea' id='block_1_33' title="bbox 312 3721 3584 3795">
    <p class='ocr_par' dir='ltr' id='par_1_33' title="bbox 312 3721 3584 3795">
     <span class='ocr_line' id='line_1_34' title="bbox 312 3721 3584 3795; baseline 0.002 -21"><span class='ocrx_word' id='word_1_361' title='bbox 312 3722 594 3792; x_wconf 84' lang='lat' dir='ltr'><strong>mysteria</strong></span> <span class='ocrx_word' id='word_1_362' title='bbox 621 3725 683 3778; x_wconf 90' lang='lat' dir='ltr'><strong>ut</strong></span> <span class='ocrx_word' id='word_1_363' title='bbox 704 3721 898 3778; x_wconf 89' lang='lat' dir='ltr'><strong>locum</strong></span> <span class='ocrx_word' id='word_1_364' title='bbox 929 3724 1112 3790; x_wconf 89' lang='lat' dir='ltr'><strong>daret,</strong></span> <span class='ocrx_word' id='word_1_365' title='bbox 1144 3727 1199 3777; x_wconf 87' lang='lat' dir='ltr'><strong>et</strong></span> <span class='ocrx_word' id='word_1_366' title='bbox 1231 3723 1301 3778; x_wconf 89' lang='lat' dir='ltr'><strong>ab</strong></span> <span class='ocrx_word' id='word_1_367' title='bbox 1335 3723 1600 3794; x_wconf 86' lang='lat' dir='ltr'><strong>ejusdem</strong></span> <span class='ocrx_word' id='word_1_368' title='bbox 1631 3723 1823 3795; x_wconf 65' lang='lat' dir='ltr'><strong>impiae</strong></span> <span class='ocrx_word' id='word_1_369' title='bbox 1855 3722 2329 3795; x_wconf 68' lang='lat' dir='ltr'><strong>praesumptionis</strong></span> <span class='ocrx_word' id='word_1_370' title='bbox 2359 3721 2657 3794; x_wconf 87' lang='lat' dir='ltr'><strong>preposito</strong></span> <span class='ocrx_word' id='word_1_371' title='bbox 2691 3723 3002 3789; x_wconf 91' lang='lat' dir='ltr'><strong>recederet,</strong></span> <span class='ocrx_word' id='word_1_372' title='bbox 3036 3739 3108 3777; x_wconf 90' lang='lat' dir='ltr'><strong>ne</strong></span> <span class='ocrx_word' id='word_1_373' title='bbox 3149 3739 3252 3795; x_wconf 92' lang='lat' dir='ltr'><strong>per</strong></span> <span class='ocrx_word' id='word_1_374' title='bbox 3282 3740 3417 3780; x_wconf 88' lang='lat' dir='ltr'><strong>eum</strong></span> <span class='ocrx_word' id='word_1_375' title='bbox 3449 3721 3584 3779; x_wconf 90' lang='lat' dir='ltr'><strong>talis</strong></span> 
     </span>
    </p>
   </div>
   <div class='ocr_carea' id='block_1_34' title="bbox 223 3808 3578 3883">
    <p class='ocr_par' dir='ltr' id='par_1_34' title="bbox 223 3808 3578 3883">
     <span class='ocr_line' id='line_1_35' title="bbox 223 3808 3578 3883; baseline 0.001 -18"><span class='ocrx_word' id='word_1_376' title='bbox 223 3809 265 3865; x_wconf 90' lang='lat'><strong>5</strong></span> <span class='ocrx_word' id='word_1_377' title='bbox 305 3808 573 3865; x_wconf 89' lang='lat' dir='ltr'><strong>inaudita</strong></span> <span class='ocrx_word' id='word_1_378' title='bbox 622 3812 844 3868; x_wconf 90' lang='lat' dir='ltr'><strong>novitas</strong></span> <span class='ocrx_word' id='word_1_379' title='bbox 892 3811 951 3867; x_wconf 90' lang='lat' dir='ltr'><strong>in</strong></span> <span class='ocrx_word' id='word_1_380' title='bbox 1001 3813 1259 3868; x_wconf 85' lang='lat' dir='ltr'><strong>Ecclesia</strong></span> <span class='ocrx_word' id='word_1_381' title='bbox 1307 3813 1408 3868; x_wconf 89' lang='lat' dir='ltr'><strong>Dei</strong></span> <span class='ocrx_word' id='word_1_382' title='bbox 1451 3815 1629 3868; x_wconf 80' lang='lat' dir='ltr'><strong>ﬁeret.</strong></span> <span class='ocrx_word' id='word_1_383' title='bbox 1665 3814 1735 3868; x_wconf 90' lang='lat' dir='ltr'><strong>Et</strong></span> <span class='ocrx_word' id='word_1_384' title='bbox 1784 3813 1926 3866; x_wconf 88' lang='lat' dir='ltr'><strong>dum</strong></span> <span class='ocrx_word' id='word_1_385' title='bbox 1973 3809 2312 3881; x_wconf 89' lang='lat' dir='ltr'><strong>hujusmodi</strong></span> <span class='ocrx_word' id='word_1_386' title='bbox 2340 3811 2726 3881; x_wconf 89' lang='lat' dir='ltr'><strong>adjurationis</strong></span> <span class='ocrx_word' id='word_1_387' title='bbox 2758 3812 3042 3883; x_wconf 90' lang='lat' dir='ltr'><strong>proferret</strong></span> <span class='ocrx_word' id='word_1_388' title='bbox 3073 3813 3266 3878; x_wconf 90' lang='lat' dir='ltr'><strong>verba,</strong></span> <span class='ocrx_word' id='word_1_389' title='bbox 3301 3811 3578 3868; x_wconf 88' lang='lat' dir='ltr'><strong>concitati</strong></span> 
     </span>
    </p>
   </div>
   <div class='ocr_carea' id='block_1_35' title="bbox 302 3896 3582 3972">
    <p class='ocr_par' dir='ltr' id='par_1_35' title="bbox 302 3896 3582 3972">
     <span class='ocr_line' id='line_1_36' title="bbox 302 3896 3582 3972; baseline 0.002 -21"><span class='ocrx_word' id='word_1_390' title='bbox 302 3896 544 3970; x_wconf 90' lang='lat' dir='ltr'><strong>plurimi</strong></span> <span class='ocrx_word' id='word_1_391' title='bbox 575 3917 645 3954; x_wconf 74' lang='lat' dir='ltr'><strong>ex</strong></span> <span class='ocrx_word' id='word_1_392' title='bbox 673 3900 819 3972; x_wconf 91' lang='lat' dir='ltr'><strong>ipsis</strong></span> <span class='ocrx_word' id='word_1_393' title='bbox 848 3900 1122 3972; x_wconf 85' lang='lat' dir='ltr'><strong>malignis</strong></span> <span class='ocrx_word' id='word_1_394' title='bbox 1153 3900 1253 3972; x_wconf 85' lang='lat' dir='ltr'><strong>qui</strong></span> <span class='ocrx_word' id='word_1_395' title='bbox 1285 3901 1552 3956; x_wconf 86' lang='lat' dir='ltr'><strong>eamdem</strong></span> <span class='ocrx_word' id='word_1_396' title='bbox 1583 3899 1826 3972; x_wconf 89' lang='lat' dir='ltr'><strong>impiam</strong></span> <span class='ocrx_word' id='word_1_397' title='bbox 1863 3899 2204 3955; x_wconf 88' lang='lat' dir='ltr'><strong>electionem</strong></span> <span class='ocrx_word' id='word_1_398' title='bbox 2256 3899 2528 3964; x_wconf 81' lang='lat' dir='ltr'><strong>fecerant,</strong></span> <span class='ocrx_word' id='word_1_399' title='bbox 2563 3900 2936 3971; x_wconf 86' lang='lat' dir='ltr'><strong>insurgentes</strong></span> <span class='ocrx_word' id='word_1_400' title='bbox 2987 3917 3165 3972; x_wconf 90' lang='lat' dir='ltr'><strong>super</strong></span> <span class='ocrx_word' id='word_1_401' title='bbox 3211 3917 3368 3964; x_wconf 91' lang='lat' dir='ltr'><strong>eum,</strong></span> <span class='ocrx_word' id='word_1_402' title='bbox 3406 3905 3582 3971; x_wconf 90' lang='lat' dir='ltr'><strong>atque</strong></span> 
     </span>
    </p>
   </div>
   <div class='ocr_carea' id='block_1_36' title="bbox 307 3986 3576 4060">
    <p class='ocr_par' dir='ltr' id='par_1_36' title="bbox 307 3986 3576 4060">
     <span class='ocr_line' id='line_1_37' title="bbox 307 3986 3576 4060; baseline 0.001 -20"><span class='ocrx_word' id='word_1_403' title='bbox 307 3986 536 4042; x_wconf 85' lang='lat' dir='ltr'><strong>fortiter</strong></span> <span class='ocrx_word' id='word_1_404' title='bbox 565 3988 990 4044; x_wconf 87' lang='lat' dir='ltr'><strong>comminantes</strong></span> <span class='ocrx_word' id='word_1_405' title='bbox 1021 3988 1093 4056; x_wconf 91' lang='lat' dir='ltr'><strong>ei,</strong></span> <span class='ocrx_word' id='word_1_406' title='bbox 1130 3988 1336 4044; x_wconf 91' lang='lat' dir='ltr'><strong>timore</strong></span> <span class='ocrx_word' id='word_1_407' title='bbox 1366 3994 1668 4060; x_wconf 89' lang='lat' dir='ltr'><strong>correptus</strong></span> <span class='ocrx_word' id='word_1_408' title='bbox 1698 3988 2018 4044; x_wconf 89' lang='lat' dir='ltr'><strong>orationem</strong></span> <span class='ocrx_word' id='word_1_409' title='bbox 2050 3987 2133 4041; x_wconf 90' lang='lat' dir='ltr'><strong>illi</strong></span> <span class='ocrx_word' id='word_1_410' title='bbox 2167 3987 2476 4042; x_wconf 89' lang='lat' dir='ltr'><strong>clericatus</strong></span> <span class='ocrx_word' id='word_1_411' title='bbox 2516 3987 2742 4053; x_wconf 89' lang='lat' dir='ltr'><strong>tribuit,</strong></span> <span class='ocrx_word' id='word_1_412' title='bbox 2776 3994 2833 4042; x_wconf 91' lang='lat' dir='ltr'><strong>et</strong></span> <span class='ocrx_word' id='word_1_413' title='bbox 2887 3988 2969 4042; x_wconf 88' lang='lat' dir='ltr'><strong>ita</strong></span> <span class='ocrx_word' id='word_1_414' title='bbox 3016 3986 3264 4042; x_wconf 89' lang='lat' dir='ltr'><strong>clericus</strong></span> <span class='ocrx_word' id='word_1_415' title='bbox 3314 3987 3576 4056; x_wconf 73' lang='lat' dir='ltr'><strong>effectus,</strong></span> 
     </span>
    </p>
   </div>
   <div class='ocr_carea' id='block_1_37' title="bbox 306 4075 3575 4150">
    <p class='ocr_par' dir='ltr' id='par_1_37' title="bbox 306 4075 3575 4150">
     <span class='ocr_line' id='line_1_38' title="bbox 306 4075 3575 4150; baseline 0.001 -21"><span class='ocrx_word' id='word_1_416' title='bbox 306 4075 581 4131; x_wconf 89' lang='lat' dir='ltr'><strong>eumdem</strong></span> <span class='ocrx_word' id='word_1_417' title='bbox 615 4077 1058 4134; x_wconf 88' lang='lat' dir='ltr'><strong>sanctissimum</strong></span> <span class='ocrx_word' id='word_1_418' title='bbox 1092 4079 1479 4134; x_wconf 88' lang='lat' dir='ltr'><strong>Lateranense</strong></span> <span class='ocrx_word' id='word_1_419' title='bbox 1509 4078 1722 4134; x_wconf 88' lang='lat' dir='ltr'><strong>invasit</strong></span> <span class='ocrx_word' id='word_1_420' title='bbox 1749 4076 2188 4150; x_wconf 89' lang='lat' dir='ltr'><strong>patriarchium.</strong></span> <span class='ocrx_word' id='word_1_421' title='bbox 2219 4076 2343 4131; x_wconf 86' lang='lat' dir='ltr'><strong>Alio</strong></span> <span class='ocrx_word' id='word_1_422' title='bbox 2395 4093 2527 4131; x_wconf 88' lang='lat' dir='ltr'><strong>vero</strong></span> <span class='ocrx_word' id='word_1_423' title='bbox 2573 4076 2664 4130; x_wconf 91' lang='lat' dir='ltr'><strong>die</strong></span> <span class='ocrx_word' id='word_1_424' title='bbox 2696 4075 3091 4141; x_wconf 89' lang='lat' dir='ltr'><strong>illucescente,</strong></span> <span class='ocrx_word' id='word_1_425' title='bbox 3125 4075 3384 4130; x_wconf 89' lang='lat' dir='ltr'><strong>secunda</strong></span> <span class='ocrx_word' id='word_1_426' title='bbox 3413 4075 3575 4143; x_wconf 89' lang='lat' dir='ltr'><strong>feria,</strong></span> 
     </span>
    </p>
   </div>
   <div class='ocr_carea' id='block_1_38' title="bbox 302 4162 3574 4240">
    <p class='ocr_par' dir='ltr' id='par_1_38' title="bbox 302 4162 3574 4240">
     <span class='ocr_line' id='line_1_39' title="bbox 302 4162 3574 4240; baseline 0.001 -23"><span class='ocrx_word' id='word_1_427' title='bbox 302 4162 703 4221; x_wconf 86' lang='lat' dir='ltr'><strong>subdiaconus</strong></span> <span class='ocrx_word' id='word_1_428' title='bbox 734 4170 910 4238; x_wconf 88' lang='lat' dir='ltr'><strong>atque</strong></span> <span class='ocrx_word' id='word_1_429' title='bbox 939 4166 1223 4223; x_wconf 89' lang='lat' dir='ltr'><strong>diaconus</strong></span> <span class='ocrx_word' id='word_1_430' title='bbox 1253 4168 1324 4222; x_wconf 89' lang='lat' dir='ltr'><strong>ab</strong></span> <span class='ocrx_word' id='word_1_431' title='bbox 1355 4169 1558 4223; x_wconf 90' lang='lat' dir='ltr'><strong>eodem</strong></span> <span class='ocrx_word' id='word_1_432' title='bbox 1586 4167 1856 4240; x_wconf 90' lang='lat' dir='ltr'><strong>episcopo</strong></span> <span class='ocrx_word' id='word_1_433' title='bbox 1889 4165 1947 4220; x_wconf 92' lang='lat' dir='ltr'><strong>in</strong></span> <span class='ocrx_word' id='word_1_434' title='bbox 1981 4167 2234 4222; x_wconf 81' lang='lat' dir='ltr'><strong>oratorio</strong></span> <span class='ocrx_word' id='word_1_435' title='bbox 2266 4165 2453 4222; x_wconf 89' lang='lat' dir='ltr'><strong>sancti</strong></span> <span class='ocrx_word' id='word_1_436' title='bbox 2485 4165 2782 4220; x_wconf 89' lang='lat' dir='ltr'><strong>Laurentii</strong></span> <span class='ocrx_word' id='word_1_437' title='bbox 2821 4165 2976 4221; x_wconf 89' lang='lat' dir='ltr'><strong>intra</strong></span> <span class='ocrx_word' id='word_1_438' title='bbox 3020 4165 3294 4220; x_wconf 86' lang='lat' dir='ltr'><strong>eumdem</strong></span> <span class='ocrx_word' id='word_1_439' title='bbox 3324 4164 3574 4236; x_wconf 88' lang='lat' dir='ltr'><strong>patriar-</strong></span> 
     </span>
    </p>
   </div>
   <div class='ocr_carea' id='block_1_39' title="bbox 187 4250 2324 4323">
    <p class='ocr_par' dir='ltr' id='par_1_39' title="bbox 187 4250 2324 4323">
     <span class='ocr_line' id='line_1_40' title="bbox 187 4250 2324 4323; baseline 0.002 -19"><span class='ocrx_word' id='word_1_440' title='bbox 187 4251 260 4304; x_wconf 86' lang='grc'><strong>10</strong></span> <span class='ocrx_word' id='word_1_441' title='bbox 299 4250 524 4316; x_wconf 89' lang='lat' dir='ltr'><strong>ehium,</strong></span> <span class='ocrx_word' id='word_1_442' title='bbox 559 4259 761 4308; x_wconf 90' lang='lat' dir='ltr'><strong>contra</strong></span> <span class='ocrx_word' id='word_1_443' title='bbox 790 4260 1127 4310; x_wconf 91' lang='lat' dir='ltr'><strong>sanctorum</strong></span> <span class='ocrx_word' id='word_1_444' title='bbox 1161 4272 1452 4312; x_wconf 89' lang='lat' dir='ltr'><strong>canonum</strong></span> <span class='ocrx_word' id='word_1_445' title='bbox 1482 4255 1774 4323; x_wconf 90' lang='lat' dir='ltr'><strong>instituta,</strong></span> <span class='ocrx_word' id='word_1_446' title='bbox 1807 4259 2182 4311; x_wconf 88' lang='lat' dir='ltr'><strong>consecratus</strong></span> <span class='ocrx_word' id='word_1_447' title='bbox 2215 4259 2324 4309; x_wconf 91' lang='lat' dir='ltr'><strong>est.</strong></span> 
     </span>
    </p>
   </div>
   <div class='ocr_carea' id='block_1_40' title="bbox 380 4341 3575 4418">
    <p class='ocr_par' dir='ltr' id='par_1_40' title="bbox 380 4341 3575 4418">
     <span class='ocr_line' id='line_1_41' title="bbox 380 4341 3575 4418; baseline 0.001 -23"><span class='ocrx_word' id='word_1_448' title='bbox 380 4341 531 4396; x_wconf 75' lang='lat'><strong>205</strong></span> <span class='ocrx_word' id='word_1_449' title='bbox 565 4341 775 4414; x_wconf 88' lang='lat' dir='ltr'><strong>Sicque</strong></span> <span class='ocrx_word' id='word_1_450' title='bbox 806 4343 1145 4400; x_wconf 89' lang='lat' dir='ltr'><strong>universum</strong></span> <span class='ocrx_word' id='word_1_451' title='bbox 1175 4345 1459 4418; x_wconf 86' lang='lat' dir='ltr'><strong>populum</strong></span> <span class='ocrx_word' id='word_1_452' title='bbox 1491 4345 1600 4402; x_wconf 91' lang='lat' dir='ltr'><strong>sibi</strong></span> <span class='ocrx_word' id='word_1_453' title='bbox 1654 4349 2088 4402; x_wconf 89' lang='lat' dir='ltr'><strong>sacramentum</strong></span> <span class='ocrx_word' id='word_1_454' title='bbox 2135 4345 2392 4416; x_wconf 75' lang='lat' dir='ltr'><strong>praebere</strong></span> <span class='ocrx_word' id='word_1_455' title='bbox 2443 4344 2601 4410; x_wconf 82' lang='lat' dir='ltr'><strong>fecit,</strong></span> <span class='ocrx_word' id='word_1_456' title='bbox 2634 4347 2691 4398; x_wconf 92' lang='lat' dir='ltr'><strong>et</strong></span> <span class='ocrx_word' id='word_1_457' title='bbox 2741 4342 3080 4398; x_wconf 86' lang='lat' dir='ltr'><strong>adveniente</strong></span> <span class='ocrx_word' id='word_1_458' title='bbox 3129 4342 3432 4399; x_wconf 89' lang='lat' dir='ltr'><strong>Dominico</strong></span> <span class='ocrx_word' id='word_1_459' title='bbox 3482 4341 3575 4398; x_wconf 92' lang='lat' dir='ltr'><strong>die</strong></span> 
     </span>
    </p>
   </div>
   <div class='ocr_carea' id='block_1_41' title="bbox 304 4431 3570 4505">
    <p class='ocr_par' dir='ltr' id='par_1_41' title="bbox 304 4431 3570 4505">
     <span class='ocr_line' id='line_1_42' title="bbox 304 4431 3570 4505; baseline 0.001 -21"><span class='ocrx_word' id='word_1_460' title='bbox 304 4445 545 4486; x_wconf 84' lang='lat' dir='ltr'><strong>rursum</strong></span> <span class='ocrx_word' id='word_1_461' title='bbox 576 4447 709 4486; x_wconf 92' lang='lat' dir='ltr'><strong>cum</strong></span> <span class='ocrx_word' id='word_1_462' title='bbox 744 4431 1124 4488; x_wconf 88' lang='lat' dir='ltr'><strong>multitudine</strong></span> <span class='ocrx_word' id='word_1_463' title='bbox 1154 4440 1511 4490; x_wconf 87' lang='lat' dir='ltr'><strong>armatorum</strong></span> <span class='ocrx_word' id='word_1_464' title='bbox 1543 4434 1898 4491; x_wconf 82' lang='lat' dir='ltr'><strong>exercituum</strong></span> <span class='ocrx_word' id='word_1_465' title='bbox 1931 4434 1991 4488; x_wconf 90' lang='lat' dir='ltr'><strong>in</strong></span> <span class='ocrx_word' id='word_1_466' title='bbox 2023 4432 2264 4489; x_wconf 90' lang='lat' dir='ltr'><strong>basilica</strong></span> <span class='ocrx_word' id='word_1_467' title='bbox 2294 4432 2449 4488; x_wconf 89' lang='lat' dir='ltr'><strong>beati</strong></span> <span class='ocrx_word' id='word_1_468' title='bbox 2479 4432 2626 4488; x_wconf 88' lang='lat' dir='ltr'><strong>Petri</strong></span> <span class='ocrx_word' id='word_1_469' title='bbox 2661 4449 2980 4505; x_wconf 90' lang='lat' dir='ltr'><strong>properans</strong></span> <span class='ocrx_word' id='word_1_470' title='bbox 3010 4432 3352 4505; x_wconf 82' lang='lat' dir='ltr'><strong>pontifexab</strong></span> <span class='ocrx_word' id='word_1_471' title='bbox 3369 4433 3570 4488; x_wconf 89' lang='lat' dir='ltr'><strong>eodem</strong></span> 
     </span>
    </p>
   </div>
   <div class='ocr_carea' id='block_1_42' title="bbox 303 4515 3569 4594">
    <p class='ocr_par' dir='ltr' id='par_1_42' title="bbox 303 4515 3569 4594">
     <span class='ocr_line' id='line_1_43' title="bbox 303 4515 3569 4594; baseline 0.002 -23"><span class='ocrx_word' id='word_1_472' title='bbox 303 4515 551 4588; x_wconf 89' lang='lat' dir='ltr'><strong>Georgio</strong></span> <span class='ocrx_word' id='word_1_473' title='bbox 581 4517 851 4590; x_wconf 90' lang='lat' dir='ltr'><strong>episcopo</strong></span> <span class='ocrx_word' id='word_1_474' title='bbox 883 4520 1233 4578; x_wconf 67' lang='lat' dir='ltr'><strong>Praenestino</strong></span> <span class='ocrx_word' id='word_1_475' title='bbox 1264 4527 1320 4578; x_wconf 93' lang='lat' dir='ltr'><strong>et</strong></span> <span class='ocrx_word' id='word_1_476' title='bbox 1345 4523 1475 4579; x_wconf 89' lang='lat' dir='ltr'><strong>aliis</strong></span> <span class='ocrx_word' id='word_1_477' title='bbox 1509 4524 1740 4578; x_wconf 88' lang='lat' dir='ltr'><strong>duobus</strong></span> <span class='ocrx_word' id='word_1_478' title='bbox 1771 4520 2380 4594; x_wconf 83' lang='lat' dir='ltr'><strong>episcopis,Eustratio</strong></span> <span class='ocrx_word' id='word_1_479' title='bbox 2403 4519 2731 4576; x_wconf 90' lang='lat' dir='ltr'><strong>Albanense</strong></span> <span class='ocrx_word' id='word_1_480' title='bbox 2763 4524 2820 4575; x_wconf 90' lang='lat' dir='ltr'><strong>et</strong></span> <span class='ocrx_word' id='word_1_481' title='bbox 2849 4519 3110 4576; x_wconf 88' lang='lat' dir='ltr'><strong>Citonato</strong></span> <span class='ocrx_word' id='word_1_482' title='bbox 3142 4520 3208 4591; x_wconf 80' lang='lat' dir='ltr'><strong>(e)</strong></span> <span class='ocrx_word' id='word_1_483' title='bbox 3234 4520 3569 4589; x_wconf 87' lang='lat' dir='ltr'><strong>Portuense,</strong></span> 
     </span>
    </p>
   </div>
   <div class='ocr_carea' id='block_1_43' title="bbox 299 4609 3572 4684">
    <p class='ocr_par' dir='ltr' id='par_1_43' title="bbox 299 4609 3572 4684">
     <span class='ocr_line' id='line_1_44' title="bbox 299 4609 3572 4684; baseline 0.002 -24"><span class='ocrx_word' id='word_1_484' title='bbox 299 4610 682 4662; x_wconf 86' lang='lat' dir='ltr'><strong>consecratus</strong></span> <span class='ocrx_word' id='word_1_485' title='bbox 713 4614 820 4678; x_wconf 88' lang='lat' dir='ltr'><strong>est,</strong></span> <span class='ocrx_word' id='word_1_486' title='bbox 852 4612 908 4663; x_wconf 91' lang='lat' dir='ltr'><strong>et</strong></span> <span class='ocrx_word' id='word_1_487' title='bbox 934 4625 1037 4681; x_wconf 91' lang='lat' dir='ltr'><strong>per</strong></span> <span class='ocrx_word' id='word_1_488' title='bbox 1056 4610 1194 4665; x_wconf 91' lang='lat' dir='ltr'><strong>anni</strong></span> <span class='ocrx_word' id='word_1_489' title='bbox 1227 4611 1485 4684; x_wconf 89' lang='lat' dir='ltr'><strong>spatium</strong></span> <span class='ocrx_word' id='word_1_490' title='bbox 1516 4617 1573 4668; x_wconf 92' lang='lat' dir='ltr'><strong>et</strong></span> <span class='ocrx_word' id='word_1_491' title='bbox 1605 4628 1866 4667; x_wconf 88' lang='lat' dir='ltr'><strong>mensem</strong></span> <span class='ocrx_word' id='word_1_492' title='bbox 1900 4627 2084 4666; x_wconf 92' lang='lat' dir='ltr'><strong>unum</strong></span> <span class='ocrx_word' id='word_1_493' title='bbox 2108 4610 2304 4665; x_wconf 90' lang='lat' dir='ltr'><strong>sedem</strong></span> <span class='ocrx_word' id='word_1_494' title='bbox 2339 4609 2719 4682; x_wconf 88' lang='lat' dir='ltr'><strong>apostolicam</strong></span> <span class='ocrx_word' id='word_1_495' title='bbox 2750 4609 3011 4665; x_wconf 88' lang='lat' dir='ltr'><strong>invasam</strong></span> <span class='ocrx_word' id='word_1_496' title='bbox 3041 4609 3292 4665; x_wconf 90' lang='lat' dir='ltr'><strong>detinuit</strong></span> <span class='ocrx_word' id='word_1_497' title='bbox 3322 4609 3418 4680; x_wconf 81' lang='grc' dir='ltr'><strong>(ἀ).</strong></span> <span class='ocrx_word' id='word_1_498' title='bbox 3455 4609 3572 4666; x_wconf 87' lang='lat' dir='ltr'><strong>Hoc</strong></span> 
     </span>
    </p>
   </div>
   <div class='ocr_carea' id='block_1_44' title="bbox 219 4694 3572 4772">
    <p class='ocr_par' dir='ltr' id='par_1_44' title="bbox 219 4694 3572 4772">
     <span class='ocr_line' id='line_1_45' title="bbox 219 4694 3572 4772; baseline 0.001 -23"><span class='ocrx_word' id='word_1_499' title='bbox 219 4694 260 4749; x_wconf 87' lang='lat'>5</span> <span class='ocrx_word' id='word_1_500' title='bbox 297 4709 437 4748; x_wconf 91' lang='lat' dir='ltr'><strong>vero</strong></span> <span class='ocrx_word' id='word_1_501' title='bbox 468 4709 710 4751; x_wconf 89' lang='lat' dir='ltr'><strong>cernens</strong></span> <span class='ocrx_word' id='word_1_502' title='bbox 739 4696 1210 4770; x_wconf 89' lang='lat' dir='ltr'><strong>Christophorus,</strong></span> <span class='ocrx_word' id='word_1_503' title='bbox 1244 4699 1613 4772; x_wconf 89' lang='lat' dir='ltr'><strong>primicerius</strong></span> <span class='ocrx_word' id='word_1_504' title='bbox 1643 4704 1700 4756; x_wconf 88' lang='lat' dir='ltr'><strong>et</strong></span> <span class='ocrx_word' id='word_1_505' title='bbox 1731 4697 2121 4765; x_wconf 89' lang='lat' dir='ltr'><strong>consiliarius,</strong></span> <span class='ocrx_word' id='word_1_506' title='bbox 2146 4696 2267 4753; x_wconf 88' lang='lat' dir='ltr'><strong>zelo</strong></span> <span class='ocrx_word' id='word_1_507' title='bbox 2302 4696 2433 4752; x_wconf 83' lang='lat' dir='ltr'><strong>fidei</strong></span> <span class='ocrx_word' id='word_1_508' title='bbox 2467 4715 2584 4753; x_wconf 90' lang='lat' dir='ltr'><strong>una</strong></span> <span class='ocrx_word' id='word_1_509' title='bbox 2614 4715 2748 4754; x_wconf 91' lang='lat' dir='ltr'><strong>cum</strong></span> <span class='ocrx_word' id='word_1_510' title='bbox 2782 4715 2888 4754; x_wconf 91' lang='lat' dir='ltr'><strong>suo</strong></span> <span class='ocrx_word' id='word_1_511' title='bbox 2915 4698 3034 4753; x_wconf 84' lang='lat' dir='ltr'><strong>filio</strong></span> <span class='ocrx_word' id='word_1_512' title='bbox 3066 4697 3286 4770; x_wconf 90' lang='lat' dir='ltr'><strong>Sergio,</strong></span> <span class='ocrx_word' id='word_1_513' title='bbox 3310 4701 3453 4752; x_wconf 91' lang='lat' dir='ltr'><strong>tunc</strong></span> <span class='ocrx_word' id='word_1_514' title='bbox 3485 4715 3572 4753; x_wconf 88' lang='lat' dir='ltr'><strong>sa-</strong></span> 
     </span>
    </p>
   </div>
   <div class='ocr_carea' id='block_1_45' title="bbox 298 4779 3568 4861">
    <p class='ocr_par' dir='ltr' id='par_1_45' title="bbox 298 4779 3568 4861">
     <span class='ocr_line' id='line_1_46' title="bbox 298 4779 3568 4861; baseline 0.002 -24"><span class='ocrx_word' id='word_1_515' title='bbox 298 4779 538 4838; x_wconf 87' lang='lat' dir='ltr'><strong>cellario</strong></span> <span class='ocrx_word' id='word_1_516' title='bbox 561 4783 1207 4853; x_wconf 79' lang='lat' dir='ltr'><strong>existente,maluerunt</strong></span> <span class='ocrx_word' id='word_1_517' title='bbox 1238 4788 1426 4861; x_wconf 89' lang='lat' dir='ltr'><strong>magis</strong></span> <span class='ocrx_word' id='word_1_518' title='bbox 1459 4787 1602 4844; x_wconf 88' lang='lat' dir='ltr'><strong>mori</strong></span> <span class='ocrx_word' id='word_1_519' title='bbox 1638 4803 1816 4859; x_wconf 87' lang='lat' dir='ltr'><strong>quam</strong></span> <span class='ocrx_word' id='word_1_520' title='bbox 1850 4786 2022 4842; x_wconf 88' lang='lat' dir='ltr'><strong>talem</strong></span> <span class='ocrx_word' id='word_1_521' title='bbox 2054 4785 2292 4858; x_wconf 90' lang='lat' dir='ltr'><strong>impiam</strong></span> <span class='ocrx_word' id='word_1_522' title='bbox 2329 4786 2644 4842; x_wconf 89' lang='lat' dir='ltr'><strong>novitatem</strong></span> <span class='ocrx_word' id='word_1_523' title='bbox 2674 4791 2730 4842; x_wconf 91' lang='lat' dir='ltr'><strong>et</strong></span> <span class='ocrx_word' id='word_1_524' title='bbox 2759 4787 3021 4859; x_wconf 88' lang='lat' dir='ltr'><strong>iniquam</strong></span> <span class='ocrx_word' id='word_1_525' title='bbox 3052 4785 3568 4860; x_wconf 72' lang='lat' dir='ltr'><strong>praesumptionem</strong></span> 
     </span>
    </p>
   </div>
   <div class='ocr_carea' id='block_1_46' title="bbox 295 4869 3567 4949">
    <p class='ocr_par' dir='ltr' id='par_1_46' title="bbox 295 4869 3567 4949">
     <span class='ocr_line' id='line_1_47' title="bbox 295 4869 3567 4949; baseline 0.002 -25"><span class='ocrx_word' id='word_1_526' title='bbox 295 4869 362 4925; x_wconf 91' lang='lat' dir='ltr'><strong>in</strong></span> <span class='ocrx_word' id='word_1_527' title='bbox 393 4870 594 4926; x_wconf 87' lang='lat' dir='ltr'><strong>sedem</strong></span> <span class='ocrx_word' id='word_1_528' title='bbox 625 4873 1007 4945; x_wconf 89' lang='lat' dir='ltr'><strong>apostolicam</strong></span> <span class='ocrx_word' id='word_1_529' title='bbox 1037 4879 1429 4948; x_wconf 89' lang='lat' dir='ltr'><strong>perpetratam</strong></span> <span class='ocrx_word' id='word_1_530' title='bbox 1463 4877 1816 4947; x_wconf 87' lang='lat' dir='ltr'><strong>conspicere,</strong></span> <span class='ocrx_word' id='word_1_531' title='bbox 1849 4879 1906 4930; x_wconf 89' lang='lat' dir='ltr'><strong>et</strong></span> <span class='ocrx_word' id='word_1_532' title='bbox 1935 4875 2196 4947; x_wconf 88' lang='lat' dir='ltr'><strong>quotidie</strong></span> <span class='ocrx_word' id='word_1_533' title='bbox 2227 4875 2287 4929; x_wconf 90' lang='lat' dir='ltr'><strong>in</strong></span> <span class='ocrx_word' id='word_1_534' title='bbox 2316 4876 2452 4930; x_wconf 84' lang='lat' dir='ltr'><strong>fletu</strong></span> <span class='ocrx_word' id='word_1_535' title='bbox 2493 4880 2551 4931; x_wconf 91' lang='lat' dir='ltr'><strong>et</strong></span> <span class='ocrx_word' id='word_1_536' title='bbox 2579 4875 2853 4949; x_wconf 75' lang='lat' dir='ltr'><strong>lacrymis</strong></span> <span class='ocrx_word' id='word_1_537' title='bbox 2885 4877 3291 4948; x_wconf 89' lang='lat' dir='ltr'><strong>perdurantes,</strong></span> <span class='ocrx_word' id='word_1_538' title='bbox 3323 4874 3567 4930; x_wconf 86' lang='lat' dir='ltr'><strong>simula-</strong></span> 
     </span>
    </p>
   </div>
   <div class='ocr_carea' id='block_1_47' title="bbox 294 4957 3566 5037">
    <p class='ocr_par' dir='ltr' id='par_1_47' title="bbox 294 4957 3566 5037">
     <span class='ocr_line' id='line_1_48' title="bbox 294 4957 3566 5037; baseline 0.002 -26"><span class='ocrx_word' id='word_1_539' title='bbox 294 4963 510 5013; x_wconf 91' lang='lat' dir='ltr'><strong>verunt</strong></span> <span class='ocrx_word' id='word_1_540' title='bbox 537 4976 600 5014; x_wconf 90' lang='lat' dir='ltr'><strong>se</strong></span> <span class='ocrx_word' id='word_1_541' title='bbox 631 4962 950 5018; x_wconf 91' lang='lat' dir='ltr'><strong>monachos</strong></span> <span class='ocrx_word' id='word_1_542' title='bbox 981 4963 1127 5030; x_wconf 86' lang='lat' dir='ltr'><strong>fieri,</strong></span> <span class='ocrx_word' id='word_1_543' title='bbox 1163 4982 1406 5037; x_wconf 88' lang='lat' dir='ltr'><strong>seseque</strong></span> <span class='ocrx_word' id='word_1_544' title='bbox 1435 4964 1654 5021; x_wconf 88' lang='lat' dir='ltr'><strong>absolvi</strong></span> <span class='ocrx_word' id='word_1_545' title='bbox 1682 4965 1755 5019; x_wconf 90' lang='lat' dir='ltr'><strong>ab</strong></span> <span class='ocrx_word' id='word_1_546' title='bbox 1785 4957 1988 5020; x_wconf 86' lang='lat' dir='ltr'><strong>cedem</strong></span> <span class='ocrx_word' id='word_1_547' title='bbox 2013 4964 2396 5018; x_wconf 89' lang='lat' dir='ltr'><strong>Constantino</strong></span> <span class='ocrx_word' id='word_1_548' title='bbox 2427 4965 2740 5034; x_wconf 89' lang='lat' dir='ltr'><strong>petierunt,</strong></span> <span class='ocrx_word' id='word_1_549' title='bbox 2772 4965 2832 5020; x_wconf 92' lang='lat' dir='ltr'><strong>in</strong></span> <span class='ocrx_word' id='word_1_550' title='bbox 2864 4965 3218 5021; x_wconf 89' lang='lat' dir='ltr'><strong>monasterio</strong></span> <span class='ocrx_word' id='word_1_551' title='bbox 3249 4963 3566 5020; x_wconf 87' lang='lat' dir='ltr'><strong>Salvatoris</strong></span> 
     </span>
    </p>
   </div>
   <div class='ocr_carea' id='block_1_48' title="bbox 297 5046 3564 5126">
    <p class='ocr_par' dir='ltr' id='par_1_48' title="bbox 297 5046 3564 5126">
     <span class='ocr_line' id='line_1_49' title="bbox 297 5046 3564 5126; baseline 0.002 -25"><span class='ocrx_word' id='word_1_552' title='bbox 297 5046 534 5102; x_wconf 82' lang='lat' dir='ltr'><strong>Domini</strong></span> <span class='ocrx_word' id='word_1_553' title='bbox 568 5050 750 5104; x_wconf 88' lang='lat' dir='ltr'><strong>nostri</strong></span> <span class='ocrx_word' id='word_1_554' title='bbox 778 5051 919 5107; x_wconf 85' lang='lat' dir='ltr'><strong>Jesu</strong></span> <span class='ocrx_word' id='word_1_555' title='bbox 952 5051 1164 5108; x_wconf 89' lang='lat' dir='ltr'><strong>Christi</strong></span> <span class='ocrx_word' id='word_1_556' title='bbox 1197 5054 1507 5125; x_wconf 85' lang='lat' dir='ltr'><strong>proﬁcisci,</strong></span> <span class='ocrx_word' id='word_1_557' title='bbox 1543 5057 1869 5109; x_wconf 89' lang='lat' dir='ltr'><strong>asserentes</strong></span> <span class='ocrx_word' id='word_1_558' title='bbox 1901 5051 2020 5106; x_wconf 90' lang='lat' dir='ltr'><strong>illic</strong></span> <span class='ocrx_word' id='word_1_559' title='bbox 2049 5052 2459 5106; x_wconf 90' lang='lat' dir='ltr'><strong>monachicum</strong></span> <span class='ocrx_word' id='word_1_560' title='bbox 2491 5053 2612 5109; x_wconf 87' lang='lat' dir='ltr'><strong>fore</strong></span> <span class='ocrx_word' id='word_1_561' title='bbox 2661 5058 3035 5126; x_wconf 91' lang='lat' dir='ltr'><strong>suscepturos</strong></span> <span class='ocrx_word' id='word_1_562' title='bbox 3084 5053 3350 5108; x_wconf 90' lang='lat' dir='ltr'><strong>habitum</strong></span> <span class='ocrx_word' id='word_1_563' title='bbox 3385 5069 3398 5107; x_wconf 90' lang='lat'>:</span> <span class='ocrx_word' id='word_1_564' title='bbox 3434 5070 3564 5109; x_wconf 91' lang='lat' dir='ltr'><strong>sus-</strong></span> 
     </span>
    </p>
   </div>
   <div class='ocr_carea' id='block_1_49' title="bbox 186 5134 3214 5216">
    <p class='ocr_par' dir='ltr' id='par_1_49' title="bbox 186 5134 3214 5216">
     <span class='ocr_line' id='line_1_50' title="bbox 186 5134 3214 5216; baseline 0.002 -26"><span class='ocrx_word' id='word_1_565' title='bbox 186 5134 256 5191; x_wconf 88' lang='grc'><strong>10</strong></span> <span class='ocrx_word' id='word_1_566' title='bbox 295 5138 584 5208; x_wconf 74' lang='lat' dir='ltr'><strong>captoque</strong></span> <span class='ocrx_word' id='word_1_567' title='bbox 613 5137 685 5193; x_wconf 85' lang='lat' dir='ltr'><strong>ab</strong></span> <span class='ocrx_word' id='word_1_568' title='bbox 714 5139 916 5196; x_wconf 91' lang='lat' dir='ltr'><strong>eodem</strong></span> <span class='ocrx_word' id='word_1_569' title='bbox 949 5139 1366 5214; x_wconf 88' lang='lat' dir='ltr'><strong>Christophoro</strong></span> <span class='ocrx_word' id='word_1_570' title='bbox 1399 5143 1734 5199; x_wconf 88' lang='lat' dir='ltr'><strong>Primicerio</strong></span> <span class='ocrx_word' id='word_1_571' title='bbox 1769 5145 2156 5206; x_wconf 88' lang='lat' dir='ltr'><strong>sacramento,</strong></span> <span class='ocrx_word' id='word_1_572' title='bbox 2189 5141 2269 5195; x_wconf 84' lang='lat' dir='ltr'><strong>ita</strong></span> <span class='ocrx_word' id='word_1_573' title='bbox 2299 5139 2414 5194; x_wconf 92' lang='lat' dir='ltr'><strong>illis</strong></span> <span class='ocrx_word' id='word_1_574' title='bbox 2446 5143 2688 5198; x_wconf 90' lang='lat' dir='ltr'><strong>credens</strong></span> <span class='ocrx_word' id='word_1_575' title='bbox 2719 5159 2817 5198; x_wconf 90' lang='lat' dir='ltr'><strong>eos</strong></span> <span class='ocrx_word' id='word_1_576' title='bbox 2849 5142 3094 5198; x_wconf 90' lang='lat' dir='ltr'><strong>absolvit</strong></span> <span class='ocrx_word' id='word_1_577' title='bbox 3125 5142 3214 5216; x_wconf 86' lang='lat' dir='ltr'><strong>(e).</strong></span> 
     </span>
    </p>
   </div>
   <div class='ocr_carea' id='block_1_50' title="bbox 372 5225 3561 5304">
    <p class='ocr_par' dir='ltr' id='par_1_50' title="bbox 372 5225 3561 5304">
     <span class='ocr_line' id='line_1_51' title="bbox 372 5225 3561 5304; baseline 0.002 -24"><span class='ocrx_word' id='word_1_578' title='bbox 372 5225 526 5280; x_wconf 72' lang='lat'><strong>266</strong></span> <span class='ocrx_word' id='word_1_579' title='bbox 558 5226 780 5291; x_wconf 90' lang='lat' dir='ltr'><strong>Quibus</strong></span> <span class='ocrx_word' id='word_1_580' title='bbox 809 5231 1259 5300; x_wconf 91' lang='lat' dir='ltr'><strong>properantibus</strong></span> <span class='ocrx_word' id='word_1_581' title='bbox 1288 5235 1465 5302; x_wconf 90' lang='lat' dir='ltr'><strong>atque</strong></span> <span class='ocrx_word' id='word_1_582' title='bbox 1495 5231 1554 5286; x_wconf 91' lang='lat' dir='ltr'><strong>in</strong></span> <span class='ocrx_word' id='word_1_583' title='bbox 1586 5232 1732 5287; x_wconf 83' lang='lat' dir='ltr'><strong>ﬁnes</strong></span> <span class='ocrx_word' id='word_1_584' title='bbox 1761 5230 2272 5302; x_wconf 80' lang='lat' dir='ltr'><strong>Longobardorum</strong></span> <span class='ocrx_word' id='word_1_585' title='bbox 2306 5230 3120 5304; x_wconf 88' lang='lat' dir='ltr'><strong>conjungentibus,velletque</strong></span> <span class='ocrx_word' id='word_1_586' title='bbox 3134 5232 3315 5287; x_wconf 89' lang='lat' dir='ltr'><strong>abbas</strong></span> <span class='ocrx_word' id='word_1_587' title='bbox 3321 5232 3447 5303; x_wconf 90' lang='lat' dir='ltr'><strong>jam</strong></span> <span class='ocrx_word' id='word_1_588' title='bbox 3461 5231 3561 5287; x_wconf 91' lang='lat' dir='ltr'><strong>fati</strong></span> 
     </span>
    </p>
   </div>
   <div class='ocr_carea' id='block_1_51' title="bbox 294 5313 3561 5392">
    <p class='ocr_par' dir='ltr' id='par_1_51' title="bbox 294 5313 3561 5392">
     <span class='ocr_line' id='line_1_52' title="bbox 294 5313 3561 5392; baseline 0.003 -26"><span class='ocrx_word' id='word_1_589' title='bbox 294 5313 637 5370; x_wconf 87' lang='lat' dir='ltr'><strong>monasterii</strong></span> <span class='ocrx_word' id='word_1_590' title='bbox 668 5333 766 5372; x_wconf 90' lang='lat' dir='ltr'><strong>eos</strong></span> <span class='ocrx_word' id='word_1_591' title='bbox 797 5315 855 5371; x_wconf 90' lang='lat' dir='ltr'><strong>in</strong></span> <span class='ocrx_word' id='word_1_592' title='bbox 887 5318 1090 5372; x_wconf 90' lang='lat' dir='ltr'><strong>eodem</strong></span> <span class='ocrx_word' id='word_1_593' title='bbox 1122 5320 1474 5375; x_wconf 89' lang='lat' dir='ltr'><strong>monasterio</strong></span> <span class='ocrx_word' id='word_1_594' title='bbox 1506 5319 2180 5388; x_wconf 87' lang='lat' dir='ltr'><strong>adduci,declinaverunt</strong></span> <span class='ocrx_word' id='word_1_595' title='bbox 2196 5319 2268 5373; x_wconf 89' lang='lat' dir='ltr'><strong>ab</strong></span> <span class='ocrx_word' id='word_1_596' title='bbox 2299 5317 2705 5374; x_wconf 88' lang='lat' dir='ltr'><strong>itinereisdem</strong></span> <span class='ocrx_word' id='word_1_597' title='bbox 2727 5319 3178 5392; x_wconf 90' lang='lat' dir='ltr'><strong>Christophorus</strong></span> <span class='ocrx_word' id='word_1_598' title='bbox 3193 5319 3561 5392; x_wconf 88' lang='lat' dir='ltr'><strong>primicerius</strong></span> 
     </span>
    </p>
   </div>
   <div class='ocr_carea' id='block_1_52' title="bbox 293 5403 3559 5482">
    <p class='ocr_par' dir='ltr' id='par_1_52' title="bbox 293 5403 3559 5482">
     <span class='ocr_line' id='line_1_53' title="bbox 293 5403 3559 5482; baseline 0.003 -26"><span class='ocrx_word' id='word_1_599' title='bbox 293 5405 354 5457; x_wconf 90' lang='lat' dir='ltr'><strong>et</strong></span> <span class='ocrx_word' id='word_1_600' title='bbox 383 5403 513 5474; x_wconf 84' lang='lat' dir='ltr'><strong>ejus</strong></span> <span class='ocrx_word' id='word_1_601' title='bbox 545 5403 701 5460; x_wconf 84' lang='lat' dir='ltr'><strong>ﬁlius</strong></span> <span class='ocrx_word' id='word_1_602' title='bbox 735 5404 972 5477; x_wconf 88' lang='lat' dir='ltr'><strong>Sergius</strong></span> <span class='ocrx_word' id='word_1_603' title='bbox 994 5408 1216 5463; x_wconf 90' lang='lat' dir='ltr'><strong>dudum</strong></span> <span class='ocrx_word' id='word_1_604' title='bbox 1243 5407 1483 5480; x_wconf 89' lang='lat' dir='ltr'><strong>quidem</strong></span> <span class='ocrx_word' id='word_1_605' title='bbox 1514 5408 2259 5481; x_wconf 83' lang='lat' dir='ltr'><strong>sacellarius,postmodum</strong></span> <span class='ocrx_word' id='word_1_606' title='bbox 2293 5409 3559 5482; x_wconf 84' lang='lat' dir='ltr'><strong>secundicerius,adjurantesﬁrmiterTheo-</strong></span> 
     </span>
    </p>
   </div>
   <div class='ocr_carea' id='block_1_53' title="bbox 1337 5575 2366 5623">
    <p class='ocr_par' dir='ltr' id='par_1_53' title="bbox 1337 5575 2366 5623">
     <span class='ocr_line' id='line_1_54' title="bbox 1337 5575 2366 5623; baseline 0.001 -5"><span class='ocrx_word' id='word_1_607' title='bbox 1337 5575 1583 5623; x_wconf 74' lang='lat' dir='ltr'><strong>NOTULE</strong></span> <span class='ocrx_word' id='word_1_608' title='bbox 1625 5577 2006 5622; x_wconf 74' lang='lat' dir='ltr'><strong>MARGINALES</strong></span> <span class='ocrx_word' id='word_1_609' title='bbox 2050 5576 2366 5622; x_wconf 80' lang='lat' dir='ltr'><strong>FABROTTI.</strong></span> 
     </span>
    </p>
   </div>
   <div class='ocr_carea' id='block_1_54' title="bbox 143 5710 1696 5853">
    <p class='ocr_par' dir='ltr' id='par_1_54' title="bbox 143 5710 1696 5853">
     <span class='ocr_line' id='line_1_55' title="bbox 155 5710 1696 5793; baseline 0.008 -30"><span class='ocrx_word' id='word_1_610' title='bbox 155 5781 166 5792; x_wconf 45' lang='lat'>.</span> <span class='ocrx_word' id='word_1_611' title='bbox 214 5711 296 5778; x_wconf 90' lang='lat' dir='ltr'><strong>(a)</strong></span> <span class='ocrx_word' id='word_1_612' title='bbox 327 5710 392 5778; x_wconf 92' lang='lat' dir='ltr'><strong>B,</strong></span> <span class='ocrx_word' id='word_1_613' title='bbox 426 5710 719 5793; x_wconf 63' lang='lat' dir='ltr'><strong>auferens.</strong></span> <span class='ocrx_word' id='word_1_614' title='bbox 756 5713 818 5780; x_wconf 90' lang='grc' dir='ltr'><strong>Β,</strong></span> <span class='ocrx_word' id='word_1_615' title='bbox 851 5731 956 5771; x_wconf 89' lang='lat' dir='ltr'><strong>suo</strong></span> <span class='ocrx_word' id='word_1_616' title='bbox 990 5717 1318 5788; x_wconf 61' lang='lat' dir='ltr'><strong>praferens.</strong></span> <span class='ocrx_word' id='word_1_617' title='bbox 1396 5720 1474 5786; x_wconf 72' lang='grc' dir='ltr'><strong>(ὁ)</strong></span> <span class='ocrx_word' id='word_1_618' title='bbox 1507 5720 1570 5788; x_wconf 90' lang='grc' dir='ltr'><strong>Β,</strong></span> <span class='ocrx_word' id='word_1_619' title='bbox 1604 5719 1696 5776; x_wconf 67' lang='grc' dir='ltr'><strong>ρι’(</strong></span> 
     </span>
     <span class='ocr_line' id='line_1_56' title="bbox 143 5782 632 5853; baseline 0.004 -17"><span class='ocrx_word' id='word_1_620' title='bbox 143 5787 222 5838; x_wconf 75' lang='lat' dir='ltr'><strong>ita</strong></span> <span class='ocrx_word' id='word_1_621' title='bbox 251 5789 350 5853; x_wconf 71' lang='lat' dir='ltr'><strong>est,</strong></span> <span class='ocrx_word' id='word_1_622' title='bbox 384 5782 632 5839; x_wconf 77' lang='lat' dir='ltr'><strong>dimisit.</strong></span> 
     </span>
    </p>
   </div>
   <div class='ocr_carea' id='block_1_55' title="bbox 2007 5710 3560 5853">
    <p class='ocr_par' dir='ltr' id='par_1_55' title="bbox 2007 5720 3560 5808">
     <span class='ocr_line' id='line_1_57' title="bbox 2007 5720 3560 5808; baseline 0.005 -33"><span class='ocrx_word' id='word_1_623' title='bbox 2007 5723 2046 5790; x_wconf 72' lang='grc' dir='ltr'><strong>ς)</strong></span> <span class='ocrx_word' id='word_1_624' title='bbox 2079 5725 2098 5745; x_wconf 84' lang='grc'><strong>”</strong></span> <span class='ocrx_word' id='word_1_625' title='bbox 2129 5720 2434 5778; x_wconf 85' lang='lat' dir='ltr'><strong>Citomalo.</strong></span> <span class='ocrx_word' id='word_1_626' title='bbox 2513 5721 2586 5795; x_wconf 82' lang='grc' dir='ltr'><strong>(ιί)</strong></span> <span class='ocrx_word' id='word_1_627' title='bbox 2620 5722 2819 5779; x_wconf 84' lang='lat' dir='ltr'><strong>Baron.</strong></span> <span class='ocrx_word' id='word_1_628' title='bbox 2845 5724 3125 5808; x_wconf 53' lang='grc' dir='ltr'><strong>ιι-ηηςῖϐὃ.</strong></span> <span class='ocrx_word' id='word_1_629' title='bbox 3205 5726 3278 5795; x_wconf 89' lang='lat' dir='ltr'><strong>(e)</strong></span> <span class='ocrx_word' id='word_1_630' title='bbox 3309 5725 3560 5786; x_wconf 88' lang='lat' dir='ltr'><strong>absolvit</strong></span> 
     </span>
    </p>
   </div>
  </div>
