3934 6202
342 209 492 286 1151
1494 219 1906 282 ANASTASII
1950 221 2600 288 BIBLIOTHECARII.
3597 229 3762 311 me

484 343 706 402 dicium
737 346 946 404 ducem
979 347 1440 422 Spoletinum,ut
1467 369 1563 409 eos
1593 359 1756 412 trans
1787 357 2010 413 Padum
2041 359 2114 414 ad
2150 357 2516 415 Dcsiderium
2549 375 2723 415 suum
2750 357 3088 416 deduxisset
3117 375 3312 434 regem
3338 360 3761 438 Langobardo-

409 445 449 501 5
487 462 640 513 rum,
664 446 915 507 nitentes
945 447 1018 504 ob
1051 448 1158 505 hoc
1191 451 1651 523 redemptionem
1683 459 1896 511 sancta)
1933 456 2027 512 Dei
2065 456 2326 513 Ecclesiae
2358 457 2651 530 perlicere.
2685 459 2914 532 anque
2943 458 3098 515 idem
3129 457 3468 531 Spoletinus
3509 459 3632 518 dux
3679 460 3760 520 ad

487 560 658 600 suum
693 545 1015 617 deportavit
1045 564 1259 620 regem.
1294 551 1362 604 Et
1392 551 1532 606 dum
1565 553 1694 623 ejus
1726 554 2031 610 obtutibus
2062 555 2393 627 praesentati
2419 555 2688 624 fuissent,
2721 556 2930 613 obnixe
2976 557 3250 614 eumdem
3299 574 3496 632 regem
3549 558 3760 632 depre-

487 643 598 698 cati
627 647 767 699 sunt
797 645 924 715 ejus
954 645 1237 702 auxilium
1267 647 1446 704 tribui
1479 655 1544 705 ut
1573 651 1708 706 talis
1740 652 2016 708 novitatis
2047 671 2206 710 error
2236 655 2308 710 ab
2339 654 2598 710 Ecclesia
2629 655 2729 711 Dei
2763 658 3190 728 amputaretur.
3226 655 3379 724 Dum
3426 673 3564 712 vero
3611 675 3761 730 prea-

488 741 824 797 nominatus
856 742 1309 817 Christophorus
1338 747 1706 820 primicerius
1737 753 1794 805 et
1825 751 2064 824 Sergius
2093 753 2221 824 ejus
2269 751 2426 810 filius
2475 753 2627 826 apud
2678 753 2986 826 praefatum
3034 754 3481 810 demorarentur
3531 771 3758 827 regem,

489 839 623 896 fecit
650 839 962 914 praedictus
993 841 1769 920 Constantinus,apostolicze
1794 851 1948 907 sedis
1978 850 2228 921 invasor,
2263 853 2692 909 ordinationem
2725 853 3196 926 presbyterorum
3229 869 3333 910 seu
3348 853 3759 921 diaconormn,

486 939 852 1010 presbyteros
882 946 1032 1008 octo,
1067 943 1342 1002 diaconos
1373 953 1647 1020 quatuor,
1681 950 1780 1005 sed
1813 955 1868 1005 et
1899 949 2186 1022 episcopis
2218 950 2276 1005 in
2305 949 2493 1021 ipsius
2524 951 2662 1006 anni
2689 950 2906 1007 circulo
2937 956 2994 1006 et
3023 951 3200 1006 unius
3232 950 3454 1007 mensis
3483 951 3622 1006 fecit
3654 969 3764 1024 per

488 1035 714 1092 diversa
747 1037 873 1096 loca
899 1058 1142 1098 numero
1175 1049 1322 1100 octo.

561 1135 707 1192 261
744 1141 817 1206 (α)
849 1140 1192 1198 Antedictus
1221 1161 1351 1199 vero
1383 1145 1664 1218 Georgius
1697 1147 2131 1214 Prmnestimus,
2163 1148 2262 1220 qui
2289 1165 2422 1204 eum
2456 1149 2758 1204 diaconem
2792 1153 2848 1202 et
2875 1148 3214 1220 pontiﬁcem
3245 1146 3756 1211 eonsecravit,non

485 1236 618 1304 post
665 1234 883 1292 multos
934 1237 1059 1293 dies
1106 1243 1560 1298 consecrationis
1607 1245 1796 1316 ipsius
1839 1244 2228 1314 Constantini,
2256 1245 2452 1302 valida
2499 1263 2566 1302 ac
2616 1245 2872 1318 pessima
2900 1245 3246 1318 mgritudine
3286 1248 3759 1316 praeoccupatus,

489 1329 809 1389 immobilis
840 1334 1028 1391 factus
1055 1342 1160 1406 est,
1196 1344 1252 1394 ct
1281 1343 1654 1412 postmodum
1685 1342 2000 1400 missarum
2041 1344 2326 1400 solemnia
2374 1361 2745 1417 nequaquam
2789 1343 3119 1400 celebravit.
3153 1343 3295 1415 Ejus
3344 1341 3502 1398 enim
3555 1341 3764 1397 dextra

493 1444 705 1486 manus
734 1431 888 1487 aruit
915 1437 1091 1506 atque
1117 1441 1414 1494 contracta
1441 1440 1662 1505 est.Qui
1694 1437 1871 1496 etiam
1903 1459 2008 1497 nec
2038 1442 2108 1497 ad
2143 1459 2208 1498 os
2240 1460 2413 1498 suum
2447 1443 2650 1498 afferre
2679 1440 3099 1514 valuit,sicquc
3129 1445 3388 1496 tremens
3402 1439 3764 1512 etlanguens

417 1526 455 1581 5
491 1525 667 1583 vitam
702 1529 906 1586 finivit.
941 1532 1090 1587 Dum
1112 1551 1245 1590 vero
1277 1535 1397 1591 hmo
1429 1541 2194 1612 agerentur,conjunxerunt
2223 1540 2513 1596 antefatus
2545 1539 2999 1614 Christophorus
3029 1543 3086 1594 et
3115 1536 3429 1612 Sergiusin
3463 1535 3762 1592 civitatem

493 1624 796 1683 Reatinam
828 1627 1078 1684 absoluti
1111 1647 1145 1686 a
1176 1633 1688 1706 Langobardorum
1721 1653 1874 1709 rege.
1907 1637 1976 1692 Et
2004 1637 2398 1713 praecedentes
2428 1635 2666 1710 Sergius
2714 1641 2771 1692 et
2813 1634 3216 1708 Waldipertus
3263 1633 3569 1706 presbyter
3617 1649 3759 1688 cum

493 1721 753 1780 Reatinis
783 1731 837 1780 et
867 1727 1205 1785 Foreoninis
1238 1735 1411 1804 atque
1436 1731 1568 1790 aliis
1602 1735 2002 1806 Longobardis
2034 1736 2282 1800 ducatus
2311 1733 2613 1806 Spoletini,
2647 1735 3077 1805 coniunxerunt
3105 1731 3322 1801 subito,
3343 1747 3409 1786 ac
3441 1734 3680 1804 repente
3703 1729 3763 1784 in

493 1817 643 1876 lianc
672 1821 998 1894 Romanam
1030 1827 1234 1882 urbem
1262 1829 1538 1886 vicesima
1567 1836 1769 1888 octava
1797 1832 1890 1888 die
1935 1831 2076 1888 Julii
2121 1831 2362 1901 mensis,
2395 1831 2598 1888 indict.
2631 1837 2812 1902 sexta,
2845 1848 3082 1904 vespere
3129 1829 3189 1885 in
3236 1828 3364 1904 ipso
3413 1826 3764 1902 crepusculo

491 1917 701 1986 noctis,
733 1919 932 1994 vigilia
961 1922 1264 1981 beatorum
1295 1932 1620 2000 martyrum
1652 1929 1848 1986 Abdon
1881 1934 1940 1986 et
1969 1930 2222 1998 Sennen,
2256 1934 2608 2003 occupantes
2639 1933 2874 2002 pontem
2907 1927 3218 1986 Salarium.

565 2017 718 2080 208
749 2018 880 2074 Alia
903 2036 1038 2076 vero
1069 2021 1164 2078 die
1190 2025 1540 2084 transientes
1565 2045 1668 2101 per
1696 2032 1932 2101 pontem
1971 2027 2237 2084 Milvium
2286 2033 2572 2086 venerunt
2615 2029 2688 2086 ad
2739 2033 2966 2102 portam
3015 2028 3169 2085 beati
3219 2026 3394 2097 Petri,
3441 2030 3502 2082 et
3548 2024 3763 2082 deinde

491 2119 800 2186 pergentes
829 2119 1444 2194 appropinquaverunt
1471 2126 1544 2180 ad
1575 2131 1803 2198 portam
1834 2125 1986 2182 beati
2017 2126 2304 2184 Pancratii
2314 2127 2584 2194 .Quidam
2613 2143 2748 2184 vero
2760 2124 3205 2200 propinquijam
3235 2123 3336 2182 fati
3353 2121 3762 2194 Christophori

489 2227 562 2267 ac
591 2212 778 2287 Sergii
810 2215 1000 2288 ipsam
1031 2223 1261 2290 portam
1293 2222 1666 2280 observantes
1695 2240 1762 2280 ac
1791 2223 2514 2293 custodientes,cernentes
2540 2225 2738 2298 ipsum
2769 2225 3038 2298 Sergium
3092 2224 3166 2278 ad
3220 2223 3489 2281 eamdem
3531 2224 3762 2292 portam

497 2310 1022 2385 appropinquasse,
1055 2323 1392 2374 annuerant
1420 2320 1471 2376 ei
1501 2325 1559 2376 et
1587 2321 1855 2394 protinus
1884 2321 2075 2396 ipsam
2105 2327 2462 2396 aperuerunt
2494 2327 2742 2398 portam.
2779 2322 2989 2396 Sicque
3010 2323 3136 2394 jam
3186 2321 3379 2377 dictus
3425 2317 3670 2390 Sergius
3712 2319 3770 2372 et

424 2406 462 2461 5
497 2406 892 2482 Waldipertus
921 2429 1054 2468 cum
1089 2415 1486 2488 Longobardis
1518 2418 1842 2475 Romanam
1869 2420 2075 2476 urbem
2105 2419 2354 2494 ingressi
2387 2425 2548 2490 sunt,
2569 2425 2626 2477 et
2654 2438 2756 2494 per
2785 2437 2987 2477 muros
3017 2417 3268 2476 civitatis
3297 2433 3431 2472 cum
3461 2412 3770 2471 ﬂammula

497 2506 910 2578 ascendebant,
942 2515 1268 2570 metuentes
1299 2515 1626 2572 Romanum
1659 2516 1966 2591 populum,
1997 2523 2054 2574 et
2084 2535 2455 2592 nequaquam
2488 2519 2558 2576 de
2587 2517 2873 2593 genueulo
2906 2517 3017 2592 ipsi
3051 2513 3420 2590 Longobardi
3463 2512 3594 2573 τιυεί
3627 2517 3768 2568 sunt

500 2603 872 2678 descendere,
904 2609 1002 2666 sed
1037 2627 1170 2666 cum
1204 2612 1386 2670 nimio
1417 2619 1667 2672 tremore
1697 2613 1916 2673 ibidem
1943 2616 2312 2674 assistebant.
3399 2609 3403 2612 ’
3759 2695 3772 2706 υ

571 2703 724 2762 209
754 2704 872 2763 Hoc
902 2724 1034 2764 vero
1067 2710 1311 2768 audiens
1341 2713 1484 2769 Toto
1516 2717 1574 2768 et
1597 2713 1870 2771 Passivus
1899 2715 2161 2788 germani
2192 2715 2422 2785 fratres,
2455 2715 2792 2789 ignorantes
2823 2713 3126 2790 ingenium
3165 2717 3224 2769 et
3269 2710 3472 2771 dolum
3523 2709 3681 2784 quod
3717 2703 3774 2764 οἱ

498 2800 824 2874 proditores
854 2805 1131 2876 inierunt,
1163 2815 1586 2868 concurrerunt
1615 2829 1750 2868 cum
1783 2813 2103 2886 aliquantis
2149 2813 2218 2869 ad
2249 2813 2590 2886 praedictam
2621 2817 2872 2886 portam,
2906 2829 3041 2870 cum
3073 2811 3291 2885 quibus
3330 2814 3390 2866 et
3441 2807 3772 2866 Demetrius

496 2900 936 2960 secundieerius
963 2921 1067 2962 seu
1093 2905 1398 2966 Gratiosus
1421 2913 1562 2966 tunc
1592 2909 2392 2984 chartularius,postmodum
2421 2913 3050 2985 dux,properaverunt,
3064 2909 3166 2983 qui
3197 2913 3256 2964 et
3285 2906 3397 2981 ipsi
3425 2906 3490 2964 in
3519 2905 3770 2963 consilio

497 3003 664 3056 erant
690 3017 826 3057 cum
855 3003 1111 3075 prmfatis
1142 3005 1582 3064 nefandissimis
1612 3008 2106 3082 proditoribusEt
2133 3009 2679 3084 appropinquantes
2709 3010 2783 3066 ad
2813 3009 3050 3081 eosdem
3073 3003 3773 3080 Langobardos,obviavit

426 3095 708 3158 5,Totoni
739 3099 873 3155 duci
905 3117 974 3158 ex
1004 3101 1223 3160 eisdem
1257 3105 1678 3179 Longobardis,
1722 3107 1822 3180 qui
1871 3107 2118 3164 bellator
2159 3125 2276 3182 prae
2321 3107 2597 3164 omnibus
2643 3106 2980 3180 apparebat,
3013 3103 3358 3176 Racipertus
3411 3101 3675 3166 nomine,
3712 3103 3772 3156 et

499 3193 787 3268 impetum
817 3199 953 3255 fecit
981 3217 1160 3274 super
1187 3203 1460 3259 eumdem
1493 3205 1796 3272 Totonem,
1829 3222 2006 3278 super
2033 3222 2209 3280 quem
2240 3206 2428 3262 isdem
2457 3208 2604 3262 Toto
2634 3205 2886 3270 irruens,
2922 3207 3096 3276 atque
3125 3195 3352 3258 fortiter
3402 3199 3768 3274 percutiens,

500 3310 636 3350 eum
667 3295 975 3354 interfecit.
1009 3299 1172 3365 Quod
1193 3301 1542 3374 aspicientes
1573 3303 1960 3376 Longobardi,
1993 3304 2054 3360 in
2085 3305 2284 3378 fugam
2333 3303 2594 3360 conversi
2645 3301 2983 3359 nitebantur
3006 3301 3265 3368 evadere,
3298 3298 3399 3354 sed
3432 3295 3772 3353 Demetrius

501 3392 936 3450 secundieerius
966 3400 1024 3452 et
1049 3396 1351 3456 Gratiosus
1381 3405 1516 3474 post
1544 3405 1774 3476 tergum
1805 3403 2128 3475 supradicti
2159 3403 2400 3460 Totonis
2431 3400 2776 3464 assistentes
2801 3417 2935 3456 eum
2967 3400 3026 3455 in
3075 3398 3316 3455 dorsum
3361 3395 3586 3452 lanceis
3637 3412 3772 3468 per-

502 3490 812 3560 cutientes,
847 3491 930 3548 sic
963 3494 1242 3551 adversus
1272 3513 1407 3553 eum
1437 3498 1865 3571 prmvaluerunt
1886 3503 2062 3573 atque
2091 3500 2529 3557 interfecerunt.
2564 3498 2836 3555 Passivus
2882 3513 3016 3556 vero
3065 3495 3124 3552 in
3173 3495 3572 3552 Lateranense
3619 3493 3773 3568 fugit

399 3586 466 3641 10
501 3585 943 3658 patriarchium,
977 3593 1336 3651 annuntians
1363 3611 1470 3650 suo
1499 3610 1776 3668 germano
1809 3595 2186 3653 Constantino
2217 3613 2345 3670 qua:
2375 3600 2540 3670 gesta
2567 3595 2815 3651 fuerant.
3085 3671 3088 3676 ‘

574 3686 729 3744 270
759 3687 876 3742 Hoc
905 3705 1037 3744 vero
1069 3689 1266 3746 audito
1297 3691 1526 3766 aufugit
1557 3692 1742 3750 isdem
1773 3694 2193 3752 Constantinus
2225 3711 2359 3752 cum
2393 3692 2794 3768 suprascripto
2826 3691 3057 3750 Passivo
3087 3694 3145 3748 et
3174 3689 3478 3749 Theodoro
3495 3689 3770 3762 episcopo

503 3785 560 3838 et
582 3782 945 3842 vicedomino
975 3803 1084 3844 suo
1117 3787 1176 3844 in
1204 3787 1502 3846 basilicam
1536 3789 1873 3859 Salvatoris,
1905 3796 1964 3848 et
1994 3793 2414 3852 descendentes
2443 3792 2514 3847 ad
2548 3791 2768 3848 fontem
2799 3789 2860 3845 in
2890 3788 3194 3846 ecclesiam
3246 3785 3434 3845 sancti
3472 3785 3771 3854 Venantii,

503 3879 935 3954 aliquantulum
965 3884 1184 3942 ibidem
1217 3887 1642 3956 resederunt,et
1669 3889 2107 3947 considerantes
2139 3889 2351 3948 melius
2382 3907 2444 3948 se
2475 3906 2647 3963 posse
2677 3887 2979 3959 salvari,in
2995 3884 3335 3944 vestiarium
3353 3885 3772 3946 ascenderunt.

505 3979 629 4036 Huc
656 3979 816 4038 intus
847 3983 1166 4039 oratorium
1195 3984 1384 4042 sancti
1411 3985 1645 4042 Caesarii
1674 3987 2093 4060 ingredientes,
2124 3987 2460 4061 clausisque
2487 4005 2668 4061 super
2695 4003 2759 4044 se
2791 3984 2996 4058 januis
3042 3985 3262 4042 ibidem
3308 3983 3667 4042 residebant.
3703 3984 3778 4038 Et

428 4077 468 4134 5
503 4079 800 4136 venientes
829 4084 962 4153 post
989 4080 1324 4156 aliquantae
1356 4083 1532 4141 horas
1563 4083 1744 4157 hujus
1775 4086 2050 4142 Romanis
2081 4085 2306 4144 militiae
2327 4085 2582 4158 judices,
2617 4101 2715 4142 eos
2745 4101 2814 4141 ex
2842 4083 2972 4157 ipso
3009 4081 3260 4140 oratorie
3303 4080 3628 4152 ejicientes,
3659 4081 3775 4136 sub

500 4177 734 4234 cautela
757 4177 1115 4238 munierunt.
1149 4180 1270 4238 Alio
1301 4199 1434 4238 vero
1473 4183 1568 4238 die
1616 4182 1942 4252 Dominieo,
1991 4200 2354 4258 congregans
2397 4183 2796 4256 Waldipertus
2845 4181 3164 4254 presbyter,
3215 4179 3523 4252 ignorante
3573 4183 3776 4234 autem

506 4275 779 4348 praedicto
813 4277 1032 4351 Sergio,
1066 4277 1400 4352 aliquantos
1433 4280 1748 4348 Romanos,
1777 4284 2203 4354 pergentesque
2232 4281 2292 4336 in
2322 4279 2746 4338 monasterium
2776 4279 2962 4335 sancti
2993 4276 3132 4350 Viti,
3161 4274 3539 4333 abstulerunt
3565 4275 3776 4332 exinde

508 4373 838 4448 Philippum
871 4377 1296 4450 presbyterum,
1328 4394 1504 4451 quem
1535 4377 1817 4452 eligentes
1847 4384 1904 4436 et
1932 4396 2068 4436 eum
2107 4379 2320 4454 gaudio
2367 4377 2608 4436 vocibus
2655 4377 3047 4434 acclamantes
3079 4391 3094 4432 :
3151 4373 3487 4448 Philippum
3533 4388 3774 4446 papam,

508 4477 747 4530 sanctus
778 4473 980 4531 Petrus
1012 4474 1185 4550 elegit
1211 4493 1346 4532 eum
1381 4493 1395 4530 :
1429 4476 1490 4530 in
1524 4475 1829 4534 basilicam
1879 4475 2197 4534 Salvatoris
2249 4493 2409 4534 more
2456 4475 2626 4534 solito
2676 4475 3061 4532 deduxerunt.
3095 4471 3338 4545 Illicque
3387 4471 3648 4528 oratione
3701 4470 3777 4526 ab

405 4571 474 4626 10
507 4572 778 4647 episcopo
807 4572 946 4630 data
965 4573 1134 4646 juxta
1165 4571 1534 4644 antiquitatis
1565 4591 1788 4632 morem
1818 4574 2294 4648 tribuentemque
2323 4591 2528 4648 pacem
2541 4572 2892 4630 omnibusin
2914 4572 3304 4630 Laterauense
3327 4569 3782 4626 introduxerunt

507 4670 950 4744 patriarchium.
979 4671 1049 4728 Et
1077 4669 1296 4726 ibidem
1321 4669 1592 4730 similiter
1618 4672 1679 4730 in
1711 4673 1856 4730 sella
1884 4673 2204 4746 pontificali
2235 4675 2469 4744 sedens,
2499 4672 2883 4746 tribuensque
2912 4671 3123 4738 denuo,
3152 4673 3218 4732 ut
3247 4684 3375 4726 mos
3403 4671 3513 4736 est,
3545 4683 3778 4740 pacem,

509 4769 773 4826 ascendit
797 4783 1035 4828 sursum
1064 4769 1124 4823 et
1153 4783 1438 4836 mensam,
1472 4775 1537 4826 ut
1565 4769 1824 4828 assolent
1843 4773 2170 4844 pontifices,
2201 4770 2412 4842 tenuit,
2437 4769 2706 4830 sedentes
2737 4785 2876 4826 eum
2906 4785 2972 4826 eo
3003 4766 3292 4840 aliquanti
3321 4783 3392 4822 ex
3421 4764 3781 4840 primatibus

508 4865 779 4924 Ecclesiae
807 4869 866 4923 et
893 4863 1278 4938 optimatibus
1307 4865 1549 4924 militiae.

582 4965 728 5022 511
770 4965 902 5020 Post
929 4961 1236 5034 paululum
1265 4980 1402 5020 vero
1431 4967 1795 5038 conjungens
1825 4967 2027 5023 eodem
2059 4967 2152 5024 die
2183 4967 2498 5042 sepefatus
2526 4964 2984 5037 Christopborus
3016 4961 3407 5036 primicerius,
3425 4959 3783 5034 cognitaque

511 5079 691 5119 causa
719 5060 1022 5116 electionis
1049 5059 1234 5134 ipsius
1264 5062 1537 5137 Philippi,
1573 5065 1728 5120 illico
1758 5063 1819 5121 in
1853 5082 2068 5140 magna
2096 5067 2418 5122 ascendens
2449 5065 2525 5138 (ὁ)
2557 5065 3258 5136 irajurejurandocoram
3272 5059 3558 5117 omnibus
3573 5059 3784 5114 Roma.

515 5165 608 5220 nis
637 5161 1194 5230 afﬁrmabat,dicens
1225 5182 1288 5222 se
1319 5165 1564 5238 Romam
1596 5165 1837 5223 minime
1866 5166 2270 5243 ingressurum
2303 5183 2609 5242 quousque
2640 5165 2944 5240 Philippus
2970 5165 3274 5238 presbyter
3301 5163 3380 5219 de‘
3405 5159 3784 5240 Interanensi

515 5256 793 5331 expulsus
815 5275 929 5318 non
959 5261 1166 5320 fuisset
1195 5263 1574 5337 patriarchio.
1608 5265 1773 5322 Tunc
1803 5281 2122 5338 properans
2150 5264 2479 5323 antedictus
2510 5263 2817 5322 Gratiosus
2848 5279 2980 5320 cum
3011 5261 3333 5334 aliquantis
3372 5259 3658 5316 Romanis
3687 5275 3784 5314 ex-

441 5356 478 5412 5
516 5354 792 5429 pulerunt
805 5357 931 5430 jam
963 5359 1184 5418 dictum
1219 5360 1550 5434 Philippum
1579 5361 1984 5436 presbyterum
2016 5363 2088 5418 de
2113 5363 2316 5419 eodem
2347 5361 2720 5436 patriarchio,
2755 5362 2854 5436 qui
2889 5365 2948 5418 et
2979 5377 3081 5434 per
3109 5359 3331 5416 scalam
3354 5375 3486 5432 quae
3519 5356 3682 5412 ducit
3711 5356 3784 5410 ad

515 5450 794 5514 balneum
823 5456 1202 5530 descendens,
1236 5476 1372 5516 eum
1391 5475 1608 5532 magna
1637 5459 1958 5516 reverentia
1988 5460 2061 5516 ad
2091 5477 2266 5516 suum
2310 5477 2578 5517 reversus
2625 5465 2714 5516 est
2761 5456 3207 5515 monasterium.
3241 5457 3458 5529 Sicque
3509 5454 3786 5528 praefatus

1556 5627 1810 5674 NOTULE
1852 5629 2234 5676 MARGINALES
2277 5630 2588 5676 FABROTTI.

436 5759 513 5838 (α)
548 5755 754 5815 Baron.
789 5777 920 5816 ann.
946 5762 1072 5816 767.
1146 5767 1228 5836 (b)
1258 5758 1742 5830 suecensusﬁdel.
1775 5759 1857 5817 in.
