3934 6202
345 164 501 224 1155
1504 163 1898 226 ΑΝΛΒΤΑΒΙῘ

2208 158 2591 223 ’ΤΗΕΟΑΒΙΙ
3598 163 3629 223 Ι
3641 161 3761 223 156

487 312 649 369 reges
684 295 1037 352 Francorum
1068 300 1127 351 et
1156 294 1425 367 patritios
1458 295 1876 367 Romanorum,
1910 294 2176 368 Sergium
2218 294 2580 350 antedictum
2632 292 3123 362 secundicerium,
3155 297 3216 349 et
3260 293 3761 352 nomenclatorem

485 392 583 449 illo
611 392 673 448 in
705 397 965 465 tempore
995 391 1685 465 existentem,deprecans
1716 397 1888 465 atque
1914 392 2233 448 adhortans
2262 408 2463 448 eorum
2494 389 2897 448 excellentiam
2929 407 3033 464 per
3063 406 3204 447 suas
3236 388 3589 463 apostolicae
3609 391 3764 449 litte-

409 492 446 547 5
484 508 577 548 ras
610 495 675 546 ut
705 490 1039 563 aliquantos
1069 488 1372 563 episcOpos
1402 506 1617 563 gnaros
1647 496 1703 547 et
1732 492 1793 546 in
1825 491 2103 547 omnibus
2136 490 2348 547 divinis
2380 490 2699 563 Scripturis
2728 493 2905 561 atque
2927 493 3265 545 sanctorum
3279 505 3574 546 canonum
3595 490 3764 547 insti-

480 586 809 645 tutionibus
838 587 1097 644 eruditos
1128 604 1195 643 ac
1224 586 1614 660 peritissimos
1643 587 1984 662 dirigerent,
2012 588 2083 644 ad
2115 587 2447 644 faciendum
2480 587 2539 643 in
2571 587 2681 644 hac
2711 587 2976 644 Romana
3006 586 3150 644 urbe
3177 585 3491 644 concilium
3518 603 3625 661 pro
3658 605 3756 645 ea-

483 686 614 742 dem
643 684 828 759 impia
858 685 989 741 novi
1021 685 1234 742 erroris
1264 702 1329 741 ac
1372 685 1717 743 temeritatis
1765 685 2199 760 praescriptione
2243 685 2340 759 (α),
2375 702 2552 758 quam
2602 685 2898 742 antefatus
2946 683 3386 755 Constantinus,
3420 685 3760 759 apostolicis

481 784 638 840 sedis
665 800 938 857 pervasor
966 784 1041 856 (b)
1073 800 1255 840 ausus
1284 787 1375 840 est
1404 788 1755 857 perpetrare.

554 883 707 939 276
738 882 806 937 Et
834 884 1180 955 preperante
1207 881 1496 938 antedicto
1523 882 1723 956 Sergio
1754 881 1826 938 ad
1858 883 2214 938 Francorum
2264 880 2530 956 regiones
2570 881 2698 953 jam
2745 880 2969 938 invenit
3014 881 3086 939 de
3134 880 3244 937 hac
3292 880 3422 938 luce
3469 880 3765 956 migrasse

480 962 1052 1036 Christianissimum
1084 979 1402 1053 Pippinum
1433 984 1712 1053 regem,et
1742 984 1997 1053 emptum
2024 980 2298 1054 gradiens
2323 980 2434 1036 iter
2462 978 2723 1051 pervenit
2751 979 2826 1035 ad
2857 979 2987 1051 ejus
3016 978 3171 1036 ﬁlios
3200 978 3471 1036 Carolum
3493 984 3554 1036 et
3584 981 3762 1036 Caro-

481 1077 825 1133 lomannum
856 1093 1166 1151 germanos
1198 1078 1430 1147 fratres,
1464 1094 1629 1152 reges
1662 1078 2017 1134 Francorum
2049 1081 2107 1133 et
2135 1076 2409 1150 patricios
2441 1077 3096 1144 Romanorum.Quibus
3117 1076 3469 1150 apostolicae
3492 1076 3765 1133 tribuens

478 1174 725 1245 litteras,
759 1175 1011 1250 benigne
1037 1176 1110 1232 ab
1140 1174 1224 1232 eis
1254 1180 1567 1249 susceptus
1598 1180 1710 1244 est,
1739 1180 1794 1231 et
1826 1176 2064 1249 dignam
2096 1174 2180 1231 illi
2208 1174 2617 1249 impendentes
2641 1173 3757 1245 humanitatem,eunctanibilominus,

481 1290 585 1347 pro
617 1272 832 1346 quibus
863 1271 1081 1330 missus
1112 1274 1298 1340 est,ab
1331 1289 1532 1329 eorum
1565 1272 1962 1329 excellentiam
1996 1272 2426 1347 impetravit,(c)
2444 1272 2759 1347 dirigentes
2790 1273 2903 1347 ipsi
2921 1272 3407 1331 Christianissimi
3424 1274 3726 1348 regesduo
3772 1287 3781 1293 '

480 1372 670 1428 decim
699 1371 1003 1445 episcopos
1034 1388 1102 1427 ex
1129 1371 1351 1428 eisdem
1386 1373 1740 1428 Francorum
1773 1370 2111 1444 regionibus
2143 1370 2321 1427 nimis
2346 1370 2559 1427 divinis
2589 1371 2910 1444 Scripturis
2959 1374 3017 1428 et
3062 1375 3404 1428 sanctorum
3453 1388 3761 1430 canonum

478 1468 838 1526 caeremoniis
865 1471 1084 1537 doctos,
1120 1474 1177 1525 et
1201 1468 1647 1541 probatissimos
1676 1469 1831 1526 viros
1862 1467 2103 1525 scilicet.
2137 1469 2349 1541 Eisque
2378 1468 2438 1524 in
2470 1468 2622 1525 hanc
2655 1470 2979 1526 Romanam
3011 1470 3216 1526 urbem
3255 1469 3761 1544 conjungentibus

480 1584 682 1624 mense
712 1567 950 1640 Aprilis,
985 1566 1300 1623 indictione
1331 1567 1601 1640 septima,
1636 1565 1905 1639 protinus
1937 1570 2070 1623 ante
2102 1566 2295 1623 dictus
2327 1567 2661 1639 Stephanus
2691 1566 3103 1624 sanctissimus
3134 1583 3284 1640 papa
3315 1583 3648 1642 aggregans
3676 1567 3759 1639 (ἀ)

478 1666 737 1722 diversos
767 1664 1070 1738 episcopos
1100 1665 1321 1720 Tusciae
1354 1669 1531 1736 atque
1562 1663 1911 1737 Campaniae,
1945 1668 2003 1721 et
2032 1663 2366 1737 aliquantos
2391 1664 2565 1721 istius
2597 1664 2775 1721 Italiae
2805 1665 3138 1738 provinciae.

549 1765 695 1821 277
739 1762 961 1830 Quibus
993 1761 1269 1818 omnibus
1300 1762 1690 1836 congregatis,
1724 1761 2039 1820 concilium
2070 1766 2369 1836 peractum
2401 1762 2577 1819 estin
2622 1762 2866 1820 basilica
2913 1763 3229 1821 Salvatoris
3277 1763 3512 1821 Domini
3560 1765 3758 1821 nostri

476 1861 616 1918 Jesu
647 1859 858 1916 Christi
880 1860 1050 1932 juxta
1082 1860 1469 1915 Lateranense
1502 1858 1886 1934 palatium.Et
1910 1860 2256 1932 prmsidente
2287 1859 2489 1917 eodem
2521 1859 2862 1917 beatissimo
2892 1877 3064 1934 papa,
3096 1860 3544 1919 considentibus
3576 1862 3762 1919 etiam

476 1958 697 2033 pariter
724 1975 857 2013 cum
891 1956 1112 2013 eisdem
1143 1957 1418 2013 omnibus
1450 1957 2055 2031 episcopis,deductus
2086 1962 2174 2014 est
2203 1958 2273 2014 ad
2306 1958 2567 2014 medium
2599 1958 3016 2015 Constantinus
3046 1958 3375 2031 apostolicae
3407 1959 3567 2016 sedis
3590 1959 3751 2015 inva-

480 2074 595 2121 sor,
621 2056 744 2129 jam
778 2059 1098 2112 excaecatus
1129 2055 1349 2111 oculos.
1381 2055 1451 2110 Et
1480 2055 1755 2110 subtilius
1785 2054 2111 2128 exquisitus
2142 2073 2246 2111 cur
2274 2056 2748 2129 prmsumpsisset
2777 2056 3156 2129 apostolicam
3188 2057 3389 2114 sedem
3426 2056 3618 2114 laicus
3640 2057 3765 2113 exi-

400 2156 437 2211 5
475 2159 634 2211 stens
667 2154 958 2220 invadere,
982 2157 1038 2209 et
1066 2153 1241 2208 talem
1275 2152 1486 2225 iniquis
1520 2151 1793 2209 novitatis
1819 2170 2072 2210 errorem
2103 2153 2163 2209 in
2194 2153 2453 2210 Ecclesia
2481 2153 2581 2210 Dei
2612 2154 3054 2227 perpetrare,ita
3081 2172 3279 2212 coram
3306 2155 3588 2212 omnibus
3609 2172 3745 2228 pro—

477 2254 668 2307 fessus
699 2256 787 2306 est
812 2251 930 2306 vim
962 2267 1024 2306 se
1054 2268 1088 2305 a
1117 2249 1332 2323 populo
1368 2250 1763 2323 pertulisse,et
1794 2268 1897 2323 per
1923 2251 2230 2307 brachium
2261 2251 2459 2325 populi
2493 2250 2675 2309 fuisse
2703 2252 3160 2325 electum,atque
3188 2258 3457 2310 coactum
3490 2253 3553 2309 in
3587 2254 3762 2318 Late-

474 2364 721 2405 ranense
751 2347 1171 2421 patriarchium
1200 2348 1518 2403 deductum
1551 2352 1788 2421 propter
1816 2348 2155 2423 gravamina
2186 2366 2251 2405 ac
2280 2349 2620 2422 praajudicia
2648 2349 2751 2406 illa
2766 2366 2893 2422 qua
2911 2350 3403 2425 Romanopopulo
3420 2350 3763 2425 ingesserat

474 2447 729 2503 domnus
760 2444 973 2501 Paulus
1006 2462 1177 2519 papa,
1210 2449 1266 2501 et
1291 2462 1569 2502 corruens
1598 2445 1657 2501 in
1690 2450 1905 2502 terram
1938 2447 2212 2504 manibus
2244 2447 2498 2504 extensis
2530 2448 2589 2503 in
2621 2447 2951 2520 pavimento
2982 2464 3044 2505 se
3074 2464 3239 2504 reum
3269 2465 3336 2505 ac
3350 2465 3531 2522 super
3545 2466 3751 2507 nume-

474 2561 607 2601 rum
636 2560 823 2600 arenie
854 2542 1035 2599 maris
1066 2559 1339 2617 peccasse
1367 2544 1637 2611 deflebat,
1666 2548 1867 2617 petens
1899 2544 2309 2601 misericordia!
2338 2545 2568 2601 veniam
2602 2547 2674 2602 ab
2706 2546 2909 2603 eodem
2942 2547 3283 2604 sacerdotali
3312 2548 3749 2621 consequicon-

370 2646 436 2701 10
474 2642 629 2699 cilio.
664 2644 845 2710 Quem
875 2658 910 2697 a
937 2645 1093 2697 terra
1121 2640 1342 2697 elevare
1374 2642 1672 2711 facientes,
1692 2641 1819 2715 ipso
1852 2642 1943 2699 die
1973 2642 2197 2700 nullam
2232 2643 2301 2699 de
2339 2661 2406 2699 eo
2453 2643 2823 2716 protulerunt
2870 2645 3247 2701 sententiam.
3280 2644 3408 2701 Alia
3455 2662 3592 2702 vero
3654 2644 3751 2702 die

472 2740 662 2796 denuo
693 2738 1001 2795 afferentes
1026 2754 1185 2805 eum,
1218 2741 1395 2812 atque
1421 2738 1849 2813 interrogantes
1879 2741 1950 2798 de
1978 2741 2181 2798 eadem
2211 2741 2397 2815 impia
2428 2743 2700 2813 novitate,
2734 2743 3037 2817 respondit
3066 2742 3213 2799 nihil
3245 2743 3378 2801 novi
3418 2760 3482 2800 se
3534 2743 3749 2801 fecisse

471 2836 673 2894 dicens
706 2853 721 2894 :
753 2835 892 2909 quia
916 2840 974 2892 et
1001 2834 1239 2910 Sergius
1267 2836 1744 2911 archiepiscopus
1776 2838 2220 2907 Ravennatium,
2253 2838 2440 2896 laicus
2470 2839 2725 2898 existens
2755 2840 3231 2915 archiepiscopus
3278 2841 3470 2899 factus
3515 2843 3609 2898 est
3639 2858 3655 2897 :
3686 2844 3749 2899 et

469 2935 804 3009 Stephanus
832 2933 1222 3007 Neapolitanis
1254 2934 1525 3005 civitatis,
1555 2940 1612 2992 et
1639 2935 1765 3009 ipse
1792 2935 1979 2993 laicus
2019 2941 2255 3010 repente
2298 2937 2610 3012 episcopus
2658 2943 3031 2997 consecratus
3081 2945 3189 2997 est.
3220 2940 3372 2996 Dum
3414 2956 3551 2997 vero
3596 2939 3745 2998 talia

469 3032 678 3089 iisdem
710 3031 1129 3088 Constantinus
1160 3036 1625 3105 persequeretur,
1658 3032 1814 3089 illico
1845 3033 1977 3089 irati
2007 3033 2128 3090 zelo
2159 3034 2563 3092 ecclesiastica:
2596 3035 2927 3094 traditionis
2957 3036 3213 3094 universi
3240 3037 3575 3094 sacerdotes
3616 3037 3747 3094 ala-

368 3134 439 3189 15
473 3134 603 3206 ejus
632 3130 913 3188 cervicem
944 3132 1165 3187 czedere
1191 3130 1486 3201 facientes,
1521 3150 1657 3189 eum
1684 3137 1846 3189 extra
1876 3134 2141 3189 eamdem
2172 3134 2478 3191 ecclesiam
2505 3137 2820 3208 ejeeerunt.

536 3231 691 3288 278
721 3231 887 3286 Tunc
918 3228 1161 3286 detectis
1188 3231 1263 3300 (ι)
1286 3229 1564 3288 omnibus
1590 3232 1723 3304 ejus
1749 3230 2045 3288 rationum
2074 3233 2276 3306 gestis,
2294 3233 2469 3290 simul
2502 3237 2558 3289 et
2587 3234 2832 3292 concilio
2862 3234 2962 3291 illo
2991 3236 3149 3308 quod
3179 3235 3240 3292 in
3269 3234 3510 3308 scriptis
3522 3236 3595 3292 de
3609 3236 3746 3309 ejus

468 3328 636 3403 quasi
668 3325 1110 3383 confirmatione
1140 3326 1363 3384 editum
1397 3328 1603 3398 fuerat,
1637 3329 1772 3403 igne
1818 3329 2275 3387 combusserunt
2317 3330 2379 3387 in
2408 3331 2600 3389 medio
2630 3333 2973 3406 presbyterii
3004 3332 3193 3407 ipsius
3219 3332 3498 3390 ecclesiae.
3530 3334 3604 3390 Et
3631 3334 3744 3390 hoc

463 3427 614 3482 facto
639 3425 952 3498 projicieus
984 3442 1047 3481 se
1075 3424 1134 3480 in
1165 3429 1381 3482 terram
1412 3427 1823 3483 sanctissimus
1854 3428 2187 3500 Stephanus
2217 3446 2371 3503 papa
2408 3447 2545 3486 cum
2593 3430 2884 3489 universis
2930 3431 3354 3501 sacerdotibus,
3405 3436 3466 3488 et
3515 3431 3744 3505 populo

467 3524 747 3589 Romano,
780 3521 1216 3596 clamantesque
1248 3525 1413 3596 Hyrie
1439 3525 1659 3593 eleison,
1695 3542 1829 3580 eum
1854 3525 2077 3599 ingenti
2110 3526 2246 3582 fletu
2280 3543 2550 3599 peccasse
2582 3545 2644 3585 se
2673 3545 2881 3586 omnes
2900 3529 3151 3604 professi
3175 3533 3318 3587 sunt
3345 3546 3451 3602 pro
3481 3545 3550 3586 eo
3579 3530 3740 3603 quod

388 3622 425 3676 5
461 3621 532 3676 de
559 3620 832 3677 manibus
864 3621 1050 3693 ipsius
1074 3621 1442 3678 Constantini
1474 3622 1949 3679 communionem
1982 3624 2417 3696 suscepissent:
2452 3625 2733 3699 sicqueex
2763 3626 2872 3684 hoc
2900 3629 3178 3685 omnibus
3205 3627 3437 3685 indicta
3451 3628 3775 3704 apud.

463 3717 665 3774 tentia.
698 3719 861 3775 Tunc
891 3717 1085 3775 allatis
1112 3719 1529 3776 sacratissimis
1560 3718 1902 3790 eanonibus,
1937 3720 2139 3794 eisque
2182 3721 2409 3795 liquido
2458 3725 2867 3797 perscrutatis,
2900 3724 3127 3798 prolata
3173 3729 3263 3783 est
3311 3727 3613 3785 sententia
3662 3726 3743 3784 ab

459 3816 663 3873 eodem
696 3816 1044 3873 sacerdotali
1073 3816 1318 3873 concilio
1349 3817 1459 3873 sub
1491 3817 1882 3875 anathematis
1911 3818 2241 3888 interdicto,
2274 3837 2346 3877 ne
2376 3820 2534 3878 ullus
2565 3838 2827 3895 unquam
2857 3826 3174 3896 praesumat
3201 3822 3511 3893 laicorum,
3543 3840 3739 3898 neque

459 3929 529 3970 ex
559 3912 672 3970 alio
701 3914 925 3983 ordine,
960 3912 1073 3970 nisi
1108 3931 1211 3986 per
1241 3914 1548 3972 distinctos
1575 3916 1798 3989 gradus
1825 3917 2168 3983 ascendens,
2202 3919 2486 3977 diaconus
2511 3924 2614 3977 aut
2642 3921 2947 3995 presbyter
2972 3921 3290 3979 cardinalis
3310 3922 3506 3980 tactus
3538 3922 3735 3992 fuerit,

456 4014 531 4070 ad
560 4029 784 4070 sacram
818 4012 1194 4086 pontiﬁcatus
1224 4013 1506 4071 honorem
1537 4012 1725 4086 possit
1754 4016 2100 4088 promoveri.

528 4112 682 4168 270
711 4112 782 4167 Et
810 4112 925 4169 alia
955 4113 1126 4188 plura
1148 4129 1275 4185 quae
1308 4113 1378 4169 de
1408 4129 1474 4168 eo
1505 4112 1785 4169 canonica
1814 4114 2607 4191 indigebantcorreptionem
2624 4118 2683 4173 in
2701 4120 2904 4175 eodem
2926 4118 3519 4177 conciliostatuerunt
3534 4135 3735 4177 emen-

456 4208 670 4266 danda.
703 4209 785 4266 De
813 4210 1104 4286 episcopis
1131 4227 1266 4267 vero
1298 4214 1475 4283 atque
1503 4210 1860 4284 presbyteris
1890 4216 1945 4269 et
1975 4212 2320 4271 diaconibus
2368 4231 2517 4288 quos
2547 4214 2672 4289 ipse
2703 4216 3120 4275 Constantinus
3150 4221 3619 4286 consecraverat,
3649 4218 3737 4275 ita

452 4304 514 4362 in
545 4307 749 4364 eodem
780 4309 1023 4366 concilio
1055 4307 1497 4383 promulgatum
1529 4313 1638 4376 est,
1674 4313 1739 4365 ut
1767 4309 2023 4384 episcopi
2052 4310 2158 4380 illi,
2180 4311 2230 4368 si
2263 4311 2476 4385 aliquis
2505 4330 2707 4371 eorum
2739 4315 3156 4388 presbyteraut
3172 4315 3458 4373 diaconus
3471 4315 3733 4386 fuerit,in

453 4403 772 4477 pristinum
802 4406 1040 4465 honoris
1071 4408 1161 4465 sui
1193 4408 1442 4482 gradum
1476 4409 1952 4464 reverteretur.Et
1980 4407 2030 4466 si
2060 4407 2378 4483 placabiles
2399 4410 2651 4468 fuissent
2666 4428 2863 4469 coram
2891 4413 3109 4487 populo
3126 4412 3733 4487 civitatissuai,denuo

379 4503 417 4560 5
456 4502 606 4559 facto
636 4504 864 4561 decreto
894 4505 1196 4563 electionis
1228 4520 1390 4560 more
1419 4503 1591 4562 solito
1620 4505 1936 4586 cum_clero
1966 4511 2025 4563 et
2050 4506 2217 4580 plebe
2239 4508 2309 4564 ad
2341 4508 2722 4581 apostolicam
2745 4509 3730 4578 advenissentsedem,etabeodem

456 4601 829 4659 sanctissimo
860 4602 1156 4678 Stephano
1180 4618 1333 4674 papa
1346 4601 1768 4660 benedictionis
1796 4604 2196 4678 suscepissent
2217 4605 2290 4679 (g)
2309 4606 3157 4682 consecrationem.Presbyteri
3169 4625 3305 4665 vero
3317 4609 3403 4665 illi
3420 4610 3733 4667 acdiaconi

451 4701 525 4757 ab
555 4700 760 4757 eodem
789 4700 1171 4757 Constantino
1201 4700 1522 4756 consecrati
1552 4701 1729 4758 simili
1764 4703 1936 4759 modo
1959 4702 2019 4758 in
2050 4721 2116 4760 eo
2148 4720 2264 4777 quo
2295 4704 3009 4777 priusexistebanthabitu
3032 4709 3559 4764 reverterentur.Et
3575 4713 3736 4783 post-

448 4799 691 4856 modum
725 4798 775 4854 si
806 4797 907 4870 qui
938 4814 1139 4853 eorum
1171 4795 1486 4869 placabiles
1516 4799 1895 4869 exstitissent,
1930 4800 2222 4858 antefatus
2254 4801 2633 4860 beatissimus
2662 4803 2924 4877 pontifex
2950 4806 3325 4879 presbyteros
3344 4822 3446 4864 eos
3476 4811 3581 4863 aut
3610 4807 3734 4864 dia-

450 4913 629 4954 conos
658 4898 1059 4951 consecrasset
1089 4894 1472 4969 (h).Statuens
1501 4900 1565 4952 ut
1592 4896 1654 4953 bi
1688 4897 1789 4970 qui
1818 4915 1887 4955 ex
1916 4897 1999 4954 eis
2029 4900 2423 4956 consecraturi
2455 4902 2517 4974 (ἢ
2548 4905 2732 4972 erant,
2750 4918 3125 4976 nequaquam
3139 4903 3210 4960 ad
3224 4903 3527 4961 fortiorem
3540 4903 3728 4979 (j)ho-

342 4996 411 5052 10
447 5013 582 5053 nem
614 4991 1014 5063 escenderent,
1045 5008 1151 5049 nec
1176 4993 1247 5049 ad
1278 4994 1653 5067 pontificatus
1679 5001 2162 5069 promoverentur
2189 4996 2441 5069 culmen,
2476 5014 2549 5056 ne
2579 4998 2715 5056 talis
2741 4999 2960 5075 impius
2990 5000 3263 5060 novitatis
3290 5019 3456 5060 error
3500 5002 3563 5061 in
3611 5002 3729 5059 Ec-

448 5091 624 5151 clesia
654 5087 756 5145 Dei
787 5085 1119 5159 pullularet.
1948 5152 1957 5163 δ

519 5187 675 5245 280
706 5184 838 5255 Ipse
865 5200 998 5244 vero
1029 5189 1325 5247 antefatus
1356 5188 1736 5248 beatissimus
1769 5191 2101 5265 Stephanus
2131 5210 2283 5267 papa
2314 5211 2511 5251 coram
2543 5195 2703 5252 omni
2735 5196 3081 5255 sacerdotali
3111 5196 3353 5272 collegio
3402 5197 3563 5256 clara
3585 5215 3729 5256 voce

446 5279 1142 5351 clamavit,dicens:Nullo
1171 5288 1345 5345 modo
1378 5302 1441 5344 se
1472 5285 1710 5344 immitti
1742 5293 1842 5346 aut
1873 5290 2109 5362 penitus
2140 5291 2431 5349 declinare
2460 5291 2521 5348 in
2552 5294 2893 5351 earumdem
2923 5295 3517 5370 presbyterorumaut
3532 5295 3728 5354 diaco-

1508 5463 1761 5513 NOTULE
1803 5466 2190 5515 IARGINALES
2229 5468 2551 5518 FABBOTTI.

325 5601 447 5692 sic)
478 5600 992 5692 prtp‘sumpgtione.‘
1031 5608 1392 5692 (b)”invasor.
1470 5607 1542 5679 (ς)
1576 5607 1784 5692 Βαξ-οηζ
1812 5626 1948 5666 ann.
2179 5610 2260 5692 id)
2288 5611 2679 5692 congregavit.
2757 5612 2921 5692 (e)__B,
2950 5612 3298 5692 combustis.
3374 5614 3456 5690 (Ῑ)
3493 5629 3725 5674 correc-

325 5665 337 5682 ο
371 5628 446 5674 ψ)
478 5628 955 5682 praesumptione.
1031 5628 1107 5684 κο)
1138 5628 1392 5666 invasor.
1470 5628 1542 5679 ψ)
1576 5628 1776 5666 δατ-οη.
1812 5628 1948 5666 ams.
1988 5628 2105 5692 (py.
2183 5628 2260 5684 ta)
2288 5628 2395 5696 con
2470 5628 2679 5685 egavu.
2757 5628 2827 5686 (ε)
2855 5628 2921 5696 β,
2950 5628 3298 5698 combustis.
3374 5628 3456 5690 (1)

296 5671 453 5731 tione
530 5670 607 5749 (ρ)
637 5681 1021 5750 susciperent.
1093 5682 1174 5756 (Ιι)
1206 5684 1272 5755 B,
1304 5682 1696 5754 consecraret,
1728 5683 1826 5756 aL,
1859 5680 2217 5743 conciliaret.
2294 5683 2359 5760 (ι)
2391 5628 2891 5754 ﬁfconsecrandi.
2972 5685 3040 5764 (J)
3069 5685 3134 5760 B,
3164 5690 3474 5763 potiorem.

2600 5830 2608 5841 ι
