3934 6202
185 262 358 328 ’1189
934 263 1305 328 HISTORIA
1351 265 1453 328 DE
1494 267 1698 331 VlTlS
1747 267 1936 331 ROM.
1979 265 2215 331 PONT.
2241 303 2318 315 -—
2349 267 2415 332 S.
2460 271 2880 335 ADRIANUS.
3461 275 3618 336 i170

335 395 754 455 mane-domui
791 396 1070 470 Stephani
1110 400 1544 473 papae,atque'a
1563 400 1801 460 Galvulo
1821 404 1900 473 (τι)
1925 401 2283 460 cubiculario
2314 396 2426 461 sibi
2455 395 2566 461 hoc
2604 405 2787 464 {iuuisse
2818 408 3194 480 praeceptum,
3219 405 3367 463 tradi
3397 408 3618 467 eisdem

339 495 681 569 Campanis.

418 594 573 652 208
604 593 990 667 Diligensque
1019 595 1176 651 idem
1208 595 1620 654 sanctissimus
1650 595 1861 671 praesul
1894 612 2034 656 suos
2065 595 2281 655 missos
2313 599 2368 654 in
2397 599 2778 673 Campaniam
2811 601 2870 656 in
2901 601 3197 658 civitatem
3232 603 3622 677 Anagninam,

342 693 557 749 adduci
587 691 726 748 fecit
756 691 1062 765 praedictos
1092 692 1482 750 Tunissonem
1506 697 1582 765 (ὁ)
1613 701 1672 752 et
1696 696 2184 764 Leonatium.0ui
2209 698 2541 770 praesentati
2572 699 2908 771 apostolicis
2938 701 3258 769 obtulibus,
3283 701 3624 776 fortiterque

344 790 672 859 constricti,
697 791 948 847 confessi
979 796 1136 859 sunt,
1171 793 1429 849 dic-entes
1459 795 1613 867 quod
1636 811 1670 850 a
1687 796 2113 868 prandminato
2146 796 2323 852 Paulo
2353 796 2712 854 cubiculario
2734 802 2789 852 et
2811 798 3091 871 Gregorio
3114 801 3416 856 defensore
3448 801 3628 874 regio-

347 891 512 946 nari'o
542 906 644 946 seu
676 889 902 946 Joanne
930 897 1210 962 germano
1240 890 1464 964 praefati
1514 892 1713 949 domui
1744 893 2026 967 Stephani
2075 907 2258 968 papte,
2292 899 2349 951 et
2379 894 2613 951 Calvulo
2663 895 2802 951 item
2858 897 3238 964 cubiculario,
3266 903 3322 954 et
3370 898 3626 972 Maligno

269 991 308 1045 5
344 990 836 1056 consentaneo,et
857 987 1114 1060 erepsisti
1137 988 1298 1045 Pauli
1319 988 1480 1046 illius
1501 997 1854 1064 praeceptum
1879 989 2083 1048 luisset
2104 991 2591 1064 praenominatum
2611 995 2879 1066 Sergium
2903 995 3335 1052 abstollendum
3360 1013 3425 1052 ac
3447 995 3628 1053 inter-

347 1086 689 1143 ﬁciendum.
713 1085 987 1142 Protinus
1005 1085 1217 1143 direxit
1245 1086 1371 1159 ipse
1401 1087 1813 1145 sanctissimus
1843 1085 2099 1162 pontifex
2127 1107 2260 1146 cum
2283 1091 2725 1163 praenominatis
2749 1092 3062 1164 Campanis
3085 1110 3223 1149 suos
3245 1092 3623 1150 ﬁdelissimos

349 1183 754 1250 ministros,ut
783 1184 1256 1240 demonstrarent
1276 1184 1469 1241 idcum
1490 1186 1588 1241 ubi
1623 1183 1816 1259 ipsum
1841 1181 2108 1260 Sergium
2140 1187 2553 1244 interfecerunt
2577 1193 2752 1261 atque
2774 1189 3229 1262 sepelierunt;et
3250 1197 3626 1263 properantes

347 1287 636 1338 venerunt
663 1285 851 1354 usque
881 1282 942 1337 in
975 1281 1329 1338 Mer'olanam
1361 1283 1434 1338 ad
1466 1285 1667 1338 arcum
1699 1285 2020 1357 depictum,
2053 1299 2254 1341 sercus
2299 1285 2453 1340 viam
2471 1301 2599 1358 qum
2632 1287 2796 1342 ducit
2825 1288 2894 1342 ad
2928 1287 3234 1344 ecclesiam
3283 1292 3494 1343 aucta:
3524 1287 3625 1344 Dei

352 1379 667 1437 Genitricis
694 1380 766 1435 ad
801 1381 1078 1452 Praesepe,
1113 1379 1311 1451 ibique
1345 1381 1516 1452 juxta
1545 1379 1818 1436 eumdem
1849 1387 2051 1438 arcum
2091 1383 2419 1456 aperientes
2449 1399 2627 1439 unam
2660 1384 3051 1456 sepulturam,
3081 1386 3629 1442 demonstraverunt

242 1479 314 1535 10
352 1482 568 1550 cdrpus
589 1476 748 1534 illius
765 1477 953 1551 Sergii
977 1477 1321 1550 repositum,
1337 1478 1591 1551 funeque
1614 1479 1743 1552 ejus
1766 1475 1970 1553 guttur
1987 1480 2392 1549 constrictum,
2410 1484 2582 1553 atque
2605 1481 2819 1537 ictibus
2842 1487 3029 1538 totum
3049 1501 3261 1555 corpus
3286 1483 3412 1554 ejus
3434 1483 3628 1541 vulne—

356 1579 571 1632 r’atum.
597 1575 760 1631 unde
790 1576 905 1630 non
938 1574 1114 1630 dubie
1144 1581 1232 1631 est
1263 1574 1611 1632 sufl‘oeatum
1643 1593 1711 1633 ac
1739 1575 2085 1634 semiViv-um
2121 1578 2301 1634 fuisse
2331 1584 2484 1634 terra
2515 1580 2814 1635 obrutum.
2844 1581 3004 1646 Quod
3039 1585 3341 1638 cernentes
3371 1581 3626 1638 universi

356 1673 638 1746 primate
668 1672 957 1737 Eeclesiaa,
990 1675 1055 1728 ac
1077 1673 1314 1744 judices
1342 1673 1582 1743 militia,
1616 1671 1998 1732 ascendentes
2029 1675 2388 1733 unanimiter
2429 1695 2563 1733 cum
2597 1678 2865 1734 universo
2897 1678 3112 1751 populo
3146 1679 3203 1733 in
3239 1680 3626 1736 Lateranense

354 1771 815 1845 patriarchium,
849 1771 1128 1844 prostrati
1157 1771 1492 1844 apostolicis
1520 1773 2017 1846 vestigiis,obnixe
2044 1775 2316 1830 eumdem
2347 1774 2668 1830 almiﬁcum
2701 1777 3036 1848 pontificem
3070 1778 3357 1848 deprecati
3394 1783 3532 1833 sunt
3563 1781 3628 1833 ut

354 1869 678 1926 vindictam
709 1871 884 1942 atque
905 1869 1374 1925 emendationem
1395 1868 1521 1926 ﬁeri
1543 1871 1911 1944 praecepisset
1932 1872 2002 1927 de
2023 1876 2185 1928 tanto
2208 1859 2472 1928 inaudito
2492 1865 2744 1946 piaculo,
2769 1875 2828 1929 in
2852 1891 2918 1930 eo
2937 1875 3090 1946 quod
3115 1877 3629 1947 praesumpsissent

246 1968 320 2026 15
357 1970 560 2025 secum
579 1966 881 2023 hominem
907 1967 1122 2039 saepius
1146 1967 1454 2024 tormentis
1476 1969 1912 2025 concrematam
1934 1969 2252 2026 crudeliter
2271 1969 2616 2039 interﬁcere,
2643 1973 2798 2044 quod
2821 1972 3038 2027 factum
3062 1988 3363 2044 nunquam
3386 1973 3627 2046 legitur;

357 2067 688 2123 asserentes
705 2064 848 2138 quia
865 2064 917 2121 si
938 2064 1076 2121 talis
1097 2064 1305 2138 ﬂagitii
1332 2070 1528 2122 reatus
1559 2083 1672 2122 non
1705 2067 2057 2139 expiaretur,
2079 2067 2260 2124 nimis
2289 2066 2418 2140 ipsa
2445 2060 2630 2141 impia
2649 2067 2996 2126 temeritatis
3022 2071 3400 2142 praesumptio“
3430 2071 3488 2125 in
3522 2071 3631 2126 hac

359 2166 625 2221 assium
657 2163 802 2219 urbe
831 2161 1165 2236 pulluiaret,
1189 2163 1561 2219 assumentes
1593 2179 1661 2219 ex
1692 2164 1802 2220 hoc
1847 2165 2155 2221 audaciam
2187 2164 2442 2238 perversi
2482 2165 2751 2222 homines
2785 2171 2849 2222 ut
2879 2171 3171 2222 tentarent
3201 2170 3398 2238 pejora
3427 2185 3632 2241 perpe-

356 2264 534 2318 trare.
559 2260 724 2316 Tunc
753 2259 1030 2334 praefatus
1059 2259 1470 2316 sanctissimus
1502 2259 1714 2333 praesul
1745 2263 2018 2334 precibus
2051 2262 2324 2334 judic’um
2368 2257 2741 2335 universique
2774 2256 2972 2336 populi
3006 2265 3251 2320 Romani
3279 2265 3464 2335 jussit
3490 2281 3634 2319 con-

357 2360 591 2416 tradere
611 2359 947 2414 ‘autet'atum
976 2357 1280 2414 Calvulum
1312 2357 1759 2428 cubicularium,
1791 2362 1851 2416 et
1878 2360 2334 2432 pra'anominatos
2363 2360 2692 2432 Campanos
2723 2362 2994 2434 praefecto
3027 2361 3216 2426 Urbis,
3248 2367 3314 2416 ut
3343 2378 3501 2416 more
3529 2361 3633 2416 ho-

245 2460 328 2514 se
367 2455 719 2513 micidarum
756 2459 857 2513 eos
893 2456 1089 2512 coram
1133 2456 1406 2512 universo
1446 2455 1662 2530 populo
1701 2454 2081 2513 examinaret.
2116 2455 2481 2529 Deductique
2512 2473 2543 2513 e
2574 2456 2893 2530 Elephanto
2925 2461 2996 2528 (c)
3029 2458 3087 2514 in
3120 2471 3408 2514 carcerem
3442 2458 3637 2530 publi-

364 2557 523 2622 cum,
558 2553 678 2610 illic
707 2556 904 2611 coram
934 2552 1206 2612 universo
1236 2553 1450 2626 populo
1479 2554 1794 2611 examinati
1820 2558 1982 2611 sunt.

435 2653 589 2710 πυ
622 2652 836 2724 Sicque
865 2651 979 2724 ipsi
1013 2651 1301 2724 Campini,
1326 2651 1482 2708 sicut
1508 2652 1693 2725 prius,
1718 2652 1799 2708 ita
1829 2656 1887 2708 et
1915 2651 1976 2708 in
2005 2652 2206 2708 eadem
2247 2650 2676 2708 examinatione
2705 2653 2955 2708 confessi
2987 2657 3144 2708 sunt.
3175 2651 3447 2708 Calvulus
3479 2669 3634 2717 vero,

363 2750 663 2807 bbdurans
684 2761 785 2806 cor
810 2749 1118 2815 suum,vix
1137 2747 1442 2806 confessus
1463 2754 1553 2805 est
1583 2749 1664 2806 ita
1684 2749 1882 2806 omnia
1909 2751 2066 2817 esse;
2089 2749 2190 2822 qui
2223 2749 2418 2805 tamen
2450 2747 2509 2805 in
2531 2750 2734 2806 eodem
2761 2761 2988 2806 carcere
3017 2747 3236 2806 crudeli
3273 2754 3456 2805 morte
3483 2749 3637 2804 ami-

363 2848 444 2904 sit
468 2847 549 2920 (d)
580 2847 878 2920 spiritum.
907 2847 1012 2903 Pro
1039 2863 1174 2903 vero
1205 2847 1583 2918 amputandis
1611 2851 1733 2902 tam
1783 2843 2253 2903 intolerabilibus
2284 2845 2490 2919 ﬂagitii
2523 2846 2780 2904 rentibus
2830 2847 2997 2903 missi
3045 2847 3185 2903 sunt
3213 2846 3325 2920 ipsi
3355 2846 3636 2919 Campani

365 2943 932 3017 Constantinopolim
963 2943 1022 2998 in
1053 2943 1344 3000 exsilium.

439 3043 594 3100 800
628 3042 758 3100 Post
788 3042 909 3098 haec
958 3041 1143 3114 jussit
1192 3042 1486 3098 antefatus
1535 3039 1913 3099 beatissimus
1941 3045 2094 3116 papa
2123 3038 2355 3098 abstolli
2387 3055 2632 3115 corpora
2661 3041 3060 3114 ChristOphori
3117 3037 3175 3098 et
3231 3041 3640 3114 praenominati

360 3139 547 3214 Sergii
578 3141 708 3212 ejus
739 3139 866 3206 ﬁlii,
885 3141 1073 3212 eaque
1102 3156 1239 3195 cum
1272 3138 1490 3196 honera
1516 3138 1575 3194 in
1606 3138 1851 3196 ecclesia
1881 3140 2034 3196 beati
2069 3137 2218 3196 Petri
2251 3135 2388 3196 fecit
2417 3137 2818 3212 speliri.Gesta
2844 3157 2976 3196 vero
3007 3139 3463 3196 examinationis
3494 3155 3640 3212 qua-

366 3239 502 3295 liter
531 3239 746 3312 proprii
780 3240 977 3294 reatus
1007 3254 1217 3294 noxam
1249 3236 1499 3294 confessi
1530 3236 1670 3293 sunt
1702 3238 1829 3310 jam
1859 3236 2056 3294 dictus
2085 3237 2361 3294 Calvulus
2391 3235 2788 3294 cubicularius
2819 3243 2876 3294 et
2907 3238 3310 3310 praenominati
3333 3235 3636 3309 Campani,

367 3337 576 3393 direxit
607 3336 901 3392 antelatus
932 3333 1222 3392 alm'iﬁcus
1266 3334 1527 3409 pontifex
1576 3335 1932 3404 Ravennam,
1965 3335 2033 3391 ut
2079 3335 2268 3391 eidem
2303 3334 2478 3392 Paulo
2510 3335 2709 3392 omnia
2761 3351 2862 3408 per
2909 3335 3172 3392 ordinem
3219 3334 3636 3406 relegerentur.

292 3436 331 3491 5
368 3433 710 3507 Suscipiens
731 3451 862 3490 vero
895 3434 1006 3490 Leo
1036 3432 1514 3506 archiepiscopus
1545 3433 1967 3489 Ravennatium
1995 3434 2197 3489 eadem
2229 3438 2414 3505 gesta,
2443 3432 2748 3489 confestim
2773 3433 2900 3489 sine
2923 3431 3268 3489 auctoritate
3297 3430 3638 3505 apostolica,

357 3530 887 3605 tradiditpumdem
910 3529 1165 3587 Paulum
1190 3529 1482 3588 consulari
1505 3529 1927 3588 Ravennatium
1951 3527 2638 3604 urbis.Examinatusq'ue
2667 3539 2861 3588 coram
2890 3532 3166 3589 omnibus
3187 3527 3642 3596 Ravennatibus,

359 3629 566 3686 eadem
599 3632 730 3685 acta
762 3625 846 3682 illi
873 3627 1092 3685 reiecta
1121 3629 1278 3694 sunt,
1313 3627 1514 3701 sicque
1545 3643 1607 3684 se
1638 3645 1803 3684 reum
1837 3627 2222 3684 manifestans
2265 3629 2412 3684 tanti
2457 3628 2694 3700 piaculi,
2733 3631 3037 3685 confessus
3069 3635 3158 3685 est
3189 3624 3250 3685 se
3281 3633 3648 3702 perpetrasse

359 3729 600 3783 noxam.
635 3726 720 3782 Ita
749 3742 882 3782 vero
910 3725 1101 3782 isdem
1155 3723 1370 3782 Paulus
1428 3725 1796 3782 examinatus
1829 3725 1936 3793 est,
1970 3725 2109 3799 quin
2173 3724 2351 3781 etiam
2412 3741 2518 3780 nec
2575 3726 2821 3782 scientia
2852 3727 3057 3783 exinde
3086 3728 3225 3782 data
3273 3730 3363 3782 est
3411 3725 3646 3798 przefato

361 3822 742 3881 sanctissimo
766 3822 1052 3896 pontiﬁci,
1073 3825 1264 3896 neque
1293 3823 1368 3878 ab
1397 3823 1857 3897 archiepiscopo,
1879 3825 2070 3895 neque
2099 3839 2133 3879 a
2162 3821 2520 3894 qui-busdam
2555 3823 2916 3890 flavinianis,
2943 3825 3044 3881 sed
3077 3840 3179 3896 per
3201 3823 3346 3879 alios
3378 3823 3487 3878 hoc
3516 3822 3646 3892 ejus

257 3924 328 3980 10
367 3921 653 3978 sanctitas
673 3921 928 3995 agnovit.
951 3921 1104 3977 Du'm
1135 3921 1267 3978 vero
1296 3920 1406 3976 hoc
1436 3925 1724 3994 ageretur,
1749 3921 1996 3992 cupiens
2021 3919 2150 3992 ipse
2182 3920 2519 3992 praecipuus
2548 3926 2748 3992 pastor
2765 3926 2822 3976 et
2843 3921 3112 3995 egregius
3144 3921 3401 3993 pontifex
3425 3917 3649 3974 salvare

367 4018 628 4076 animam
651 4019 780 4091 .jam
812 4017 952 4076 dicti
983 4017 1166 4085 Pauli,
1198 4033 1271 4074 ne
1320 4017 1382 4073 in
1433 4017 1715 4073 internum
1752 4017 1992 4090 periret,
2023 4016 2237 4074 ascribi
2284 4017 2420 4073 fecit
2471 4016 2905 4090 suggestionem
2959 4033 3127 4074 suam
3180 4015 3560 4072 Constantino
3591 4019 3652 4070 et

368 4117 549 4174 Leom
579 4116 861 4190 Augustis
894 4115 1246 4190 magnisque
1275 4115 1753 4188 imperatoribus,
1789 4113 2130 4188 signiﬁcans
2176 4131 2250 4171 ne
2286 4114 2477 4187 ipsius
2517 4113 2699 4187 Sergii
2735 4114 2868 4170 eieci
2898 4114 3081 4186 impia
3114 4117 3317 4178 morte,
3343 4117 3516 4184 atque
3544 4111 3650 4167 de-

369 4217 626 4288 precans
648 4229 850 4270 eorum
879 4211 1247 4285 imperiaiem
1279 4211 1653 4270 clementiam
1684 4216 1752 4268 ut
1776 4213 1852 4268 ad
1875 4211 2345 4268 emendationem
2395 4211 2543 4267 tanti
2576 4213 2774 4266 reatus
2804 4211 3003 4284 ipsum
3036 4209 3281 4266 Paulum
3322 4208 3543 4280 suscipi
3591 4212 3652 4264 et

368 4313 431 4370 in
463 4311 612 4384 ipsis
631 4311 867 4368 'Gréciaa
895 4309 1159 4383 partibus
1190 4310 1249 4365 in
1280 4309 1482 4366 eXsilio
1514 4309 1916 4382 mancipatum
1948 4308 2206 4375 retineri,
2243 4307 2657 4381 preeepissent
2685 4308 2776 4379 (ε).

443 4409 591 4466 801
630 4408 963 4480 Direxitque
990 4409 1261 4464 eamdem
1293 4407 1731 4480 suggestionem
1763 4408 1893 4479 ejus
1921 4407 2014 4462 ter
2043 4404 2341 4462 beatitudo
2370 4406 2545 4462 Leoni
2589 4405 3048 4478 archiepiscopo,
3081 4409 3146 4460 ut
3176 4405 3372 4477 ipsum
3404 4401 3647 4459 Paulum

369 4505 933 4580 Constantinopolim
962 4505 1026 4561 in
1058 4504 1260 4560 exsilio
1291 4504 1410 4561 sive
1439 4519 1543 4576 per
1559 4504 1856 4572 Venetiae,
1891 4504 2010 4560 sive
2040 4503 2277 4560 aliunde
2305 4503 2558 4576 qualiter
2587 4502 2897 4576 potuisset,
2924 4502 3222 4575 dirigeret,
3245 4518 3381 4557 cum
3413 4500 3652 4573 praefata

371 4603 700 4679 apostolica
722 4603 1115 4677 suggestione.
1139 4603 1270 4676 Ipse
1289 4607 1422 4659 vero
1445 4602 1947 4676 archiepiscopus.
1971 4601 2261 4658 insidians
2279 4601 2654 4657 vehementer
2673 4601 2861 4657 eidem
2885 4599 3083 4667 Paulo,
3107 4599 3382 4656 adhibuit
3406 4597 3652 4670 impiam

373 4702 767 4772 occasionem,
796 4699 1058 4773 dirigens
1085 4700 1275 4756 eidem
1309 4700 1599 4772 praecipuo
1643 4699 1906 4772 pontiﬁci
1937 4699 1998 4754 in
2037 4697 2336 4770 responsis
2365 4715 2380 4753 :
2415 4697 2748 4770 Expedibile
2776 4714 2893 4754 non
2926 4707 3054 4754 esse
3092 4698 3366 4752 eumdem
3408 4693 3651 4752 Paulum

299 4802 338 4859 5
373 4799 520 4856 iilue
549 4798 818 4872 dirigam,
848 4797 910 4854 in
941 4815 1008 4856 eo
1039 4798 1196 4871 quod
1226 4797 1564 4854 Desiderius
1595 4797 2113 4869 Langobardorum
2146 4801 2244 4852 rex
2275 4795 2462 4852 ﬁlium
2505 4795 2770 4852 Mauricii
2800 4795 2970 4851 ducis
2997 4794 3370 4850 Venetiarum
3403 4792 3558 4866 apud
3590 4809 3654 4848 se

379 4898 620 4970 captum
651 4895 960 4963 detineret,
993 4910 1065 4951 ne
1096 4893 1222 4968 ipse
1247 4893 1590 4961 Mauricius,
1613 4893 1799 4949 ﬁlium
1832 4897 2010 4950 suum
2031 4893 2274 4966 cupiens
2300 4894 2372 4949 ab
2403 4893 2607 4950 eodem
2641 4909 2772 4965 rege
2801 4893 3075 4964 recipere,
3097 4893 3369 4946 eumdem
3401 4889 3652 4946 Paulum

379 4994 466 5050 iiii
495 4992 782 5049 vicarium
813 4993 1088 5049 traderet.
1119 4993 1263 5048 Ecce
1310 4990 1544 5064 qualem
1591 4989 1960 5046 occasionem
2002 4990 2126 5062 ipse
2158 4989 2632 5062 archiepiscopus
2661 4989 2928 5065 Ecclesia;
2975 4988 3397 5044 Ravennatium
3446 4986 3655 5042 Callide

377 5091 655 5148 adhibuit
682 5094 748 5146 ut
777 5089 974 5163 ipsum
1005 5088 1248 5147 Paulum
1279 5088 1648 5162 exstinguere
1675 5087 1926 5156 valeret;
1960 5086 2161 5159 sicque
2206 5086 2434 5142 remisit
2463 5087 2536 5142 ad
2569 5086 2950 5159 apostolicam
2983 5085 3180 5142 sedem
3213 5083 3649 5158 suggestionem

373 5188 566 5246 illam.

453 5286 608 5343 3.2
641 5285 777 5342 Post
805 5285 931 5340 ham
946 5297 1082 5342 vero
1102 5289 1236 5340 eum
1261 5283 1394 5356 ipsc
1423 5283 1834 5340 sanctissimus
1863 5281 2074 5356 prase'ul
2099 5279 2405 5336 direxisset
2425 5281 2769 5353 Gregbrinm
2794 5280 3163 5336 sacellarium
3187 5296 3361 5336 suum
3395 5279 3465 5333 ad
3490 5277 3650 5332 Desi-

379 5383 612 5441 dcrium
644 5382 1162 5454 Langobardorum
1194 5386 1390 5454 rogem
1418 5380 1847 5454 deprecationis
1875 5383 2052 5453 atth
2082 5377 2427 5445 hort'a‘tiqnis
2456 5381 2635 5434 causa
2665 5381 2768 5452 pro
2800 5378 3175 5434 restitliendis
3207 5375 3461 5450 prmfatis
3488 5375 3559 5429 ab
3583 5389 3650 5428 eo

381 5481 595 5539 ablatis
623 5479 976 5546 civitatibus,
1001 5478 1274 5552 precepit
1303 5477 1356 5534 ei
1387 5483 1451 5533 ut
1481 5478 1727 5535 ﬁrmiter
1755 5482 2183 5534 contestaretur
2212 5481 2459 5532 Leonem
2488 5476 2992 5550 archiepiscopum
3026 5479 3315 5548 quatenus
3345 5489 3479 5528 eum
3512 5488 3651 5525 con-

382 5595 616 5636 servare
644 5577 907 5633 studeret
934 5575 1201 5643 Paulum,
1224 5580 1281 5630 et
1310 5583 1446 5630 “cum
1479 5579 1864 5631 reverteretur
1891 5593 1926 5632 a
1953 5576 2177 5646 Ticino,
2203 5589 2403 5628 secum
2435 5590 2569 5629 eum
2607 5574 2720 5629 huc
2764 5573 3007 5628 Romam
3036 5573 3355 5628 reduceret.
3382 5569 3651 5640 Dumque

962 5738 968 5744 .
1425 5699 1674 5745 muns
1709 5701 1758 5743 Μ
1767 5701 1803 5743 Α
1812 5698 2099 5746 RGINALES
2139 5701 2174 5744 1"
2178 5697 2436 5744 A‘BROTT!
2447 5726 2460 5741 .

308 5792 411 5866 (σγ
441 5788 766 5850 Calventio.
842 5791 946 5859 (b)'
979 5786 1374 5846 Lavissonem.
1451 5786 1521 5858 (c)
1551 5787 1616 5858 Β,
1639 5805 1670 5844 e
1699 5787 2054 5859 patriarehio
2085 5787 2321 5862 pra-fato
2349 5785 2410 5844 in
2444 5803 2592 5844 carc.
2667 5787 2747 5856 (ἀ)
2777 5785 2992 5843 emisit.
3067 5784 3142 5857 (θ)
3161 5785 3224 5848 Β,
3249 5781 3649 5855 praeciperent.
