3934 6202
319 268 342 327 1
360 266 470 326 171
1466 266 1885 331 ANASTASII
1927 267 2581 331 BlBLIOTHECARIl.
3578 269 3615 330 1
3627 269 3743 332 1'12

383 399 421 454 5
457 398 737 472 praefatus
759 397 1074 472 Gregorius
1093 397 1434 457 sacellarius
1455 399 1515 456 in
1540 399 1962 458 Ravennatium
1994 405 2367 476 properasset
2397 400 2626 471 urbem,
2651 403 2993 459 constanter
3009 418 3077 459 ac
3098 399 3347 459 ﬁrmiter
3373 404 3740 488 protestatus

457 499 545 553 est
574 496 898 552 antefatum
932 497 1435 571 archiepiscopum
1457 502 1514 554 et
1534 498 1767 570 judices
1788 499 2141 556 Ravinianas
2168 516 2236 557 ex
2265 500 2652 573 praeceptione
2682 499 3021 573 apostolica,
3044 499 3105 556 in
3137 493 3741 573 praesentiaAnuald1

459 593 799 650 chartularii
822 598 960 650 tunc
992 594 1071 651 ibi
1102 595 1428 663 existentis,
1451 595 1593 653 civis
1617 596 1884 666 Romani,
1910 596 2013 671 qui
2042 598 2261 654 ibidem
2293 597 2516 655 missus
2536 601 2663 655 erat
2680 598 2756 654 ab
2778 597 3101 672 apostolica
3119 598 3278 669 sede,
3305 597 3536 655 salvu’m
3557 604 3741 674 atque

462 692 815 749 incolumem
846 693 1041 765 ipsum
1072 692 1318 749 Paulum
1348 695 1982 763 reservandum,donec
2001 713 2037 751 a
2056 695 2258 753 Ticino
2289 699 2691 763 reverteretur,
2716 711 2988 753 asserens
3018 696 3132 752 sibi
3150 695 3346 765 fuisse
3374 702 3740 772 preceptum

462 791 537 846 ab
559 790 878 863 apostolica
898 795 1183 863 potestate
1203 808 1338 849 eum
1368 807 1569 848 secum
1592 793 1837 849 Romam
1857 794 2286 866 deportandum
2307 799 2365 851 et
2392 792 2734 867 apostolicis
2756 792 2983 851 salvum
3002 796 3478 868 prasentandum
3510 794 3741 852 obtuti-

359 890 427 945 10
464 889 595 945 bus.
619 889 749 944 Hac
768 905 903 944 vero
928 888 1123 962 ipsum
1145 892 1476 962 protestans
1495 889 2020 965 archiepiscopum,
2042 897 2299 964 emptum
2320 892 2594 948 Ticinum
2616 892 2912 965 profectus
2932 896 3023 948 est
3049 891 3191 961 iter;
3217 894 3576 950 etcontinuo
3597 910 3745 968 prae-

466 986 802 1042 nominatus
818 986 1313 1061 archiepiscopus,
1328 988 1605 1045 accersito
1621 988 1928 1047 consulare
1944 990 2370 1046 Ravennatium
2387 989 2661 1058 civitatis,
2678 988 2951 1063 praecepit
2969 988 3023 1047 ei
3042 989 3242 1064 ipsum
3261 989 3743 1048 interficiendum

468 1083 736 1140 Paulum.
757 1084 828 1140 Et
857 1085 1000 1141 dum
1033 1102 1297 1143 reversus
1327 1086 1538 1143 fuisset
1564 1086 1876 1159 saepefatus
1906 1086 2249 1144 sacellarius
2281 1088 2735 1160 Ravennamque
2754 1088 3157 1161 conjungeret,
3178 1088 3401 1145 invenit
3419 1088 3745 1162 praenomi-

467 1185 674 1238 natum
697 1182 942 1239 Paulum
968 1184 1093 1255 jam
1122 1183 1511 1251 interfectum,
1535 1200 1640 1257 pra
1661 1202 1777 1257 quo
1802 1184 1978 1242 nimis
2012 1183 2330 1258 increpavit
2358 1184 2862 1259 archiepiscopum
2885 1185 3160 1243 eumdem
3190 1203 3299 1251 cur
3322 1186 3747 1260 presumpsis-

467 1284 557 1336 set
584 1284 788 1337 contra
816 1281 1202 1354 apostolicum
1237 1286 1591 1355 praeceptum
1612 1281 1808 1339 taliter
1831 1284 1901 1338 de
1922 1284 2126 1341 eodem
2148 1282 2328 1341 Paulo
2357 1283 2570 1357 agere?
2603 1284 2738 1341 Post
2759 1281 3092 1357 aliquantae
3120 1284 3319 1357 itaque
3345 1284 3472 1342 dies
3501 1285 3749 1358 propria

362 1376 432 1433 45
467 1379 825 1435 conscientia
853 1378 1043 1436 isdem
1074 1379 1547 1453 archiepiscopus
1575 1381 1787 1437 tertius
1809 1381 2019 1437 direxit
2048 1381 2468 1454 prasnominata
2496 1380 2871 1439 sanctissimo
2900 1397 3062 1455 papa:
3092 1396 3196 1455 per
3221 1381 3526 1439 Julianum
3555 1382 3752 1439 tribu-

471 1493 614 1532 num
646 1494 822 1533 suum
854 1478 1105 1535 missum
1154 1479 1475 1551 deprecans
1504 1477 1855 1551 apostolicae
1897 1478 2011 1536 sibi
2055 1478 2228 1553 dirigi
2285 1478 2511 1536 litteras
2540 1495 2607 1535 ac
2636 1478 3056 1537 consolationis
3086 1479 3335 1553 monita,
3355 1480 3528 1554 quasi
3576 1479 3750 1537 nulla

470 1573 633 1631 illius
664 1579 968 1648 putaretur
997 1575 1169 1649 culpa
1201 1577 1270 1633 de
1300 1577 1562 1649 ejusdem
1597 1576 1754 1634 Pauli
1784 1581 1990 1645 morte,
2013 1576 2073 1633 in
2093 1593 2162 1634 ea
2182 1577 2339 1651 quod
2369 1576 2615 1651 sanguis
2643 1575 2973 1634 innocentis
2992 1576 3156 1634 ultus
3187 1577 3417 1636 fuisset.
3439 1579 3554 1636 Sed
3577 1577 3747 1635 nullo

471 1672 645 1728 modo
676 1672 868 1745 patuit
896 1672 1093 1745 ipsum
1123 1673 1564 1731 sanctissimum
1584 1691 1796 1749 papam
1820 1675 2156 1748 pontificem
2186 1673 2478 1732 declinare
2507 1677 2622 1745 (a);
2653 1674 2735 1731 ita
2764 1673 2848 1731 illi
2874 1673 3132 1749 dirigens
3152 1674 3214 1732 in
3235 1675 3558 1750 responsis,
3576 1676 3745 1744 Quod

471 1768 596 1842 ipse
626 1770 820 1827 videat
849 1771 990 1843 quid
1020 1770 1080 1827 in
1111 1772 1314 1829 eodem
1345 1771 1522 1829 Paula
1553 1777 1826 1846 operatus
1856 1776 1966 1830 est.

542 1869 697 1925 ιω
727 1869 874 1925 Nam
904 1872 1057 1925 certe
1102 1885 1208 1943 ego
1263 1870 1523 1927 animam
1577 1872 1707 1943 ejus
1761 1869 1985 1927 salvere
2039 1869 2301 1943 cupiens,
2334 1869 2685 1944 paenitentiae
2715 1885 2852 1927 eum
2882 1869 3129 1928 submiti
3176 1871 3574 1928 decreveram.
3607 1871 3745 1928 Ideo

475 1982 672 2022 meum
704 1966 1075 2024 sacellarium
1095 1968 1277 2025 direxi
1299 1966 1417 2025 huc
1437 1968 1683 2025 Romam
1705 1984 1841 2025 eum
1862 1967 2262 2026 deferendum.
2283 1967 2585 2041 Siquidem
2616 1966 2956 2025 nominatus
2976 1966 3314 2025 Desiderius
3336 1968 3750 2043 Langobardo-

474 2081 605 2120 rum
637 2082 754 2134 rex,
786 2065 1073 2138 superbiae
1102 2069 1160 2122 et
1188 2062 1487 2137 jactantiaa
1532 2067 1687 2123 fastu
1735 2065 1981 2137 levatus,
2012 2082 2131 2139 qua
2159 2066 2303 2123 hora
2327 2066 2596 2139 praefatae
2625 2064 2889 2124 civitates
2916 2065 3264 2123 exarchatus
3312 2066 3746 2124 Ravennatium

475 2162 738 2231 abstulit,
763 2163 1068 2220 confestim
1101 2163 1309 2220 direxit
1338 2163 1781 2221 multitudinem
1824 2164 2129 2233 exercitus,
2153 2169 2209 2221 et
2239 2179 2523 2237 occupare
2552 2162 2691 2220 fecit
2729 2164 2875 2220 ﬁnes
2904 2163 3229 2234 civitatum,
3250 2164 3310 2220 id
3340 2167 3433 2221 est
3459 2164 3746 2239 Senogal-

402 2260 439 2315 5
475 2259 698 2329 liensis,
724 2261 1101 2328 Montefereti,
1124 2260 1348 2329 Urbini,
1374 2262 1651 2335 Eugubii,
1671 2266 1728 2319 et
1752 2265 2091 2319 caeterarum
2116 2260 2418 2319 civitatum
2448 2262 2869 2331 Romanorum,
2891 2259 3065 2335 plura
3089 2261 3410 2321 homicidia
3436 2265 3498 2319 et
3524 2262 3745 2337 deprae-

476 2357 741 2414 dationes
771 2362 946 2430 atque
977 2358 1248 2415 incendia
1276 2358 1337 2415 in
1368 2359 1513 2432 ipsis
1533 2360 1751 2417 finibus
1773 2363 2190 2433 perpetrantes.
2214 2359 2362 2417 Nam
2393 2360 2454 2416 in
2478 2359 2775 2417 civitatem
2796 2359 3102 2416 Bleranam
3121 2359 3385 2434 dirigens
3408 2359 3745 2435 generalem

476 2455 792 2512 exercitum
824 2456 1080 2529 partium
1101 2456 1346 2525 Tuscia,
1371 2458 1512 2513 dum
1546 2457 1659 2530 ipsi
1681 2457 1908 2515 Blerani
1931 2458 1990 2513 in
2014 2455 2229 2514 fiducia
2250 2456 2412 2530 pacis
2432 2458 2505 2514 ad
2526 2456 2950 2530 recalligendas
2969 2457 3239 2532 proprias
3258 2462 3489 2533 segetes
3508 2474 3747 2532 genera-

474 2551 611 2609 liter
642 2570 775 2610 cum
808 2553 1155 2610 mulieribus
1175 2557 1232 2610 et
1252 2553 1388 2610 filiis
1409 2559 1585 2628 atque
1606 2554 1845 2612 famulis
1864 2555 2295 2629 egrederentur,
2319 2555 2621 2612 irruerunt
2638 2558 2876 2628 repente
2894 2571 3077 2628 super.
3092 2571 3195 2613 eos
3214 2555 3328 2630 ipsi
3350 2555 3741 2630 Langobardi,

476 2655 534 2709 et
561 2656 803 2709 cunctos
832 2651 1112 2725 primates
1141 2652 1348 2725 quanti
1381 2652 1602 2709 utiliter
1619 2653 1694 2723 (b)
1716 2653 1776 2708 in
1805 2653 2011 2710 eadem
2040 2652 2270 2710 civitate
2293 2657 2478 2720 erant,
2500 2652 2940 2721 interfecerunt,
2963 2656 3024 2710 et
3052 2653 3310 2727 predam
3339 2652 3593 2710 multam
3623 2659 3742 2710 tam

370 2749 439 2806 40
476 2749 549 2805 de
578 2748 918 2806 hominibus
950 2766 1126 2823 quam
1158 2750 1230 2806 dc
1259 2749 1505 2822 peculiis
1535 2750 1926 2822 abstulerunt,
1949 2750 2102 2808 ferro
2148 2754 2206 2808 et
2245 2750 2380 2825 igne
2410 2753 2623 2807 cuncta
2648 2748 2708 2806 in
2740 2749 2989 2808 circuitu
3036 2750 3429 2808 devastantes.
3453 2751 3570 2808 Sed
3599 2751 3651 2808 ei
3682 2750 3741 2807 in

475 2847 694 2904 finibus
724 2848 997 2904 Romana:
1028 2848 1212 2917 urbis,
1245 2865 1351 2904 ceu
1382 2851 1439 2904 et
1468 2852 1807 2906 ceterarum
1836 2848 2139 2907 civitatum
2179 2848 2366 2907 multa
2393 2847 2550 2905 mala
2579 2865 2647 2905 ac
2678 2847 3137 2922 depraedationes
3166 2848 3356 2906 isdem
3404 2848 3743 2907 Desiderius

476 2948 809 3019 perpetrare
828 2945 1032 3018 jussit,
1064 2944 1242 3002 etiam
1273 2949 1331 3001 et
1359 2949 1620 3002 castrum
1652 2945 1979 3004 Utriculum
2010 2963 2293 3020 occupare
2324 2945 2476 3003 fecit.

548 3045 705 3101 304
734 3043 895 3100 Unde
926 3042 1137 3116 saepius
1168 3047 1345 3116 atque
1375 3043 1591 3117 saepius
1620 3043 1747 3118 ipse
1773 3043 2155 3102 beatissimus
2185 3043 2399 3118 praesul
2428 3048 2549 3101 tam
2578 3060 2682 3117 per
2711 3042 3132 3101 obsecrationis
3162 3044 3230 3117 (ο)
3261 3043 3508 3113 litteras,
3540 3060 3743 3118 quam-

480 3158 594 3215 que
623 3158 725 3214 per
754 3141 969 3199 missos
996 3141 1183 3198 eidem
1217 3140 1513 3198 Desiderio
1555 3141 1785 3210 direxit,
1819 3142 2141 3216 deprecans
2185 3159 2323 3199 eum
2355 3144 2421 3198 ut
2449 3158 2484 3198 a
2514 3140 2697 3198 tantis
2742 3139 2916 3199 malis
2962 3141 3350 3214 resipisceret,
3381 3146 3444 3199 et
3468 3159 3571 3199 eas
3598 3158 3743 3215 quas

482 3240 804 3297 abstulerat
831 3239 1093 3296 civitates
1122 3240 1406 3296 redderet.
1440 3239 1539 3297 Ille
1565 3257 1701 3298 vero
1743 3256 1859 3296 non
1910 3239 2104 3298 solum
2150 3239 2388 3297 easdem
2417 3256 2567 3312 quas
2593 3243 2978 3313 occupaverat
3005 3238 3272 3296 civitates
3317 3238 3566 3295 minime
3610 3239 3746 3296 red-

475 3339 611 3395 dere
641 3342 731 3394 est
758 3337 1098 3405 inclinatus,
1122 3338 1223 3394 sed
1255 3354 1362 3394 nec
1391 3338 1464 3395 ab
1503 3338 1709 3395 eadem
1755 3337 1981 3395 malitia
2026 3338 2294 3395 recedere
2323 3336 2526 3408 valuit,
2560 3354 2677 3395 non
2707 3353 2947 3395 cessans
2974 3335 3289 3394 crudeliter
3337 3336 3526 3394 multa
3571 3341 3746 3410 atque

475 3434 870 3492 intolerabilia
896 3435 1052 3502 mala
1080 3435 1301 3492 ﬁnibus
1331 3436 1749 3505 Romanorum,
1784 3439 1851 3492 ut
1879 3435 2103 3493 dictum
2136 3439 2244 3503 est,
2271 3434 2558 3509 ingerere.

542 3533 695 3590 805
729 3534 895 3588 Tunc
922 3532 1201 3605 prmfatus
1229 3532 1645 3589 sanctissimus
1687 3531 1970 3605 pontifex,
2005 3532 2277 3590 accersiri
2321 3531 2540 3590 faciens
2571 3532 2877 3606 praefatum
2925 3531 3268 3607 religiosum
3314 3531 3589 3589 abbatem
3618 3548 3740 3588 ma-

476 3629 719 3687 nasterii
751 3633 965 3686 sanctae
1000 3630 1096 3686 Dei
1122 3630 1451 3698 Genitricis,
1476 3629 1573 3686 siti
1599 3630 1659 3686 in
1680 3629 1973 3686 territorio
1995 3630 2328 3703 Sabinensi,
2353 3647 2486 3686 eum
2508 3629 2714 3705 viginti
2735 3630 3066 3688 senioribus
3088 3629 3190 3687 Dei
3210 3628 3394 3687 servis
3413 3628 3740 3697 monachis,

468 3727 677 3784 direxit
706 3745 805 3785 eos
833 3728 906 3784 ad
937 3729 1212 3786 eumdem
1241 3727 1609 3785 Desiderium
1639 3727 2066 3800 deprecationis
2109 3744 2309 3785 causa.
2342 3727 2568 3795 Quibus
2597 3728 2671 3784 ad
2715 3744 2853 3785 eum
2898 3727 3374 3802 properantibus,
3400 3731 3470 3784 ut
3495 3727 3611 3801 ipsi
3640 3727 3740 3784 Dei

468 3825 673 3883 famuli
700 3825 1046 3897 retulerunt,
1067 3826 1198 3897 ejus
1223 3824 1472 3898 pedibus
1497 3824 1785 3898 provoluti
1806 3842 2003 3882 coram
2025 3825 2334 3898 judicibus
2354 3826 2875 3900 Langobardorum
2896 3841 3032 3883 cum
3058 3824 3361 3898 lacrymis,
3389 3841 3463 3882 ex
3487 3841 3739 3899 persona

396 3925 434 3982 5
468 3924 710 3982 antefati
740 3922 940 3980 vicarii
971 3923 1125 3980 beati
1151 3923 1304 3979 Petri
1335 3940 1471 3980 eum
1491 3923 1783 3997 deprecati
1814 3928 1956 3981 sunt
1976 3928 2043 3980 ut
2070 3941 2106 3980 a
2132 3924 2314 3981 tantis
2340 3922 2511 3980 malis
2539 3922 2930 3996 resipisceret,
2953 3926 3012 3979 et
3030 3923 3300 3996 praafatas
3326 3938 3481 3996 quas
3498 3921 3741 3980 abstulit

468 4022 731 4079 civitates
760 4023 930 4078 beata
962 4022 1127 4078 Petra
1157 4021 1443 4078 redderet.
1465 4022 1576 4078 Sed
1608 4038 1982 4095 nequaquam
2013 4022 2143 4094 ejus
2170 4020 2471 4095 lapideum
2499 4037 2601 4077 car
2627 4020 2932 4078 deﬂectere
2959 4018 3289 4077 valuerunt.
3313 4016 3531 4094 Sicque
3555 4020 3739 4076 infru-

470 4120 657 4177 ctuosi
688 4118 803 4193 ipsi
833 4119 935 4175 Dei
966 4118 1170 4175 famuli
1203 4119 1416 4176 reversi
1459 4123 1619 4175 sunt.
1654 4119 1924 4193 Dirigens
1971 4136 2112 4176 suos
2163 4117 2376 4176 missas
2405 4117 2741 4176 Desiderius
2772 4118 2960 4175 isdem
2990 4118 3063 4175 ad
3097 4118 3427 4175 antefatum
3472 4116 3741 4175 beatissi-

470 4235 636 4274 mum
691 4217 1049 4291 pontiﬁcem,
1082 4218 1140 4274 id
1196 4222 1305 4287 est,
1338 4197 1642 4274 Andrzeam
1701 4216 2160 4274 referendarium
2190 4221 2249 4272 et
2275 4216 2558 4274 Stabilem
2588 4217 2822 4285 ducem,
2855 4221 2923 4273 ut
2975 4232 3112 4273 cum
3136 4232 3205 4272 ea
3249 4214 3471 4288 pariter
3524 4216 3598 4271 ad
3655 4200 3742 4272 la-

470 4317 771 4390 quendum
802 4316 1039 4372 deberet
1069 4314 1380 4389 conjungi;
1415 4332 1564 4388 quos
1593 4313 1922 4387 suscipiens
1952 4315 2139 4371 isdem
2170 4312 2462 4371 almillcus
2500 4318 2701 4388 pastor
2725 4312 2808 4370 ita
2835 4312 2920 4371 eis
2951 4312 3273 4388 respondit,
3295 4312 3573 4386 inquiens
3598 4329 3613 4369 :
3647 4312 3740 4369 Sic

364 4415 432 4470 10
469 4414 589 4486 regi
621 4419 811 4470 vestro
841 4429 910 4470 ex
941 4430 1071 4471 mea
1097 4430 1349 4486 persona
1379 4412 1718 4479 satisfacite,
1749 4428 1845 4469 me
1873 4412 2038 4470 vobis
2067 4412 2315 4469 ﬁrmiter
2341 4428 2539 4469 coram
2588 4413 2700 4469 Deo
2745 4410 3147 4485 omnipotente
3176 4410 3571 4484 promitetnte,
3601 4410 3743 4483 quia

468 4511 518 4566 si
548 4512 857 4583 praedictas
886 4511 1147 4568 civitates
1179 4511 1332 4568 beati
1382 4510 1529 4567 Petri
1560 4527 1709 4583 quas
1747 4514 2009 4583 tempore
2049 4526 2179 4566 mea
2208 4508 2475 4578 abstulit,
2506 4508 2652 4565 mihi
2690 4508 3033 4577 reddiderit,
3061 4507 3345 4565 continuo
3373 4508 3498 4565 sive
3526 4507 3735 4577 Ticini,

468 4608 590 4665 sive
645 4609 952 4677 Ravennae,
985 4608 1105 4666 sive
1163 4607 1435 4675 Perusiae,
1467 4608 1589 4665 sive
1619 4607 1714 4665 hic
1744 4608 1961 4678 Romae,
1993 4607 2082 4665 vel
2113 4607 2291 4665 etiam
2323 4607 2423 4664 ubi
2452 4606 2537 4663 illi
2568 4605 2854 4680 placitum
2884 4606 3060 4664 fuerit
3114 4607 3188 4663 ad
3235 4606 3369 4678 eius
3414 4605 3739 4680 properabo

467 4707 861 4779 praesentiam,
892 4712 950 4764 et
977 4722 1113 4764 cum
1144 4721 1212 4761 eo
1242 4704 1460 4776 pariter
1487 4722 1581 4763 me
1606 4706 2084 4780 conjungendum
2129 4709 2305 4778 atque
2348 4704 2826 4778 colloquendum,
2859 4721 2986 4777 quas
3015 4704 3089 4762 ad
3118 4703 3374 4762 salutem
3403 4701 3605 4776 populi
3637 4701 3739 4759 Dei

467 4807 851 4878 utrarumque
907 4801 1168 4877 partium
1227 4801 1568 4874 respiciunt,
1601 4807 1659 4860 et
1688 4803 1739 4860 si
1769 4803 2013 4861 forsitan
2061 4803 2134 4860 de
2188 4803 2299 4860 hac
2354 4802 2784 4859 dubitationem
2844 4802 3041 4871 habet,
3075 4818 3172 4859 me
3226 4817 3463 4859 cumea
3491 4799 3741 4857 minime

364 4902 432 4957 15
468 4902 680 4957 debere
709 4900 1011 4973 conjungi.
1044 4899 1359 4972 Postquam
1389 4899 1550 4973 ipsas
1580 4900 1843 4958 civitates
1872 4900 2209 4969 reddiderit,
2241 4900 2292 4958 si
2338 4917 2432 4958 me
2460 4917 2597 4957 cum
2629 4899 2757 4974 ipso
2799 4917 2918 4961 non
2965 4899 3320 4972 conjunxero
3350 4897 3736 4972 loquendum,

470 4998 766 5055 licentiam
799 4998 1011 5053 habeat
1036 5013 1151 5087 eaq
1162 4997 1354 5053 denuo
1384 4999 1730 5072 occupandi.
1762 5000 1910 5055 Nam
1970 4999 2021 5055 si
2079 4998 2245 5071 prius
2274 4999 2435 5072 ipsas
2465 4997 2732 5055 civitates
2791 5014 2906 5055 non
2964 4996 3301 5065 reddiderit,
3330 5001 3392 5053 et
3440 4995 3737 5069 justitiam

469 5093 641 5150 nobis
687 5093 932 5150 minime
988 5094 1205 5162 fecerit,
1237 5095 1384 5151 sciat
1439 5113 1544 5168 pro
1601 5100 1779 5164 certa,
1813 5112 2004 5153 meam
2061 5112 2435 5169 nequaquam
2465 5095 2685 5152 videbit
2714 5094 2943 5151 faciem.
2979 5093 3145 5152 Unde
3197 5109 3332 5150 ecce
3388 5092 3739 5166 sequipedes

466 5196 691 5247 vestros
721 5188 970 5263 dirigere
1009 5192 1255 5249 studebo
1287 5210 1447 5249 meos
1505 5194 1719 5251 missos
1751 5195 1821 5249 ad
1854 5195 2126 5250 eumdem
2185 5197 2444 5250 vestrum
2503 5209 2722 5267 regem,
2752 5191 2855 5265 qui
2900 5192 3137 5249 easdem
3185 5191 3495 5265 recipiant,
3526 5190 3576 5247 si
3600 5190 3737 5271 red-

466 5290 604 5345 dere
632 5286 898 5355 voluerit,
928 5288 1208 5357 civitates,
1241 5294 1299 5347 et
1326 5291 1400 5347 de
1450 5290 1722 5364 przesenti
1753 5308 1872 5364 qua
1922 5291 2069 5348 hora
2097 5291 2211 5347 mei
2242 5290 2408 5348 missi
2440 5291 2687 5363 receptis
2716 5290 2940 5346 eisdem
2971 5288 3308 5346 civitatibus
3366 5289 3442 5346 ad
3500 5304 3594 5344 mc
3625 5288 3737 5344 hoc

356 5386 432 5443 20
468 5386 665 5456 ipsum
695 5385 1028 5445 nuntiantes
1058 5388 1271 5445 reversi
1300 5388 1535 5457 fuerint,
1569 5389 1849 5446 continuo
1900 5389 1973 5446 ad
2021 5389 2150 5461 ejus
2180 5389 2283 5445 ubi
2313 5388 2577 5456 voluerit,
2610 5392 2679 5445 ut
2706 5388 2929 5445 dictum
2960 5391 3071 5457 est,
3101 5387 3430 5460 properabo
3478 5403 3736 5460 praesen-

464 5481 610 5537 tiam
637 5482 709 5537 ad
742 5482 918 5541 simul
949 5502 1084 5543 cum
1117 5502 1185 5543 ea
1215 5485 1598 5558 loquendum.

536 5577 691 5636 δυσ
717 5580 981 5656 Ipsisque
1038 5583 1554 5657 Langobardorum
1610 5584 1811 5640 missis
1869 5583 2320 5658 properantibus
2364 5586 2539 5656 atque
2566 5583 2641 5640 ad
2673 5600 2851 5641 suum
2910 5582 3338 5640 revertentibus
3390 5597 3609 5657 regem,
3642 5581 3736 5637 di-

1503 5713 1753 5761 lOTULE
1793 5714 2178 5762 MARGIKALES
2222 5715 2546 5761 FABROTTI.
2637 5756 2641 5761 .

386 5800 476 5871 (ιι)
507 5795 572 5862 Β,
603 5795 898 5860 inclinare.
977 5803 1096 5873 (b)'
1128 5802 1233 5876 qui
1265 5801 1457 5859 utiles.
1498 5800 1604 5874 '_(c)
1641 5802 2085 5861 obsecratorias.
