3934 6202
182 262 361 335 ,1173
925 263 1295 325 HISTORIA
1338 264 1441 326 DE
1483 264 1693 327 VITIS
1738 265 1926 328 ROM.
1971 267 2202 329 PONT.
2235 301 2315 313 —-
2357 269 2420 331 S.
2467 268 2759 331 ADRIAN
2771 272 2885 333 US.
3454 277 3611 338 1174

337 393 484 454 rexit
513 395 643 468 ejus
672 398 765 453 ter
790 394 1093 454 beatitudo
1123 396 1397 454 continuo
1428 398 1498 455 ad
1533 399 1805 456 eumdem
1837 399 2201 457 Desiderium
2234 418 2427 476 regem
2456 420 2595 460 suos
2628 388 2843 461 missos
2876 405 2946 460 ad
2981 406 3216 462 easdem
3250 408 3613 481 recipienda8

340 493 625 562 civitates,
659 493 882 552 scilicet
913 494 1187 563 Pardum,
1220 494 1559 570 religiosum
1589 514 1945 571 egumcnum
1991 501 2327 571 praefectum
2369 501 2725 558 monasterio
2756 503 2910 559 beati
2943 504 3129 573 Sabae,
3162 509 3219 561 et
3243 507 3620 565 Anastasium

338 593 602 668 primum
634 592 1030 663 defensorem;
1064 595 1517 667 praesentatique
1566 597 1694 667 ejus
1742 596 2067 664 obtutibus,
2102 602 2160 653 et
2189 598 2301 670 ipsi
2348 599 2596 672 pedibus
2627 603 2758 673 ejus
2789 606 3146 669 cci-ruentes,
3182 602 3456 677 lacrymis
3488 623 3622 679 pro-

262 692 304 749 5
340 690 491 750 fusis
518 707 657 755 eum
689 690 1071 763 deprecantes
1100 696 1167 749 ut
1197 691 1523 749 antedictas
1552 693 1819 751 redderet
1848 694 2129 764 civitates,
2155 697 2562 768 promittentes
2594 699 2644 754 ei
2670 716 2772 771 per
2803 698 3186 771 apostolicam
3215 702 3622 761 auctoritatem

342 790 455 848 sub
493 789 881 863 jurejurando
912 789 1052 863 quia
1080 790 1129 847 si
1163 808 1262 849 eas
1311 791 1681 861 reddidisset,
1715 792 1917 849 statim
1965 794 2426 866 prmnominatus
2455 794 2746 852 almiﬁcus
2795 797 3057 869 pontifex
3101 799 3174 854 ad
3224 816 3359 855 eum
3410 818 3621 874 prope-

342 893 502 945 raret
530 887 1044 961 proﬁciscendum,
1074 889 1147 945 ad
1181 888 1632 962 colloquendum
1672 891 1909 962 pariter.
1943 892 2053 949 Sed
2107 909 2209 965 per
2240 893 2466 950 nullam
2516 894 2803 950 rationem
2854 897 2983 967 ejus
3034 896 3285 953 ferreum
3333 904 3539 970 pectus
3568 904 3624 956 et

342 986 730 1045 durissimum
761 990 1018 1045 mentem
1049 986 1277 1044 mollire
1307 988 1382 1060 (α)
1414 992 1757 1060 potuerunt;
1808 988 2075 1063 nihilque
2114 991 2462 1065 recipientes
2512 993 2638 1049 sine
2687 995 2896 1049 effectu
2945 994 3157 1050 reversi
3208 1000 3363 1051 sunt.
3399 998 3620 1054 Tamen

341 1102 465 1143 non
495 1084 819 1149 desistebat
849 1085 1183 1143 antedictos
1210 1085 1472 1158 pontifex
1502 1103 1642 1143 suos
1666 1086 1881 1143 missos
1909 1088 1982 1144 ad
2015 1105 2149 1144 eum
2181 1106 2285 1162 per
2314 1090 2424 1146 hoc
2455 1091 2651 1163 ipsum
2684 1091 3056 1164 dirigendum
3087 1096 3206 1147 tam
3232 1094 3314 1165 (ὁ)
3335 1095 3405 1150 de
3436 1112 3623 1151 sacer-

160 1236 167 1237 ,
227 1183 302 1239 10
339 1182 580 1241 dotibus
610 1198 907 1257 quamque
936 1183 1008 1239 de
1037 1183 1289 1256 singulis
1344 1182 1598 1256 religiosi
1654 1184 1894 1241 habitus
1926 1186 2262 1256 ordinibus;
2311 1189 2411 1243 sed
2469 1187 2613 1243 nihil
2672 1191 2827 1262 apud
2886 1207 3020 1246 eum
3079 1189 3394 1262 impetrare
3421 1192 3618 1249 value-

339 1286 483 1339 runt
514 1297 528 1338 :
564 1282 762 1355 potius
791 1296 1142 1355 permanens
1173 1282 1233 1339 in
1265 1299 1376 1339 sua
1402 1280 1713 1354 iniquitate
1743 1283 1943 1340 multis
1971 1284 2306 1342 civitatibus
2339 1302 2406 1342 ac
2435 1286 2654 1343 ﬁnibus
2697 1288 3095 1344 Romanorum
3128 1288 3337 1344 inferre
3369 1289 3620 1347 faciebat

341 1394 415 1437 ex
443 1378 602 1437 omni
631 1384 795 1454 parte
824 1378 983 1437 mala
1009 1384 1066 1436 et
1096 1395 1343 1453 magnas
1389 1379 1896 1453 comminationes,
1918 1381 2186 1453 dirigens
2217 1382 2405 1439 eidem
2437 1384 2728 1457 praecipuo
2760 1385 3019 1457 pontiﬁci
3060 1403 3121 1441 se
3164 1402 3299 1442 cum
3330 1386 3619 1445 universis

341 1477 865 1551 Longobardorum
895 1477 1245 1535 exercitibus
1296 1482 1744 1551 properaturum
1774 1479 1847 1535 ad
1879 1478 2205 1537 Romanam
2246 1482 2541 1538 civitatem
2580 1483 3119 1556 constringendam.
3156 1484 3260 1539 Pro
3292 1501 3405 1557 quo
3438 1485 3620 1542 nimio

340 1576 485 1633 ﬂetu
513 1576 641 1650 ipse
671 1575 1085 1634 sanctissimus
1117 1577 1376 1649 pontifex
1404 1594 1540 1634 cum
1573 1595 1678 1636 suo
1728 1576 1946 1651 pepulo
2000 1578 2246 1651 positus,
2280 1585 2479 1652 portas
2507 1581 2757 1637 civitatis
2793 1582 3065 1638 Romanae
3115 1582 3309 1638 claudi
3349 1584 3535 1655 jussit
3564 1588 3622 1640 et

226 1674 303 1731 15
339 1672 491 1732 alias
517 1690 588 1731 ex
615 1674 702 1732 eis
732 1674 1003 1733 fabricari
1033 1674 1170 1731 fecit
1198 1677 1290 1744 (c).

396 1773 566 1835 .801
596 1773 669 1828 Et
696 1772 839 1829 dum
869 1772 930 1828 in
960 1789 1177 1845 magna
1204 1773 1483 1845 angustia
1512 1791 1579 1831 ac
1608 1773 1986 1832 tribulatione
2035 1776 2402 1843 consisteret,
2434 1777 2782 1833 necessitate
2825 1778 3188 1851 compulsus,
3225 1778 3435 1834 direxit
3480 1797 3621 1836 suos

339 1869 560 1933 missos
587 1870 817 1937 marino
848 1869 1057 1928 itinere
1082 1887 1218 1927 cum
1249 1871 1586 1944 apostolicis
1617 1872 1829 1929 litteris
1858 1873 1931 1928 ad
1962 1872 2518 1931 excellentissimum
2543 1875 2814 1931 Carolum
2849 1894 2884 1932 a
2914 1877 3029 1933 Deo
3062 1881 3388 1949 protectum
3424 1894 3622 1950 regem

342 1970 702 2026 Francorum
731 1973 790 2025 et
818 1967 1133 2042 patricium
1165 1970 1584 2039 Romanorum,
1608 1971 1930 2043 deprecans
1959 1972 2088 2043 ejus
2118 1971 2520 2029 excellentiam
2554 1977 2619 2029 ut
2646 1974 2801 2029 sicut
2835 1992 2978 2030 suus
3011 1978 3175 2048 pater
3195 1980 3407 2031 sancta:
3442 1993 3617 2031 mem.

340 2066 647 2139 Pippinus,
678 2070 737 2125 et
764 2066 891 2140 ipse
922 2072 1300 2124 succurreret
1350 2071 1524 2141 atque
1576 2067 1915 2125 subveniret
1969 2074 2183 2125 sanctae
2240 2071 2338 2126 Dei
2397 2069 2688 2141 Ecclesiae,
2718 2076 2776 2126 et
2804 2072 3030 2128 afflictae
3090 2074 3486 2129 Romanorum
3516 2091 3621 2129 seu

257 2164 301 2223 5
341 2164 690 2223 exarehatus
718 2164 1144 2222 Ravennatium
1174 2166 1500 2239 provinciae,
1533 2170 1709 2240 atque
1738 2166 2030 2240 plenarias
2069 2167 2221 2223 beati
2256 2168 2405 2224 Petri
2446 2168 2712 2239 justitias
2742 2172 2799 2226 et
2829 2169 3117 2226 abstultas
3146 2172 3224 2240 ((1)
3256 2172 3517 2228 civitates
3548 2172 3619 2227 ab

341 2262 548 2321 eodem
576 2261 878 2320 Desiderio
908 2278 1042 2337 rege
1070 2263 1322 2337 exigeret
1346 2264 1438 2336 (θ).
1461 2266 1533 2321 At
1560 2280 1693 2321 vero
1715 2258 1858 2321 dum
1890 2280 1995 2337 per
2024 2264 2248 2321 nullam
2278 2265 2601 2321 occasionis
2622 2266 2941 2323 versutiam
2964 2268 3252 2339 potuisset
3284 2269 3469 2324 isdem
3503 2285 3623 2324 ma-

343 2360 547 2433 lignus
577 2359 915 2418 Desiderius
942 2362 1296 2434 persuadere
1346 2363 1667 2418 antefatum
1716 2361 2157 2419 sanctissimum
2190 2362 2526 2435 pontiﬁcem
2559 2364 2630 2419 ad
2663 2378 2725 2419 se
2754 2380 2889 2420 cum
2940 2365 3370 2433 deducendum,
3395 2370 3460 2421 ut
3489 2369 3624 2422 ante

344 2457 452 2519 fati
480 2458 667 2516 Caroli
696 2458 893 2532 Magni
922 2457 1076 2516 ﬁlios
1105 2475 1272 2533 reges
1321 2459 1605 2529 unxisset,
1638 2465 1722 2516 et.
1741 2460 1938 2533 ipsum
1970 2459 2292 2516 almiﬁcum
2339 2460 2677 2532 pontiﬁcem
2709 2480 2743 2518 a
2773 2462 3064 2518 charitate
3094 2467 3152 2518 et
3180 2463 3487 2519 dilectione
3516 2480 3624 2519 saa-

346 2555 527 2630 pefati
570 2555 1053 2614 Christianissimi
1083 2557 1272 2614 Caroli
1302 2558 1499 2631 Magni
1520 2558 1674 2631 regis
1702 2573 1974 2631 separare
2004 2557 2305 2614 voluisset.
2339 2560 2504 2613 Tunc
2534 2559 2855 2631 pertinacia
2902 2564 2959 2616 et
3001 2560 3247 2617 audacia
3293 2578 3565 2634 egressus
3593 2580 3628 2617 a

227 2656 305 2713 10
344 2672 455 2712 suo
485 2654 704 2728 palatio
733 2670 870 2711 cum
897 2654 1170 2727 Adalgiso
1228 2656 1463 2729 proprio
1499 2655 1620 2711 ﬁlio
1650 2659 1708 2712 et
1734 2656 1994 2711 exercitu
2053 2656 2592 2729 Longobardorum,
2628 2657 2893 2713 deferens
2952 2676 3153 2713 secum
3211 2662 3268 2714 et
3328 2675 3534 2715 uxores
3567 2662 3626 2715 et

344 2751 499 2810 filios
530 2751 827 2825 saepedicti
867 2753 1165 2825 quondam
1196 2752 1626 2821 Carolomanni,
1660 2768 1885 2810 necnon
1917 2757 1975 2809 et
2002 2754 2413 2823 Autcharium,
2447 2754 2549 2825 qui
2596 2755 2667 2809 ad
2718 2771 2873 2823 eum,
2909 2758 2974 2810 ut
3003 2755 3225 2811 dictum
3275 2760 3382 2823 est,
3417 2757 3621 2829 fugam

344 2849 718 2923 arripuerunt
746 2866 762 2906 :
794 2849 892 2906 hic
919 2867 1053 2906 vero
1082 2850 1327 2907 Romam
1358 2867 1670 2924 properare
1722 2851 2036 2919 nitebatur,
2070 2850 2196 2907 sine
2227 2851 2473 2907 scientia
2519 2852 2796 2907 antedicti
2845 2852 3141 2925 pontiﬁcis
3190 2853 3450 2925 dirigens
3485 2871 3626 2910 suos

345 2947 586 3019 missos,
618 2946 841 3004 scilicet
868 2947 1358 3020 prmnominatum
1386 2949 1678 3004 Andream
1720 2948 2200 3015 referendarium,
2232 2953 2291 3004 et
2322 2948 2466 3005 alios
2497 2950 2647 3005 duos
2694 2966 2763 3005 ex
2813 2950 2938 3005 suis
2987 2950 3305 3022 iudicibus,
3338 2952 3469 3022 ejus
3519 2952 3628 3006 ad-

338 3048 582 3102 ventum
612 3044 1050 3103 denuntiantes.
1082 3045 1305 3113 Quibus
1336 3046 1581 3102 Romam
1612 3046 2126 3118 conjungentibus,
2158 3046 2643 3119 praesentatisque
2673 3047 3006 3119 apostolicis
3032 3048 3357 3116 obtutibus,
3382 3047 3496 3104 tale
3526 3048 3612 3105 eis

226 3146 307 3203 15
343 3143 603 3201 reddidit
641 3159 992 3216 responsum
1025 3161 1039 3199 :
1073 3144 1229 3215 quod
1259 3143 1373 3199 nisi
1405 3147 1471 3199 ut
1493 3145 1620 3216 jam
1650 3143 1736 3199 illi
1768 3143 2057 3216 promisit,
2092 3144 2412 3200 reddiderit
2440 3146 2606 3201 beato
2639 3144 2802 3201 Petro
2845 3145 3107 3201 civitates
3165 3145 3297 3201 illas
3329 3163 3478 3218 quas
3509 3147 3620 3202 sub

342 3257 478 3298 meo
504 3244 767 3314 tempore
795 3240 1061 3309 abstulit,
1094 3245 1152 3296 et
1178 3239 1502 3313 plenariam
1534 3241 1685 3313 parti
1718 3244 1928 3297 nostra;
1966 3241 2168 3297 fecerit
2206 3242 2527 3314 justitiam,
2561 3241 2721 3297 nullo
2754 3244 2925 3299 modo
2974 3244 3053 3298 sit
3101 3242 3184 3298 illi
3217 3260 3452 3298 necesse
3483 3243 3615 3299 fati-

336 3337 636 3413 gationem
667 3337 960 3406 sumendi,
992 3337 1135 3410 quia
1163 3338 1407 3395 minime
1438 3338 1563 3394 ﬁeri
1595 3342 1789 3411 potest
1818 3355 1911 3394 me
1941 3339 2107 3411 prius
2135 3356 2270 3395 cum
2301 3338 2403 3394 illo
2436 3340 2795 3413 praesentari.

417 3436 571 3493 ωε
604 3435 943 3509 Suscipiens
969 3452 1103 3492 vero
1143 3435 1331 3493 isdem
1380 3435 1716 3493 Desiderius
1759 3436 1868 3492 hoc
1916 3453 2288 3509 responsum,
2323 3452 2695 3510 nequaquam
2743 3437 2950 3494 exinde
2981 3437 3295 3510 repedavit,
3328 3437 3428 3493 sed
3460 3454 3613 3510 cmp-

340 3538 475 3591 tum
505 3533 753 3590 Romam
777 3533 1051 3606 carpebat
1079 3533 1208 3590 iter.
1233 3533 1417 3606 Cujus
1430 3535 1559 3606 jam
1592 3534 1909 3591 adventum
1942 3528 2514 3607 apprOpinquantem
2547 3538 2620 3607 (Γ)
2653 3552 3010 3608 cognoscens
3052 3535 3462 3592 sanctissimus
3493 3534 3622 3608 ipse

344 3629 680 3705 praecipuus
720 3634 945 3704 pastor,
974 3646 1300 3705 aggregans
1349 3631 1689 3688 universum
1741 3631 2024 3705 populum
2055 3632 2301 3703 Tusciae,
2335 3633 2665 3705 Campaniae
2714 3638 2773 3689 et
2821 3635 3071 3691 ducatus
3118 3630 3403 3701 Perusini,
3438 3636 3495 3690 et
3520 3631 3624 3689 ali-

346 3732 601 3802 quantos
633 3729 704 3785 de
733 3727 1067 3785 civitatibus
1106 3728 1508 3801 Pentapoleos,
1535 3728 1785 3785 munivit
1841 3729 1992 3785 hanc
2049 3729 2341 3785 civitatem
2401 3730 2749 3798 Romanam,
2781 3749 3105 3805 omnesque
3161 3731 3375 3788 armati
3434 3731 3626 3804 parati

262 3828 304 3885 5
341 3829 515 3883 erant
545 3843 558 3880 :
591 3830 659 3883 ut
684 3825 737 3882 si
770 3825 894 3898 ipse
922 3842 1024 3882 rex
1051 3823 1369 3894 adveniret,
1393 3826 1446 3881 ei
1479 3825 1702 3881 fortiter
1732 3841 1865 3881 cum
1915 3826 2017 3881 Dei
2049 3826 2262 3882 auxilio
2294 3831 2352 3882 et
2381 3828 2535 3883 beati
2571 3827 2741 3893 Petri,
2766 3828 2899 3883 fulti
2948 3829 3315 3885 orationibus
3363 3828 3627 3900 praedicti

343 3923 706 3981 sanctissimi
738 3922 1025 3997 praisulis,
1054 3922 1139 3979 illi
1169 3923 1525 3979 resisterent.
1549 3922 1695 3979 Nam
1725 3922 2001 3978 ecclesias
2028 3924 2181 3979 beati
2215 3924 2364 3979 Petri
2398 3929 2455 3979 et
2485 3924 2647 3979 Pauli
2678 3941 2958 3981 exornare
2977 3930 3055 3995 (g)
3086 3927 3224 3981 fecit
3252 3927 3380 3997 ejus
3409 3925 3625 3980 sancti-

337 4025 456 4088 tas,
478 4025 537 4078 et
564 4025 779 4077 cuncta
804 4037 1008 4077 eorum
1029 4020 1251 4077 cimilia
1272 4024 1329 4076 et
1358 4023 1603 4076 ornatus
1623 4019 1685 4074 in
1716 4020 1867 4075 hanc
1892 4019 2186 4076 civitatem
2217 4021 2542 4076 Romanam
2573 4020 2918 4093 introduxit,
2943 4023 3136 4085 claudi
3168 4022 3386 4078 faciens
3417 4037 3623 4078 omnes

334 4120 560 4192 januas
586 4117 844 4176 ecclesiae
873 4118 1026 4175 beati
1059 4118 1233 4187 Petri,
1265 4122 1323 4174 et
1351 4118 1588 4174 deintus
1619 4117 1785 4173 ferris
1817 4117 2068 4190 supponi
2101 4135 2168 4173 ac
2207 4117 2425 4173 muniri
2447 4118 2668 4189 jussit:
2700 4122 2766 4172 ut
2796 4120 2845 4174 si
2878 4120 3003 4191 ipse
3032 4124 3336 4189 protervus
3367 4135 3464 4173 rex
3494 4119 3621 4176 sine

338 4216 579 4273 licentia
604 4219 663 4273 et
690 4215 980 4290 permisso
1009 4215 1301 4287 pontiﬁcis
1333 4215 1686 4284 advenisset,
1723 4213 1969 4273 minime
1998 4216 2222 4271 aditum
2254 4215 2313 4270 in
2354 4218 2621 4272 eamdem
2654 4215 2962 4272 ecclesiam
2993 4216 3325 4273 introeundi
3359 4216 3617 4285 haberet,

225 4316 300 4371 10
340 4312 461 4371 nisi
490 4312 728 4370 brachio
756 4313 893 4370 forti
933 4313 1005 4370 ad
1054 4330 1171 4370 suaa
1221 4312 1429 4369 animas
1477 4311 1780 4368 interitum
1810 4312 1971 4385 ipsas
2002 4313 2395 4385 confringeret
2416 4314 2655 4385 januas.
2692 4317 2958 4385 Dumque
3008 4313 3129 4369 haec
3178 4313 3376 4370 omnia
3422 4313 3619 4387 dispo-

339 4411 563 4468 suisset
588 4413 854 4485 exemplo
886 4411 1056 4468 facto
1087 4412 1147 4467 in
1178 4411 1412 4484 scriptis
1444 4411 1840 4468 anathematis
1868 4412 2042 4467 verbo
2101 4411 2311 4468 direxit
2340 4412 2529 4469 eidem
2578 4412 2879 4469 Desiderio
2937 4412 3058 4485 regi
3115 4417 3234 4470 tres
3291 4412 3619 4486 episcopos,

341 4508 403 4565 id
435 4512 544 4577 est,
575 4508 938 4566 Enstratium
974 4508 1389 4581 Albanensem,
1418 4509 1714 4565 Andream
1776 4513 2200 4566 Pranestinum
2257 4514 2316 4566 et
2372 4510 2768 4567 Theodosium
2801 4509 3118 4567 Tiburtinae
3179 4510 3450 4581 civitatis,
3482 4528 3619 4583 pro-

341 4610 567 4663 testans
597 4624 732 4663 eum
786 4607 846 4662 in
904 4607 1108 4663 eodem
1167 4605 1543 4680 obligationis
1601 4606 2136 4680 exhortationisque
2162 4609 2359 4680 verbo,
2394 4613 2452 4664 et
2483 4610 2765 4682 adjurans
2823 4624 2925 4683 per
2980 4610 3177 4664 omnia
3238 4607 3436 4664 divina
3492 4626 3618 4682 my-

343 4702 542 4770 steria,
574 4707 640 4759 ut
680 4702 843 4760 nullo
902 4704 1076 4760 modo
1106 4704 1166 4759 in
1223 4704 1442 4762 ﬁnibus
1475 4706 1554 4777 (ἡ)
1591 4706 1991 4761 Romanorum
2049 4706 2177 4761 sine
2233 4707 2361 4778 ejus
2419 4706 2788 4763 absolutione
2842 4706 3069 4779 ingredi
3129 4712 3232 4762 aut
3288 4705 3619 4761 conculcari

230 4801 306 4858 15
343 4799 819 4874 pmsumpsisset
848 4802 937 4873 (ἢ,
968 4817 1160 4874 neque
1192 4801 1338 4874 ipse,
1370 4818 1561 4875 neque
1590 4800 1886 4874 quispiam
1922 4802 2463 4875 Longobardorum,
2499 4805 2601 4859 sed
2635 4821 2741 4860 nec
2770 4804 3128 4860 Autcharius
3162 4805 3438 4860 Francus.
3472 4804 3616 4860 Sus-

343 4901 629 4970 ceptoque
656 4898 861 4955 eodem
915 4897 1294 4972 obligationis
1320 4900 1496 4955 verbo
1538 4916 1642 4971 per
1678 4899 1966 4955 antefatos
1998 4900 2323 4973 episcopos,
2358 4901 2484 4972 ipse
2539 4902 3055 4974 Longobardorum
3114 4919 3212 4958 rex
3265 4900 3421 4957 illico
3480 4918 3615 4957 cum

343 5012 561 5069 magna
590 4996 910 5053 reverentia
955 5014 990 5053 a
1038 4996 1269 5053 civitate
1296 4996 1662 5053 Viterbiense
1710 4998 1990 5053 confusus
2021 4999 2093 5053 ad
2128 4998 2364 5070 propria
2393 5014 2662 5055 reversus
2693 5004 2801 5055 est.
2841 5000 2972 5054 Post
3018 5000 3138 5054 haec
3187 4999 3618 5070 conjunxerunt

343 5094 419 5152 ad
449 5094 653 5158 sedem
682 5093 1063 5167 apostolicam
1095 5094 1264 5150 missi
1308 5094 1522 5167 saepius
1553 5095 1691 5151 dicti
1725 5095 1911 5151 Caroli
1943 5095 2415 5151 excellentissimi
2449 5096 2601 5169 regis
2635 5098 2988 5153 Francorum
3036 5102 3093 5153 et
3141 5096 3369 5170 patricii
3402 5097 3614 5154 Roma-

342 5208 587 5260 norum;
618 5191 675 5248 id
709 5196 817 5262 est,
846 5191 1129 5265 Georgius
1187 5191 1601 5248 sanctissimus
1657 5192 1985 5264 episcopus,
2012 5192 2330 5249 Gulfardus
2359 5192 2669 5266 religiosus
2730 5196 2911 5250 abbas
2968 5201 3025 5250 et
3081 5194 3473 5264 consiliarius,
3509 5212 3614 5252 seu

169 5320 175 5343 ;
225 5291 305 5346 20
341 5287 588 5346 Albinus
616 5288 933 5346 deliciosus
963 5289 1152 5362 ipsius
1184 5289 1359 5362 regis,
1386 5287 1752 5359 inquirentes
1783 5289 1832 5345 si
1862 5291 2140 5361 prmfatus
2169 5290 2684 5363 Longobardorum
2715 5310 2813 5349 rex
2839 5293 3129 5349 abstultas
3160 5295 3232 5364 (j)
3263 5291 3525 5350 civitates
3554 5297 3615 5350 et

341 5402 550 5444 omnes
571 5386 843 5459 justiﬁes
871 5386 1025 5443 beati
1055 5386 1206 5443 Petri
1247 5384 1614 5456 reddidisset,
1648 5387 1800 5443 sicut
1830 5386 1976 5443 false
2023 5389 2082 5443 in
2133 5387 2438 5444 Franciam
2487 5389 2795 5463 dirigebat,
2826 5408 3095 5447 asserens
3146 5408 3206 5447 se
3255 5391 3453 5447 omnia
3482 5392 3611 5448 red-

342 5483 586 5540 didisse.

534 5501 586 5540 Θ.

470 5501 532 5541 ss
1384 5570 1634 5617 NOTULE
1677 5570 2064 5619 MARGINALES
2107 5574 2422 5620 FABROTTI.

270 5652 356 5726 (ιι)
387 5653 637 5735 flectere.
662 5650 818 5735 ’μέν
850 5667 954 5735 pro
985 5650 1095 5707 hoc
1123 5650 1251 5735 ipso
1296 5652 1365 5707 ad
1419 5669 1581 5735 eum,
1603 5652 1852 5735 dirigere
1878 5657 2038 5735 tam._
2060 5727 2073 5735 _
2103 5660 2169 5724 (ε)
2200 5659 2612 5735 τηηνο-δειίίσθι
2654 5659 2919 5735 σιαιιιίίτη
2944 5658 3023 5735 (εἰ)
3053 5658 3322 5735 ablat_a_s._
3376 5662 3449 5731 (ε)
3484 5658 3618 5717 Vide

194 5722 938 5869 gignudénzbff)
965 5722 1485 5795 appropinquasse.
1564 5723 1640 5795 (g)
1670 5722 1967 5791 exornare,
2016 5727 2073 5781 id
2114 5722 2222 5793 est,
2274 5729 2496 5786 nudare
2545 5734 2771 5786 ornatu.
2849 5722 3124 5802 (h.)‘ﬁ'nes.
3203 5732 3268 5803 (ἰ)
3300 5722 3616 5806 Β,’ρί·ω8ιι-
