3934 6202
324 227 479 288 1175
1465 223 1881 287 ANASTASII
1924 222 2573 288 BIBLIOTHECARII.
3585 224 3748 288 H76

529 359 684 417 809
713 358 784 415 Et
813 356 1096 415 satisfacti
1125 361 1267 415 sunt
1294 355 1758 431 praesentialiter,
1793 354 1940 412 nihil
1968 355 2042 414 ab
2092 372 2160 414 eo
2205 355 2500 413 redditum
2547 357 2751 415 fuisse.
2784 355 3013 425 Quibus
3060 357 3320 415 referens
3368 356 3561 417 isdem
3591 376 3749 434 pre-

456 456 665 530 cipuus
695 456 955 530 pontifex
982 461 1194 513 cuncta
1221 473 1351 528 qua
1380 459 1546 529 gesta
1587 461 1782 523 erant;
1813 471 1913 512 eos
1960 453 2023 511 in
2081 454 2390 511 Franciam
2447 454 2699 512 absolvit
2756 454 3129 524 remeandas',
3159 454 3423 530 dirigens
3478 472 3621 513 cum
3653 458 3743 516 eis

457 571 596 611 suos
627 554 842 611 missos
871 554 941 610 ad
975 554 1278 626 praefatum
1303 552 1862 611 excellentissimum
1894 554 2251 610 Francorum
2283 569 2479 626 regem
2509 570 2646 610 cum
2677 553 3018 627 apostolicis
3043 554 3519 611 admonitionem
3551 555 3743 630 sylla-

462 651 573 720 bis,
605 653 885 726 adjurans
915 669 1051 708 eum
1081 652 1308 708 fortiter
1341 656 1404 707 ut
1432 667 1501 707 ea
1530 667 1657 724 quae
1690 651 1861 708 beato
1909 652 2075 708 Petro
2114 668 2249 707 cum
2281 668 2388 709 suo
2418 650 2680 725 genitore
2711 655 2928 708 sanctis
2955 651 3257 708 memoriae
3306 652 3554 726 Pippin
3602 670 3755 727 rege

394 751 430 805 5
475 750 773 823 pollicitus
811 755 922 818 est,
952 750 1315 822 adimpleret,
1347 754 1407 805 et
1453 749 1914 822 redemptionem
1944 754 2158 806 sanctis
2208 749 2310 806 Dei
2356 749 2624 806 Ecclesia:
2669 750 2992 823 perﬁceret,
3022 765 3127 806 seu
3174 748 3450 807 universa
3477 768 3608 824 qua:
3644 751 3756 808 ab-

471 847 653 904 stulta
680 848 756 921 (a)
782 851 922 905 sunt
952 864 986 903 a
1015 848 1237 921 perﬁdo
1293 847 1808 920 Langobardorum
1856 861 2010 920 rege,
2044 851 2167 904 tam
2198 847 2463 904 civitates
2505 864 2684 921 quam
2738 847 2998 921 reliquas
3044 846 3332 920 justitias,
3365 848 3492 905 sine
3549 853 3754 906 certa-

475 945 633 1002 mine
664 948 742 1016 (b)
772 946 1013 1003 reddere
1036 946 1206 1001 beato
1232 945 1405 1001 Petro
1436 945 1684 1018 principi
1716 945 2115 1018 apostolorum
2144 946 2380 1003 fecisset
2409 948 2500 1018 (ε).
2536 946 2652 1019 Ipsi
2698 945 2897 1019 itaque
2928 946 3287 1003 Francorum
3334 946 3503 1004 missi
3534 964 3755 1022 propc-

476 1048 675 1101 rantes
705 1060 841 1100 cum
873 1042 1203 1117 apostolicae
1234 1042 1393 1100 sedis
1416 1043 1618 1099 missis
1647 1042 2087 1100 declinaverunt
2127 1043 2201 1099 ad
2242 1043 2731 1116 prmnominatum
2761 1043 3149 1101 Desiderium.
3182 1044 3290 1111 Qui
3320 1049 3379 1101 et
3406 1050 3759 1102 constanter

476 1158 612 1198 eum
643 1143 1022 1215 deprecantes
1052 1141 1338 1198 adhortati
1372 1146 1533 1207 sunt,
1561 1139 1715 1196 sicut
1743 1139 1863 1197 illis
1893 1158 1928 1197 a
1954 1158 2063 1198 suo
2093 1156 2225 1214 rege
2267 1146 2621 1214 praeceptum
2654 1140 2898 1210 exstitit,
2932 1146 2997 1197 ut
3025 1142 3336 1209 antefatas,
3367 1158 3518 1216 quas
3540 1144 3757 1200 abstu-

371 1241 441 1295 10
476 1239 641 1305 lerat,
673 1239 938 1296 civitates
968 1240 1209 1313 paciﬁce
1238 1240 1407 1295 beato
1437 1238 1606 1295 Petro
1632 1238 1920 1305 redderet,
1954 1242 2015 1295 et
2033 1238 2304 1310 justitias
2346 1239 2497 1312 parti
2528 1239 2927 1296 Romanorum
2957 1238 3192 1297 fecisset
3216 1240 3326 1314 (ά).
3359 1241 3471 1297 Sed
3500 1241 3761 1299 minime

477 1337 800 1412 quidquam
830 1337 1043 1394 horum
1076 1338 1231 1411 apud
1261 1354 1395 1394 eum
1424 1336 1689 1394 obtinere
1714 1336 2045 1406 valuerunt,
2070 1353 2341 1394 asserens
2370 1354 2433 1395 se
2465 1337 2708 1395 minime
2735 1337 3060 1411 quidquam
3090 1337 3477 1396 redditurum.
3500 1341 3758 1413 Accepto

478 1436 676 1509 itaque
705 1453 983 1509 responso
1013 1435 1144 1505 hoc,
1178 1435 1391 1493 reversi
1421 1440 1563 1492 sunt
1588 1434 1703 1508 ipsi
1733 1434 1975 1492 antefati
2006 1434 2176 1492 missi
2208 1436 2566 1492 Francorum
2596 1434 2658 1492 in
2687 1435 2987 1510 regionem
3013 1453 3205 1493 suam.

547 1535 704 1592 810
734 1535 1115 1608 Properantes
1143 1533 1322 1590 simul
1351 1538 1411 1591 et
1439 1532 1771 1606 apostolica:
1800 1532 1958 1590 sedis
2002 1533 2192 1602 missi,
2216 1533 2320 1606 qui
2350 1533 2631 1591 subtilius
2658 1538 2874 1590 cuncta
2901 1533 3217 1592 referentes
3261 1538 3322 1591 et
3367 1533 3443 1592 de
3484 1533 3759 1608 maligno

478 1631 777 1705 proposito
829 1631 1235 1705 praenominati
1283 1630 1563 1688 Desiderii
1623 1630 2049 1688 annuntiantes
2106 1630 2361 1687 antefato
2417 1629 2905 1688 excellentissimo
2933 1635 2993 1688 et
3019 1648 3056 1687 a
3086 1636 3199 1688 Dea
3254 1635 3514 1705 protecta
3543 1630 3758 1689 Carolo

482 1729 693 1803 Magno
725 1729 866 1802 regi,
896 1728 1207 1786 confestim
1236 1728 1424 1786 isdem
1468 1727 1823 1785 mitissimus
1868 1732 1928 1784 et
1975 1745 2037 1785 re
2064 1744 2201 1784 vera
2229 1727 2769 1786 Christianissimus
2809 1728 3051 1786 Carolus
3100 1730 3458 1786 Francorum
3506 1746 3609 1786 rex
3659 1729 3760 1785 di-

483 1826 628 1884 rexit
654 1827 845 1883 eidem
876 1826 1175 1883 Desideria
1205 1843 1313 1883 suo
1356 1826 1594 1893 missos,
1627 1825 1685 1881 id
1731 1830 1823 1882 est
1867 1826 2187 1898 deprecans
2217 1830 2284 1882 ut
2309 1826 2568 1895 easdem,
2600 1843 2750 1900 quas
2804 1826 3153 1896 abstulerat,
3183 1826 3426 1901 paciﬁca
3483 1826 3761 1884 redderet

484 1924 768 1995 civitates,
791 1929 849 1981 et
876 1923 1171 1997 plenarias
1200 1923 1353 1998 parti
1374 1925 1770 1980 Romanorum
1800 1923 2016 1980 faceret
2039 1923 2308 1996 justitias
2326 1939 2341 1979 :
2362 1924 2713 1998 promittens
2740 1923 2985 1997 insuper
3009 1923 3063 1981 ei
3091 1922 3273 1981 tribui
3300 1924 3758 1997 quatuardecim

485 2022 673 2079 millia
701 2022 828 2080 auri
858 2022 1202 2091 solidorum,
1225 2022 1615 2095 quantitatem
1644 2020 1704 2077 in
1736 2038 1879 2078 auro
1906 2025 1967 2079 et
1995 2026 2257 2095 argento.
2279 2022 2392 2079 Sed
2426 2037 2615 2095 neque
2643 2021 3152 2095 deprecationibus
3182 2038 3374 2096 neque
3402 2023 3760 2081 muneribus

483 2121 614 2193 ejus
643 2120 1074 2198 ferocissimum
1104 2137 1205 2176 cor
1234 2121 1464 2177 ﬂectere
1488 2118 1693 2175 valuit.
1718 2119 1875 2176 Nihil
1895 2119 2054 2176 enim
2074 2119 2407 2176 obtinentes
2428 2118 2541 2193 ipsi
2565 2118 2735 2177 missi
2760 2120 3118 2177 Francorum
3138 2120 3211 2176 ad
3243 2120 3555 2193 praefatum
3576 2138 3759 2179 suum

482 2216 1053 2275 Christianissimum
1084 2216 1332 2290 regressi
1370 2220 1511 2274 sunt
1562 2231 1780 2290 regem.
1814 2218 1981 2273 Tunc
2033 2233 2358 2291 aggregans
2389 2216 2516 2290 ipse
2542 2233 2578 2274 a
2604 2217 2722 2275 Deo
2755 2222 3052 2291 protectus
3078 2218 3319 2276 Carolus
3375 2218 3631 2292 Magnus
3663 2236 3762 2278 rex

484 2314 819 2372 universam
849 2314 1011 2389 regni
1041 2314 1134 2373 sui
1165 2315 1519 2371 Francorum
1560 2314 1919 2371 exercituum
1938 2317 2015 2384 (θ)
2034 2314 2495 2381 multitudinem,
2518 2320 2693 2389 atque
2723 2316 2795 2372 ad
2825 2317 3199 2390 occupandas
3227 2316 3426 2373 clusas
3455 2332 3527 2374 ex
3552 2319 3761 2376 eodem

380 2412 449 2466 tO
485 2426 593 2467 suo
622 2411 875 2468 exercitu
904 2410 1185 2484 dirigens,
1218 2411 1344 2485 ipse
1374 2428 1607 2484 quoque
1637 2428 1771 2468 cum
1803 2410 2073 2484 pluribus
2102 2410 2441 2470 fortissimis
2471 2411 2855 2469 bellatoribus
2887 2412 3127 2470 Francis
3164 2430 3270 2487 per
3298 2418 3566 2472 montem
3596 2413 3759 2471 Cini-

487 2507 645 2565 sium
675 2511 745 2565 ad
780 2510 1017 2566 easdem
1049 2508 1540 2583 appropinquavit
1579 2508 1794 2578 clusas,
1828 2514 1887 2566 et
1914 2514 2177 2567 remotus
2207 2510 2267 2565 in
2298 2510 2517 2566 ﬁnibus
2548 2512 2905 2568 Francorum
2932 2527 3069 2568 cum
3116 2511 3243 2569 suis
3288 2511 3646 2570 exercitibus
3676 2529 3759 2569 re-

489 2604 661 2661 sedit.
692 2605 826 2661 Jam
857 2605 1052 2662 dictus
1081 2621 1216 2661 vero
1244 2604 1604 2672 Desiderius,
1626 2610 1686 2662 et
1714 2606 1988 2662 universa
2016 2607 2529 2680 Langobardorum
2559 2608 2919 2665 exercituum
2941 2607 3015 2682 (f)
3034 2608 3352 2666 multitudo
3381 2609 3456 2666 ad
3489 2608 3741 2666 resisten

492 2703 634 2759 dum
667 2702 893 2760 fortiter
922 2703 981 2759 in
1010 2702 1158 2776 ipsis
1189 2702 1371 2760 clusis
1400 2702 1776 2773 assistebant,
1792 2720 1940 2777 quas
1987 2704 2224 2761 fabricis
2254 2709 2313 2761 et
2339 2705 2588 2763 diversis
2615 2706 2887 2763 maceriis
2916 2705 3144 2764 curiose
3186 2707 3419 2765 munire
3449 2707 3568 2764 nisi
3595 2710 3754 2764 sunt.

489 2802 564 2856 At
593 2817 724 2857 vero
754 2818 872 2874 qua
900 2800 1043 2861 hora
1072 2801 1530 2874 praenominatus
1558 2800 2099 2861 Christianissimus
2129 2804 2483 2860 Francorum
2517 2819 2617 2859 rex
2644 2804 2715 2860 ad
2745 2804 2983 2860 easdem
3013 2803 3508 2878 appropinquavit
3536 2805 3757 2872 clusas,

387 2898 455 2954 15
491 2896 646 2954 illico
677 2898 869 2954 denuo
899 2915 1040 2956 suos
1069 2898 1284 2957 missos
1314 2900 1386 2956 ad
1419 2900 1724 2973 praefatum
1755 2899 1966 2957 direxit
2011 2900 2400 2970 Desiderium,
2432 2902 2776 2975 deprecans,
2807 2900 2962 2959 sicut
2996 2902 3248 2976 pridem,
3270 2906 3337 2959 ut
3365 2902 3757 2976 quantitatem

489 2996 897 3070 praedictorum
927 2996 1252 3054 solidorum
1284 2997 1608 3071 susciperet
1651 3013 1772 3064 rex,
1802 3001 1861 3053 et
1885 2997 2120 3054 easdem
2168 2996 2409 3070 paciﬁca
2457 2997 2725 3054 redderet
2774 2996 3059 3055 civitates.
3090 2998 3203 3055 Sed
3251 3014 3632 3072 nequaquam
3662 3015 3760 3072 pe-

485 3093 649 3150 nitus
678 3095 1046 3167 acquiescere
1076 3095 1304 3165 maluit,
1326 3100 1384 3153 et
1411 3096 1553 3153 dum
1585 3095 1646 3152 in
1675 3100 1841 3153 tanta
1869 3094 2090 3152 duritia
2118 3100 2420 3169 protervus
2449 3094 2576 3168 ipse
2601 3099 2970 3167 permaneret
2998 3112 3097 3153 rex
3125 3095 3490 3164 Desiderius,
3511 3096 3759 3170 cupiens

485 3190 815 3248 antedictus
845 3192 1388 3250 Christianissimus
1422 3195 1777 3250 Francorum
1809 3210 1909 3249 rex
1939 3192 2178 3266 paciﬁca
2214 3192 2483 3264 justitias
2527 3191 2684 3249 beati
2733 3191 2884 3249 Petri
2932 3192 3188 3265 recipere
3206 3192 3306 3266 (g),
3330 3192 3546 3249 direxit
3573 3192 3760 3250 eidem

486 3289 1005 3362 Langobardorum
1037 3288 1179 3363 regi,
1204 3294 1270 3345 ut
1301 3289 1670 3347 solummodo
1700 3296 1819 3346 tres
1845 3290 2082 3347 obsides
2121 3290 2642 3363 Langobardorum
2681 3289 2957 3361 judicum
2988 3289 3142 3347 ﬁlios
3170 3289 3256 3346 illi
3286 3290 3635 3348 tradidisset
3662 3307 3762 3364 pro

378 3385 450 3441 20
488 3383 608 3442 illis
638 3385 1016 3443 restituendis
1045 3385 1400 3455 civitatibus,
1427 3391 1485 3444 et
1513 3387 1794 3444 continua
1815 3386 1943 3443 sine
1964 3384 2087 3443 ulla
2107 3385 2320 3444 inferte
2348 3386 2573 3444 malitia
2594 3387 2693 3460 (It),
2717 3390 2821 3444 aut
2845 3387 3163 3445 commissa
3193 3386 3393 3460 praelia
3421 3388 3499 3444 ad
3530 3387 3765 3462 propria

488 3497 624 3536 cum
657 3481 782 3537 suis
814 3483 1170 3538 Francorum
1192 3483 1543 3540 exercitibus
1577 3487 1979 3540 reverteretur.
2004 3483 2113 3540 Sed
2148 3500 2336 3557 neque
2366 3484 2452 3542 sic
2495 3482 2679 3541 valuit
2706 3485 2836 3558 ejus
2863 3483 3184 3560 malignam
3214 3487 3475 3542 mentem
3506 3485 3759 3542 flectere.

496 3578 661 3635 Unde
690 3580 1062 3653 omnipotens
1089 3580 1264 3653 Deus,
1288 3580 1654 3655 conspiciens
1684 3579 1871 3654 ipsius
1901 3580 2144 3654 maligni
2173 3580 2450 3639 Desiderii
2480 3581 2749 3655 iniquam
2780 3582 3085 3656 perﬁdiam
3114 3587 3292 3657 atque
3327 3582 3759 3642 intolerabilem

496 3675 846 3748 proterviam
876 3677 1019 3734 dum
1050 3676 1263 3735 vellent
1292 3676 1499 3735 Franci
1528 3677 1642 3735 alio
1665 3678 1760 3736 die
1785 3678 1860 3734 ad
1890 3678 2125 3752 prapria
2154 3678 2383 3748 reverti,
2405 3678 2570 3736 misit
2602 3683 2886 3737 terrorem
2924 3683 2984 3737 et
3021 3678 3277 3738 validam
3305 3679 3759 3753 trepidationem

499 3772 559 3828 in
590 3789 691 3829 cor
732 3774 861 3846 ejus
906 3774 995 3831 vel
1055 3775 1159 3832 ﬁlii
1214 3776 1425 3850 ipsius,
1456 3776 1716 3851 Adalgisi
1774 3775 2019 3844 scilicet,
2048 3780 2107 3833 et
2160 3775 2566 3834 universorum
2625 3777 3162 3849 Langobardorum,
3194 3781 3252 3834 et
3304 3778 3513 3835 eadem
3572 3782 3760 3845 nocte,

391 3871 464 3926 25
500 3868 765 3927 dimissis
793 3873 1048 3947 propriis
1070 3876 1337 3932 tentoriis
1365 3880 1543 3949 atque
1571 3874 1732 3933 omni
1757 3873 2138 3949 supellectile,
2159 3875 2360 3949 fugam
2390 3891 2596 3933 omnes
2623 3875 2973 3950 generaliter
3000 3874 3233 3933 nemine
3252 3891 3352 3932 eos
3378 3879 3766 3950 persequente

499 3969 893 4043 arripuerunt.
927 3974 1087 4041 Quod
1120 3979 1426 4031 cernentes
1452 3972 1739 4030 exercitus
1772 3974 2125 4030 Francorum
2170 3973 2460 4046 persecuti
2508 3979 2648 4030 sunt
2674 3990 2775 4031 eos
2803 3977 2863 4031 et
2889 3972 3090 4047 plures
3115 3989 3186 4030 ex
3211 3971 3298 4031 eis
3323 3972 3763 4031 interfecerunt.

501 4068 630 4141 Ipse
651 4086 785 4127 vero
806 4070 1140 4128 Desiderius
1161 4074 1510 4145 quantocius
1532 4087 1666 4128 cum
1689 4070 1816 4129 suis
1833 4071 2137 4143 judicibus
2155 4070 2424 4129 velociori
2445 4088 2623 4130 cursu
2645 4072 2897 4147 fugiens,
2919 4077 3097 4145 atque
3114 4070 3355 4144 Papiam
3376 4070 3763 4145 canjuugens.

500 4165 718 4222 ibidem
742 4184 806 4224 se
829 4185 962 4225 cum
985 4169 1111 4226 suis
1126 4170 1433 4242 judicibus
1461 4174 1518 4226 et
1546 4168 1926 4225 multitudine
1972 4167 2173 4240 populi
2205 4168 2572 4242 Langobardi
2621 4168 2842 4225 recludi
2886 4168 3134 4225 studuit.
3157 4169 3230 4224 Et
3259 4166 3539 4225 muniens
3568 4182 3766 4223 muros

498 4261 687 4335 ipsius
716 4263 965 4322 civitatis
995 4268 1068 4323 ad
1099 4266 1490 4324 resistendum
1515 4267 1872 4323 Francorum
1900 4264 2274 4334 exercitibus,
2301 4269 2361 4320 et
2379 4264 2676 4338 propriam
2707 4265 3135 4321 defendendam
3155 4264 3453 4321 civitatem
3485 4279 3625 4320 cum
3644 4262 3767 4320 suis

392 4361 464 4416 3O
504 4360 902 4433 Longohardis
930 4379 994 4420 se
1024 4363 1387 4438 praeparavit.
1408 4362 1721 4437 Adalgisus
1741 4363 1808 4434 (ἰ)
1827 4378 1961 4419 vero
1987 4362 2119 4435 ejus
2166 4360 2347 4432 ﬁlius,
2382 4377 2696 4419 assumens
2743 4378 2944 4419 secum
2972 4360 3359 4418 Autoharium
3393 4361 3687 4418 Franeum
3713 4364 3769 4416 et

501 4472 740 4513 uxorem
771 4464 945 4532 atque
973 4460 1127 4519 ﬁlios
1156 4461 1450 4535 saepedicti
1483 4459 1913 4526 Carolomanni,
1946 4459 2007 4516 in
2037 4459 2268 4517 civitate
2298 4476 2426 4533 qua
2454 4458 2684 4517 Verona
2717 4463 3111 4532 nuncupatur,
3145 4475 3251 4532 pro
3280 4473 3349 4515 eo
3382 4458 3541 4531 quod
3572 4456 3769 4515 fortis»

503 4552 658 4611 sima
686 4572 802 4628 pre
834 4559 1110 4616 omnibus
1139 4560 1472 4617 civitatibus
1502 4558 2018 4633 Langobardorum
2050 4573 2180 4614 esse
2205 4557 2519 4624 videretur,
2549 4557 2854 4631 ingressus
2884 4560 2995 4614 est.

575 4653 720 4709 811
787 4659 965 4713 Porro
1023 4657 1391 4730 Langobardi
1440 4656 1649 4729 reliqui
1696 4655 1947 4730 dispersi
2006 4655 2065 4712 in
2123 4655 2391 4729 proprias
2447 4654 2661 4712 reversi
2690 4658 2832 4711 sunt
2856 4652 3122 4711 civitates
3152 4671 3168 4710 :
3199 4668 3339 4710 nam
3400 4651 3687 4726 Spoletini
3716 4661 3773 4715 et

505 4750 733 4807 Reatini
763 4752 1050 4826 aliquanti
1081 4769 1283 4810 eorum
1311 4753 1483 4810 utiles
1513 4771 1773 4827 personis
1803 4758 2120 4828 antequam
2149 4751 2506 4822 Desiderius,
2534 4768 2641 4810 seu
2672 4751 3193 4826 Langobardorum
3220 4751 3352 4823 ejus
3380 4749 3674 4807 exercitus
3699 4747 3769 4805 ad

507 4847 702 4905 clusas
734 4856 1059 4924 pergerent,
1091 4849 1177 4905 illi
1207 4852 1281 4907 ad
1309 4852 1548 4910 beatum
1578 4853 1814 4909 Petrum
1866 4850 2208 4925 confugium
2256 4850 2555 4919 facientes,
2588 4849 2864 4922 praedicto
2892 4848 3270 4907 sanctissima
3300 4847 3564 4903 Adriano
3612 4861 3768 4919 papa

507 4961 570 5003 se
599 4947 984 5018 tradiderunt,
1005 4952 1062 5003 et
1089 4947 1150 5003 in
1179 4948 1292 5005 ﬁde
1319 4948 1509 5022 ipsius
1539 4949 1819 5022 principis
1858 4947 2278 5021 apostolorum,
2302 4951 2478 5019 atque
2504 4946 2768 5019 praedicti
2796 4945 3158 5003 sanctissimi
3185 4942 3489 5018 pontiﬁcis
3502 4943 3771 5015 jurantes

434 5043 471 5099 5
509 5059 670 5100 more
700 5045 1120 5117 Romanorum,
1138 5047 1427 5112 tonsurati
1454 5051 1597 5104 sunt
1617 5048 1709 5119 (j).
1736 5046 1928 5103 Etiam
1955 5049 2014 5102 et
2044 5043 2255 5118 reliqui
2297 5060 2504 5101 omnes
2548 5061 2618 5101 ex
2662 5045 2867 5102 eadem
2897 5044 3116 5101 ducatu
3144 5040 3451 5115 Spoletina
3480 5039 3771 5097 inhianter

506 5140 919 5197 desiderabant
945 5159 1009 5199 se
1037 5145 1386 5202 tradendum
1412 5145 1487 5219 (Ic)
1517 5145 1576 5200 in
1608 5143 1840 5202 servitio
1887 5142 2042 5200 beati
2089 5142 2241 5200 Petri
2289 5146 2623 5215 sanctaque
2651 5146 2924 5199 Romana:
2953 5140 3244 5199 Ecclesia.
3277 5139 3395 5195 Sed
3444 5139 3770 5195 metuentes

510 5254 685 5294 suum
716 5254 910 5311 regem
943 5257 1313 5316 nequaquam
1342 5242 1473 5300 ausi
1504 5246 1646 5299 sunt
1683 5245 2037 5315 perpetrare,
2070 5240 2226 5298 unde
2279 5240 2422 5297 dum
2454 5257 2490 5297 a
2517 5238 2698 5297 clusis
2752 5239 2955 5311 fugam
3007 5236 3420 5311 arripuissent,
3452 5246 3770 5308 omnesque

510 5335 718 5393 exinde
763 5338 834 5396 de
881 5339 1125 5401 diversis
1180 5341 1517 5399 civitatibus
1572 5340 1821 5397 ducatus
1861 5336 2144 5413 Spoletini
2202 5336 2417 5395 reversi
2474 5340 2690 5405 essent,
2722 5334 3032 5393 confestim
3086 5333 3441 5409 generaliter
3496 5332 3572 5390 ad
3630 5346 3768 5405 pra-

1547 5542 1800 5589 NOTULE
1839 5539 2229 5588 ιΑιιθιιεΑιεε
2271 5538 2594 5586 PABBOTTI.

372 5742 386 5755 _
440 5676 514 5747 (α)
544 5676 785 5763 ablata...
823 5680 895 5754 (ὁ)
926 5698 1035 5738 suo
1064 5683 1204 5736 cert.
1271 5679 1341 5759 (ᾳ)
1372 5677 1605 5758 faceret.
1672 5676 1778 5745 (d)"
1813 5676 2043 5762 faceret.
2097 5677 2200 5743 (σγ
2230 5672 2541 5757 exercitus.
2604 5672 2709 5745 (η’
2740 5670 3049 5754 exercitus.
3116 5670 3200 5800 (69g
3223 5667 3557 5727 restituere.
3599 5667 3681 5738 (In)
3703 5669 3765 5732 ι,

372 5753 589 5800 Inserta
618 5749 844 5800 militia.
920 5752 984 5800 (ἢ
1020 5755 1083 5800 n.
1116 5750 1445 5800 Aldemsus.
1521 5748 1593 5800 (1i
1625 5748 1928 5800 Τοηεαναει.
1951 5746 2107 5800 quod
2142 5743 2508 5800 Langobardi
2538 5742 2761 5800 solutos
2789 5759 2981 5800 crines
3009 5741 3126 5800 hab
3201 5744 3324 5799 aut.
3403 5740 3484 5800 (lc)
3522 5739 3763 5797 tradere.

371 5739 589 5806 inserta
618 5739 845 5807 militia:
878 5739 891 5754 ’
920 5752 984 5824 (ἢ
1016 5755 1083 5818 Β,
1115 5739 1445 5821 Aldegisus.
1521 5747 1593 5818 (j)
1625 5739 1929 5816 meum,
1951 5739 2120 5817 quod
2142 5739 2508 5817 Langobardi
2538 5739 2761 5801 solutos
2789 5742 2981 5801 crines
3009 5739 3324 5800 habebant.
3403 5740 3484 5813 (Ic)
3522 5739 3763 5797 tradere.
