3934 6202
200 278 365 342 H77
953 281 1325 346 HISTORIA
1365 283 1468 346 DE
1510 283 1714 347 VITIS
1760 285 1949 346 ROM.
1994 284 2406 348 PONT.—S.
2451 283 2875 346 ADRIANUS.
3458 281 3615 344 H78

343 415 535 471 fatum
568 412 891 471 almificum
935 415 1278 472 Pontificem
1326 417 1685 472 confluentes
1737 418 2118 482 advenerunt,
2148 419 2396 490 ejusque
2445 415 2731 490 provoluti
2792 414 3038 488 pedibus
3089 414 3299 472 obnixe
3347 421 3612 472 sanctam

233 514 306 568 10
343 512 538 586 ipsius
567 517 656 568 ter
681 513 1107 568 beatitudinem
1142 515 1429 587 deprecati
1463 520 1601 570 sunt
1633 521 1693 571 ut
1723 532 1821 570 eos
1852 515 1910 570 in
1935 517 2168 572 servitio
2200 515 2350 571 beati
2384 515 2530 570 Petri
2556 519 2886 586 sanctaque
2910 516 3036 584 ejus
3053 513 3326 569 Romanae
3343 512 3612 569 Ecciesie

345 610 672 682 susciperet
702 615 756 666 et
789 627 948 666 more
982 612 1378 667 Romanorum
1411 615 1702 668 tonsurari
1737 613 1967 669 faceret.

416 709 573 765 812
604 712 760 775 Quos
782 707 1111 781 suscipiens
1133 710 1424 780 profectus
1454 716 1542 766 est
1572 727 1704 766 cum
1737 712 1821 766 eis
1854 711 1910 765 in
1944 710 2250 766 ecclesiam
2284 711 2435 766 beati
2465 710 2634 777 Petri,
2661 714 2718 765 et
2738 725 2942 765 omnes
2971 707 3329 764 unanimiter
3349 723 3614 780 amagno

343 822 535 878 usque
565 806 637 861 ad
663 805 971 878 parvulum
1000 807 1110 862 sub
1143 806 1399 862 indiculo
1422 813 1497 876 (a)
1518 810 2263 880 sacramentijurejurando
2287 810 2680 881 promiserunt
2711 808 2900 864 eidem
2933 807 3032 863 Dei
3051 805 3314 879 apostolo
3345 806 3403 861 in
3435 805 3613 862 servi-

341 903 425 960 tio
455 905 605 976 ejus,
638 909 812 976 atque
845 905 1118 960 antedicti
1149 906 1346 960 vicarii
1399 907 1584 979 ipsius
1628 907 1983 963 sanctissimi
2033 907 2269 963 Adriani
2319 925 2501 980 papze,
2537 914 2710 979 atque
2740 906 3014 962 omnibus
3045 921 3453 961 successorum
3485 905 3615 976 ejus

343 1001 688 1073 pontificum
723 1002 970 1057 fideliter
998 1020 1412 1075 permansuros
1441 1021 1575 1059 cum
1609 1005 1744 1060 filiis
1766 1011 1818 1060 et
1850 1011 2062 1061 cuncta
2092 1023 2289 1061 eorum
2324 1005 2893 1078 generatione.'l‘unc
2918 1008 3044 1076 post
3066 1004 3392 1076 praestitum
3418 1019 3613 1058 sacra-

263 1099 306 1154 5
343 1105 613 1156 mentum
644 1117 850 1156 omnes
881 1117 1040 1156 more
1073 1101 1468 1158 Romanorum
1504 1104 1789 1158 tonsurati
1813 1109 1970 1159 sunt.
1996 1106 2064 1160 Et
2096 1104 2402 1160 confestim
2435 1105 2558 1176 ipse
2587 1109 2676 1158 ter
2705 1103 3086 1158 beatissimus
3118 1101 3308 1156 bonus
3338 1105 3615 1173 pastoret

343 1204 510 1270 pater
535 1215 670 1253 cum
701 1198 977 1254 omnibus
1006 1199 1273 1254 exultans
1303 1201 1604 1256 constituit
1634 1201 1719 1256 eis
1751 1203 1959 1257 ducem
1979 1219 2150 1274 quem
2183 1202 2291 1274 ipsi
2326 1202 2558 1274 propria
2580 1202 2873 1256 voluntate
2904 1201 3013 1256 sibi
3047 1198 3367 1271 elegerunt,
3392 1198 3614 1256 scilicet

343 1294 809 1367 Hildeprandum
841 1295 1296 1362 nobilissimum,
1332 1298 1430 1370 qui
1462 1299 1625 1371 prius
1656 1315 1791 1354 cum
1824 1299 2063 1371 reliquis
2091 1301 2160 1355 ad
2193 1299 2571 1373 apostolicam
2605 1299 2803 1354 sedem
2835 1297 3127 1369 refugium
3161 1297 3391 1352 fecerat.

414 1394 569 1452 818
601 1395 670 1450 Et
699 1395 780 1450 ita
812 1395 928 1452 Deo
951 1402 1240 1452 annuente
1273 1397 1615 1468 pradictum
1638 1399 1916 1453 ducatum
1951 1397 2315 1470 Spoletinum
2347 1397 2694 1470 generaliter
2713 1414 2820 1452 suo
2852 1395 3170 1451 certamine
3194 1394 3379 1456 isdem
3408 1392 3610 1467 praei-

344 1508 500 1564 puus
532 1493 790 1565 pontifex
813 1494 922 1549 sub
947 1495 1079 1564 jure
1111 1498 1167 1549 et
1199 1500 1484 1566 potestate
1512 1495 1661 1551 beati
1712 1497 1864 1552 Petri
1914 1495 2268 1567 subjugavit.
2295 1497 2404 1551 Sed
2455 1501 2509 1550 et
2556 1512 2760 1551 omnes
2808 1493 3164 1549 habitatores
3208 1497 3327 1546 tam
3360 1493 3610 1547 ducatus

345 1588 623 1658 Firmani,
656 1591 966 1646 Auximani
998 1597 1051 1646 et
1082 1592 1451 1656 Anconitani,
1486 1593 1780 1667 simulque
1811 1599 1867 1650 et
1898 1595 1969 1649 de
2000 1594 2238 1650 castello
2272 1594 2583 1650 Felicitatis
2609 1593 2774 1664 (b),et
2806 1591 2918 1665 ipsi
2941 1593 3082 1646 dum
3116 1608 3151 1646 a
3179 1588 3360 1646 clusis
3383 1594 3610 1664 Longo-

341 1685 662 1744 bardorum
693 1688 983 1761 fugientes
1005 1690 1215 1745 reversi
1245 1695 1385 1745 sunt
1413 1693 1482 1746 ad
1517 1693 1822 1764 praefatum
1856 1691 2296 1747 sanctissimum
2330 1692 2660 1764 pontificem
2693 1695 3102 1746 concurrentes
3132 1689 3260 1759 ejus
3280 1704 3340 1742 se
3362 1691 3449 1743 ter
3470 1689 3610 1744 bea-

269 1783 309 1838 5
347 1783 588 1840 titudini
621 1785 1401 1860 tradiderunt,pra:stitoque
1433 1796 1799 1844 sacramento
1831 1789 1889 1844 in
1923 1789 2034 1844 fide
2056 1795 2112 1845 et
2143 1790 2378 1845 servitio
2402 1788 2555 1844 beati
2590 1787 2738 1844 Petri
2769 1794 2945 1860 atque
2975 1788 3104 1859 ejus
3132 1785 3328 1841 vicarii
3369 1785 3609 1841 antefati

342 1879 583 1938 almifici
612 1882 850 1939 Adriani
883 1900 1043 1957 papae
1066 1901 1589 1959 successorumque
1618 1888 1747 1958 ejus
1781 1886 2125 1960 pontificum
2159 1887 2406 1943 fideliter
2432 1904 3043 1959 permansuros,more
3069 1886 3465 1942 Romanorum
3487 1887 3613 1940 ton-

342 1979 531 2034 surati
560 1984 720 2036 sunt.

415 2078 572 2134 814
598 2079 670 2132 At
695 2095 831 2134 vero
861 2079 1172 2151 sepefatus
1212 2079 1745 2138 Christianissimus
1791 2082 2032 2139 Carolus
2085 2084 2439 2140 Francorum
2489 2101 2586 2139 rex
2635 2100 2872 2140 movens
2912 2099 3046 2139 cum
3080 2081 3205 2138 suis
3236 2079 3608 2155 generalibus

341 2174 905 2249 exercitibus,atque
928 2177 1164 2249 Papiam
1197 2180 1560 2252 conjungcns
1589 2179 1904 2249 civitatem,
1930 2198 2056 2237 eam
2088 2198 2155 2238 ex
2186 2181 2343 2238 omni
2379 2188 2540 2254 parte
2569 2181 2945 2238 circumdans
2975 2178 3609 2253 vallavit,dirigsnsque

340 2272 622 2329 continuo
645 2275 713 2346 (ε)
737 2275 796 2331 in
831 2276 1135 2332 Franciam
1167 2276 1381 2332 ibidem
1408 2279 1560 2350 apud
1584 2295 1646 2333 se
1663 2278 1898 2351 Papiam
1919 2279 2126 2334 adduci
2154 2279 2286 2333 fecit
2316 2295 2482 2333 suam
2508 2279 2816 2351 conjugem
2845 2276 3393 2332 excellentissimam
3416 2274 3608 2331 Hilde-

340 2371 585 2442 gardam
604 2372 864 2444 reginam
886 2378 942 2429 et
968 2373 1365 2430 nobilissimos
1389 2375 1558 2430 filios.
1581 2377 1650 2432 Et
1669 2376 1809 2431 dum
1829 2377 2159 2449 agnovisset
2183 2377 2377 2448 fugam
2398 2377 2718 2448 arripuisse
2735 2375 3096 2430 in\'eronam
3120 2373 3608 2448 prenominatum

261 2469 301 2523 5
339 2468 709 2541 Adalgisum,
743 2469 1079 2544 relinquens
1110 2472 1426 2544 plurimam
1459 2479 1685 2545 partem
1717 2492 1785 2530 ex
1814 2474 1938 2530 suis
1969 2473 2318 2529 exercitibus
2349 2473 2554 2546 Papiae,
2577 2473 2699 2545 ipse
2731 2491 2962 2546 quoque
2993 2490 3128 2528 cum
3161 2470 3479 2545 aliquantis
3496 2471 3606 2526 for-

340 2565 593 2622 tissimis
611 2568 846 2624 Francis
876 2569 935 2624 in
958 2569 1522 2626 eamdemVeronam
1547 2572 1874 2644 properavit
1896 2571 2212 2627 civitatem.
2228 2572 2296 2626 Et
2321 2571 2460 2625 dum
2485 2569 2620 2625 illuc
2643 2569 3340 2642 conjunxisset,protinus
3359 2567 3608 2624 Anteha-

341 2662 469 2720 rius
500 2669 556 2720 et
585 2682 730 2722 uxor
753 2671 928 2739 atque
957 2667 1061 2722 filii
1093 2668 1306 2740 sapius
1338 2669 1620 2723 nominati
1653 2669 2059 2725 Carolomanni
2093 2668 2326 2741 propria
2355 2668 2650 2724 voluntate
2700 2669 2888 2724 eidem
2937 2667 3362 2742 benignissimo
3407 2664 3608 2724 Carolo

340 2762 463 2834 regi
497 2779 559 2818 se
590 2763 987 2820 tradiderunt'
1021 2783 1235 2838 eosque
1262 2766 1546 2838 recipiens
1577 2768 1706 2838 ejus
1727 2766 2063 2823 excellentia
2090 2767 2281 2821 denuo
2314 2763 3327 2837 repedavitPapiam.Quiconfestim
3349 2763 3610 2835 dirigens

342 2875 561 2915 cuneos
583 2860 941 2916 exercituum
975 2862 1322 2918 bellatorum
1355 2863 1795 2936 comprehendit
1829 2863 2088 2918 diversas
2117 2862 2379 2918 civitates
2403 2863 2914 2937 Longobardorum
2948 2861 3101 2917 ultra
3134 2861 3354 2916 Padum
3389 2858 3608 2916 consti-

228 2960 303 3015 10
341 2963 502 3013 tutas
533 2975 769 3031 suaeque
800 2960 1021 3033 redegit
1040 2962 1336 3032 potestati.
1361 2963 1430 3016 Et
1453 2962 1594 3016 dum
1627 2979 1728 3033 per
1756 2979 1856 3016 sex
1888 2959 2179 3016 mensium
2211 2960 2467 3032 spatium
2502 2961 2625 3032 ipse
2654 2961 3008 3015 Francorum
3040 2975 3139 3014 rex
3171 2956 3357 3031 Papia
3406 2955 3609 3013 demo-

340 3059 573 3111 raretur
600 3055 659 3110 in
691 3057 1026 3114 obsessione
1053 3058 1241 3130 ipsius
1274 3059 1829 3131 civitatis,magnum
1857 3058 2213 3114 desiderium
2243 3058 2466 3114 habens
2495 3059 2565 3113 ad
2588 3057 2792 3113 limina
2813 3056 3209 3130 apostolorum
3233 3054 3604 3128 properandi,

340 3153 724 3211 considerans
754 3157 908 3228 quod
938 3162 994 3212 et
1015 3156 1413 3212 sacratissima
1444 3157 1737 3229 paschalis
1765 3156 2047 3212 festivitas
2067 3156 2763 3229 appropinquasset,tunc
2784 3153 3101 3211 abstollens
3124 3171 3323 3211 secum
3350 3152 3618 3208 diversos

337 3251 646 3325 episcopos
675 3259 731 3310 et
760 3254 1022 3322 abbates,
1054 3255 1229 3310 etiam
1262 3259 1318 3310 et
1339 3255 1780 3327 judices,duces
1813 3271 2021 3327 nempe
2053 3259 2109 3309 et
2139 3253 2652 3326 graphiones,cum
2687 3252 2956 3325 plurimis
2984 3251 3331 3309 exercitibus
3361 3250 3456 3306 hic
3493 3250 3608 3306 Ro-

338 3364 501 3404 mam
527 3366 630 3422 per
657 3351 882 3406 Tuscia:
914 3357 1106 3424 partes
1137 3352 1484 3424 properavit,
1508 3352 1590 3407 ita
1611 3351 1956 3407 festinanter
1984 3351 2321 3419 adveniens,
2355 3355 2420 3404 ut
2449 3349 2507 3405 in
2539 3349 2667 3423 ipso
2700 3350 2952 3406 Sabbato
2973 3353 3174 3405 saneto
3196 3366 3258 3405 se
3294 3346 3608 3403 liminibus

229 3447 302 3503 15
341 3452 721 3520 praesentaret
750 3449 1101 3520 apostolicis.
1119 3450 1300 3521 Cujus
1331 3451 1643 3506 adventum
1675 3451 1921 3506 audiens
1953 3448 2284 3505 antedictus
2313 3448 2695 3505 beatissimus
2724 3447 3018 3504 Adrianus
3038 3444 3381 3520 papa,quod
3405 3443 3490 3501 sic
3512 3459 3610 3499 re-

341 3549 516 3617 pente
543 3545 669 3617 ipse
701 3547 1054 3602 Francorum
1085 3547 1415 3604 advenisset
1446 3565 1543 3603 rex
1575 3549 1633 3603 in
1668 3565 1880 3621 magno
1911 3552 2146 3620 stupore
2177 3552 2234 3602 et
2258 3546 2470 3602 exstasi
2504 3546 3028 3610 deductus,direxit
3060 3545 3117 3599 in
3150 3545 3279 3616 ejus
3295 3557 3607 3599 occursum

339 3641 645 3698 universos
667 3643 900 3714 judices
930 3645 1002 3699 ad
1034 3645 1149 3700 fere
1182 3645 1422 3718 triginta
1453 3645 1639 3702 millia
1667 3647 1739 3702 ab
1771 3645 1878 3701 hac
1910 3646 2173 3701 Romana
2203 3645 2364 3715 urbe,
2390 3643 2447 3698 in
2477 3642 2673 3699 locum
2706 3643 2806 3715 qui
2840 3648 3080 3700 vocatur
3100 3643 3310 3713 Novas,
3343 3639 3442 3697 ubi
3471 3654 3611 3696 eum

340 3756 481 3795 cum
512 3740 776 3797 bandora
805 3747 1188 3815 susceperunt
1214 3744 1311 3816 (ά).

419 3837 574 3894 815
607 3838 678 3894 Et
709 3839 852 3894 dum
883 3839 1411 3913 appropinquasset
1439 3841 1553 3897 fere
1583 3857 1699 3896 uno
1730 3839 2004 3896 milliario
2039 3856 2071 3894 a
2102 3839 2364 3894 Romana
2389 3838 2552 3904 urbe,
2576 3837 2786 3893 direxit
2815 3838 3116 3894 universas
3138 3835 3369 3894 scholas
3389 3831 3612 3889 militia:

344 3949 467 3989 una
493 3951 628 3990 cum
653 3937 914 4007 patronis
943 3937 1236 4011 simulque
1265 3943 1322 3994 et
1350 3938 1546 4010 pueris
1578 3939 1677 4010 qui
1705 3939 1775 3993 ad
1811 3937 2119 3993 discendas
2149 3936 2374 3992 litteras
2406 3936 2744 4009 pergebant,
2777 3936 3150 4008 deportantes
3180 3950 3384 3990 omnes
3415 3946 3612 3988 ramos

343 4030 678 4103 palmarum
701 4039 877 4106 atque
901 4035 1527 4109 olivarum,1audesque
1548 4053 1752 4093 omnes
1774 4040 2210 4100 canentes,cum
2232 4034 2722 4091 acclamationum
2744 4035 3084 4090 earumdem
3106 4034 3349 4090 laudum
3369 4030 3612 4087 vocibus

344 4126 543 4199 ipsum
577 4129 933 4187 Francorum
965 4140 1347 4206 susceperunt
1378 4151 1594 4208 regem.
1616 4133 1856 4190 Obviam
1885 4131 1970 4188 illi
2003 4133 2130 4203 ejus
2162 4132 2445 4188 sanctitas
2477 4131 2737 4204 dirigens
2767 4133 3130 4187 venerandas
3178 4147 3400 4200 cruces,
3432 4128 3490 4183 id
3522 4131 3614 4184 est

262 4241 302 4294 ς
342 4223 696 4296 signa,sicut
726 4245 852 4284 mos
882 4234 970 4284 est
998 4230 1070 4284 ad
1103 4231 1414 4285 exarcbum
1447 4235 1547 4285 aut
1571 4229 1881 4303 patricium
1914 4228 2519 4300 suscipiendum,eum
2551 4245 2688 4284 cum
2722 4228 2944 4302 ingenti
2967 4228 3185 4285 honore
3209 4226 3428 4300 suscipi
3450 4226 3608 4282 fecit.

342 4321 475 4393 Ipse
504 4338 637 4378 vero
667 4341 702 4379 a
729 4324 845 4380 Deo
877 4325 1183 4381 institutus
1215 4326 1674 4400 benignissimus
1705 4327 1945 4383 Carolus
1978 4327 2227 4399 Magnus
2259 4328 2615 4382 Francorum
2648 4342 2744 4381 rex
2788 4331 2846 4381 et
2888 4327 3170 4398 patricius
3211 4326 3609 4381 Romanorum

342 4434 463 4490 qua
491 4419 635 4475 hora
663 4422 899 4477 easdem
931 4423 1360 4480 saeratissimas
1389 4441 1590 4480 cruces
1622 4442 1687 4480 ac
1720 4425 1890 4498 signa
1919 4423 2028 4481 sibi
2061 4423 2290 4479 obviam
2323 4422 2628 4479 advenisse
2657 4422 3345 4495 conspexit,descendens
3365 4421 3436 4476 de
3457 4436 3609 4492 equo

342 4531 461 4588 quo
490 4517 748 4587 sedebat,
783 4518 866 4576 ita
885 4536 1019 4576 cum
1045 4520 1169 4576 suis
1191 4520 1493 4593 judicibus
1515 4523 1586 4578 ad
1616 4523 1853 4579 beatum
1885 4523 2119 4577 Petrum
2163 4519 2452 4593 pedestris
2504 4537 2818 4594 properare
2876 4520 3125 4577 studuit.
3153 4520 3316 4586 Quod
3366 4515 3606 4590 quidem

341 4612 638 4670 almiﬁcns
657 4617 984 4673 antedietus
1016 4619 1271 4690 pontifex
1297 4617 1556 4676 diluculo
1577 4637 1825 4693 surgens
1847 4619 1906 4674 in
1927 4619 2128 4674 eodem
2152 4617 2405 4673 Sabbato
2428 4621 2630 4672 sancto
2664 4632 2796 4671 cum
2843 4615 3113 4671 universo
3134 4615 3286 4671 clero
3307 4618 3364 4669 et
3394 4611 3609 4685 populo

225 4713 300 4768 10
341 4711 606 4768 Romano
637 4715 708 4770 ad
743 4715 978 4772 beatum
1010 4716 1244 4773 Petrum
1275 4719 1604 4790 properavit
1626 4719 1699 4774 ad
1728 4717 2172 4789 suscipiendum
2207 4715 2481 4771 eumdem
2513 4715 2869 4771 Francorum
2900 4730 3118 4787 regem,
3149 4717 3206 4768 et
3234 4712 3294 4767 in
3324 4709 3606 4785 gradibus

340 4809 531 4882 ipsius
560 4811 890 4884 apostolicae
921 4813 1066 4870 aulas
1095 4831 1230 4870 eum
1261 4833 1394 4871 cum
1425 4817 1577 4872 clero
1610 4833 1716 4872 suo
1738 4814 2107 4888 praestolatus
2133 4818 2245 4870 est.
2423 4873 2444 4891 ,

414 4909 570 4965 818
598 4911 1030 4984 Conjungentes
1049 4929 1182 4969 vero
1203 4915 1403 4969 eodem
1425 4913 1910 4970 excellentissimo
1933 4929 1998 4968 ac
2019 4909 2442 4984 benignissimo
2458 4909 2658 4966 Carolo
2681 4925 3046 4982 rege,omnes
3067 4908 3284 4982 gradus
3303 4905 3604 4980 sigillatim

336 5004 606 5076 ejusdem
638 5007 1050 5064 sacratissima:
1081 5009 1232 5066 beati
1265 5010 1414 5067 Petri
1444 5010 1697 5083 ecclesia:
1729 5009 2104 5066 deosculatus
2136 5012 2246 5074 est,
2281 5013 2337 5063 et
2366 5006 2447 5062 ita
2472 5023 2657 5079 usque
2687 5007 2758 5062 ad
2810 5005 3296 5078 prmnominatum
3345 5002 3607 5077 pervenit

340 5102 700 5174 pontificem,
733 5105 834 5160 ubi
865 5105 925 5160 in
938 5106 1084 5162 atrio
1115 5124 1293 5180 super
1320 5109 1538 5181 gradus
1560 5110 1733 5180 juxta
1755 5109 1906 5164 fores
1935 5097 2191 5163 ecclesiae
2221 5096 2556 5162 assistebat.
2584 5105 2780 5176 quue
2829 5107 3099 5175 suscepto
3150 5106 3356 5157 mutuo
3386 5118 3447 5156 se
3477 5117 3603 5156 am-

334 5197 676 5271 plectentes,
708 5203 902 5258 tenuit
930 5202 1118 5260 isdem
1148 5204 1686 5262 Christianissimus
1716 5205 1959 5261 Carolus
1991 5221 2089 5259 rex
2118 5203 2414 5280 dexteram
2464 5218 2708 5257 manum
2751 5199 3026 5256 antedicti
3063 5199 3377 5272 pontificis.
3411 5199 3482 5254 Et
3520 5195 3605 5252 ita

262 5297 303 5351 5
341 5295 402 5351 in
432 5299 702 5354 eamdem
731 5301 1121 5356 venerandam
1154 5302 1350 5358 aulam
1385 5304 1535 5359 beati
1567 5305 1721 5361 Petri
1752 5302 2035 5376 principis
2066 5299 2463 5376 apostolorum
2486 5299 2734 5372 ingressi
2755 5302 2913 5364 sunt,
2936 5297 3170 5354 laudem
3219 5297 3335 5354 Deo
3375 5299 3433 5352 et
3474 5294 3604 5367 ejus

339 5392 694 5450 excellentia
725 5397 1124 5467 decantantes,
1157 5400 1466 5456 universus
1497 5402 1688 5458 clerus
1719 5407 1776 5459 et
1805 5398 2002 5458 cuncti
2037 5392 2302 5470 religiosi
2318 5395 2418 5474 Dei
2455 5395 2658 5452 famuli
2709 5401 2948 5452 extensa
2974 5411 3112 5451 voce
3160 5393 3552 5450 acclamantes
3584 5405 3598 5444 :

335 5491 656 5549 Benedictus
683 5497 784 5565 qui
810 5498 956 5550 venit
986 5498 1046 5551 in
1073 5499 1296 5554 nomine
1322 5499 1562 5571 Domini,
1580 5505 1688 5556 etc.
1708 5501 1919 5571 Sicque
1948 5513 2085 5553 cum
2116 5497 2318 5551 eodem
2350 5493 2622 5566 pontifice
2650 5493 2777 5566 ipse
2809 5494 3164 5549 Francorum
3196 5508 3293 5547 rex
3310 5487 3603 5560 simulque

337 5593 396 5646 et
423 5605 630 5645 omnes
659 5589 937 5663 episcopi,
965 5593 1206 5649 abbates
1237 5599 1294 5650 et
1317 5595 1571 5666 judices,
1603 5601 1661 5652 et
1705 5595 1960 5652 universi
2012 5592 2216 5650 Franci
2232 5592 2342 5669 qui
2366 5608 2501 5648 cum
2532 5608 2598 5648 eo
2645 5592 3017 5658 advenerant,
3051 5592 3123 5648 ad
3173 5588 3602 5646 confessionem

1379 5718 1632 5766 NOTULE
1674 5719 2052 5767 HARGINALES
2093 5717 2414 5764 FABROTTI.

262 5801 336 5874 (a)
363 5800 617 5858 vinculo.
733 5803 812 5872 (b)
843 5803 1177 5861 Fulcinatis.
1289 5807 1360 5877 (ο)
1390 5807 1633 5865 concite.
1748 5811 1825 5882 (ἀ)
1855 5809 2137 5877 bandora,
2169 5808 2412 5865 militare
2440 5809 2676 5880 signum.
