3934 6202
362 199 389 263 1
405 201 517 260 179
1511 202 1915 266 ANASTASI]

2230 206 2618 268 THECARII.
2837 296 2840 297 γ
3625 210 3783 272 uso

502 333 656 391 beati
687 333 838 391 Petri
869 335 1428 410 appropinquantes,
1452 355 1695 410 seseque
1726 337 1891 410 proni
1923 337 2140 394 ibidem
2174 341 2627 411 prosternentes,
2655 338 2770 395 Deo
2819 341 3017 396 nostro
3063 339 3449 414 omnipotenti
3497 345 3556 398 et
3587 341 3782 399 eidem

401 434 468 490 10
505 433 905 506 apostolorum
937 432 1186 507 principi
1219 437 1455 508 propria
1478 437 1856 493 reddiderunt
1884 443 2035 504 vota,
2053 437 2446 510 glorificantes
2473 437 2731 493 divinam
2754 438 3078 511 potentiam
3110 439 3170 493 in
3202 455 3270 494 eo
3289 439 3446 511 quod
3480 439 3668 496 talem
3687 457 3787 514 per

503 531 996 588 interventionum
1029 533 1308 606 suffragia
1336 535 1601 605 ejusdem
1633 534 1914 609 principis
1961 536 2360 608 apostolorum
2406 536 2718 592 concedere
2756 537 2944 608 jussit
2987 537 3315 593 victoriam.
3347 537 3596 611 Expleta
3649 556 3780 594 vero

503 630 708 686 eadem
739 631 1021 698 oratione,
1055 630 1261 687 obnixe
1292 633 1636 704 deprecatus
1665 637 1754 689 est
1785 634 1972 689 isdem
2003 634 2361 689 Francorum
2394 651 2491 689 rex
2521 633 2880 690 antedictum
2931 634 3256 691 almificum
3305 636 3654 708 pontificem
3703 635 3781 691 illi

503 729 803 786 licentiam
835 727 1013 785 tribui
1035 729 1278 786 Romam
1303 730 1668 804 ingrediendi
1700 732 1771 787 ad
1803 749 1910 787 sua
1942 732 2272 787 orationum
2290 736 2422 786 vota
2458 749 2560 804 per
2579 731 2838 788 diversas
2861 732 2961 788 Dei
2986 731 3261 790 ecclesias
3283 733 3698 806 persolvenda.
3721 735 3786 789 Et

505 827 926 884 descendentes
951 828 1170 900 pariter
1196 829 1267 884 ad
1301 845 1512 901 corpus
1547 830 1694 885 beati
1731 829 1880 885 Petri
1912 833 2030 884 tam
2064 829 2189 902 ipse
2220 829 2630 886 sanctissimus
2665 848 2814 902 papa
2841 848 3138 904 quamque
3171 833 3464 889 antefatus
3491 832 3784 889 excellen-

505 924 774 982 tissimus
805 926 1159 982 Francorum
1177 944 1276 982 rex
1294 944 1427 982 cum
1443 926 1745 998 judicibus
1761 928 2156 983 Romanorum
2179 931 2235 982 et
2259 928 2880 1001 Francorum,seseque
2906 933 3111 984 mutuo
3133 946 3237 1002 per
3251 935 3698 986 sacramentum
3714 936 3784 999 Qa)

508 1023 861 1089 munientes,
897 1023 1198 1098 ingressus
1229 1029 1318 1080 est
1350 1025 1593 1080 Romam
1628 1025 1905 1081 continuo
1937 1042 2072 1081 cum
2103 1025 2304 1083 eodem
2338 1025 2611 1098 pontifice
2636 1026 2759 1099 ipse
2791 1027 3151 1083 Francorum
3175 1044 3276 1084 rex
3304 1044 3441 1083 cum
3471 1026 3603 1085 suis
3620 1027 3786 1099 judi-
3816 1025 3822 1029 ’

509 1121 676 1179 cibus
703 1127 761 1179 et
789 1122 1002 1196 populo
1034 1123 1092 1178 in
1119 1124 1319 1179 eodem
1352 1123 1606 1179 Sabbato
1638 1128 1858 1180 sancto.

581 1222 732 1278 811
767 1221 837 1277 Et
863 1221 921 1276 in
951 1220 1197 1276 basilica
1227 1221 1541 1277 Salvatoris
1563 1221 1733 1292 juxta
1750 1221 2052 1278 Lateranis
2069 1221 2147 1292 (b)
2169 1222 2387 1294 pariter
2413 1221 2661 1294 ingressi
2706 1221 2924 1278 ibidem
2967 1221 3093 1295 ipse
3121 1221 3665 1280 excellentissimus
3697 1240 3788 1279 rex

509 1337 645 1376 cum
676 1319 952 1377 omnibus
983 1319 1108 1376 suis
1139 1336 1445 1393 quousque
1476 1319 1661 1376 sancti
1694 1321 2066 1393 baptismatis
2099 1325 2532 1376 sacramentum
2582 1320 2914 1377 antedictus
2963 1326 3052 1376 ter
3100 1321 3478 1379 beatissimus
3525 1322 3789 1396 pontifex

511 1416 841 1474 celebravit.
865 1418 935 1472 Et
966 1417 1045 1473 ita
1067 1419 1443 1490 postmodum
1475 1419 1545 1473 ad
1571 1418 1808 1474 beatum
1841 1418 2074 1474 Petrum
2107 1419 2233 1491 ipse
2263 1418 2640 1475 beatissimus
2671 1418 2969 1492 repedavit
2992 1436 3109 1476 rex.

585 1517 738 1574 818
768 1515 894 1573 Alio
924 1535 1056 1573 vero
1087 1517 1178 1574 die
1206 1517 1576 1575 illucessente
1606 1519 1907 1576 Dominico
1940 1523 2164 1586 sancto,
2190 1519 2247 1572 in
2298 1518 2427 1589 ipsa
2475 1517 2878 1574 sacratissima
2921 1516 3181 1589 paschali
3234 1517 3549 1574 festivitate
3584 1516 3788 1573 direxit

514 1614 770 1671 diluculo
798 1615 921 1689 ipse
952 1615 1364 1672 sanctissimus
1390 1618 1601 1690 praesul
1633 1621 1874 1673 cunctos
1896 1616 2129 1689 judices
2160 1620 2216 1672 et
2245 1615 2518 1672 universa
2543 1615 2825 1687 obsequia
2846 1613 3067 1670 militiae
3091 1616 3162 1670 ad
3181 1615 3455 1672 eumdem
3478 1632 3708 1690 regem,
3735 1621 3785 1671 et

515 1730 650 1770 cum
681 1731 894 1789 magno
921 1714 1139 1770 honore
1167 1732 1303 1770 eum
1329 1715 1713 1789 suscipientes
1745 1715 1803 1770 in
1836 1713 2082 1772 ecclesia
2109 1720 2323 1770 sanctae
2362 1714 2458 1770 Dei
2489 1713 2799 1771 Genitricis
2846 1714 2919 1769 ad
2966 1715 3224 1786 Praesepe
3266 1713 3610 1786 properavit
3656 1730 3782 1769 cum

515 1811 790 1868 omnibus
817 1811 918 1884 qui
949 1828 1084 1868 cum
1106 1829 1172 1869 eo
1204 1814 1557 1870 advenerant
1588 1813 1844 1870 Francis.
1878 1815 1947 1869 Et
1978 1817 2109 1885 post
2133 1811 2452 1868 missarum
2484 1811 2772 1868 solemnia
2803 1811 3092 1868 celebrata
3113 1811 3365 1884 perrexit
3385 1828 3523 1868 cum
3567 1828 3782 1886 pramo-

443 1909 480 1964 5
517 1908 738 1966 minato
769 1911 1041 1983 pontifice
1073 1911 1132 1966 in
1158 1912 1545 1968 Lateranense
1574 1911 2020 1985 patriarchium,
2045 1910 2280 1983 illicque
2311 1911 2382 1966 ad
2416 1927 2682 1967 mensam
2713 1909 3093 1983 apostolicam
3125 1908 3344 1983 pariter
3372 1908 3599 1981 epulati
3629 1914 3780 1965 sunt.

513 2005 639 2062 Alio
664 2025 796 2064 vero
827 2007 920 2063 die
951 2009 1210 2065 secunda
1239 2008 1383 2065 feria
1407 2009 1588 2066 simili
1619 2010 1792 2066 modo
1822 2009 1881 2064 in
1913 2007 2160 2065 ecclesia
2189 2007 2341 2065 beati
2374 2007 2524 2064 Petri
2557 2025 2717 2065 more
2757 2005 2928 2063 solito
2976 2006 3100 2080 ipse
3143 2005 3499 2079 conspicuus
3535 2007 3709 2062 Pater
3733 2011 3784 2062 et

513 2104 785 2179 egregius
814 2105 1072 2178 pontifex
1101 2106 1416 2170 missarum
1449 2106 1734 2165 solemnia
1763 2107 2086 2176 celebrans,
2120 2107 2236 2163 Deo
2268 2106 2651 2179 omnipotenti
2683 2110 2740 2162 et
2769 2106 3009 2178 praefato
3040 2104 3240 2163 Carolo
3293 2102 3780 2161 excellentissimo

516 2203 638 2277 regi
673 2203 1030 2260 Francorum
1059 2207 1117 2259 et
1147 2203 1389 2276 patricio
1421 2205 1818 2260 Romanorum
1849 2203 2055 2260 laudes
2086 2204 2326 2260 reddere
2348 2204 2502 2259 fecit.
2537 2203 2734 2259 Tertia
2762 2220 2895 2260 vero
2928 2203 3043 2274 die,
3067 2204 3238 2275 juxta
3285 2207 3350 2258 ut
3399 2218 3531 2258 mos
3581 2205 3691 2270 est,
3729 2200 3777 2255 in

517 2299 763 2362 ecclesia
781 2299 933 2355 beati
966 2299 1127 2356 Pauli
1159 2300 1406 2372 apostoli
1438 2301 1654 2357 missas
1685 2301 1875 2357 eidem
1907 2300 2028 2374 regi
2061 2300 2212 2356 fecit.
2248 2303 2322 2356 At
2368 2317 2503 2358 vero
2552 2305 2764 2373 quarta
2812 2300 2956 2356 feria
3003 2317 3274 2374 egressus
3324 2299 3780 2373 praenominatus

414 2397 482 2452 10
519 2396 778 2469 pontifex
807 2413 941 2453 cum
973 2398 1098 2454 suis
1119 2398 1423 2469 judicibus
1453 2402 1574 2454 tam
1605 2398 1741 2455 cleri
1765 2416 2059 2472 quamque
2085 2398 2381 2455 militiazin
2403 2399 2649 2456 ecclesia
2667 2399 2820 2455 beati
2843 2399 2996 2456 Petri
3017 2397 3637 2472 apostoli,pariterque
3659 2413 3776 2453 cum

522 2493 724 2550 eodem
759 2511 892 2566 rege
922 2512 984 2551 se
1014 2496 1087 2552 ad
1113 2495 1472 2568 loquendum
1503 2496 2228 2569 conjungens,constanter
2258 2513 2395 2552 eum
2426 2498 2771 2570 deprecatus
2801 2500 2910 2568 est,
2925 2501 3102 2568 atque
3131 2494 3527 2562 admonuit,et
3549 2499 3777 2566 paterno

521 2592 730 2649 affectu
762 2592 1054 2649 adhortari
1084 2594 1331 2662 studuit,
1348 2599 1413 2650 ut
1443 2595 1896 2668 promissionem
1927 2594 2089 2650 illam
2121 2612 2298 2666 quam
2331 2597 2458 2668 ejus
2489 2600 2703 2651 sanctae
2735 2594 3028 2651 memoriae
3055 2593 3286 2667 genitor
3305 2592 3596 2666 Pippinus
3615 2597 3777 2662 rex,et

522 2689 646 2763 ipse
673 2689 1247 2763 praecellentissimus
1269 2692 1508 2749 Carolus
1539 2711 1674 2750 cum
1703 2710 1808 2749 suo
1831 2709 2107 2766 germano
2129 2692 2551 2749 Carolomanno
2579 2697 2753 2766 atque
2773 2691 3371 2764 omnibusjudicibus
3390 2691 3634 2747 Francis
3655 2690 3780 2744 fece-

525 2791 656 2844 rant
684 2788 852 2844 beato
884 2789 1048 2846 Petro
1079 2795 1138 2846 et
1167 2791 1297 2863 ejus
1313 2790 1528 2847 vicario
1559 2795 1772 2848 sanctis
1804 2789 2096 2847 memoriae
2127 2791 2342 2847 domno
2375 2791 2668 2863 Stephano
2693 2789 2918 2863 juniori
2939 2789 3366 2862 papa,quando
3389 2788 3450 2843 in
3488 2787 3777 2844 Franciam

419 2887 486 2942 15
522 2886 776 2960 perrexit
805 2903 906 2959 pro
927 2888 1316 2945 concedendis
1337 2888 1583 2946 diversis
1603 2889 1938 2946 civitatibus
1961 2907 2026 2946 ac
2047 2889 2356 2945 territoriis
2376 2888 2548 2946 istius
2572 2888 2750 2944 Italia:
2772 2887 3166 2962 provincia),et
3192 2886 3617 2944 contradendis
3630 2887 3778 2941 beato

524 2985 688 3042 Petro
716 2986 962 3060 ejusque
989 2984 1265 3042 omnibus
1286 2986 1519 3044 vicariis
1560 2987 1619 3042 iu
1668 2991 2015 3060 perpetuum
2047 2986 2461 3060 possidendis,
2485 2986 2829 3059 adimpleret
2860 2986 2919 3042 in
2952 2985 3258 3054 omnibus;
3299 3001 3559 3056 cumque
3609 2984 3778 3055 ipsam

522 3084 974 3156 promissionem
1005 3102 1133 3158 qua
1165 3084 1224 3141 in
1259 3085 1501 3142 Francia
1529 3085 1589 3141 in
1621 3086 1746 3142 loco
1774 3085 1872 3158 qui
1899 3089 2138 3142 vocatur
2165 3084 2496 3141 Carisiacus
2529 3085 2682 3140 facta
2728 3088 2836 3152 est,
2871 3084 2984 3140 sibi
3033 3083 3209 3156 relegi
3240 3083 3496 3150 fecisset,
3527 3080 3780 3152 compla-

525 3187 772 3239 cuerunt
799 3182 884 3238 illi
916 3188 974 3239 et
997 3184 1126 3256 ejus
1146 3183 1452 3255 judicibus
1483 3183 1683 3240 omnia
1713 3201 1840 3256 quae
1873 3184 2091 3240 ibidem
2121 3188 2288 3240 erant
2314 3183 2557 3250 adnexa,
2592 3187 2649 3238 et
2679 3183 2915 3256 propria
2943 3181 3259 3248 voluntate,
3292 3182 3444 3237 bono
3477 3197 3544 3236 ac
3592 3176 3777 3235 libenti

525 3279 722 3337 animo
752 3280 928 3336 aliam
953 3281 1284 3337 donationis
1305 3281 1755 3354 promissionem
1787 3282 1858 3337 ad
1881 3281 2066 3338 instar
2083 3280 2392 3338 anterioris
2414 3281 2538 3352 ipse
2559 3280 2887 3337 antedictus
2908 3278 3489 3352 praecellentissimus
3507 3282 3568 3333 et
3588 3295 3646 3333 re
3665 3293 3781 3331 vera

415 3379 488 3433 20
523 3377 1064 3436 Christianissimus
1095 3378 1334 3435 Carolus
1365 3380 1722 3435 Francorum
1753 3396 1852 3436 rex
1882 3379 2094 3436 ascribi
2117 3378 2300 3451 jussit
2330 3396 2433 3452 per
2461 3378 2764 3434 Etherium
2797 3377 3137 3451 religiosum
3163 3377 3235 3433 ad
3267 3375 3778 3449 prudentissimum

528 3475 897 3548 capellanum
929 3479 986 3532 et
1014 3476 1306 3532 notarium
1337 3477 1640 3546 suum,ubi
1675 3477 1961 3533 concessit
1989 3477 2227 3532 easdem
2253 3475 2514 3532 civitates
2545 3481 2600 3533 et
2624 3475 2914 3532 territoria
2935 3476 3103 3532 beato
3127 3475 3538 3546 Petro,easque
3560 3473 3777 3546 prefato

530 3572 790 3646 pontiﬁci
823 3573 1086 3630 contradi
1117 3574 1450 3646 spopondit,
1482 3591 1586 3646 per
1613 3575 2076 3648 designationem
2109 3574 2452 3643 confinium,
2487 3574 2639 3631 sicut
2667 3575 2726 3629 in
2757 3575 2961 3630 eadem
2991 3573 3303 3630 donatione
3323 3571 3625 3628 continere
3642 3587 3776 3626 mon.

531 3674 772 3737 stratur,
800 3671 856 3726 id
892 3675 1026 3727 esta
1056 3671 1236 3728 Lunis
1266 3688 1402 3727 cum
1424 3671 1621 3730 insula
1651 3673 1902 3740 Corsica,
1936 3673 2148 3729 deinde
2178 3673 2237 3727 in
2269 3672 2538 3740 Suriano,
2572 3672 2780 3728 deinde
2810 3672 2869 3728 in
2901 3675 3099 3728 monte
3128 3671 3412 3738 Bardone,
3428 3669 3489 3726 id
3515 3674 3611 3726 est
3641 3669 3692 3723 in
3719 3669 3776 3736 (c)

529 3767 792 3837 Verceto,
826 3768 1034 3827 deinde
1063 3769 1125 3826 in
1152 3770 1377 3838 Parma,
1409 3771 1618 3827 deinde
1648 3771 1707 3826 in
1739 3770 1978 3844 Rhegio,
2011 3775 2069 3826 et
2095 3770 2303 3826 exinde
2332 3771 2394 3826 in
2423 3771 2863 3843 Mantua,atque
2883 3774 3080 3827 monte
3097 3769 3171 3843 (d)
3193 3767 3705 3841 Silicisgimulque
3729 3770 3776 3820 et

421 3868 495 3924 25
531 3868 870 3925 universum
901 3868 1280 3925 exarchatum
1312 3869 1739 3926 Ravennatium
1761 3869 1915 3924 sicut
1944 3867 2273 3940 antiquitus
2304 3873 2453 3938 erat,
2483 3872 2659 3940 atque
2687 3867 3016 3941 provincias
3040 3867 3419 3924 Venetiarum
3450 3869 3510 3922 et
3542 3863 3775 3922 Istriam.

531 3985 759 4025 necnon
788 3972 846 4024 et
875 3971 1152 4024 cunctum
1175 3968 1453 4024 ducatum
1485 3965 1851 4040 Spoletinum
1881 3971 1939 4022 et
1968 3967 2461 4022 Beneventanum.

603 4069 758 4125 819
790 4067 1080 4140 Factaque
1110 4066 1313 4122 eadem
1344 4065 1673 4133 donatione,
1689 4069 1747 4121 et
1776 4063 2012 4137 propria
2043 4081 2152 4120 sua
2189 4081 2366 4120 manu
2399 4063 2522 4137 ipse
2553 4061 3092 4120 Christianissimus
3143 4064 3504 4119 Francorum
3536 4079 3636 4117 rex
3671 4073 3779 4115 eam

531 4165 1246 4232 corroborans,universos
1275 4163 2260 4237 episcopos,abbates,duces,etiam
2290 4167 2348 4218 et
2376 4162 2716 4234 Graphones
2746 4161 2805 4216 in
2828 4179 2896 4218 ea
2925 4160 3138 4218 ascribi
3160 4163 3232 4230 (θ)
3253 4160 3620 4226 fecit.0uam
3641 4155 3782 4230 prius

535 4283 712 4340 super
740 4263 922 4322 altare
954 4263 1108 4320 beati
1135 4261 1382 4328 Petri,et
1402 4263 1779 4334 postmodum
1800 4260 1962 4316 intus
1994 4260 2053 4316 in
2075 4264 2280 4318 sancta
2310 4261 2439 4332 ejus
2469 4259 2834 4317 confessione
2864 4263 3115 4333 ponente
3133 4263 3253 4314 tam
3293 4257 3420 4330 ipse
3445 4258 3782 4314 Francorum

536 4382 636 4421 rex
663 4368 902 4438 tamque
918 4363 1046 4434 ejus
1067 4360 1320 4434 judices,
1335 4360 1502 4416 beato
1517 4360 1682 4415 Petro
1699 4363 1757 4416 et
1772 4359 1899 4430 ejus
1928 4358 2142 4416 vicario
2175 4357 2550 4415 sanctissimo
2569 4357 2824 4414 Adriano
2847 4357 3148 4430 papaa,sub
3171 4354 3420 4412 terribili
3435 4356 3781 4411 sacramento

461 4466 500 4522 5
537 4479 666 4522 sese
686 4461 884 4518 omnia
897 4462 1342 4518 conservaturos
1372 4474 1500 4530 quae
1531 4457 1591 4512 in
1622 4458 1824 4514 eadem
1847 4456 2159 4514 donatione
2188 4455 3001 4528 continentur,promittentes
3027 4454 3780 4526 tradiderunt.(/')Apparem

537 4560 727 4637 ipsius
757 4557 1090 4616 donationis
1120 4574 1223 4631 per
1247 4556 1520 4614 eumdem
1547 4554 1850 4612 Etherium
1881 4554 2093 4611 ascribi
2126 4553 2343 4611 faciens
2374 4554 2498 4626 ipse
2526 4551 3066 4609 Christianissimus
3101 4569 3202 4608 rex
3231 4552 3614 4618 Francorum,
3645 4548 3779 4602 intus

537 4676 715 4732 super
740 4674 953 4731 corpus
972 4655 1128 4714 beati
1154 4655 1304 4712 Petri
1335 4655 1546 4711 subtus
1576 4652 1912 4726 Evangelia,
1941 4669 2069 4725 qua:
2100 4652 2319 4710 ibidem
2350 4651 2694 4708 osculantur
2731 4667 2836 4724 pro
2876 4648 3220 4706 ﬁrmissima
3249 4648 3480 4706 cautela
3506 4652 3566 4704 et
3595 4651 3782 4703 eterna

538 4756 794 4815 nominis
824 4755 916 4812 sui
945 4771 1012 4811 ac
1041 4752 1204 4826 regni
1236 4753 1591 4808 Francorum
1621 4751 1922 4821 memoria,
1937 4750 2190 4824 propriis
2218 4750 2343 4808 suis
2374 4749 2649 4808 manibus
2678 4747 2894 4822 posuit.
2911 4746 3156 4819 Aliaque
3174 4747 3440 4818 ejusdem
3473 4740 3780 4802 donationis

539 4853 803 4927 exempla
832 4871 935 4927 per
963 4848 1337 4908 scriniarium
1367 4839 1554 4923 hujus
1578 4854 1790 4907 sanctae
1821 4854 2032 4906 nostrae
2059 4848 2325 4905 Ecclesiae
2355 4847 2667 4921 descripta,
2700 4847 2829 4920 ejus
2849 4844 3187 4902 excellentia
3215 4861 3418 4900 secum
3457 4838 3778 4916 deportavit.

437 4955 503 5010 10
541 4954 947 5023 Reversusque
966 4965 1102 5004 cum
1125 4945 1248 5004 suis
1275 4947 1622 5005 exercitibus
1645 4946 2068 5020 Ticinum,ipse
2090 4945 2614 5003 excellentissimus
2627 4947 2984 5002 Francorum
3001 4959 3100 4998 rex
3122 4941 3462 5013 fortiterque
3484 4937 3777 4998 debellans,

541 5055 718 5122 atque
748 5046 1024 5104 obsidens
1043 5043 1335 5102 civitatem
1357 5045 1764 5119 Papiam,dum
1785 5045 1874 5102 ira
1902 5044 2002 5102 Dei
2029 5061 2207 5117 super
2235 5061 2439 5101 omnes
2471 5029 2886 5117 Langobardos
2908 5042 3010 5115 qui
3039 5041 3101 5096 in
3133 5040 3335 5096 eadem
3366 5039 3602 5096 civitate
3621 5038 3777 5098 erant,

541 5146 912 5222 grassaretur
939 5147 1114 5215 atque
1139 5141 1382 5212 saviret,
1407 5148 1464 5200 et
1493 5143 1691 5217 plures
1739 5143 2124 5217 languoribus
2168 5159 2273 5199 seu
2323 5140 2699 5198 mortalitatis
2747 5139 2911 5196 clade
2955 5138 3326 5208 defecissent,
3363 5136 3448 5193 ita
3506 5136 3608 5192 Dei
3656 5136 3777 5188 nutu

541 5239 810 5300 eamdem
841 5238 1152 5308 civitatem,
1184 5239 1482 5313 simulque
1501 5247 1559 5298 et
1587 5241 1956 5299 Desiderium
1990 5241 2507 5314 Langobardorum
2538 5255 2756 5313 regem,
2781 5242 2954 5311 atque
2974 5240 3216 5294 cunctos
3246 5235 3510 5307 quicum
3550 5250 3618 5291 eo
3645 5232 3781 5289 erant

540 5339 672 5410 ipse
691 5335 1212 5398 excellentissimus
1235 5339 1590 5397 Francorum
1608 5357 1708 5397 rex
1727 5339 2252 5412 comprehendit,et
2283 5357 2403 5397 suae
2423 5339 2695 5412 potestati
2720 5340 2998 5394 cunctum
3021 5350 3268 5409 regnum
3287 5332 3777 5406 Langobardorum

1586 5535 1838 5582 NOTDLE
1878 5533 2272 5582 HARGINALES
2313 5533 2625 5580 FABROTTI.

399 5667 968 5816 “ﬁtiﬁgglﬁnm.
1029 5679 1107 5751 (b)
1136 5682 1510 5737 Lateranum.
1597 5678 1667 5750 (c)
1700 5678 1763 5745 Β,
1796 5677 1932 5736 inde
1961 5677 2040 5736 in.
2097 5678 2177 5749 (ἀ)
2205 5679 2267 5735 Β.
2301 5681 2494 5750 ponte.
2575 5679 2647 5748 (e)
2679 5677 2741 5747 B,
2775 5692 2904 5734 eam
2935 5673 3323 5734 subscribere.
3391 5673 3464 5745 (Γ)
3494 5673 3770 5746 Apparem.
