3934 6202
169 256 333 319 1181
918 257 1294 320 HISTORIA
1335 258 1438 325 DE
1478 257 1685 320 VITIS
1732 257 1922 321 ROM.
1972 258 2299 320 PONT.—
2328 258 2394 320 S.
2444 257 2867 321 ADRIANUS.
3433 253 3591 318 um

206 390 281 448 15
320 387 1003 462 subjugavit.Prafatum
1034 405 1168 445 vero
1199 389 1565 446 Desiderium
1600 390 2120 463 Longobnrdorum
2154 405 2348 462 regem
2380 393 2439 446 et
2467 389 2595 461 ejus
2624 388 2934 461 conjugem
2968 402 3168 444 secum
3198 383 3257 442 in
3283 386 3588 443 Franciam

321 487 662 561 deportavit.
697 488 835 543 Erat
863 488 1021 543 enim
1055 487 1365 560 sapefatus
1399 487 1774 545 beatissimus
1805 489 2063 561 pontifex
2089 494 2315 544 amator
2345 487 2748 543 ecclesiarum.

390 586 548 642 820
580 585 681 641 Hic
712 584 869 640 enim
900 584 1269 658 coangelicus
1299 585 1386 640 vir
1416 586 1549 642 fecit
1579 587 1637 642 in
1670 586 1913 643 ecclesia
1940 586 2093 643 beati
2131 586 2276 642 Petri
2304 584 2550 658 apostoli
2580 589 2803 642 vestem
2836 583 2996 639 mira
3032 580 3489 656 pulchritudinis
3519 599 3590 639 ex

321 700 463 739 auro
492 687 550 739 et
577 683 850 756 gemmis,
884 682 1195 739 habentem
1229 685 1656 757 prafiguratam
1690 685 1997 741 historiam
2031 685 2284 757 qualiter
2313 686 2519 740 beatus
2553 685 2757 740 Petrus
2788 700 2823 739 a
2867 682 3118 738 vinculis
3166 698 3269 754 per
3314 680 3587 753 angelum

318 786 557 854 ereptus
588 784 857 838 est.Item
891 781 947 835 in
980 782 1183 837 eadem
1216 781 1457 838 basilica
1486 783 1558 838 ab
1592 783 1831 839 introitu
1862 784 1933 839 de
1962 799 2138 856 rugas
2170 798 2356 855 usque
2392 783 2463 838 ad
2486 781 2912 838 confessionem
2944 780 3341 853 pavimentum
3362 777 3593 834 vestivit

317 879 391 934 de
420 881 659 951 argento
690 878 1028 951 purissimo,
1070 880 1226 951 quod
1260 896 1423 952 pens.
1468 879 1647 937 libras
1678 885 1911 937 centum
1944 880 2396 954 quinquaginta.
2432 880 2589 936 Fecit
2636 879 2813 935 etiam
2844 878 2900 934 in
2933 879 3137 935 eadem
3190 876 3319 950 ipsa
3350 876 3593 934 basilica

235 979 278 1033 5
308 976 464 1033 beati
500 976 647 1032 Petri
672 978 844 1048 juxta
865 978 1082 1049 januas
1112 978 1365 1049 majores
1394 982 1699 1051 argenteas
1731 979 1986 1035 cortinas
2018 978 2180 1034 mira
2210 978 2639 1052 magnitudinis
2668 979 2740 1033 de
2771 975 2963 1049 palliis
2994 975 3291 1031 stauracin
3326 991 3429 1030 seu
3452 991 3591 1047 qua-

314 1074 596 1147 drapolis.
630 1074 779 1129 Nam
810 1079 867 1129 et
898 1090 1002 1148 per
1030 1075 1334 1131 universos
1366 1092 1537 1131 arcus
1559 1077 1823 1148 ejusdem
1856 1077 2253 1149 apostolorum
2278 1076 2563 1150 principis
2590 1076 2844 1131 basilica
2875 1076 2947 1130 de
2978 1072 3171 1147 palliis
3199 1072 3365 1146 tyriis
3413 1076 3591 1144 atque

314 1172 579 1228 fundatis
612 1172 747 1229 fecit
774 1171 902 1229 vela
931 1190 1174 1229 numero
1208 1173 1511 1245 sexaginta
1540 1173 1820 1247 quinque.
1852 1175 2113 1247 Denique
2144 1176 2273 1246 ejus
2307 1174 2604 1231 beatitudo
2637 1172 2772 1229 fecit
2800 1178 2856 1227 et
2881 1172 3132 1245 pharum
3183 1170 3465 1241 majorem
3527 1169 3587 1225 in

312 1271 523 1327 eadem
556 1275 615 1326 Β.
653 1270 803 1326 Petri
836 1270 1080 1327 ecclesia
1110 1270 1171 1326 in
1194 1275 1399 1343 typum
1432 1273 1643 1339 crucis,
1678 1272 1775 1345 qui
1809 1274 2023 1345 pendet
2068 1277 2203 1329 ante
2252 1272 2701 1346 presbyterium,
2733 1271 3047 1327 habentem
3096 1266 3372 1324 candelas
3427 1265 3587 1323 mille

316 1372 614 1425 trecentas
645 1371 703 1424 et
732 1368 1124 1442 septuaginta.
1159 1370 1230 1425 Et
1260 1369 1563 1425 constituit
1596 1374 1659 1425 ut
1689 1374 1940 1443 quatuor
1966 1371 2192 1427 vicibus
2223 1370 2281 1426 in
2314 1387 2465 1426 anno
2497 1370 2691 1443 ipsum
2722 1369 2974 1442 pharum
3006 1367 3374 1434 accendatur,
3408 1366 3465 1422 id
3498 1368 3588 1422 est

199 1465 273 1524 10
312 1466 378 1522 in
405 1466 712 1522 Nativitate
744 1466 999 1533 Domini,
1033 1467 1090 1521 in
1125 1466 1365 1538 Pascha,
1399 1467 1457 1522 in
1490 1467 1670 1523 natali
1704 1468 2121 1541 aportolorum,
2154 1474 2212 1524 et
2240 1469 2299 1523 in
2333 1467 2510 1524 natali
2542 1467 2855 1541 pontificis.

392 1565 542 1621 821
580 1564 840 1636 Itemque
866 1565 1140 1637 praefatus
1171 1564 1585 1621 sanctissimus
1616 1566 1825 1638 prasul
1852 1566 1985 1622 fecit
2006 1567 2066 1622 in
2087 1584 2155 1622 ea
2185 1565 2428 1622 basilica
2458 1565 2695 1622 calicem
2729 1565 3040 1620 fundatum
3062 1566 3587 1637 argenteum,pens

315 1662 503 1719 libras
532 1661 995 1734 quinque,quem
1027 1666 1084 1719 et
1113 1661 1309 1735 posuit
1340 1662 1399 1717 in
1430 1662 1787 1736 presbyterio
1819 1681 1923 1737 pro
1952 1682 2018 1721 eo
2044 1664 2145 1737 qui
2176 1665 2426 1737 perierat
2447 1663 2810 1737 temporibus
2832 1661 3032 1719 domni
3057 1660 3218 1717 Pauli
3239 1659 3586 1734 papa.Nam

313 1765 379 1817 et
404 1760 462 1815 in
492 1759 737 1816 ecclesia
768 1760 921 1816 beati
936 1761 1179 1816 Andrea
1199 1760 1587 1834 apostoli,sita
1601 1764 1769 1834 juxta
1791 1764 2058 1819 eamdem
2081 1763 2236 1819 beati
2263 1762 2411 1819 Petri
2433 1761 2677 1835 apostoli
2711 1760 3015 1817 ecclesiam
3038 1758 3341 1832 cyburiam
3364 1756 3589 1813 noviter

314 1875 389 1915 ex
419 1862 657 1930 argento
690 1858 1083 1915 mundissimo
1114 1858 1238 1931 ipse
1270 1864 1358 1915 ter
1388 1859 1764 1917 beatissimus
1795 1861 2052 1933 pontifex
2083 1860 2351 1933 fecit,qui
2382 1860 2733 1933 pens.libras
2763 1863 2999 1915 centum
3028 1856 3271 1931 triginta
3300 1855 3584 1928 quinque.

233 1958 273 2013 5
316 1957 523 2029 Itaque
553 1961 612 2011 et
639 1956 697 2011 in
730 1955 973 2013 ecclesia
1003 1957 1156 2013 beati
1192 1956 1351 2013 Pauli
1382 1958 1627 2029 apostoli
1661 1958 1952 2016 investivit
1981 1976 2194 2033 corpus
2224 1960 2488 2031 ejusdem
2521 1958 2775 2015 doctoris
2806 1955 3011 2013 mundi
3034 1973 3103 2013 ex
3126 1954 3362 2012 laminis
3385 1970 3587 2027 argen-

313 2054 452 2121 teis,
485 2071 628 2127 pens
658 2054 839 2110 libras
869 2055 1132 2128 triginta.

390 2153 547 2210 822
580 2154 734 2219 Quas
765 2152 991 2208 addidit
1020 2153 1206 2210 isdem
1240 2154 1647 2211 sanstissimus
1676 2155 2196 2229 prasul,quoniam
2229 2161 2537 2230 argentum
2570 2154 2736 2221 illud,
2760 2155 2912 2227 quod
2956 2152 3229 2226 primitus
3256 2148 3584 2217 erat,nimis

314 2251 683 2307 confractum
715 2249 1015 2307 existebat.
1033 2256 1175 2307 Item
1208 2251 1343 2307 fecit
1372 2251 1429 2306 in
1462 2254 1667 2308 eadem
1694 2253 1937 2309 basilica
1958 2253 2110 2309 beati
2125 2253 2283 2309 Pauli
2307 2253 2552 2325 apostoli
2575 2252 2862 2307 cortinam
2888 2253 3167 2322 majorem
3183 2250 3356 2319 juxta
3367 2248 3584 2319 januas

315 2347 673 2422 principales
702 2366 770 2404 ex
802 2348 994 2421 palliis
1026 2349 1403 2422 quadrapolis
1434 2351 1505 2405 ad
1539 2351 1728 2406 instar
1758 2353 2015 2418 cortina,
2048 2368 2225 2424 quam
2257 2350 2316 2406 in
2347 2350 2606 2407 Ecclesia
2638 2350 2789 2405 beati
2823 2348 2977 2404 Petri
3010 2348 3163 2403 fecit.
3194 2347 3305 2403 Sed
3328 2350 3386 2402 et
3408 2344 3583 2401 aliam

317 2445 608 2503 cortinam
639 2446 919 2517 majorem
950 2448 1084 2503 fecit
1112 2452 1169 2503 et
1200 2446 1392 2519 palliis
1426 2448 1957 2522 quadrapolis,qua
1989 2450 2202 2521 pendet
2231 2449 2341 2505 sub
2373 2466 2512 2504 arcu
2549 2450 2769 2520 majore
2792 2448 2962 2519 juxta
2982 2445 3164 2502 altare
3184 2463 3196 2513 ;
3216 2443 3391 2500 etiam
3408 2447 3465 2500 et
3484 2458 3588 2515 per

235 2548 277 2601 5
318 2545 581 2600 diversos
612 2562 783 2600 arcus
813 2544 1001 2617 ipsius
1032 2544 1288 2601 ecclesia
1318 2562 1385 2601 ex
1418 2546 1610 2618 palliis
1634 2548 2010 2620 quadrapolis
2037 2548 2171 2603 fecit
2190 2548 2316 2603 vela
2334 2563 2578 2603 numero
2595 2544 3219 2619 septuaginta.Atrium
3240 2559 3375 2598 vero
3398 2540 3587 2615 ipsius

318 2643 472 2699 beati
510 2642 668 2700 Pauli
698 2642 975 2716 ecclesia,
1008 2645 1163 2716 quod
1188 2649 1322 2699 ante
1352 2644 1677 2700 desolatum
1708 2645 2125 2714 existebat,ubi
2154 2646 2327 2702 boves
2358 2650 2534 2718 atque
2564 2644 2772 2702 caballi
2805 2642 3285 2716 ingrediebantur
3311 2641 3383 2696 ad
3408 2639 3589 2712 pabu-

322 2740 567 2797 landum
598 2746 835 2814 propter
861 2741 1101 2798 herbam
1147 2759 1275 2813 qua
1321 2741 1539 2798 ibidem
1588 2744 1957 2808 nascebatur,
1990 2743 2311 2816 inapiratus
2361 2761 2395 2799 a
2424 2744 2539 2799 Deo
2569 2742 2757 2798 isdem
2789 2739 3199 2797 sanctissimus
3231 2737 3489 2811 pontifex
3516 2753 3587 2793 ex

321 2838 719 2893 marmoribus
748 2837 1008 2910 pulchris
1036 2842 1294 2895 sternere
1326 2840 1477 2895 fecit.
1514 2840 1575 2895 In
1610 2839 1855 2896 ecclesia
1884 2844 2100 2895 sancta
2124 2839 2223 2895 Dei
2257 2840 2569 2896 Genitricis
2596 2840 2668 2894 ad
2718 2839 2975 2909 Prasepe
3022 2835 3157 2893 fecit
3197 2838 3387 2891 vestes
3436 2834 3584 2890 duas

321 2952 502 3009 super
530 2935 709 2992 altare
739 2937 978 3008 majore,
1012 2954 1191 2993 unam
1225 2954 1291 2993 ex
1322 2955 1464 2993 auro
1493 2937 1810 3011 purissimo
1840 2943 2013 3011 atque
2043 2938 2314 3012 gemmis,
2348 2938 2660 2994 habentem
2708 2934 3171 3008 assumptionem
3219 2936 3435 2990 sancta
3480 2930 3583 2987 Dei

201 3036 280 3089 70
322 3033 654 3101 Genitricis,
689 3039 746 3090 et
776 3034 952 3090 aliam
984 3035 1055 3090 de
1085 3035 1400 3091 stauracim
1423 3036 1498 3107 (α)
1528 3041 1793 3091 ornatam
1824 3036 1884 3091 in
1915 3036 2164 3092 circuitu
2197 3035 2404 3092 blattin
2428 3038 2523 3107 (b).
2563 3035 2717 3091 Fecit
2745 3035 2805 3090 in
2837 3051 2904 3090 ea
2946 3032 3192 3090 ecclesia
3240 3036 3297 3087 et
3324 3030 3584 3087 cortinas

314 3132 571 3202 majores
602 3148 670 3187 ex
701 3130 892 3203 palliis
922 3132 1299 3205 quadrapolis
1329 3133 1396 3204 (ο)
1427 3134 1500 3189 ad
1530 3132 1979 3190 similitudinem
2012 3150 2189 3206 quam
2211 3132 2271 3188 in
2301 3132 2545 3190 ecclesia
2573 3133 2758 3189 sancti
2785 3130 2931 3189 Petri
2962 3131 3115 3187 fecit.

389 3230 543 3285 828
574 3229 686 3285 Sed
714 3233 773 3285 et
802 3246 905 3301 per
933 3229 1191 3286 diversos
1222 3248 1393 3287 arcus
1425 3231 1687 3303 ejusdem
1718 3231 1970 3287 basilica
2004 3236 2219 3288 sancta
2252 3232 2351 3288 Dei
2377 3230 2686 3288 Genitricis
2717 3230 2897 3287 simili
2928 3230 3102 3286 modo
3131 3245 3200 3286 ex
3227 3227 3402 3302 pallis
3432 3244 3583 3300 qua-

314 3325 577 3398 drapolis
610 3326 747 3382 fecit
772 3326 899 3382 vela
928 3344 1172 3383 numero
1203 3328 1590 3401 quadraginta
1620 3329 1757 3384 duo.
1791 3329 1853 3384 In
1885 3329 2128 3385 basilica
2158 3346 2291 3386 vero
2323 3329 2640 3386 Salvatoris
2672 3328 2903 3385 Domini
2948 3326 3129 3383 nostri
3180 3327 3317 3384 Jesu
3364 3324 3579 3381 Christi

303 3424 481 3496 juxta
511 3423 813 3480 Lateranis
845 3424 1117 3481 similiter
1139 3425 1273 3481 fecit
1300 3430 1520 3482 vestem
1556 3427 1625 3483 de
1649 3426 1957 3483 stauracin.
1977 3444 2079 3483 seu
2111 3428 2398 3484 cortinam
2432 3428 2713 3500 majorem
2754 3444 2824 3483 ex
2852 3424 3022 3500 pallis
3052 3424 3448 3499 quadrapolis,
3480 3423 3583 3479 sed

315 3523 375 3578 et
403 3538 507 3594 per
534 3521 791 3578 diversos
823 3539 996 3578 arcus
1024 3522 1148 3578 vela
1170 3522 1371 3593 Syrica
1398 3541 1643 3581 numero
1666 3525 2097 3599 quinquaginta
2126 3526 2576 3598 septem,omnia
2595 3542 2663 3581 ex
2692 3523 2886 3597 palliis
2912 3523 3287 3597 quadrapolis
3309 3539 3411 3579 seu
3431 3526 3583 3578 stau-

238 3623 275 3677 4
314 3619 673 3676 racin.Fecit
702 3620 759 3675 in
793 3619 1039 3676 ecclesia
1068 3620 1221 3675 beati
1246 3621 1541 3678 Laurentii
1576 3622 1848 3695 martyris
1879 3623 2020 3679 foris
2053 3623 2514 3690 muros,scilicet
2544 3624 2643 3679 ubi
2676 3627 2946 3679 sanctum
2978 3624 3106 3694 ejus
3128 3638 3341 3696 corpus
3364 3618 3584 3692 requie-

319 3718 680 3784 scit,vestem
712 3718 782 3774 de
813 3718 1151 3785 stauracim,
1181 3724 1239 3774 et
1264 3718 1324 3773 in
1355 3719 1601 3775 ecclesia
1629 3721 1846 3792 Majore
1877 3720 2052 3776 aliam
2082 3720 2357 3776 similiter
2387 3720 2521 3776 fecit
2548 3726 2788 3777 vestem.
2824 3721 2971 3777 Nam
3004 3725 3062 3776 et
3076 3725 3295 3777 tectum
3318 3719 3586 3792 ejusdem

317 3815 473 3873 beati
505 3816 798 3872 Laurentii
831 3816 1082 3872 basilica
1104 3818 1398 3890 martyris,
1422 3819 1721 3890 quodjam
1753 3817 2066 3874 distectum
2091 3823 2233 3887 erat,
2257 3824 2314 3874 et
2335 3821 2529 3875 trabes
2560 3820 2689 3889 ejus
2718 3819 3047 3887 confracta,
3083 3818 3309 3875 noviter
3330 3817 3482 3873 fecit.
3520 3816 3583 3872 In

314 3912 561 3970 basilica
584 3917 777 3970 autem
808 3912 1264 3970 beatiValentini
1292 3914 1468 3970 simili
1500 3916 1673 3971 modo
1706 3915 1842 3971 fecit
1871 3920 2092 3971 vestem
2124 3917 2194 3971 de
2216 3916 2554 3972 stauracim.
2572 3916 2633 3971 ln
2651 3915 2895 3971 basilica
2915 3916 3067 3971 beati
3092 3914 3378 3971 Pancratii
3405 3913 3581 3969 aliam

317 4011 500 4069 simili
533 4012 705 4068 modo
726 4013 797 4069 de
827 4012 1144 4069 stauracim
1165 4014 1301 4069 fecit
1323 4018 1563 4069 vestem.
1581 4013 1644 4068 In
1662 4012 1907 4069 ecclesia
1926 4031 2057 4070 vero
2077 4014 2229 4070 beati
2252 4014 2630 4086 Marci,cujus
2644 4018 2863 4070 tectum
2878 4016 3004 4085 jam
3017 4016 3302 4069 vetustate
3323 4011 3581 4084 positam

201 4112 277 4168 40
315 4109 576 4166 vicinum
608 4111 789 4166 ruina
820 4110 1120 4179 existebat,
1152 4111 1433 4183 depositis
1481 4110 1896 4167 vetustissimis
1943 4112 2229 4181 trabibus,
2263 4117 2319 4168 et
2340 4111 2471 4167 aliis
2517 4110 3085 4185 impositis,‘noviter
3131 4111 3329 4182 ipsum
3360 4113 3581 4164 tectum

316 4211 495 4280 atque
526 4208 784 4281 porticus
815 4209 874 4263 in
901 4208 1147 4265 circuitu
1181 4210 1333 4275 fecit,
1368 4211 1751 4282 eamdemque
1781 4210 2086 4267 ecclesiam
2118 4209 2483 4268 restauravit.
2515 4211 2699 4266 Arcus
2728 4226 2861 4265 vero
2891 4213 3033 4275 tres,
3066 4208 3165 4281 qui
3196 4204 3580 4263 vetustissimi

314 4310 504 4372 erant,
533 4307 755 4362 addens
786 4307 974 4362 isdem
1007 4307 1383 4365 beatissimus
1408 4308 1666 4381 pontifex
1694 4309 1918 4381 argenti
1949 4309 2080 4364 libr.
2115 4309 2685 4378 duodecim,noviter
2715 4307 2869 4365 fecit.
2894 4306 3049 4362 Fecit
3077 4304 3254 4362 etiam
3286 4304 3344 4359 in
3376 4302 3580 4359 eadem

314 4402 563 4460 ecclesia
594 4420 770 4476 super
800 4404 969 4460 altari
992 4406 1211 4476 majore
1240 4410 1457 4461 vestem
1487 4407 1559 4461 de
1590 4406 2012 4473 stauracin,sed
2044 4412 2101 4463 et
2130 4424 2233 4480 per
2251 4406 2507 4463 diversos
2540 4423 2711 4463 arcus
2731 4406 2997 4477 ejusdem
3019 4402 3276 4461 ecclesia
3298 4418 3365 4458 ex
3386 4398 3580 4473 palliis

316 4500 693 4574 quadrapolis
715 4501 848 4558 fecit
878 4518 1120 4558 numero
1148 4501 1274 4559 vela
1302 4503 1506 4576 viginti
1538 4504 2087 4577 septem,simulque
2108 4509 2165 4561 et
2191 4521 2465 4562 coronam
2489 4522 2557 4561 ex
2579 4503 2797 4561 eisdem
2828 4502 3024 4576 palliis
3045 4498 3579 4575 quadrapolis,qua

201 4600 277 4657 45
317 4599 535 4672 pendet
564 4600 675 4655 sub
704 4601 891 4671 trabe,
924 4600 1077 4656 fecit.

388 4697 546 4754 824
577 4698 818 4753 Tectum
834 4714 966 4754 vere
995 4697 1247 4754 basilica
1278 4698 1431 4755 beati
1465 4700 1782 4757 Laurentii.
1823 4742 1835 4756 .
1871 4744 1885 4758 .
1925 4743 1937 4756 .
1973 4745 1986 4757 .
2024 4743 2036 4756 .
2073 4744 2086 4758 .
2121 4702 2193 4757 ad
2225 4700 2742 4769 Taurellum,dum
2775 4698 2952 4756 nimis
2969 4695 3440 4756 vetustissimum
3463 4693 3582 4749 ine-

314 4798 428 4863 rat,
452 4810 656 4851 omnes
688 4796 816 4867 ejus
845 4795 1039 4852 trabes
1070 4813 1246 4852 novas
1278 4795 1495 4853 ibidem
1527 4797 1723 4870 posuit
1754 4798 2015 4871 illudque
2046 4801 2409 4856 restauravit.
2443 4799 2747 4872 Simulque
2776 4802 2835 4855 et
2864 4800 3082 4853 vestem
3134 4796 3207 4851 de
3250 4790 3578 4867 quadruplo

314 4908 495 4964 super
523 4891 707 4948 altare
736 4893 1003 4965 ejusdem
1036 4893 1292 4949 ecclesia
1324 4894 1459 4950 fecit
1489 4900 1664 4967 atque
1694 4896 1919 4952 obtulit.
1958 4897 2207 4953 Basilica
2235 4915 2367 4954 vero
2400 4897 2551 4953 beati
2586 4896 2792 4953 Felicis
2824 4895 3015 4969 posita
3045 4896 3105 4951 in
3140 4893 3487 4963 Pincis,qua
3519 4890 3579 4945 in

315 4988 486 5045 ruina
512 4994 655 5058 erat,
688 4994 744 5045 et
774 4994 993 5045 tectum
1016 4991 1145 5062 ejus
1174 4990 1486 5047 distectum
1518 4991 1983 5062 existebat,facta
2012 4996 2217 5051 eodem
2248 5000 2400 5052 tecto
2432 4996 2656 5051 noviter
2699 4995 2890 5068 ipsam
2921 4991 3227 5049 ecclesiam
3261 4986 3575 5055 renovavit,

232 5089 272 5143 5
302 5090 363 5143 et
392 5092 609 5143 vestem
642 5105 818 5160 super
849 5087 1030 5144 altare
1061 5089 1326 5160 ejusdem
1358 5088 1612 5146 ecclesia
1646 5092 1717 5147 de
1748 5094 2127 5165 quadrapolis
2156 5094 2373 5151 faciens
2403 5093 2634 5149 obtulit.
2688 5092 3004 5149 Renovavit
3049 5090 3227 5147 etiam
3273 5092 3331 5144 et
3357 5091 3576 5142 tectum

312 5183 567 5240 basilica
598 5184 785 5240 sancti
819 5184 1139 5251 Laurentii,
1172 5201 1350 5257 quam
1387 5187 1621 5243 Damasi
1648 5194 1876 5258 vocant,
1902 5191 2002 5245 ubi
2036 5196 2092 5247 et
2120 5196 2337 5247 vestem
2370 5207 2547 5262 super
2575 5190 2704 5261 ejus
2733 5190 2915 5246 altare
2945 5190 3017 5244 de
3047 5182 3577 5253 stauracin,simul-

313 5295 429 5353 que
459 5285 515 5337 et
539 5280 713 5337 aliam
742 5286 961 5339 vestem
993 5283 1063 5338 de
1090 5286 1222 5355 post
1249 5282 1432 5339 altare
1465 5284 1724 5352 fecit,ubi
1758 5287 2071 5358 requiescit
2099 5306 2312 5361 corpus
2342 5287 2528 5345 sancti
2561 5287 2817 5345 Damasi.
2836 5286 3093 5344 Basilica
3125 5285 3323 5357 itaque
3353 5286 3580 5355 apostoo

313 5378 505 5433 lorum
536 5378 597 5434 in
626 5377 720 5434 via
749 5380 890 5435 Lata
917 5380 1177 5451 porticus
1207 5379 1267 5434 in
1299 5380 1546 5436 circuitu
1591 5383 1903 5452 renovavit,
1938 5402 2086 5456 quas
2117 5391 2289 5442 antea
2335 5385 2668 5442 initiaverat
2716 5387 2845 5459 ejus
2895 5385 3287 5459 pradecessor
3322 5383 3578 5438 domnus

312 5475 531 5532 Paulus
560 5492 733 5549 papa,
766 5480 825 5532 et
853 5493 969 5532 non
999 5475 1345 5549 expleverat,
1370 5478 1568 5533 omnia
1597 5480 1712 5535 Deo
1742 5482 1989 5553 propitio
2020 5484 2298 5555 prafatus
2328 5483 2710 5542 beatissimus
2740 5484 2999 5558 pontifex
3027 5480 3336 5555 reparavit,
3369 5476 3576 5537 simul-

144 5602 145 5607 π
203 5575 275 5631 10
313 5590 425 5647 que
455 5578 512 5630 et
541 5577 762 5631 tectum
790 5575 985 5646 majus
1007 5575 1371 5632 restauravit.
1387 5576 1533 5632 Nam
1566 5577 1833 5635 absidam
1866 5580 2053 5652 ipsius
2091 5582 2347 5639 ecclesia
2379 5598 2625 5641 cernens
2655 5584 2841 5642 isdem
2892 5582 3273 5640 beatissimus
3322 5578 3579 5653 pontifex

1356 5700 1601 5747 NOTULE
1644 5702 2023 5750 lARGINALES
2066 5706 2381 5754 FABROTTI.

238 5788 359 5858 (a)'
391 5784 712 5843 stauracio.
824 5786 901 5856 (b)
922 5789 943 5811 θ
976 5784 1196 5842 blattis.
1312 5788 1419 5861 (c)"
1451 5791 1811 5865 quadraplis,
1842 5792 1929 5850 vel
1963 5796 2331 5871 quadruplis.
