3934 6202
361 206 514 268 “8'7
1505 197 1917 261 ANAS'I‘ASII
1962 195 2614 259 BIBLIOTHECABII.
3615 199 3645 260 1
3659 197 3784 260 188

499 352 626 410 quas
645 339 944 409 ponuntur
959 351 1135 407 super
1151 349 1326 405 rugas
1345 332 1402 388 in
1428 331 1667 388 introitu
1697 328 2254 404 presbyterii.Unam
2278 328 2516 402 quidem
2539 327 2854 384 habentem
2877 326 3106 384 vultum
3131 327 3428 401 depictum
3450 329 3784 388 Salvatoris

500 433 733 490 Domini
761 432 947 489 nostri
974 431 1114 488 Jesu
1146 430 1393 497 Christi;
1418 434 1476 484 et
1505 445 1574 484 ex
1604 429 1912 499 utriusque
1945 426 2225 483 lateribus
2258 427 2542 499 imagines
2564 425 2824 498 depictas
2845 425 3130 482 habentes
3149 425 3375 498 efﬁgies
3397 427 3778 501 angelorum,

389 534 462 590 2O
500 531 600 606 qui
632 528 1144 604 pens.libr.viginti
1176 527 1614 601 quatuor.Fecit
1645 531 1701 582 et
1730 526 1789 581 in
1823 525 2068 582 basilica
2098 523 2586 596 apostolorum,in
2615 524 2703 580 via
2737 525 2896 591 Lata,
2918 523 3045 580 vela
3076 524 3146 580 de
3172 523 3366 598 palliis
3414 525 3626 599 syricis
3657 544 3780 583 nu-

500 648 661 688 mero
687 629 976 703 viginti,et
1005 627 1158 683 linea
1186 624 1484 698 viginti.In
1517 624 1761 680 ecclesia
1790 640 1921 680 vero
1953 622 2103 680 beati
2136 622 2435 678 Laurentii
2467 621 2740 694 martyris
2771 626 2950 694 atque
2978 621 3160 678 levita:
3191 623 3332 680 foris
3361 640 3567 680 muros
3587 624 3780 696 hujus

501 728 750 788 civitatis
783 728 1052 784 Romanae
1082 725 1218 782 fecit
1238 723 1365 780 vela
1392 740 1461 780 ex
1490 722 1688 796 palliis
1719 721 1923 795 syricis
1955 722 2197 778 nnm.20
2225 725 2282 777 et
2311 719 2466 777 linea
2493 720 2737 778 20.Nam
2769 724 2826 777 et
2853 719 2915 777 in
2946 719 3192 778 ecclesia
3223 720 3405 777 beatae
3455 720 3559 779 Dei
3590 723 3778 780 Geni-

499 828 662 886 tricis
691 827 764 884 ad
793 825 1075 897 Martyres
1106 821 1283 878 simili
1314 821 1485 877 modo
1516 820 1642 876 vela
1672 821 1743 875 de
1775 818 1972 892 palliis
2006 817 2212 892 syricis
2243 835 2487 875 numero
2517 817 2806 892 viginti,et
2825 818 2980 875 linea
3006 818 3388 892 viginti.Item
3414 819 3604 878 isdem
3629 838 3783 878 san-

497 926 794 984 ctissimus
825 921 1081 996 pontifex
1111 921 1247 993 fecit
1278 937 1380 993 per
1407 919 1666 976 diversos
1694 917 1894 973 titulos
1925 916 2051 972 vela
2077 917 2147 972 de
2178 917 2473 973 stauracin
2507 933 2608 974 seu
2635 917 2784 990 tyria
2827 934 2930 990 per
2974 934 3460 990 unumquemque
3508 919 3770 975 titulum

391 1028 461 1083 25
499 1039 742 1080 numero
772 1017 1060 1093 viginti,et
1079 1015 1234 1072 linea
1261 1015 1490 1088 viginti,
1525 1032 1650 1087 quae
1683 1015 1831 1069 ﬁunt
1858 1012 2036 1069 simul
2065 1013 2190 1068 vela
2220 1015 2410 1086 syrica
2440 1029 2685 1069 numero
2715 1018 2970 1086 quatuor
2997 1018 3235 1070 centum
3265 1017 3324 1070 et
3343 1015 3775 1090 quadraginta.

566 1120 722 1178 882
753 1119 881 1192 Ipse
909 1132 1044 1173 vero
1074 1114 1402 1188 praecipuus
1432 1112 1688 1186 pontifex
1714 1111 1848 1168 fecit
1875 1110 2164 1184 imagines
2192 1128 2261 1167 ex
2289 1109 2528 1167 laminis
2560 1111 2851 1185 argenteis
2881 1111 3180 1168 deauratis
3201 1111 3486 1169 habentes
3503 1113 3774 1187 efﬁgiem

495 1217 810 1276 Salvatoris
843 1213 1069 1272 Domini
1100 1212 1284 1270 nostri
1314 1212 1455 1269 Jesu
1486 1210 1722 1276 Christi,
1755 1226 1882 1282 qua
1913 1209 2107 1282 posita
2131 1213 2220 1265 est
2249 1226 2426 1282 super
2454 1208 2699 1266 introitu
2730 1200 3164 1266 basilicm'beati
3197 1210 3348 1266 Petri
3380 1210 3775 1283 apostoli,ubi

355 1343 380 1364 ·.
495 1321 674 1392 portae
705 1317 988 1388 argenteas
1017 1311 1297 1377 existunt,
1330 1326 1456 1382 qua
1507 1307 1860 1381 pens.libras
1905 1305 2352 1379 quinquaginta.
2387 1307 2532 1362 Nam
2565 1311 2621 1362 et
2649 1323 2753 1379 per
2784 1306 3043 1363 diversas
3082 1307 3384 1364 diaconias
3415 1308 3551 1365 fecit
3579 1306 3775 1365 simili

496 1415 668 1473 modo
697 1412 824 1469 vela
851 1408 1142 1467 stauracia
1171 1425 1273 1465 seu
1304 1406 1454 1480 tyria
1483 1423 1586 1478 pro
1612 1421 1960 1477 unaquaque
1989 1403 2256 1460 diaconia
2297 1421 2540 1460 numero
2590 1421 2710 1472 sex,
2743 1422 2872 1478 qum
2919 1405 3069 1460 ﬁunt
3113 1404 3291 1462 simul
3336 1405 3465 1463 vela
3511 1423 3774 1464 numero

383 1556 386 1559 -
421 1517 458 1572 5
495 1511 816 1585 nonaginta
843 1509 1112 1567 scx.ltem
1143 1506 1328 1562 isdem
1356 1503 1766 1562 sanctissimus
1794 1519 2007 1576 prwsul
2037 1503 2286 1558 formam
2316 1519 2443 1575 qua
2464 1501 2634 1559 Jobia
2654 1505 2730 1572 (a)
2751 1507 3147 1576 vocatur,quze
3170 1521 3274 1577 per
3296 1503 3528 1560 evoluta
3548 1505 3772 1579 viginti

493 1617 783 1660 annorum
815 1597 1004 1672 spatia
1034 1595 1207 1652 nimis
1238 1594 1534 1651 confracta
1555 1591 2252 1666 jacebatafundamentis
2283 1595 2611 1647 restaurare
2634 1591 2985 1647 fecit.Simili
3011 1592 3183 1648 modo
3207 1591 3341 1649 fecit
3357 1593 3495 1649 etin
3516 1593 3772 1651 basilica

493 1698 646 1758 beati
675 1696 961 1754 Pancratii
1013 1693 1306 1767 martyris,
1335 1708 1463 1764 qnze
1511 1694 1602 1746 est
1647 1690 1789 1747 foris
1837 1706 2037 1745 muros
2087 1688 2268 1760 hujus
2317 1687 2571 1745 civitatis
2601 1689 2898 1758 Romana,
2930 1687 3058 1745 vela
3085 1691 3159 1746 de
3187 1690 3441 1747 stauraci
3474 1707 3578 1748 seu
3610 1692 3771 1765 tyria

494 1814 739 1856 numero
766 1794 1006 1868 triginta
1035 1797 1186 1860 octo,
1219 1795 1276 1848 et
1303 1789 1460 1847 linea
1487 1788 1728 1862 triginta
1755 1791 1919 1855 octo;
1951 1791 2009 1844 et
2051 1787 2112 1841 iu
2161 1786 2405 1843 basilica
2451 1786 2604 1843 beati
2655 1785 2935 1860 Stephani
2985 1789 3430 1862 protomartyris
3474 1789 3536 1846 in
3583 1790 3769 1847 leio

491 1900 690 1954 monte
719 1893 854 1951 fecit
880 1891 1006 1949 vela
1036 1892 1106 1947 de
1137 1888 1458 1956 stauracin,
1487 1903 1592 1944 seu
1638 1886 1790 1957 tyria
1836 1902 2078 1942 numero
2122 1884 2356 1958 viginti,
2389 1889 2447 1941 et
2477 1884 2631 1941 linea
2677 1884 2904 1958 viginti.
2935 1885 3047 1941 Sed
3093 1890 3152 1942 et
3198 1886 3257 1942 iu
3307 1885 3553 1943 basilica
3601 1889 3764 1944 beati

387 1999 454 2054 10
492 1991 845 2068 Apollinaris
877 1987 1056 2046 simili
1088 1988 1260 2044 modo
1289 1985 1416 2042 vela
1446 1987 1517 2042 de
1544 1983 1769 2058 octaplo
1801 2000 2043 2039 numero
2077 1983 2362 2050 decem,et
2393 1982 2547 2038 linea
2575 1984 2796 2040 decem.
2824 1983 2965 2040 Item
2999 1983 3058 2039 in
3089 1983 3331 2041 basilica
3359 1985 3514 2042 beati
3545 1985 3763 2043 Valen-

492 2094 598 2150 tini
631 2088 928 2163 martyris,
960 2104 1088 2160 qua)
1119 2086 1233 2141 sita
1261 2089 1350 2142 est
1380 2084 1518 2140 foris
1549 2101 1753 2140 muros
1782 2082 1961 2154 hujus
1991 2080 2241 2138 civitatis
2274 2081 2848 2150 Romaum,similiter
2877 2081 3013 2139 fecit
3040 2081 3167 2139 vela
3198 2083 3269 2139 de
3299 2083 3619 2158 stauracin,
3651 2101 3761 2142 seu

489 2188 702 2261 octapli
735 2203 978 2242 numero
1002 2183 1204 2256 viginti
1234 2184 1370 2250 duo,
1403 2186 1460 2237 et
1480 2181 1635 2236 linea
1660 2181 1867 2254 viginti
1899 2181 2034 2237 duo.

561 2289 715 2345 888
746 2287 894 2341 Dum
926 2298 1059 2337 vero
1089 2282 1277 2335 forma
1300 2298 1426 2352 quae
1449 2279 1688 2334 Claudia
1715 2283 1954 2334 vocatur
1984 2296 2087 2352 per
2112 2295 2401 2335 annorum
2427 2278 2620 2351 spatia
2649 2277 2929 2335 demolita
2969 2295 3099 2336 esse
3147 2278 3478 2347 videbatur,
3511 2282 3671 2337 unde
3703 2288 3761 2338 et

488 2388 548 2443 in
579 2381 802 2442 balneis
836 2377 1323 2437 Lateranensibus
1353 2378 1423 2432 de
1453 2376 1582 2449 ipsa
1611 2393 1764 2448 aqua
1791 2375 1971 2432 lavari
2003 2375 2312 2444 selebat,et
2348 2376 2408 2431 in
2456 2375 2799 2449 baptisterio
2849 2375 3105 2434 ecclesiae
3156 2377 3472 2435 Salvatoris
3522 2377 3757 2434 Domini

490 2482 676 2542 nostri
705 2481 844 2537 Jesu
876 2477 1090 2533 Christi
1121 2480 1178 2531 et
1208 2475 1273 2530 in-
1297 2473 1496 2547 plures
1518 2474 1793 2531 ecclesias
1817 2474 1873 2529 in
1899 2475 1990 2530 die
2012 2478 2214 2530 sancto
2227 2474 2461 2530 Pascha
2483 2475 2790 2532 decurrere
2811 2473 3036 2531 solebat
3061 2493 3073 2532 :
3103 2481 3160 2532 et
3179 2475 3321 2532 dum
3349 2477 3584 2532 modica
3605 2493 3760 2549 aqua

488 2585 560 2640 de
593 2577 1012 2653 praenominata
1039 2574 1226 2630 forma
1255 2572 1414 2630 intus
1459 2572 1750 2628 civitatem
1798 2573 2163 2637 decurrebat,
2195 2572 2561 2644 prospiciens
2620 2573 2950 2646 praecipuus
2998 2577 3056 2628 et
3098 2573 3468 2646 coangelicus
3518 2574 3753 2647 praesul,

379 2739 382 2743 ι
413 2676 451 2730 5
487 2683 812 2745 aggregans
841 2663 1277 2720 multitudinem
1311 2661 1506 2735 populi
1531 2679 1600 2717 ex
1624 2662 1890 2734 partibus
1911 2661 2258 2733 Campaniae.
2269 2678 2372 2734 per
2392 2662 2777 2735 semetipsum
2800 2663 2873 2719 ad
2899 2662 3306 2719 fabricandum
3328 2667 3506 2736 atque
3527 2669 3754 2720 restau-

487 2767 740 2824 randum
768 2761 1036 2820 eamdem
1068 2761 1316 2816 formam
1344 2758 1484 2815 totis
1511 2758 1732 2814 viribus
1760 2759 2110 2832 properavit,
2147 2762 2210 2814 ut
2237 2763 2462 2814 tantam
2501 2775 2704 2816 curam
2753 2776 2824 2819 ao
2869 2759 3323 2824 sollicitudinem
3370 2760 3432 2817 in
3485 2762 3754 2833 ejusdem

487 2867 685 2922 formae
716 2859 936 2917 fabrica
984 2856 1264 2923 exhibuit,
1297 2857 1395 2929 qui
1443 2856 1619 2913 etiam
1669 2855 1892 2911 noviter
1929 2872 2058 2912 eam
2091 2856 2387 2912 renovavit
2415 2861 2590 2930 atque
2620 2857 2992 2930 restauravit,
3021 2862 3080 2918 et
3109 2858 3418 2916 confestim
3447 2876 3518 2916 ex
3547 2858 3751 2915 eadem

486 2965 674 3020 forma
703 2976 866 3032 aqua:
898 2957 958 3013 in
991 2955 1230 3029 praefata
1261 2954 1469 3011 balnea
1496 2954 1672 3019 etiam
1700 2959 1759 3010 et
1789 2954 1947 3010 intus
1978 2953 2452 3021 civitatem,sicut
2481 2954 2830 3027 antiquitus,
2852 2957 3222 3019 abundanter
3249 2958 3561 3015 decurrere
3595 2955 3750 3014 fecit.

485 3061 672 3132 Hujus
699 3055 1066 3130 temporibus
1095 3053 1406 3110 defunctus
1439 3053 1752 3108 Leonimus
1784 3051 1988 3108 consul
2017 3056 2076 3108 et
2105 3053 2242 3120 dux,
2277 3053 2654 3125 postmodum
2671 3069 2806 3110 vero
2823 3055 3152 3112 monachus
3165 3055 3488 3124 obveniam
3507 3072 3749 3112 suorum

379 3163 447 3219 l0
485 3158 850 3223 delictorum,
883 3157 1003 3210 tres
1051 3150 1254 3208 uncias
1302 3166 1510 3206 massa:
1556 3150 1844 3205 Aratianze
1874 3151 1971 3220 (ὁ),
2005 3166 2121 3222 qua
2150 3167 2218 3206 ex
2248 3150 2583 3207 haereditate
2631 3155 2941 3225 parentum
2979 3169 3223 3209 suorum
3251 3153 3577 3221 ﬂuebatur,
3606 3153 3748 3210 sitas

483 3258 556 3314 ab
587 3255 697 3310 hac
727 3240 991 3309 Romana
1022 3249 1165 3305 urbe
1195 3247 1467 3304 milliario
1497 3252 1657 3304 sexto
1687 3247 1934 3315 decimo,
1966 3248 2059 3303 via
2085 3247 2417 3316 Ardeatina,
2451 3248 2511 3304 in
2561 3265 2677 3321 quo
2721 3253 2777 3306 et
2821 3249 3127 3307 ecclesiam
3178 3250 3333 3308 beati
3381 3249 3574 3312 Edisti
3617 3267 3748 3308 esse

480 3351 865 3427 dignoscitur,
896 3364 1075 3420 quam
1108 3347 1233 3418 ipse
1259 3344 1637 3401 beatissimus
1664 3362 1817 3417 papa
1844 3362 2070 3418 magnae
2109 3344 2562 3403 constructiouis
2610 3346 2847 3403 fabricis
2894 3347 3205 3416 decoravit,
3236 3349 3664 3423 ampliavitqm
3690 3349 3747 3408 in

479 3451 716 3509 easdem
735 3452 855 3503 tres
885 3445 1090 3501 uncias
1119 3441 1526 3516 suprascripta
1556 3459 1764 3499 massae
1793 3442 2080 3499 Aratianae
2110 3442 2257 3500 alias
2289 3461 2390 3500 sex
2422 3444 2626 3500 uncias
2658 3462 2693 3500 a
2721 3445 2886 3502 Petro
2917 3445 3150 3513 comite,
3180 3450 3358 3519 atque
3385 3448 3612 3520 Agnete
3660 3464 3752 3505 ιο-

476 3550 618 3606 licta
643 3543 965 3618 Agathonis
993 3540 1316 3606 Scriniarii,
1346 3540 1654 3596 Theodataa
1685 3541 1896 3597 relicta
1928 3543 2226 3615 quondam
2259 3542 2548 3598 Dominici
2579 3543 2913 3599 Perfecturii
2945 3545 3036 3616 (c).
3073 3545 3242 3600 Fines
3268 3544 3450 3600 etiam
3481 3562 3553 3601 ex
3585 3545 3742 3600 omni

373 3653 445 3708 15
481 3649 644 3722 parte
669 3639 1188 3714 couquisivit.Data
1216 3638 1372 3694 enim
1403 3637 1583 3712 digna
1613 3640 2085 3712 compensatione
2110 3640 2334 3696 uzmini
2363 3640 2481 3696 vim
2513 3640 2789 3709 inferens,
2825 3642 2926 3698 sed
2961 3641 3170 3716 magis,
3185 3647 3251 3698 ut
3269 3643 3554 3699 condecet
3573 3642 3741 3715 patri,

477 3747 692 3803 cuncta
719 3757 888 3797 secus
917 3739 1189 3796 eumdem
1221 3737 1415 3793 loeum
1447 3735 1636 3793 amica
1663 3738 1929 3810 pactione
1958 3737 2099 3793 emit
2129 3738 2366 3810 praedia.
2400 3739 2471 3794 Et
2501 3739 2743 3795 domum
2777 3739 2994 3796 cultam
3039 3740 3209 3797 beato
3253 3741 3420 3798 Petro
3469 3740 3740 3796 eumdem

477 3841 672 3898 locum
694 3840 830 3911 jure
861 3839 1137 3911 perpetuo
1167 3833 1371 3891 statuit
1401 3836 1886 3908 permanendum.
1922 3839 2105 3902 Quem
2137 3840 2193 3892 et
2223 3836 2462 3892 domum
2513 3835 2728 3893 cultam
2771 3838 2956 3894 sancti
2988 3838 3195 3895 Edistii
3224 3843 3436 3895 vocant
3466 3856 3656 3911 usque
3684 3838 3738 3894 in

474 3938 785 3997 hodierum
818 3936 996 3992 diem.

543 4037 702 4095 884
731 4033 954 4092 Pariter
979 4033 1157 4089 etiam
1187 4036 1246 4089 et
1275 4048 1474 4089 massa
1521 4048 1650 4104 qua
1697 4036 1938 4089 vocatur
1981 4032 2281 4102 Acatiana,
2313 4049 2442 4106 quae
2480 4034 2651 4105 juxta
2703 4035 2968 4091 eamdem
3027 4034 3270 4090 domum
3329 4034 3554 4092 cultam
3611 4052 3738 4092 esse

471 4135 717 4192 videtur.
753 4133 825 4190 ab
855 4132 1059 4190 eodem
1091 4131 1345 4188 Leonino
1375 4131 1544 4186 beato
1592 4130 1757 4187 Petro
1807 4147 2085 4187 concessa
2133 4135 2240 4187 est.
2275 4131 2421 4187 Item
2472 4130 2598 4203 ipse
2635 4135 2724 4187 ter
2751 4131 3130 4189 beatissimus
3159 4132 3371 4205 praesul
3404 4133 3465 4188 in
3500 4133 3737 4191 basilica

471 4233 704 4306 majori,
735 4249 862 4305 quas
892 4229 1221 4304 appellatur
1249 4232 1462 4286 sancta;
1491 4227 1594 4285 Dei
1623 4227 1955 4295 Genitricis,
1988 4228 2087 4301 qui
2121 4229 2322 4285 aderat
2343 4229 2515 4301 juxta
2555 4229 2860 4286 basilicam
2909 4229 3067 4287 beati
3115 4229 3416 4287 Laurentii
3466 4230 3736 4303 martyris

470 4337 648 4404 atque
678 4329 884 4398 levita,
918 4329 1020 4385 ubi
1069 4329 1197 4400 ejus
1247 4330 1515 4384 sanctum
1546 4342 1759 4398 corpus
1789 4325 2103 4399 requiescit
2131 4325 2273 4383 foris
2303 4343 2504 4383 muros
2535 4326 2716 4398 hujus
2744 4326 2995 4384 civitatis
3027 4327 3244 4397 Remis,
3276 4327 3494 4384 obtulit
3516 4328 3644 4385 vela
3668 4327 3736 4384 de

395 4432 434 4488 5
470 4427 768 4487 stauracin
798 4443 902 4483 seu
933 4424 1308 4499 quadrapolis
1337 4440 1581 4481 numero
1611 4423 1969 4496 quindecim,
2001 4429 2060 4480 et
2087 4423 2243 4481 linea
2268 4423 2624 4496 quindecim.

539 4525 693 4584 885
724 4525 967 4582 Tectum
997 4539 1130 4580 vero
1161 4522 1316 4579 tituli
1347 4521 1500 4578 beati
1531 4520 1865 4588 Clementis,
1898 4521 2054 4594 quod
2085 4521 2262 4578 etiam
2293 4539 2570 4579 casurum
2601 4524 2726 4578 erat
2751 4525 2810 4578 et
2840 4522 2898 4578 in
2940 4522 3127 4580 ruinis
3174 4522 3436 4596 positum
3487 4521 3733 4598 regionis

468 4622 674 4691 tertias,
705 4621 930 4679 noviter
957 4619 1322 4686 restauravit,
1355 4635 1579 4675 necnon
1610 4625 1669 4676 et
1697 4619 2002 4676 basilicam
2035 4619 2188 4676 beati
2221 4619 2479 4676 Silvestri
2506 4620 2855 4677 confessoris
2886 4624 3062 4693 atque
3115 4620 3439 4694 pontiﬁcis,
3468 4623 3642 4678 sitam
3675 4622 3731 4676 iu

468 4719 717 4794 Orphea,
754 4737 880 4793 quae
901 4720 1030 4790 jam
1058 4717 1119 4772 in
1151 4715 1338 4772 ruinis
1368 4716 1557 4788 posita
1585 4722 1730 4785 erat,
1761 4721 1818 4774 et
1847 4721 2070 4774 tectum
2099 4718 2228 4789 ejus
2257 4718 2520 4775 dirutum
2550 4717 2856 4789 existebat,
2893 4719 3043 4776 facto
3073 4719 3278 4776 eodem
3307 4723 3484 4790 tecto,
3518 4720 3733 4776 noviter

468 4821 658 4893 ipsam
689 4815 997 4874 ecclesiam
1023 4812 1531 4870 renovavit.Simili
1562 4816 1734 4871 modo
1765 4819 1823 4871 et
1850 4814 1910 4871 in
1944 4815 2341 4872 famosissima
2369 4819 2608 4889 totoque
2639 4816 2777 4872 orbe
2797 4821 3086 4874 terrarum
3108 4816 3390 4890 praeclara
3406 4817 3731 4875 veneranda

393 4920 432 4975 5
461 4915 706 4975 basilica
737 4913 893 4971 beati
925 4911 1075 4966 Petri
1107 4908 1505 4982 apostolorum
1536 4912 1841 4986 principis,
1875 4915 2017 4970 dum
2047 4931 2152 4987 per
2180 4913 2401 4970 olitana
2432 4918 2698 4988 tempora
2724 4915 3128 4973 vetutissimas
3148 4916 3346 4973 trabes
3366 4933 3499 4990 qua:
3520 4917 3726 4974 ibidem

466 5011 1080 5080 existebant,cerneret
1109 5007 1294 5065 isdem
1325 5009 1653 5083 precipuus
1684 5011 1962 5085 pontifex,
1994 5011 2234 5069 mittens
2262 5011 2609 5068 Januarium
2637 5011 2974 5068 vestiarium
3007 5029 3586 5087 suum,cognoscens
3603 5029 3725 5072 eum

465 5113 732 5170 idoneem
765 5122 1236 5182 personam,cum
1269 5108 1646 5166 multitudine
1675 5109 1877 5183 populi
1907 5111 2155 5167 mutavit
2185 5111 2404 5168 ibidem
2435 5110 2637 5168 trubes
2668 5127 2910 5168 numero
2940 5112 3415 5184 quatuordecim,
3447 5117 3623 5186 atque
3648 5116 3724 5168 to-

465 5215 594 5268 tum
624 5207 890 5280 ejusdem
923 5203 1176 5262 basilicas
1205 5209 1424 5263 tectum
1450 5210 1508 5263 et
1535 5207 1795 5279 porticus
1825 5207 2050 5264 noviter
2079 5208 2446 5266 restauravit.

537 5305 692 5364 ιη
725 5302 826 5360 llic
852 5301 1008 5360 idem
1037 5301 1328 5360 almiﬁcus
1357 5303 1592 5378 prasul,
1627 5304 1824 5362 divina
1851 5305 2232 5385 inspiratione
2253 5305 2510 5379 repletus
2531 5311 2708 5380 atque
2729 5306 3130 5365 misericordia
3154 5309 3590 5378 motus,t‘orma
3607 5323 3721 5382 qua

417 5442 423 5446 -
463 5402 724 5478 Virginis
755 5400 1248 5478 appellatur,dum
1278 5419 1382 5477 per
1405 5419 1697 5460 annorum
1728 5404 1919 5478 spatia
1949 5403 2680 5478 demolita,atquearuiuis
2704 5404 2876 5479 plena
2893 5403 3300 5474 existebat,vix
3328 5406 3565 5467 modica
3585 5421 3722 5480 aqua

1583 5587 1830 5636 NOTULE
1870 5587 2254 5636 IARGIRALES
2294 5588 2611 5637 FABROTTI.

392 5733 467 5815 (a)
496 5735 676 5799 Jovia.
754 5736 854 5816 (b)"
884 5734 1153 5796 Aricina.
1228 5733 1303 5814 (ο)
1327 5736 1398 5808 Β,
1430 5684 1774 5810 praefectori.
