3934 6202
124 215 291 276 1193
437 290 443 302 ε
493 229 536 299 χ
853 211 1223 272 HISTORIA
1265 210 1370 274 DE
1415 209 1618 271 VITIS
1665 210 1677 268 1

2007 208 2130 268 NT.
2165 241 2240 250 —
2277 210 2341 268 S.
2391 208 2812 270 ADRIANUS.
3400 213 3554 273 1194

273 331 460 401 beata'a
495 342 816 399 Petronillze
847 343 919 398 ad
955 343 1186 397 beatum
1221 343 1453 398 Petrum
1487 339 1815 414 apostolum
1849 356 2021 394 arcus
2052 345 2358 412 argenteos
2389 356 2507 408 sex,
2543 346 2856 411 pensantes
2889 341 3068 396 libras
3100 342 3548 416 quinquaginta.

274 439 544 501 Titulum
577 458 709 497 vero
741 444 955 496 sancta:
992 440 1258 496 Praxedis
1289 457 1357 496 ex
1389 443 1553 512 parte
1586 442 1847 495 ruentem
1884 438 1940 491 in
1975 439 2266 509 integrum
2297 438 2607 494 renovavit.
2645 439 2765 493 Imo
2791 442 2848 494 et
2878 438 3178 495 basilicam
3212 445 3424 496 sancta:
3443 442 3551 496 Eu-

276 539 464 614 geniae
499 542 618 593 tam
651 537 812 596 intus
845 556 1140 610 quamque
1174 537 1312 592 foris
1343 557 1376 592 a
1407 554 1550 591 novo
1584 535 1948 591 restauravit.

361 635 514 694 845
557 634 749 692 Simili
779 635 951 691 modo
983 640 1038 690 et
1069 633 1370 690 basilicam
1403 633 1588 689 sancti
1616 631 1890 689 Gordiani
1922 635 2095 704 atque
2127 631 2569 704 Epimachi,seu
2598 633 2994 689 caemeterium
3017 634 3282 706 ejusdem
3305 634 3558 691 ecclesiae

272 731 571 808 Simplicii
603 737 779 806 atque
808 729 1130 800 Semiliani,
1164 735 1336 804 atque
1365 730 1565 798 Quarti
1599 734 1655 786 et
1685 729 1880 797 Quinti
1915 735 2262 802 martyrum,
2290 735 2345 786 et
2377 730 2554 786 beata:
2606 731 2834 803 Sophim
2884 749 3002 788 una
3053 749 3186 787 cum
3229 733 3556 789 coemeterio

275 829 480 888 sancti
515 828 860 886 Tertulliani
896 829 1036 884 foris
1067 833 1293 902 portam
1327 827 1594 884 Latinam
1628 845 1661 883 a
1691 844 1835 883 novo
1867 827 2179 893 renovavit,
2215 844 2436 882 necnon
2470 833 2528 883 et
2557 828 2862 884 ecclesiam
2887 829 3036 885 beati
3062 829 3308 885 Tiburtii
3329 835 3384 886 et
3403 830 3563 886 Vale-

277 927 458 996 riani,
493 931 669 1002 atque
697 926 956 995 Maximi,
991 943 1094 982 seu
1127 926 1431 982 basilicam
1464 925 1649 981 sancti
1680 925 1923 981 Zenonis
1956 942 2072 980 una
2103 941 2235 980 cum
2269 925 2597 982 cmmeterio
2629 933 2963 982 sanctorum
2996 927 3210 983 Urbani
3244 929 3558 999 pontificis,

195 1030 234 1084 5
277 1025 635 1084 Felicissimi
665 1030 722 1082 et
745 1024 1190 1098 Agapiti,atque
1211 1023 1474 1079 Januarii
1507 1027 1565 1079 et
1594 1021 1787 1096 Cyrini
1819 1028 2142 1095 martyrum
2176 1023 2314 1078 foris
2347 1029 2573 1095 portam
2605 1025 2850 1097 Appiam
2885 1042 3000 1079 uno
3033 1025 3388 1080 cohzerentes
3411 1025 3556 1092 loco,

277 1143 416 1198 quae
439 1140 507 1180 ex
529 1123 740 1197 priscis
762 1127 1135 1177 mareuerant
1161 1121 1546 1194 temporibus,
1573 1137 1606 1175 a
1636 1137 1780 1175 novo
1805 1120 2167 1175 restauravit.
2189 1121 2451 1193 Itemque
2470 1120 2707 1176 titulum
2728 1126 2940 1176 sancta:
2961 1122 3056 1176 Dei
3083 1123 3392 1178 Genitricis
3412 1141 3560 1178 sem-

276 1240 506 1296 perque
535 1220 776 1294 virginis
803 1215 1022 1288 Mariaz,
1056 1237 1182 1292 qua":
1215 1223 1456 1275 vocatur
1487 1217 1690 1274 Calixti
1722 1223 1884 1273 trans
1913 1217 2189 1286 Tiberim,
2225 1236 2258 1274 a
2289 1236 2432 1274 novo
2465 1219 2521 1274 in
2553 1219 2844 1292 integrum
2886 1237 2954 1275 ex
3003 1221 3161 1274 omni
3210 1221 3557 1277 restauravit

277 1327 484 1394 parte;
513 1317 692 1374 simili
729 1318 900 1373 modo
932 1319 987 1372 et
1017 1315 1255 1371 titulum
1285 1314 1472 1371 sancti
1507 1313 1784 1385 Marcelli,
1817 1313 1903 1369 via
1936 1315 2075 1370 Lata
2107 1316 2307 1382 situm,
2330 1333 2524 1371 anovo
2558 1317 2919 1372 restauravit.
2940 1318 3008 1371 Et
3031 1316 3332 1372 basilicam
3353 1335 3560 1376 cmme-

273 1418 422 1474 terii
453 1419 795 1473 sanctorum
830 1418 1152 1488 martyrum
1186 1411 1493 1482 Hermetis,
1530 1412 1723 1468 Prothi
1748 1416 1805 1467 et
1826 1412 2153 1486 Hyacinthi,
2177 1417 2352 1486 atque
2384 1413 2685 1469 basilicam
2707 1414 2867 1468 mira:
2887 1413 3562 1486 magnitudinisinnova-

166 1517 236 1574 10
277 1515 386 1572 vit.
423 1511 829 1570 Cmmeterium
863 1529 992 1568 vero
1019 1516 1232 1567 sancta:
1267 1509 1582 1567 Felicitatis
1613 1509 1704 1566 via
1735 1509 1978 1582 Salaria,
2015 1527 2132 1566 una
2163 1527 2296 1566 cum
2349 1510 2610 1566 ecclesiis
2669 1511 2855 1567 sancti
2905 1511 3122 1566 Silvani
3173 1513 3468 1585 martyris,
3503 1516 3560 1568 et

276 1612 476 1670 sancti
509 1611 787 1667 Bonifacii
819 1609 1170 1666 confessoris
1200 1613 1373 1681 atque
1404 1609 1718 1681 pontificis,
1743 1625 1858 1663 uno
1880 1607 2235 1664 cohaerentes
2257 1608 2400 1678 solo,
2427 1607 2585 1663 mine
2611 1608 2955 1663 restauravit
2986 1609 3551 1681 magnitudinis.Sed

274 1715 338 1768 et
369 1709 678 1766 basilicam
710 1706 898 1764 sancti
930 1706 1251 1772 Saturnini,
1284 1705 1344 1761 in
1375 1705 1651 1779 praedicta
1680 1705 1772 1761 via
1803 1705 2025 1762 Salaria
2054 1705 2326 1778 positam,
2361 1724 2477 1762 una
2511 1723 2641 1761 cum
2667 1707 2993 1762 ccemeterio
3021 1712 3355 1762 sanctorum
3378 1707 3552 1780 Chry-

275 1809 444 1864 santi
468 1811 526 1863 et
557 1806 740 1863 Daris:
775 1803 1092 1869 renovavit,
1126 1809 1302 1877 atque
1330 1803 1724 1859 ceemeterium
1757 1809 1974 1859 sanctae
2007 1803 2234 1859 Hilariae
2267 1804 2580 1870 innovavit,
2609 1805 2726 1860 imo
2758 1809 2814 1859 et
2844 1805 3236 1860 cosmeterium
3269 1805 3552 1861 Jordano-

275 1921 442 1973 rum,
467 1903 734 1960 videlicet
758 1907 1092 1959 sanctorum
1118 1901 1424 1956 Alexandri
1450 1907 1507 1957 et
1527 1900 1752 1969 Vitalis,
1778 1906 1835 1956 et
1858 1901 2141 1957 Martialis
2167 1905 2509 1975 martyrum,
2527 1919 2624 1958 seu
2652 1907 2986 1957 sanctarum
3009 1907 3231 1976 septem
3245 1903 3553 1976 Virginum

168 2005 235 2060 15
273 2021 310 2060 a
346 2019 499 2058 novo
531 1999 898 2058 restauravit.
933 1998 1153 2055 Pariter
1184 1999 1242 2054 in
1293 1997 1494 2054 eadem
1524 1997 1616 2054 via
1663 1997 1885 2055 Salaria
1941 1999 2337 2054 coemetcrium
2399 1999 2587 2054 sancti
2649 1999 2909 2055 Silvestri
2970 2001 3321 2056 confessoris
3381 2006 3554 2074 atque

274 2100 611 2167 Pontiﬁcis,
648 2097 1014 2170 aliorumque
1072 2102 1410 2152 sanctorum
1472 2095 1816 2163 multorum,
1846 2097 1904 2150 in
1965 2096 2152 2151 ruinis
2211 2096 2468 2168 positum
2528 2097 2858 2163 renovavit;
2891 2115 3115 2152 necnon
3160 2103 3218 2153 et
3248 2099 3554 2154 ecclesiam

271 2199 475 2255 sancti
511 2196 736 2266 Felicis,
769 2196 1024 2271 positam
1076 2194 1216 2250 foris
1264 2198 1489 2268 portam
1542 2195 1939 2262 Portuensem,
1974 2212 2007 2249 a
2038 2212 2182 2250 novo
2217 2194 2581 2250 restauravit.
2617 2195 2922 2266 Simulque
2953 2201 3010 2250 et
3039 2196 3342 2252 basilicam
3386 2213 3553 2253 sanc-

274 2303 485 2354 torum
513 2295 721 2351 Abdon
752 2299 810 2351 et
839 2294 1089 2362 Sennen,
1124 2298 1299 2364 atque
1331 2293 1510 2348 beata:
1541 2292 1832 2358 Candida},
1867 2309 1984 2347 una
2014 2309 2147 2348 cum
2181 2291 2404 2347 caeteris
2434 2296 2773 2347 sanctorum
2805 2293 3151 2348 coemeteriis
3185 2295 3242 2348 in
3293 2294 3549 2366 idipsum

271 2396 503 2471 pariter
533 2395 846 2452 renovavit.
872 2394 1030 2450 Idem
1063 2393 1332 2466 egregius
1363 2391 1572 2465 praesul
1607 2393 1881 2464 praefatus
1911 2391 2214 2448 basilicam
2247 2392 2469 2448 scilicet
2495 2391 2648 2448 beati
2673 2393 2909 2448 Adriani
2937 2395 3229 2466 martyris,
3250 2399 3305 2450 et
3326 2400 3556 2451 sancto-

165 2498 234 2552 20
273 2511 418 2552 rum
449 2493 671 2552 Cosmze
705 2493 761 2549 et
794 2490 1076 2561 Damiani,
1112 2509 1145 2547 a
1170 2508 1314 2547 novo
1348 2489 1711 2546 restauravit.
1749 2489 2056 2548 Diaconias
2105 2490 2431 2557 constituit,
2467 2490 2526 2545 in
2559 2490 2776 2562 quibus
2806 2495 2862 2547 et
2895 2491 3078 2548 multa
3110 2493 3262 2548 bona
3295 2492 3429 2548 fecit
3458 2510 3560 2565 per

277 2610 461 2650 suam
486 2591 904 2663 sempiternam
929 2588 1292 2656 memoriam,
1317 2588 1642 2643 concedens
1662 2587 1746 2643 eis
1767 2603 1958 2660 agros,
1983 2588 2202 2654 vineas,
2225 2587 2451 2654 oliveta,
2477 2604 2696 2652 servos,
2723 2587 2965 2644 ancillas
2982 2595 3037 2643 et
3063 2590 3290 2661 peculia
3311 2590 3560 2660 diversa,

279 2695 468 2763 atque
490 2705 582 2745 res
613 2686 879 2755 mobiles,
906 2691 972 2743 ut
994 2687 1063 2742 de
1093 2685 1282 2741 reditu
1315 2702 1514 2741 eorum
1548 2684 1766 2740 crebris
1798 2686 2198 2741 exactionibus
2231 2685 2509 2741 diaconia:
2541 2685 2909 2759 proficientes
2941 2703 3226 2760 pauperes
3243 2686 3455 2744 Christi
3479 2704 3561 2742 re-

280 2785 626 2845 licerentur.

362 2883 518 2942 340
549 2883 614 2940 In
646 2881 884 2955 praefata
906 2898 1039 2938 vero
1073 2880 1340 2937 diaconia
1389 2879 1577 2935 sancti
1613 2879 1848 2935 Adriani
1883 2879 2096 2936 obtulit
2125 2879 2184 2934 in
2215 2885 2454 2954 argento
2487 2881 2741 2937 canistra
2771 2880 3100 2950 duodecim,
3127 2898 3318 2938 amam
3350 2899 3555 2955 unam,

285 2982 580 3058 scyphum
613 2997 821 3050 unum,
853 2984 1126 3053 patenam
1161 2993 1358 3046 unam,
1393 2976 1631 3032 calicem
1665 2993 1870 3045 unum,
1905 2976 2162 3033 amulam
2195 2978 2549 3034 otl‘ertoriam
2582 2995 2782 3046 unam,
2813 2995 2974 3051 pens.
3008 2978 3141 3035 libr.
3176 2980 3476 3054 sexaginta
3506 2987 3564 3038 et

283 3084 538 3155 septem.
574 3078 718 3134 Item
747 3095 848 3150 per
873 3077 1052 3132 nimis
1081 3075 1354 3131 solertem
1379 3091 1578 3130 curam
1601 3077 1778 3146 atque
1819 3074 2168 3130 industriam
2211 3076 2592 3148 aquaeductus
2624 3075 2955 3132 Sabbatinae
2997 3094 3031 3132 a
3061 3094 3205 3133 novo
3235 3078 3496 3134 formata:
3530 3097 3565 3136 a

284 3179 675 3236 fundamento
703 3174 998 3230 aaditicans
1028 3172 1238 3228 fautori
1271 3189 1377 3227 suo
1409 3171 1576 3226 beato
1609 3171 1774 3226 Petro
1804 3172 2065 3243 apostolo
2090 3172 2363 3227 fluentem
2390 3189 2602 3245 aquam
2625 3173 2910 3245 perduxit,
2932 3178 3050 3230 tam
3073 3175 3132 3230 in
3154 3176 3369 3232 fontem
3395 3178 3557 3233 basi-

211 3281 248 3336 5
283 3277 437 3345 licze,
470 3275 569 3348 qui
602 3291 704 3348 per
731 3272 997 3329 vehicula
1026 3269 1400 3344 implebatur,
1433 3285 1611 3341 quam
1644 3267 1702 3323 in
1735 3267 1950 3324 atrium
1983 3269 2247 3342 ejusdem
2281 3269 2534 3326 basilica:
2566 3275 2623 3327 et
2653 3270 2827 3326 simul
2852 3271 3124 3328 balneum
3158 3274 3216 3329 in
3241 3274 3552 3331 utilitatem

285 3373 736 3451 peregrinorum
758 3371 975 3427 ibidem
998 3367 1373 3424 servientium
1397 3383 1736 3439 procurans.
1764 3365 1883 3421 lmo
1905 3370 1962 3421 et
1983 3365 2287 3422 basilicam
2321 3367 2506 3422 sancti
2537 3368 2875 3437 Secundini,
2895 3370 3144 3442 positam
3169 3371 3227 3426 in
3254 3372 3393 3428 urbe
3417 3373 3557 3428 Prte-

288 3470 548 3542 nestina,
581 3468 679 3525 ubi
711 3483 922 3540 corpus
952 3467 1082 3538 ejus
1113 3464 1382 3538 quiescit,
1417 3465 1474 3519 in
1505 3463 1693 3519 ruinis
1724 3461 1974 3536 positam
2007 3482 2041 3519 a
2073 3480 2216 3519 novo
2249 3464 2614 3521 restauravit.

365 3569 516 3626 ³47
561 3565 786 3622 Pariter
813 3562 988 3620 etiam
1022 3567 1078 3619 et
1107 3562 1165 3618 in
1199 3560 1443 3618 basilica
1496 3559 1650 3616 beati
1707 3560 1883 3634 primi
1943 3561 2216 3634 martyris
2275 3562 2578 3636 Stephani,
2615 3562 2728 3618 sita
2762 3563 2821 3619 in
2855 3564 3021 3621 leio
3054 3570 3270 3634 monte,
3304 3585 3430 3640 qua:
3461 3585 3565 3642 per

292 3667 516 3724 olitana
535 3667 799 3737 tempora
819 3664 1209 3727 marcuerant,
1234 3658 1522 3714 maximas
1544 3657 1600 3712 in
1628 3674 1696 3714 ea
1717 3659 1915 3714 trabes
1933 3663 2096 3714 vasta
2119 3658 2293 3725 mole,
2316 3659 2458 3731 quin
2481 3659 2656 3715 etiam
2682 3662 2944 3733 porticus
2956 3663 3566 3724 mirificeintrinsecus

293 3768 352 3821 et
373 3762 739 3819 extrinsecus
761 3777 794 3814 a
816 3775 960 3814 novo
983 3757 1295 3813 renovavit.
1324 3756 1496 3811 Porro
1519 3760 1575 3810 et
1599 3755 1654 3810 in
1679 3755 1922 3811 basilica
1943 3755 2123 3811 beatae
2147 3757 2438 3829 Eugenite,
2455 3774 2631 3828 quam
2649 3759 2774 3830 jam
2799 3760 3024 3815 dudum
3045 3762 3173 3832 ejus
3196 3770 3569 3821 renovaverat

294 3859 552 3928 almitas,
579 3857 850 3915 solertem
870 3856 929 3911 in
948 3871 1013 3911 ea
1030 3871 1238 3928 gerens
1256 3871 1476 3922 curam,
1494 3853 1913 3909 monasterium
1936 3853 2265 3926 puellarum
2287 3855 2508 3911 noviter
2529 3854 2744 3910 ibidem
2769 3873 2803 3911 a
2824 3856 3224 3915 fundamentis
3245 3861 3566 3934 szdificans,

221 3961 258 4016 5
295 3955 604 4016 constituit
632 3959 697 4010 ut
719 3953 943 4027 jugiter
988 3951 1104 4006 illic
1154 3951 1270 4007 Deo
1319 3955 1590 4006 canerent
1636 3949 1861 4015 laudes,
1893 3949 2161 4006 videlicet
2219 3950 2363 4006 hora
2419 3951 2627 4022 prima,
2663 3953 2855 4023 tertia,
2885 3960 3064 4020 sexta,
3094 3972 3266 4021 nona,
3300 3974 3561 4028 vespera,

299 4053 613 4112 matutina.
650 4051 714 4108 In
742 4068 858 4123 qua
887 4052 943 4106 et
971 4047 1141 4123 plura
1170 4047 1383 4104 obtulit
1413 4047 1585 4114 dona,
1620 4046 1678 4102 id
1709 4050 1816 4116 est,
1851 4062 2041 4119 agros,
2074 4047 2293 4115 vineas,
2329 4049 2555 4116 domos,
2592 4065 2788 4105 servos
2820 4054 2876 4105 et
2905 4050 3168 4120 ancillas,
3200 4053 3566 4126 diversisque

296 4150 544 4226 peculiis
576 4153 634 4205 et
663 4147 884 4204 caneris
917 4145 1235 4202 mobilibus
1263 4144 1436 4200 rebus
1457 4143 1696 4199 dotavit.
1731 4143 1842 4199 Sed
1871 4147 1928 4198 et
1956 4143 2015 4198 in
2046 4142 2215 4199 titulo
2248 4143 2610 4200 Pammachii
2651 4150 2989 4202 sanctorum
3019 4147 3264 4206 Joannis
3295 4154 3351 4206 et
3382 4151 3567 4226 Pauli,

302 4265 432 4323 qum
463 4263 566 4320 per
593 4245 821 4319 elapsos
852 4247 1221 4300 marcuerant
1250 4258 1454 4309 annos,
1489 4241 1688 4296 omnia
1718 4244 1876 4296 sarta
1905 4244 2058 4296 tecta
2087 4241 2351 4311 ejusdem
2383 4240 2538 4296 tituli
2571 4243 2885 4298 renovavit.

373 4343 530 4405 848
570 4343 672 4403 Hic
692 4359 826 4401 vero
850 4340 1118 4416 egregius
1141 4339 1410 4397 sacerdos
1431 4339 1503 4395 ob
1527 4337 1776 4394 nimium
1808 4354 2067 4394 amorem
2099 4339 2527 4395 confessionem
2559 4339 2710 4394 beati
2743 4340 2892 4395 Petri
2927 4345 3107 4398 totam
3140 4342 3301 4399 intus
3328 4361 3396 4399 ex
3428 4362 3570 4403 auro

301 4442 622 4518 purissimo
645 4441 701 4497 in
725 4439 964 4496 laminis
985 4437 1344 4510 diversisque
1372 4435 1632 4491 historiis
1657 4441 1885 4509 compte
1906 4435 2150 4501 ornavit,
2170 4436 2428 4508 pondera
2455 4440 2848 4492 trecentarum
2873 4437 3155 4494 librarum
3182 4458 3423 4512 ponens,
3441 4443 3570 4499 etin

307 4545 537 4615 postem
570 4537 842 4612 superius
875 4537 1138 4609 ejusdem
1171 4553 1346 4591 sacra:
1378 4533 1762 4590 confessionis
1791 4533 1917 4590 auri
1951 4533 2330 4596 mundissimi
2362 4534 2542 4590 libras
2573 4534 3011 4608 tredecim,pari
3039 4539 3210 4592 modo
3232 4538 3366 4594 etin
3389 4539 3574 4611 ipsius

304 4637 554 4711 apostoli
581 4635 970 4693 confessionis
998 4633 1254 4690 liminari
1289 4631 1546 4689 inferiori
1578 4630 1759 4714 libras
1789 4631 1994 4704 viginti
2026 4631 2307 4703 quinque.
2339 4634 2656 4704 Aspectum
2699 4649 2831 4687 vero
2863 4632 3067 4689 altaris
3097 4652 3274 4706 super
3303 4637 3570 4694 eamdem

231 4737 269 4792 5
306 4733 759 4802 confessionem,
795 4737 968 4804 atque
999 4732 1219 4799 dextra,
1252 4729 1508 4802 laevaque
1535 4733 1699 4801 parte
1724 4729 1892 4800 juxta
1921 4728 2142 4801 gradus
2165 4729 2290 4800 jam
2324 4729 2491 4784 dictas
2523 4729 2905 4784 confessionis
2938 4731 3159 4786 addens
3181 4732 3239 4787 in
3262 4750 3329 4788 ea
3349 4735 3575 4806 argenti

305 4831 488 4888 libras
509 4834 746 4888 centum
768 4828 1010 4904 triginta
1031 4844 1128 4884 sex
1150 4825 1376 4882 curiose
1398 4825 1472 4899 (a)
1497 4825 1788 4882 renovavit
1809 4826 2054 4899 ejusque
2076 4825 2350 4881 historias
2373 4842 2440 4880 ex
2461 4843 2602 4880 auro
2615 4825 2931 4897 purissimo
2950 4826 3129 4883 libras
3152 4829 3351 4886 decem
3376 4834 3432 4886 et
3449 4837 3577 4888 octo

312 4928 671 4986 nitidissime
700 4925 1014 4984 decoravit.
1040 4923 1344 4994 Simulque
1370 4926 1426 4977 et
1443 4922 1756 4978 cantharas
1789 4923 1844 4976 in
1869 4923 2068 4978 eadem
2089 4921 2188 4978 Dei
2210 4921 2454 4978 ecclesia
2482 4923 2740 4993 Apostoli
2770 4939 3015 4979 numero
3038 4925 3236 4981 decem
3260 4929 3578 4998 renovavit,

258 5010 265 5018 ’
309 5026 532 5082 addens
565 5026 625 5081 in
656 5025 741 5081 eis
771 5021 996 5098 argenti
1026 5020 1206 5077 libras
1236 5023 1492 5074 centum.
1525 5020 1665 5074 Ante
1688 5019 1904 5090 januas
1933 5036 2065 5074 vero
2098 5025 2402 5092 argenteas
2427 5019 2559 5075 fecit
2584 5021 2872 5075 canistros
2904 5026 3210 5093 argenteos
3244 5024 3576 5095 duodecim,

311 5139 554 5196 pensan.
585 5121 770 5178 libras
799 5119 1042 5194 triginta
1071 5135 1189 5174 sex.
1223 5114 1408 5172 Simili
1440 5115 1611 5170 modo
1643 5119 1700 5170 et
1728 5115 1785 5170 in
1819 5121 1978 5172 turre
2017 5117 2304 5172 canistros
2353 5120 2659 5190 argenteos
2708 5117 3038 5188 duodecim,
3070 5136 3238 5190 pene.
3275 5121 3419 5177 inibi
3447 5123 3579 5179 libr.

206 5219 276 5276 10
314 5221 708 5294 quadraginta
737 5217 1020 5292 quinque,
1053 5216 1114 5271 in
1143 5215 1346 5270 eadem
1378 5211 1592 5285 quippe
1625 5213 1774 5269 beati
1807 5213 1956 5269 Petri
1988 5213 2230 5270 ecclesia
2260 5230 2365 5286 per
2393 5214 2650 5268 diversas
2694 5230 2936 5270 coronas
2980 5215 3116 5271 fecit
3175 5217 3487 5290 delphinos
3518 5237 3586 5275 ex

313 5324 552 5394 argento
585 5317 770 5374 libras
799 5319 1054 5371 centum.

382 5417 537 5474 849
577 5415 650 5472 Et
677 5415 737 5470 iu
769 5410 1016 5471 ecclesia
1045 5407 1197 5466 beati
1231 5405 1390 5463 Pauli
1426 5406 1675 5478 apostoli
1705 5407 1892 5464 instar
1920 5425 2122 5465 eorum
2154 5425 2302 5482 quos
2332 5411 2608 5482 posuerat
2640 5408 2699 5464 in
2744 5407 2989 5466 ecclesia
3031 5413 3226 5469 sancti
3255 5414 3436 5484 Petri,
3470 5414 3590 5471 del-

1369 5599 1616 5644 NOTULE
1658 5599 2042 5649 MABGINALES
2084 5603 2397 5650 FABRO’I'TI.

283 5715 356 5791 (a)
390 5723 457 5786 Β,
489 5715 808 5773 cariosum.

493 5841 767 5904 Parnm.
813 5834 1122 5898 CXXVIII.
3193 5843 3271 5905 38
