3934 6202
392 224 545 283 1195
1557 216 1601 274 Α
1613 211 1945 275 ΝΑΞΤΑεΙ·

2263 210 2626 273 THECARII
3647 218 3671 276 1
3696 215 3815 276 196

533 353 742 426 phinos
765 349 962 424 posuit
982 351 1287 420 argenteos
1317 345 1598 401 librarum
1626 349 1860 401 centum
1893 345 2264 417 octuaginta;
2294 344 2510 417 pariter
2529 348 2586 399 ct
2615 345 2673 399 in
2691 344 2936 400 ecclesia
2965 343 3301 413 Salvatoris,
3325 363 3451 420 quae
3471 347 3820 420 appellatur

531 447 1036 514 Constantiniana,
1063 445 1198 500 fecit
1219 443 1528 516 delphinos
1561 446 1866 515 argenteos
1899 441 2181 497 librarum
2207 441 2464 514 triginta.
2492 442 2644 497 Fecit
2673 446 2730 497 et
2761 441 2818 498 in
2841 442 3086 499 ecclesia
3107 443 3258 499 beati
3281 443 3432 500 Petri
3455 461 3562 518 per
3575 445 3820 502 diversa

531 547 782 606 oratoria
811 547 1068 601 canistra
1099 547 1374 614 argentea
1405 558 1648 596 numero
1677 541 2009 608 duodecim,
2043 557 2285 612 pensan.
2307 539 2482 596 simul
2512 540 2692 596 libras
2719 540 3212 614 quadraginta.Et
3228 558 3408 615 rugas
3429 541 3490 598 in
3511 545 3824 618 presbyte-

458 651 494 705 5
534 647 616 704 rio
649 665 682 702 a
708 648 869 719 parte
898 645 1155 698 virorum
1189 644 1244 695 et
1265 638 1578 694 mulierum
1606 655 1674 694 ex
1695 641 1934 710 argento
1958 637 2296 710 purissimo,
2323 654 2566 709 pensan.
2589 636 2770 693 libras
2792 642 3027 694 centum
3051 639 3312 712 triginta,
3329 657 3557 696 necnon
3581 646 3640 698 et
3660 640 3820 698 alias

534 763 710 818 rugas
732 745 790 799 in
813 745 989 814 caput
1008 737 1350 812 presbyterii
1373 742 1504 792 ante
1528 735 1950 792 confessionem
1977 752 2045 791 ex
2065 740 2324 809 argento,
2341 751 2580 808 pensan.
2600 734 2777 792 simul
2791 739 3024 792 centum
3041 740 3096 793 et
3112 742 3385 810 quatuor.
3403 738 3470 794 Et
3489 738 3548 794 in
3561 739 3823 796 ecclesia

533 848 746 901 sancta:
770 841 868 897 Dei
901 837 1212 895 Genitricis
1245 835 1436 891 Marias
1468 839 1632 890 trans
1661 833 1919 888 Tiberim
1952 833 2087 888 fecit
2116 833 2373 888 canistra
2405 837 2683 906 argentea
2712 833 2994 906 quinque,
3025 851 3187 907 pens.
3223 834 3402 891 simul
3429 835 3616 892 libras
3639 837 3817 910 quin-

533 943 744 1000 decim.
770 939 1074 996 Enimvero
1097 937 1155 991 in
1181 934 1424 991 basilica
1444 937 1657 990 sanctas
1681 932 1779 988 Dei
1813 931 2142 1003 Genitricis,
2175 948 2302 1004 quae
2331 935 2420 986 est
2449 931 2519 986 ad
2553 931 2830 1002 Praesepe,
2863 929 2923 986 in
2955 930 3122 987 altari
3155 931 3342 1005 ipsius
3372 935 3644 1008 praesepii
3675 935 3822 992 fecit

533 1042 785 1099 laminas
815 1055 883 1094 ex
911 1053 1056 1092 auro
1087 1034 1405 1108 purissimo
1437 1031 1699 1088 historiis
1728 1030 1996 1102 depictis,
2030 1045 2272 1102 pensan.
2308 1027 2483 1086 simul
2509 1028 2689 1085 libras
2715 1032 2951 1084 centum
2982 1028 3260 1103 quinque,
3285 1047 3354 1088 ex
3383 1022 3816 1106 argentointus

428 1146 494 1202 10
534 1136 941 1215 suprascripta:
971 1131 1356 1190 confessionis
1387 1129 1617 1186 tabulas
1643 1129 1811 1196 duas,
1845 1143 2090 1200 pensan.
2124 1125 2299 1182 simul
2333 1125 2514 1182 libras
2546 1125 2905 1199 quindecim.

608 1237 762 1295 350
799 1233 1118 1291 Ecclesiam
1149 1247 1282 1286 vero
1316 1229 1495 1284 beatae
1525 1225 1762 1299 Agnetis
1792 1224 2090 1297 martyris,
2123 1241 2225 1280 seu
2257 1222 2564 1280 basilicam
2597 1223 2774 1279 beatae
2819 1224 3260 1296 Emerentianae,
3291 1227 3511 1300 pariter
3539 1229 3724 1284 etiam
3755 1233 3817 1285 et

537 1335 840 1393 ecclesiam
873 1330 1027 1386 beati
1058 1326 1409 1393 Nicomedis,
1444 1325 1616 1380 sitam
1645 1323 1784 1379 foris
1816 1327 2044 1395 portam
2075 1321 2527 1390 Numentanam,
2563 1320 2740 1377 simul
2771 1325 2828 1377 et
2855 1323 3252 1380 cmmeterium
3302 1325 3456 1381 beati
3507 1325 3812 1400 Hippolyti

537 1432 808 1505 martyris
831 1431 1002 1500 juxta
1033 1429 1302 1498 sanctum
1337 1421 1739 1486 Laurentium,
1773 1437 1900 1492 quae
1933 1438 1968 1475 a
1998 1418 2206 1492 priscis
2239 1424 2612 1475 marcuerant
2644 1420 3028 1491 temporibus,
3053 1437 3087 1477 a
3116 1438 3260 1478 novo
3293 1422 3596 1479 renovavit
3628 1441 3641 1479 :
3675 1423 3814 1479 Pari

535 1532 706 1588 modo
727 1535 783 1584 et
805 1526 1110 1582 ecclesiam
1145 1521 1294 1578 beati
1329 1519 1538 1575 Christi
1573 1517 1846 1589 mirtyris
1877 1516 2178 1588 Stephani,
2213 1517 2388 1572 sitam
2412 1518 2582 1589 juxta
2612 1517 2952 1589 praedictum
2990 1519 3388 1576 cmmetcrium
3439 1521 3633 1577 sancti
3664 1521 3813 1594 Hip-

462 1635 498 1686 5
537 1627 734 1704 polyti,
771 1623 1040 1681 similiter
1073 1617 1435 1676 restauravit.
1473 1617 1628 1672 Fecit
1657 1633 1788 1670 vero
1820 1619 1877 1670 et
1907 1613 1965 1668 in
1997 1613 2359 1670 confessione
2420 1614 2570 1670 beati
2630 1614 2792 1670 Pauli
2849 1615 3097 1687 apostoli
3155 1633 3222 1672 ex
3279 1634 3422 1674 auro
3482 1617 3814 1692 purissimo

534 1724 848 1798 imaginem
883 1723 942 1776 in
966 1720 1208 1774 modum
1231 1714 1676 1787 Evangeliorum
1707 1713 1867 1768 intus
1891 1729 2068 1784 super
2087 1713 2352 1783 ejusdem
2373 1712 2836 1768 sacratissimum
2861 1729 3094 1786 corpus,
3115 1729 3360 1787 pensan.
3378 1714 3564 1771 libras
3581 1715 3811 1788 viginti.

607 1824 754 1880 ³51
805 1821 960 1875 Idem
990 1834 1122 1873 vero
1154 1814 1418 1870 omnium
1438 1814 1722 1868 bonorum
1743 1811 2072 1884 przecipuus
2093 1808 2305 1882 praesul
2329 1828 2361 1866 a
2383 1827 2528 1866 novo
2550 1810 2837 1866 dedicavit
2857 1814 3030 1885 atque
3047 1811 3352 1868 constituit
3377 1816 3814 1873 monasterium

535 1925 871 1979 sanctorum
892 1915 1128 1972 Adriani
1145 1918 1320 1985 atque
1344 1909 1822 1981 Laurentii,quod
1847 1909 1904 1962 in
1923 1908 2111 1962 ruinis
2126 1909 2516 1964 marcescebat
2531 1925 2563 1963 a
2578 1907 3245 1981 priscistemporibus,et
3261 1913 3550 1983 tanquam
3563 1917 3816 1986 cryptae.

539 2017 920 2076 saecularibus
941 2011 1406 2068 inhabitabatur.
1433 2009 1559 2080 Ipse
1580 2025 1712 2064 vero
1743 2005 2013 2079 egregius
2043 2006 2291 2062 antistes
2305 2023 2495 2061 anovo
2511 2005 2565 2060 id
2584 2005 2929 2062 restauravit
2943 2007 2998 2062 in
3014 2007 3421 2080 prtedictorum
3442 2015 3811 2083 sanctorum,

537 2117 808 2175 videlicet
835 2109 1075 2168 Adriani
1105 2113 1161 2164 et
1193 2106 1508 2175 Laurentii,
1544 2105 1802 2172 nomine,
1833 2104 1891 2158 in
1924 2121 2039 2176 quo
2071 2107 2127 2158 et
2159 2103 2348 2159 multa
2377 2102 2612 2159 donavit
2643 2107 2762 2160 tam
2794 2104 2852 2159 in
2885 2121 3027 2160 auro
3059 2122 3353 2179 quamque
3373 2113 3432 2163 et
3461 2109 3522 2164 in
3545 2116 3812 2184 argento,

469 2220 504 2272 5
543 2233 645 2272 .eu
675 2214 735 2268 in
770 2209 926 2284 agris
956 2213 1131 2278 atque
1157 2204 1216 2258 in
1250 2202 1490 2258 familiis
1517 2201 1879 2272 diversisque
1910 2200 2154 2272 peculiis
2184 2200 2478 2272 simulque
2503 2205 2559 2257 et
2587 2217 2656 2257 ex
2687 2200 3020 2258 mobilibus.
3045 2203 3112 2257 Et
3141 2204 3448 2261 constituit
3478 2206 3541 2262 in
3570 2208 3814 2266 basilica

549 2315 763 2368 sancta:
787 2307 886 2362 Dei
911 2301 1220 2362 Genitricis
1233 2316 1577 2372 semperque
1589 2298 1830 2371 virginis
1844 2297 2035 2353 Mariae
2048 2299 2120 2354 ad
2146 2302 2488 2371 Przescpe,et
2499 2297 2557 2353 in
2580 2298 2798 2355 caeteris
2823 2300 3194 2356 monasteriis
3209 2299 3431 2358 ibidem
3446 2307 3810 2378 constitutis,

549 2412 665 2466 Deo
695 2407 788 2462 die
818 2407 1109 2473 noctuque
1138 2402 1412 2454 canentes
1443 2396 1644 2452 solitas
1665 2396 1856 2450 dicere
1878 2395 2099 2451 laudes.
2126 2395 2280 2451 Fecit
2307 2396 2522 2452 ibidem
2553 2413 2850 2471 praesagus
2891 2397 3135 2455 antistes
3166 2398 3225 2454 in
3253 2401 3630 2460 confessione
3659 2405 3808 2463 beati

549 2481 846 2563 Laurentii
876 2497 1150 2570 martyris
1181 2496 1320 2551 foris
1351 2510 1588 2550 murum
1621 2493 1935 2565 imaginem
1953 2509 2018 2548 ex
2033 2510 2172 2548 auro
2195 2492 2510 2566 purissimo
2539 2493 2597 2549 in
2621 2495 2860 2550 modum
2891 2495 3646 2570 Evangeliorum,ejusdem
3661 2504 3809 2560 beati

549 2599 845 2662 Laurentii
877 2597 1100 2669 effigies
1130 2593 1547 2660 continentem,
1580 2609 1705 2664 qua:
1736 2608 1976 2664 pensan.
2013 2590 2192 2647 libras
2224 2590 2582 2663 quindecim.
2913 2603 2918 2612 '

617 2700 770 2758 852
810 2702 876 2752 In
907 2693 1152 2752 ecclesia
1179 2709 1312 2747 vero
1341 2688 1679 2755 Salvatoris,
1707 2705 1834 2761 qua:
1854 2693 2096 2744 vocatur
2125 2687 2628 2758 Constantiniana,
2657 2689 2793 2745 fecit
2813 2694 2950 2746 ante
2978 2690 3332 2748 vestibulum
3366 2691 3578 2752 altaris
3607 2715 3808 2756 aureas

543 2807 663 2857 tres
695 2796 958 2870 gabatas,
988 2807 1228 2862 pensan.
1261 2789 1441 2844 libras
1475 2787 1696 2843 decem.
1731 2786 1841 2842 Sed
1871 2790 1927 2841 et
1949 2787 2008 2841 in
2031 2784 2272 2842 basilica
2291 2785 2470 2842 beatae
2495 2786 2592 2841 Dei
2621 2785 2932 2843 Genitricis
2955 2788 3026 2844 ad
3049 2788 3308 2862 Praesepe
3339 2791 3478 2848 fecit
3507 2793 3810 2868 delphinos

544 2899 849 2971 argenteos
880 2907 983 2964 per
1013 2889 1274 2944 diversas
1305 2902 1570 2952 coronas,
1605 2901 1769 2956 pens.
1803 2883 1983 2940 libras
2013 2883 2220 2958 viginti
2243 2887 2512 2956 quatuor.
2544 2883 3070 2942 Przestantissimus
3101 2885 3256 2942 idem
3288 2887 3550 2947 eximius
3572 2894 3807 2952 antistes

543 2997 677 3054 fecit
706 2995 765 3049 in
796 2988 1039 3048 ecclesia
1068 2985 1222 3042 beati
1257 2985 1404 3042 Petri
1439 2981 1686 3056 apostoli
1719 2983 1790 3038 ad
1823 2999 2036 3054 corpus
2064 2980 2403 3054 imaginem,
2441 2997 2566 3053 qua:
2594 2981 2818 3037 dudum
2849 2995 2920 3038 ex.
2948 2986 3187 3057 argento
3219 2983 3432 3058 inerat,
3461 2988 3800 3061 Salvatoris,

471 3100 507 3154 5
543 3096 756 3153 sanctae
786 3089 888 3146 Dei
919 3084 1252 3153 Genitricis,
1287 3086 1624 3139 sanctorum
1655 3079 2053 3154 apostolorum
2086 3078 2236 3135 Petri
2269 3095 2335 3134 ac
2366 3077 2528 3134 Pauli
2559 3082 2735 3152 atque
2763 3079 3114 3149 Andree,de
3132 3098 3273 3139 auro
3303 3083 3633 3156 purissimo
3654 3090 3804 3146 mirae

543 3185 990 3265 magnitudinis,
1024 3199 1265 3256 pensan.
1297 3180 1478 3236 libras
1509 3162 1810 3235 ducentas.

613 3288 767 3347 353
809 3285 912 3342 Hic
937 3278 1412 3353 elegantissimus
1443 3274 1656 3349 praesul
1685 3280 1858 3347 atque
1889 3273 2246 3331 fortissimus
2296 3278 2462 3330 rectae
2520 3273 2653 3330 fidei
2713 3274 3055 3347 praedicator
3109 3275 3318 3334 direxit
3375 3279 3600 3339 missos
3650 3301 3801 3355 suos,

540 3385 806 3445 videlicet
835 3380 1240 3454 presbyterum
1271 3375 1504 3430 Petrum
1537 3377 1748 3430 sancta:
1783 3372 2056 3428 Romana:
2085 3371 2374 3439 Ecclesiae,
2395 3377 2452 3427 et
2471 3372 2702 3427 Petrum
2736 3370 3074 3446 religiosum
3105 3374 3381 3432 abbatem
3413 3381 3803 3439 venerabilem

541 3479 880 3542 monasterii
913 3474 1100 3532 sancti
1131 3473 1316 3539 Sabae,
1350 3471 1504 3543 quod
1537 3469 1865 3543 appellatur
1891 3469 2046 3526 Cella
2073 3469 2249 3535 Nova,
2282 3470 2354 3524 ad
2386 3469 2799 3542 imperatorem
2829 3469 3278 3528 Constantinum
3311 3477 3371 3530 et
3403 3481 3656 3534 matrem
3685 3481 3806 3553 ejus

541 3586 791 3645 Irenam,
822 3575 1140 3632 adhortans
1171 3587 1268 3626 eos
1296 3575 1470 3642 atque
1502 3567 1750 3624 ﬁdeliter
1780 3567 2103 3639 pradicans
2135 3584 2238 3640 per
2270 3584 2408 3623 suas
2437 3565 2788 3640 apostolicae
2836 3567 3064 3624 litteras
3093 3586 3197 3642 pro
3227 3571 3418 3629 sacris
3451 3573 3805 3650 imaginibus

467 3687 503 3741 5
539 3677 910 3741 erectionem,
938 3669 1191 3743 qualiter
1219 3684 1319 3740 per
1349 3665 1685 3722 testimonia
1705 3663 2136 3737 Scripturarum
2161 3681 2263 3720 seu
2283 3663 2655 3720 traditionem
2690 3663 3082 3737 probabilium
3113 3670 3355 3724 Patrum
3378 3686 3414 3725 a
3434 3671 3651 3743 priscis
3669 3679 3807 3732 tem-

536 3777 777 3854 poribus
807 3786 995 3842 usque
1024 3769 1308 3823 hactenus
1339 3764 1654 3821 orthodoxe
1684 3765 2036 3818 venerantur
2066 3761 2126 3817 in
2158 3765 2361 3817 sancta
2391 3760 2677 3816 catholica
2706 3766 2762 3818 et
2797 3761 3118 3835 apostolica
3175 3764 3445 3823 Romana
3505 3769 3802 3842 Ecclesia;

537 3873 690 3950 quod
720 3868 942 3944 praefati
972 3866 1374 3938 imperatores,
1397 3862 1663 3918 eamdem
1684 3863 2025 3916 venerantes
2055 3864 2231 3932 atque
2262 3857 2680 3931 amplectentes
2713 3859 3094 3932 apostolicam
3125 3861 3464 3935 epistolam,
3497 3869 3808 3926 concilium

535 3975 594 4030 in
617 3971 808 4028 Nicaza
827 3962 1166 4038 congregari
1187 3963 1448 4018 fecerunt
1464 3962 1857 4015 trecentorum
1875 3955 2308 4030 quinquaginta
2321 3955 2750 4029 episcOporum,
2776 3957 2876 4030 qui
2899 3951 3227 4016 secundum
3250 3961 3592 4022 doctrinam
3613 3968 3810 4040 praedi-

535 4067 781 4129 cationis
815 4062 1142 4138 apostolicae
1173 4058 1428 4132 epistola:
1478 4056 1759 4113 nimirum
1807 4054 2198 4111 crediderunt.
2233 4053 2300 4110 lli
2351 4053 2792 4128 promulgantes
2849 4061 3206 4114 censuerunt
3253 4063 3314 4116 et
3361 4077 3471 4132 per
3519 4065 3803 4137 synodum

425 4174 496 4230 10
532 4163 922 4228 universalem
955 4159 1308 4218 definierunt
1338 4154 1604 4213 unanimi
1636 4153 1957 4211 assertione
1989 4170 2090 4226 pro
2123 4151 2479 4208 honorandis
2509 4151 2865 4226 imaginibus
2895 4153 3268 4211 erectionem.
3292 4159 3486 4224 Quam
3519 4164 3802 4235 synodum

524 4270 652 4342 jam
693 4262 830 4320 dicti
883 4257 1049 4315 missi
1094 4257 1153 4312 in
1201 4257 1396 4314 Graeco
1445 4269 1712 4309 sermone
1752 4267 1952 4306 secum
1984 4249 2243 4306 detulere
2273 4267 2393 4305 una
2422 4266 2555 4305 cum
2586 4249 2990 4323 imperialibus
3023 4251 3208 4310 sacris
3235 4256 3525 4314 manibus
3556 4260 3801 4334 propriis

531 4361 950 4432 subscriptam,
974 4373 1220 4429 eamque
1252 4352 1566 4428 przedictus
1594 4348 1863 4424 egregius
1891 4347 2134 4404 antistes
2165 4347 2224 4402 in
2256 4347 2522 4403 Latinam
2553 4345 2815 4422 linguam
2847 4349 3186 4406 translatari
3211 4352 3422 4424 jussit,
3459 4361 3521 4413 et
3552 4356 3612 4414 in
3642 4376 3802 4416 saera

527 4459 882 4520 bibliotheca
903 4456 1120 4528 pariter
1140 4451 1394 4519 recondi,
1419 4449 1658 4522 dignam
1681 4447 1760 4503 ibi
1783 4446 2112 4503 orthodoxae
2137 4445 2268 4501 ﬁdei
2293 4445 2634 4501 memoriam
2657 4450 2932 4502 aeternam
2955 4447 3194 4506 faciens.
3227 4449 3334 4507 Hic
3368 4451 3531 4512 idem
3553 4455 3796 4514 eximius

528 4575 681 4632 papa
713 4555 892 4612 altare
923 4551 1076 4608 beati
1110 4549 1272 4604 Pauli
1306 4546 1554 4618 apostoli
1586 4563 1703 4601 una
1730 4561 1866 4601 cum
1897 4544 2162 4615 ejusdem
2193 4543 2544 4600 confessoris
2575 4543 2798 4600 foribus
2841 4561 2983 4600 auro
3031 4547 3254 4604 mundo
3301 4551 3495 4608 sacris
3521 4553 3797 4612 decorans

421 4659 488 4714 15
524 4653 788 4712 historiis
819 4649 1062 4705 mirifice
1094 4644 1338 4709 ornavit,
1373 4659 1534 4713 pens.
1570 4641 1704 4698 libr.
1736 4645 1972 4700 centum
2004 4640 2283 4714 triginta;
2316 4640 2417 4696 sed
2451 4644 2505 4696 et
2535 4644 2695 4697 sarta
2737 4645 2890 4697 tecta
2934 4641 3090 4698 tituli
3143 4651 3494 4705 sanctorum
3544 4653 3798 4718 Quatuor

524 4752 964 4811 Coronatorum,
998 4759 1125 4813 quae
1155 4738 1215 4795 in
1248 4737 1435 4794 ruinis
1461 4739 1805 4808 existebant,
1839 4739 2035 4794 trabes
2065 4737 2284 4793 ibidem
2334 4735 2533 4810 plures
2587 4738 2917 4811 imponens,
2951 4739 3152 4796 omnia
3181 4758 3216 4797 a
3246 4760 3398 4800 novo
3427 4750 3794 4806 restauravit.

525 4853 671 4906 Item
702 4844 836 4900 fecit
867 4845 1138 4913 patenam
1169 4839 1225 4891 et
1251 4835 1489 4892 calicem
1522 4836 1579 4890 in
1621 4835 1864 4893 basilica
1911 4835 2065 4892 beati
2117 4833 2268 4891 Petri
2315 4833 2562 4908 apostoli
2611 4852 2714 4908 pro
2761 4835 3120 4909 quotidianis
3177 4837 3535 4902 ministeriis
3564 4863 3634 4904 ex
3662 4864 3796 4904 auro

521 4942 1034 5018 purissimo,pens.
1059 4931 1236 4988 simul
1260 4931 1390 4988 libr.
1413 4933 1618 5006 viginti
1641 4937 1910 5006 quatuor.
1935 4937 2082 4988 Item
2104 4931 2483 4989 beatissimus
2505 4932 2594 4988 vir
2611 4933 2748 4989 fecit
2768 4933 2826 4988 in
2850 4933 3095 4991 ecclesia
3115 4942 3336 4994 sanctae
3360 4939 3468 4997 Dei
3489 4943 3794 5002 Genitricis

520 5037 716 5096 Mariae
746 5035 815 5087 ad
846 5037 1105 5100 Praesepe
1137 5034 1406 5102 patenam
1439 5034 1496 5085 et
1527 5029 1767 5086 calicem
1799 5033 2069 5085 sanctum
2109 5046 2178 5085 ex
2211 5046 2352 5086 auro
2400 5029 2630 5102 obryzo,
2658 5047 2822 5103 pens.
2855 5029 3036 5087 libras
3081 5030 3314 5106 viginti.
3349 5040 3503 5094 Item
3537 5041 3598 5096 in
3633 5041 3790 5099 titulo

411 5138 482 5190 20
519 5129 816 5195 Eudoxim,
838 5124 1104 5180 videlicet
1126 5126 1275 5182 beati
1301 5127 1452 5181 Petri
1477 5126 1724 5199 apostoli
1745 5127 1817 5182 ad
1835 5125 2104 5195 Vincula,
2131 5127 2265 5186 fecit
2285 5126 2542 5183 canistra
2563 5127 2893 5200 duodecim,
2917 5145 3080 5200 pens.
3103 5127 3290 5187 libras
3323 5134 3575 5208 triginta
3604 5155 3718 5208 sex,
3739 5142 3791 5196 et

517 5223 829 5298 delphinos
882 5237 983 5293 per
1030 5221 1284 5279 diversas
1332 5241 1576 5280 coronas
1623 5223 1868 5295 triginta
1897 5223 2178 5295 quinque,
2203 5241 2369 5297 pens.
2401 5224 2582 5281 libras
2611 5229 2740 5280 octo
2766 5243 2780 5293 ;
2813 5225 3146 5300 pariterque
3173 5233 3234 5285 et
3262 5230 3586 5292 ecclesiam
3619 5235 3786 5293 beata

517 5320 771 5384 Sabinae,
799 5317 972 5373 sitam
1003 5318 1061 5374 in
1096 5321 1384 5376 territorio
1407 5319 1815 5386 Ferentinello,
1846 5337 1880 5374 a
1908 5336 2055 5375 novo
2085 5319 2391 5393 reparavit.
2426 5321 2528 5378 Hic
2560 5321 2685 5394 ipse
2713 5322 3004 5380 almificus
3036 5324 3251 5397 praesul
3285 5327 3432 5386 fecit
3462 5331 3524 5388 in
3558 5333 3787 5391 basilica

514 5415 671 5475 beati
703 5412 860 5470 Pauli
891 5416 1134 5488 apostoli
1170 5421 1445 5489 patenam
1477 5434 1545 5473 ex
1576 5433 1717 5472 auro
1747 5417 1979 5488 obryzo,
2007 5433 2141 5472 cum
2171 5417 2350 5473 calice
2377 5421 2602 5487 sancto,
2632 5435 2876 5490 pensan.
2911 5420 3089 5476 simul
3121 5421 3310 5480 libras
3340 5427 3582 5501 viginti.

582 5511 740 5571 854
782 5511 1059 5570 Similiter
1074 5516 1204 5571 etin
1221 5508 1465 5570 ecclesia
1482 5514 1634 5569 beati
1669 5513 1962 5568 Laurentii
1994 5514 2266 5587 martyris
2293 5515 2432 5571 foris
2466 5532 2700 5572 murum
2732 5517 2868 5572 fecit
2897 5534 2964 5573 ex
2994 5535 3136 5574 auro
3168 5521 3505 5592 purissimo
3523 5532 3781 5600 patenam

513 5628 650 5668 cum
681 5609 862 5675 calice
889 5615 1109 5679 sancto,
1141 5628 1385 5686 pensan,
1419 5610 1595 5666 simul
1628 5609 1808 5664 libras
1840 5610 2198 5681 quindecim.
2233 5611 2375 5666 Item
2425 5611 2751 5668 diaconiam
2810 5618 3148 5671 sanctorum
3209 5618 3406 5694 Sergii
3470 5630 3531 5682 et
3585 5626 3780 5683 Bacchi

511 5709 773 5782 ejusdem
797 5709 1072 5764 diaconiae
1095 5709 1485 5781 dispensator,
1509 5710 1747 5780 propter
1776 5709 1998 5762 metum
2029 5706 2254 5779 templi,
2273 5709 2426 5779 quod
2446 5709 2624 5766 situm
2645 5727 2824 5784 super
2839 5728 2938 5768 eas
2959 5712 3294 5788 videbatur,
3317 5724 3600 5780 evertens
3619 5741 3780 5797 super

512 5807 778 5869 eamdem
811 5804 1112 5866 ecclesiam
1144 5823 1178 5863 a
1207 5804 1608 5862 fundamentis
1637 5803 1829 5878 ipsam
1858 5801 2161 5860 basilicam
2192 5805 2620 5868 exterminavit.
2662 5810 2848 5881 Quam
2895 5815 3229 5872 restaurare
3277 5816 3541 5880 minime
3569 5821 3778 5896 valens,
