3934 6202
96 303 239 364 H97
820 294 1188 359 HISTORIA
1236 294 1337 357 DE
1379 293 1582 359 VlTIS
1630 293 1819 359 ROM.
1864 296 2095 359 PONT.
2128 330 2206 343 —
2239 298 2303 359 S.
2349 297 2764 361 ADRIANUS.
3330 306 3487 368 H98

154 436 188 489 5
222 427 624 487 misericordia
653 433 851 485 motus
883 430 956 485 ab
985 445 1187 485 eorum
1229 432 1553 501 martyrum
1603 445 1800 484 amore
1850 446 2149 501 prresagus
2195 429 2459 498 antistes,
2494 448 2528 485 a
2576 431 2976 487 fundamentis
3026 434 3083 488 in
3135 430 3481 507 ampliorem

220 526 591 598 restauravit,
624 527 830 583 decore
857 525 1108 582 nimium
1137 530 1375 583 statum.
1411 525 1719 582 Basilicam
1751 543 1884 582 vero
1918 527 2259 582 monasterii
2294 527 2445 583 beati
2477 529 2768 584 Anastasii
2802 529 3015 586 Christi
3046 535 3339 604 martyris,
3372 553 3490 592 uua

215 643 346 684 cum
380 623 727 698 baptisterio
757 628 815 681 et
846 624 1298 697 egumenarchio
1325 625 1667 706 czeterisque
1698 624 1959 681 aedificiis
1991 642 2094 697 per
2124 624 2411 681 incuriam
2447 626 2869 682 monachorum
2917 633 3201 685 nocturno
3253 632 3486 687 silentio

207 727 476 781 exustam
506 738 540 778 a
570 721 973 778 fundamentis
1002 738 1190 794 usque
1220 722 1292 777 ad
1324 738 1627 777 summum
1662 726 1897 778 tectum
1949 738 2084 777 cum
2135 722 2359 777 audivit
2404 722 2997 783 misericordissimus
3049 727 3282 798 praesul,
3312 728 3483 784 valde

199 819 457 878 diluculo
488 818 763 876 velociter
793 818 1277 892 currens,reperit
1306 835 1435 876 eam
1461 819 1653 876 adhuc
1679 821 1979 876 ardentem
2010 824 2068 877 et
2088 819 2458 876 solummodo
2472 838 2667 877 arcam
2687 823 2949 893 ejusdem
2973 826 3245 898 martyris
3258 832 3486 884 erutam

107 920 166 976 10
197 917 255 975 in
285 918 487 974 media
515 921 678 974 curte
701 917 1236 990 jacentem;caatera
1263 934 1395 974 vero
1427 918 1763 975 sanctuaria
1794 935 1897 974 seu
1929 917 2255 974 ministeria
2283 923 2406 974 tam
2436 918 2498 973 in
2530 920 2776 976 ecclesia
2805 938 2981 993 quam
3014 923 3073 977 in
3106 924 3376 981 vestiario
3406 927 3481 982 ab

196 1016 318 1089 ipso
347 1014 489 1088 igne
519 1014 879 1088 conﬂagrata
909 1014 1185 1083 sunt.Qui
1217 1013 1397 1072 nimio
1431 1032 1676 1071 maerore
1706 1032 1840 1071 cum
1873 1016 1999 1071 suis
2032 1014 2518 1072 ministerialibus
2551 1018 2816 1073 certatim
2847 1019 3224 1093 exstinguens
3255 1022 3475 1095 ignem,

199 1112 507 1170 confestim
531 1112 756 1169 viribus
787 1111 927 1168 totis
960 1129 995 1167 a
1024 1111 1389 1169 ﬂammiferis
1420 1112 1610 1168 ruinis
1639 1116 1866 1169 erutam
1898 1130 1933 1169 a
1961 1129 2105 1169 novo
2136 1113 2197 1168 in
2231 1112 2535 1169 meliorem
2569 1118 2787 1171 statum
2812 1117 3149 1188 praedictam
3180 1119 3483 1177 ecclesiam

192 1227 325 1268 cum
354 1209 633 1266 vestiario
663 1214 723 1265 et
751 1210 1208 1284 egumenarchio
1239 1214 1562 1283 ceteraque
1603 1210 1849 1267 aadiﬁcia
1880 1210 2267 1267 renovavit.Et
2298 1211 2556 1283 amplius
2586 1211 2645 1267 in
2677 1230 2745 1269 ea
2761 1216 3094 1272 sanctuaria
3122 1221 3295 1288 atque
3319 1218 3487 1273 mini-

195 1307 369 1364 steria
400 1312 459 1364 et
490 1312 839 1364 ornamenta
870 1309 1098 1381 majora
1128 1325 1307 1381 quam
1338 1325 1465 1381 qua;
1497 1308 1719 1365 ibidem
1746 1310 2066 1365 combusta
2093 1323 2251 1381 sunt,
2284 1309 2550 1366 contulit.

269 1413 423 1471 855
456 1413 589 1486 Ipse
618 1430 751 1471 vero
783 1414 921 1482 Deo,
956 1418 1023 1470 ut
1054 1414 1289 1482 dicitur,
1322 1418 1619 1488 protectus
1650 1414 1887 1488 praesul,
1924 1415 2296 1488 conspiciens
2326 1432 2528 1472 muros
2556 1417 2736 1488 hujus
2776 1418 3028 1475 civitatis
3080 1420 3350 1476 Romanae
3382 1438 3484 1494 per

199 1509 415 1568 olitana
447 1514 721 1584 tempora
750 1511 810 1568 in
844 1511 1033 1568 ruinis
1064 1512 1374 1586 positos,et
1405 1529 1508 1585 per
1536 1512 1664 1569 loca
1694 1512 1891 1587 plures
1924 1518 2114 1569 turres
2143 1530 2330 1586 usque
2364 1515 2435 1569 ad
2468 1518 2681 1570 terram
2711 1532 3072 1589 eversas,per
3101 1536 3272 1574 suum
3306 1520 3483 1576 soler-

205 1607 388 1666 tissim
398 1625 500 1665 um
534 1608 798 1666 studium
828 1613 980 1667 totas
1010 1609 1273 1667 civitates
1285 1614 1406 1666 tam
1420 1610 1644 1667 Tuscia:
1658 1628 1955 1683 quamque
1972 1610 2301 1683 Campaniae
2321 1629 2701 1686 congregans,
2714 1632 2828 1670 una
2841 1632 2974 1671 cum
2993 1617 3208 1689 populo
3223 1618 3364 1673 Rom
3374 1635 3483 1675 ano

204 1707 444 1780 ejusque
475 1707 861 1775 suburbanis,
894 1725 1118 1763 necnon
1152 1713 1209 1764 et
1240 1712 1359 1764 toto
1391 1708 1785 1765 ecclesiastico
1817 1708 2475 1782 patrimonio,omnibus
2505 1710 2826 1783 praedicens
2856 1716 2915 1769 et
2945 1713 3209 1770 dividens
3229 1732 3297 1770 ex
3326 1732 3460 1771 sum

143 1806 175 1860 5
206 1805 400 1877 ptibus
431 1804 809 1878 dapibusque
838 1804 1193 1878 apostolicis,
1225 1809 1409 1861 totam
1441 1806 1654 1862 Urbem
1684 1805 1745 1861 in
1776 1805 2023 1863 circuitu
2055 1808 2692 1876 restaurans,universa
2720 1811 3013 1866 renovavit
3044 1816 3219 1884 atque
3251 1813 3484 1868 decora-

209 1902 322 1971 vit;
353 1903 688 1976 praasertim
721 1907 778 1960 et
806 1904 865 1959 in
898 1903 1065 1959 altari
1110 1903 1319 1976 majori
1349 1903 1608 1960 ecclesiae
1658 1904 1813 1959 beati
1864 1903 2015 1959 Petri
2063 1904 2311 1977 apostoli
2360 1906 2497 1961 fecit
2542 1923 2610 1961 ex
2658 1924 2798 1963 auro
2850 1908 3167 1980 purissimo
3218 1910 3479 1967 diversas

214 1998 512 2069 historias,
548 2016 714 2073 pens.
745 1999 925 2057 libras
946 2000 1309 2073 quingentas
1340 2001 1659 2075 nonaginta
1685 2005 1947 2074 septem;
1982 2006 2038 2056 et
2066 2002 2227 2058 intus
2254 2002 2311 2057 in
2357 2004 2717 2059 confessione
2767 2005 3081 2078 imaginem
3131 2006 3189 2061 in
3238 2010 3481 2064 modum

217 2097 665 2172 Evangeliorum
696 2115 765 2154 ex
796 2116 937 2154 auro
968 2099 1198 2173 abryzo,
1226 2116 1470 2172 pensan.
1501 2099 1682 2155 libras
1713 2099 1918 2172 viginti
1952 2098 2159 2169 simul;
2192 2103 2250 2155 et
2273 2099 2562 2157 cancellos
2594 2106 2728 2157 ante
2761 2104 3028 2159 eamdem
3057 2106 3483 2163 confessionem

217 2212 281 2252 ex
309 2214 453 2253 auro
485 2196 829 2270 purissimo,
864 2214 1108 2271 pensan.
1139 2197 1320 2254 libras
1349 2198 1781 2272 quinquaginta
1809 2214 1909 2253 sex
1941 2215 1954 2253 :
1990 2198 2089 2271 qui
2124 2198 2259 2254 fecit
2289 2198 2467 2254 simul
2500 2199 2559 2254 in
2590 2200 2758 2259 altari
2800 2201 2959 2257 intus
3008 2202 3067 2256 in
3118 2220 3281 2280 sacro
3331 2203 3484 2259 ultro

128 2295 184 2349 10
217 2298 470 2367 citroque
501 2294 872 2350 confessione
903 2296 1222 2369 imaginem
1254 2295 1312 2350 in
1344 2295 1586 2350 modum
1617 2299 1674 2353 et
1704 2293 2149 2367 Evangeliorum
2183 2311 2407 2350 necnon
2438 2299 2494 2349 et
2514 2295 2573 2349 in
2608 2296 2875 2367 postibus
2905 2297 3277 2355 inferioribus
3308 2305 3365 2354 et
3393 2317 3490 2356 su-

216 2386 748 2465 perioribusatque
779 2391 1079 2465 cancellis,
1108 2392 1284 2449 simul
1313 2392 1491 2449 etiam
1520 2396 1578 2449 et
1596 2392 1752 2449 circa
1776 2408 1989 2465 corpus
2019 2408 2088 2448 ex
2119 2409 2260 2448 auro
2291 2392 2500 2465 obryzo
2530 2391 2713 2449 libras
2737 2394 2896 2450 mille
2947 2399 3234 2454 trecentas
3282 2397 3489 2470 viginti

223 2494 364 2546 octo.

288 2585 437 2643 856
468 2587 536 2643 In
568 2586 844 2645 vicesimo
875 2588 1032 2645 enim
1063 2588 1289 2662 praefati
1340 2587 1536 2644 eximii
1587 2586 1881 2661 pontificis
1929 2602 2103 2656 anno,
2137 2603 2338 2643 mense
2388 2587 2749 2656 Decembris,
2782 2589 3099 2647 indictione
3148 2594 3234 2660 45,
3279 2593 3492 2651 ﬂuvius

222 2683 440 2741 Tiberis
469 2702 505 2741 a
536 2703 646 2742 suo
674 2702 947 2759 egressus
977 2686 1136 2743 alveo
1168 2686 1569 2742 intumescens
1600 2702 1728 2742 sese
1760 2702 1863 2758 per
1893 2685 2243 2757 campestria
2276 2684 2469 2754 dedit;
2504 2685 2603 2757 qui
2637 2685 2814 2742 etiam
2845 2705 2959 2759 pra:
3012 2690 3196 2745 nimia
3241 2691 3494 2748 inunda-

226 2780 374 2837 tione
403 2786 638 2855 portam
672 2800 798 2856 qua
829 2782 1045 2840 dieitur
1075 2783 1362 2840 Flaminia
1392 2782 1913 2856 ingressus,ipsam
1945 2799 1978 2837 a
2008 2782 2408 2838 fundamentis
2439 2782 2690 2838 evellens
2717 2789 3161 2859 portam,usque
3193 2789 3264 2842 ad
3287 2806 3491 2845 arcum

233 2878 324 2952 qui
351 2883 598 2936 vocatur
625 2880 767 2938 Tres
799 2881 1124 2939 Faccicelas
1154 2898 1283 2939 eam
1317 2880 1804 2949 deduxit,interea
1829 2883 1886 2935 et
1916 2896 2119 2936 muros
2149 2879 2207 2934 in
2240 2879 2539 2952 aliquibus
2570 2881 2932 2937 transcendit
2961 2882 3307 2957 locis,atque
3338 2885 3494 2943 ultra

168 2976 198 3031 5
232 2975 534 3035 basilicam
566 2978 757 3036 sancti
787 2978 967 3037 Marci
997 2985 1259 3037 evertens
1287 2980 1580 3053 porticum
1612 2995 1736 3051 qua:
1767 2982 2007 3034 vocatur
2034 2976 2385 3047 Palatina,et
2413 2995 2515 3051 per
2544 2978 2767 3051 plateas
2798 2997 2860 3035 se
2887 2982 3202 3038 extendens
3215 3000 3400 3056 usque
3421 2986 3495 3040 ad

235 3079 466 3146 pontem
498 3075 805 3145 Antonini,
838 3076 1152 3150 ipsumque
1184 3081 1448 3133 evertens
1478 3091 1738 3145 murum,
1774 3090 2047 3147 egressus
2076 3073 2135 3129 in
2170 3092 2276 3131 suo
2308 3091 2370 3131 se
2399 3074 2610 3132 iterum
2642 3075 2829 3133 univit
2859 3076 3037 3147 alveo,
3068 3077 3149 3134 ita
3198 3084 3263 3135 ut
3303 3080 3363 3136 in
3404 3082 3500 3138 via

234 3171 369 3229 Lata
398 3171 661 3247 amplius
690 3190 867 3247 quam
898 3175 1048 3231 duas
1077 3178 1335 3231 staturas
1364 3174 1629 3245 ejusdem
1663 3171 1925 3228 ﬂuminis
1958 3189 2113 3244 aqua
2142 3172 2506 3242 excrevisset,
2540 3177 2717 3245 atque
2762 3174 2833 3230 ad
2864 3180 3090 3246 portam
3140 3177 3291 3233 beati
3340 3178 3496 3237 Petni

233 3285 413 3342 usque
443 3272 517 3327 ad
550 3274 788 3344 pontem
819 3271 1081 3328 Milvium
1111 3290 1273 3346 aquae
1306 3272 1747 3337 descenderant,
1770 3270 1941 3341 juxta
1969 3268 2277 3325 remissam
2304 3269 2421 3326 vim
2456 3271 2674 3343 impius
2704 3271 2964 3330 ﬂuminis
2994 3274 3495 3334 reddidit.Domos

233 3354 424 3441 itaque
452 3368 681 3439 evertit,
713 3386 883 3442 agros
913 3370 1246 3437 desertavit,
1277 3368 1527 3426 evellens
1558 3373 1616 3424 et
1644 3367 1947 3424 eradicans
1979 3368 2221 3423 arbusta
2246 3371 2303 3423 et
2331 3372 2574 3440 segetes.
2608 3369 2755 3424 Nam
2786 3387 2888 3426 nec
2922 3388 3111 3428 serere
3140 3390 3274 3445 pars
3304 3375 3496 3430 maxi-

145 3462 203 3516 10
236 3481 328 3521 ma
357 3467 759 3523 Romanorum
789 3466 972 3524 valuit
1002 3468 1130 3542 ipso
1160 3470 1505 3541 tempore,et
1534 3482 1639 3539 per
1667 3465 1775 3522 hoc
1804 3465 2152 3521 imminebat
2181 3464 2479 3521 tribulatio
2512 3483 2745 3539 magna.
2767 3470 2891 3536 Quo
2922 3470 3117 3525 audito
3144 3471 3267 3544 ipse
3296 3472 3499 3544 praeci-

237 3578 383 3634 puus
411 3564 638 3637 praeui
664 3566 772 3621 hoc
803 3565 1080 3639 quoniam
1112 3583 1216 3639 per
1240 3566 1504 3622 triduum
1534 3563 1731 3637 ipsum
1763 3563 1981 3618 ﬂumen
2013 3556 2181 3635 quasi
2207 3579 2311 3634 per
2340 3562 2569 3619 alveum
2595 3581 2699 3636 per
2723 3566 3017 3623 civitatem
3040 3570 3398 3635 currebat,se
3419 3570 3504 3626 ni-

239 3659 346 3717 mis
373 3659 435 3718 in
458 3661 986 3719 lamentationibur
1012 3662 1253 3730 dedit,et
1281 3662 1450 3719 humi
1476 3662 1536 3717 in
1566 3660 1884 3718 orationem
1919 3664 2244 3732 prostratus
2270 3658 2901 3731 persistens,misertus
2922 3666 3205 3723 Dominus
3228 3669 3356 3740 ejus
3378 3684 3507 3725 ora-

239 3756 491 3816 tionibus
523 3763 660 3834 post
689 3759 951 3816 triduum
981 3760 1248 3816 cessavit.
1283 3761 1394 3817 Sed
1426 3776 1529 3832 per
1558 3758 1756 3831 plures
1789 3758 1914 3813 dies
1944 3773 2098 3829 aqua
2127 3756 2372 3811 Romam
2404 3758 2656 3814 detinuit
2686 3759 2982 3831 invasam;
3016 3765 3114 3836 qui
3152 3766 3275 3837 ipse
3307 3765 3510 3839 praeci-

241 3870 388 3926 puus
415 3855 687 3926 antistes,
723 3857 919 3915 divina
948 3862 1248 3931 permotus
1278 3856 1683 3930 inspiratione,
1712 3871 1814 3927 per
1844 3853 2142 3908 naviculas
2173 3854 2540 3909 morantibus
2571 3856 2662 3911 via
2694 3861 2831 3914 Lata
2861 3859 3020 3916 cibos
3045 3863 3113 3916 ad
3125 3863 3363 3927 vexit,ut
3393 3880 3512 3918 non

153 3948 215 4004 45
248 3951 395 4009 fame
425 3959 795 4025 necarentur,
828 3972 895 4013 eo
945 3956 1102 4028 quod
1153 3955 1396 4011 minime
1444 3953 1570 4009 suis
1614 3950 1928 4007 domiciliis
1955 3950 2107 4005 exire
2139 3949 2463 4021 nequibant
2494 3968 2610 4023 prae
2644 3952 2830 4010 nimia
2860 3956 3170 4013 altitudine
3203 3975 3510 4030 aquarum.

248 4048 625 4110 Postmodum
655 4070 789 4110 vero
821 4054 1075 4109 arefacta
1103 4069 1255 4125 aqua
1285 4068 1490 4109 omnes
1518 4067 1586 4107 ex
1614 4048 1745 4122 ipsa
1773 4047 2006 4121 regione
2034 4047 2127 4103 via
2160 4047 2303 4103 Lata
2330 4047 2390 4102 in
2422 4048 2595 4105 domo
2643 4052 2981 4110 consolatus
3027 4059 3135 4108 est.
3171 4056 3330 4112 Idem
3376 4073 3511 4114 vero

246 4150 683 4208 sacratissimus
711 4150 926 4225 praasul
954 4154 1153 4224 portas
1182 4167 1360 4206 azreas
1391 4149 1645 4221 majores
1674 4146 1837 4203 miraa
1868 4144 2294 4217 magnitudinis
2324 4145 2626 4202 decoratas
2656 4149 2919 4206 studiose
2950 4168 2983 4206 a
3013 4151 3243 4207 civitate
3276 4153 3509 4210 Perusi-

246 4259 322 4301 na
346 4247 645 4305 deducens
674 4248 736 4305 in
767 4247 1073 4306 basilicam
1104 4248 1258 4305 beati
1290 4247 1440 4304 Petri
1473 4243 1721 4319 apostoli
1754 4243 1826 4300 ad
1857 4246 2077 4299 turrem
2122 4246 2350 4315 compte
2396 4244 2596 4299 erexit.
2633 4244 2744 4300 Sed
2794 4246 2854 4301 in
2908 4244 3074 4304 titulo
3124 4248 3276 4305 beati
3330 4250 3510 4308 Marci

246 4344 518 4402 nutritori
551 4363 658 4403 suo
690 4346 828 4402 fecit
856 4351 1130 4420 patenam
1161 4350 1219 4402 et
1249 4344 1489 4402 calicem
1520 4350 1790 4400 sanctum
1820 4341 1891 4397 de
1920 4356 2062 4397 auro
2093 4338 2432 4413 purissimo,
2465 4357 2707 4412 pensan.
2741 4341 2922 4400 libras
2963 4345 3274 4415 undecim;
3305 4347 3422 4404 imo
3453 4354 3512 4406 et

147 4437 211 4492 20
243 4439 448 4499 calices
480 4448 789 4518 argenteos
822 4449 1096 4518 quatuor,
1120 4460 1365 4517 pensan.
1398 4442 1580 4498 libras
1611 4439 1941 4497 duodecim.

320 4539 467 4598 857
505 4543 787 4600 Preterea
816 4543 875 4598 in
907 4542 1151 4600 basilica
1178 4542 1483 4599 beatorum
1523 4541 1744 4596 Cosme:
1794 4541 1851 4595 et
1897 4534 2166 4592 Damiani
2215 4533 2487 4592 similiter
2534 4538 2806 4609 patenam
2856 4544 2915 4595 et
2959 4542 3197 4597 calicem
3251 4560 3319 4599 ex
3368 4560 3511 4600 auro

247 4636 474 4712 obryzo,
505 4657 750 4713 pensan.
781 4640 964 4697 libras
994 4639 1212 4714 pariter
1240 4638 1535 4708 undecim,
1568 4635 1798 4693 obtulit.
1830 4634 2047 4690 Verum
2076 4632 2253 4689 etiam
2283 4637 2345 4689 at
2374 4633 2434 4689 in
2465 4634 2735 4691 diaconia
2760 4639 2947 4693 sancti
2972 4640 3210 4697 Adriani
3239 4646 3513 4713 patenam

249 4737 304 4790 et
329 4736 570 4794 calicem
601 4755 671 4796 ex
694 4756 836 4796 auro
867 4739 1089 4795 mundo
1121 4737 1390 4804 contulit,
1411 4753 1655 4809 pensan.
1680 4732 1857 4791 simul
1891 4731 2071 4788 libras
2101 4730 2394 4786 undecim.
2435 4732 2589 4787 Fecit
2618 4737 2814 4790 autem
2848 4740 2904 4791 et
2936 4736 2995 4792 in
3028 4736 3295 4795 diaconia
3323 4740 3515 4796 sancti

249 4832 485 4891 Adriani
516 4837 793 4910 martyris
824 4854 997 4894 arcus
1027 4838 1096 4893 de
1125 4840 1365 4910 argento
1396 4836 1566 4901 duos,
1599 4849 1841 4906 pensan.
1872 4831 2054 4886 libras
2084 4829 2311 4902 viginti.
2344 4829 2414 4885 Et
2440 4829 2499 4885 in
2530 4830 2775 4887 basilica
2801 4838 3015 4891 sanctae
3045 4835 3310 4892 Martius:
3343 4855 3515 4894 arcus

185 4925 218 4981 5
251 4928 318 4985 de
347 4938 589 5006 argento
618 4938 758 5003 tres,
778 4952 1022 5008 pensan.
1047 4933 1227 4991 libras
1258 4933 1515 5006 triginta.
1552 4933 1675 4988 Imo
1708 4934 1765 4986 et
1793 4929 1853 4984 in
1886 4927 2130 4984 ecclesia
2159 4944 2391 4999 semper
2417 4927 2663 5000 virginis
2695 4930 2910 5000 Mariae,
2943 4933 3098 5004 quod
3130 4934 3202 4988 ad
3234 4935 3517 5008 Martyres

249 5032 806 5101 vocatur,renovavit
834 5032 1141 5106 cyburium
1174 5032 1245 5087 de
1275 5028 1708 5104 argento,quod
1738 5045 1805 5083 ex
1834 5028 2125 5082 vetustate
2146 5028 2563 5096 consumptum
2594 5030 2735 5095 erat,
2761 5030 2817 5083 et
2847 5029 3072 5084 addidit
3104 5029 3163 5085 in
3195 5048 3261 5086 eo
3293 5033 3520 5104 argenti

254 5119 430 5183 libras
461 5129 847 5203 sexaginta,et
875 5131 935 5185 in
968 5128 1282 5202 pristinum
1317 5145 1451 5184 eum
1483 5126 1663 5183 erexit
1691 5123 1914 5182 noviter
1940 5121 2274 5178 locum.Sed
2308 5125 2366 5176 et
2396 5137 2598 5177 arcum
2628 5122 2687 5178 in
2717 5125 2919 5181 eadem
2950 5127 3523 5186 venerabiliecclesia

255 5217 385 5278 fecit
413 5224 487 5281 de
517 5231 778 5300 argento,
809 5244 1054 5301 pensan.
1091 5226 1272 5282 libras
1291 5224 1620 5280 duodecim.
1654 5222 1756 5278 Hic
1787 5218 2167 5276 beatissimus
2199 5216 2456 5290 pontifex
2483 5219 2681 5275 omnia
2730 5221 2952 5278 utiliter
2998 5224 3336 5297 noviterque
3384 5226 3522 5282 fecit

249 5318 367 5374 tam
395 5321 457 5377 in
490 5322 878 5397 eleemosynis
907 5340 1233 5397 pauperum
1264 5338 1561 5394 quamque
1604 5321 1666 5375 in
1715 5313 2074 5374 ornamentis
2123 5318 2462 5369 sanctarum
2514 5316 2893 5374 ecclesiarum
2943 5321 3272 5393 proficiens.
3303 5324 3520 5379 Verum

161 5407 223 5463 10
255 5414 425 5474 etiam
455 5436 699 5477 cursum
731 5437 1151 5477 consummans
1181 5423 1355 5492 atque
1384 5419 1561 5474 fidem
1592 5416 1972 5475 orthodoxam
1999 5411 2379 5468 solertissime
2395 5407 2762 5482 servans,Dei
2779 5419 3079 5474 vocatione
3105 5418 3287 5475 vitam
3310 5419 3522 5477 finiens

264 5514 333 5569 ad
363 5521 644 5576 (sternam
673 5518 945 5592 migravit
972 5517 1254 5589 requiem.
1289 5517 1395 5583 Qui
1429 5517 1565 5573 fecit
1595 5513 1990 5572 ordinationes
2020 5511 2169 5565 duas
2191 5525 2294 5581 per
2324 5524 2586 5565 mensem
2621 5512 3296 5588 Martium;presbyteros
3316 5517 3527 5589 viginti

262 5616 818 5685 quatuor,diaconos
848 5615 1403 5688 septem,episcopos
1437 5632 1540 5687 per
1569 5614 1796 5669 diversa
1825 5610 1954 5666 loca
1984 5623 2230 5663 numero
2260 5610 2497 5661 centum
2531 5610 2869 5683 octuaginta
2899 5613 3527 5687 quinque;etsepultus

261 5712 345 5763 est
375 5711 435 5767 in
467 5713 713 5772 basilica
742 5712 893 5770 beati
925 5711 1074 5770 Petri
1104 5710 1349 5785 apostoli
1378 5729 1459 5770 v11
1492 5710 1615 5769 Kal.
1646 5708 1933 5783 Januarii,
1966 5704 2151 5763 indict
2182 5705 2235 5761 4.
2270 5700 2400 5761 Fuit
2429 5709 2626 5763 autem
2677 5711 3039 5784 temporibus
3086 5710 3273 5767 Caroli
3324 5712 3527 5789 Magni

265 5807 437 5884 regis.
