3934 6202
176 228 340 290 i209
1032 227 1400 290 HISTORIA
1444 227 1545 289 DE
1588 229 1729 291 Vl'l‘i

2078 229 2304 292 PONT.
2339 264 2417 274 —
2446 231 2596 291 LEO
2641 231 2746 291 Ill.
3436 233 3593 298 1210

1556 473 1845 544 XCVlll.
1905 473 2066 544 [ιΕο
2121 474 2230 544 lll.

1183 627 1346 674 anno
1389 628 1624 674 canis'rr
1667 615 1807 686 795,
1853 629 2244 676 CONSTANTINI
2287 628 2488 676 sonus
2531 615 2592 674 6.

397 841 550 899 858
593 842 705 898 Leo
736 840 1215 909 tertius,natione
1248 842 1567 910 Romanus,
1599 859 1666 898 ex
1698 847 1859 916 patre
1892 842 2165 916 Azuppio,
2200 842 2350 898 sedit
2382 844 2566 899 adnos
2597 842 2796 916 viginti
2823 862 2835 913 ;
2871 860 3105 902 menses
3153 845 3438 918 quinque,
3469 845 3596 904 dies

323 941 526 996 decem
558 944 616 995 et
647 943 890 1012 septem.
924 939 1031 1005 Qui
1060 956 1092 993 a
1124 956 1298 1011 parva
1331 945 1495 995 aetate
1529 940 1586 995 in
1618 940 1888 996 vestiario
1922 940 2254 1013 patriarcbii
2289 941 2580 996 enutritus
2611 945 2669 996 et
2699 941 3004 1014 educatus,
3040 959 3392 1017 omnemque
3423 944 3599 1000 eccle-

323 1038 626 1094 siasticam
659 1035 1030 1110 disciplinam
1062 1037 1445 1110 spiritualiter
1472 1037 1757 1106 eruditus,
1781 1043 1901 1093 tam
1936 1039 1992 1093 in
2027 1038 2302 1112 psalterio
2335 1056 2634 1112 quamque
2682 1039 2740 1094 in
2795 1039 2977 1097 sacris
3027 1040 3237 1096 divinis
3279 1042 3597 1118 Scripturis

321 1135 569 1208 pollens,
604 1134 1002 1190 subdiaconus
1032 1135 1219 1191 factus
1251 1134 1310 1190 in
1343 1136 1684 1208 presbyterii
1738 1135 2014 1191 honorem
2067 1141 2371 1207 provectus
2421 1140 2526 1192 est.
2579 1137 2714 1192 Erat
2761 1137 2916 1192 enim
2967 1137 3055 1192 vir
3103 1143 3320 1206 castus,
3363 1138 3598 1212 loquela

243 1235 283 1290 5
313 1235 606 1290 facundus
637 1237 694 1288 et
718 1233 914 1289 animo
941 1239 1237 1289 constans.
1273 1232 1378 1289 Ubi
1410 1251 1542 1288 vero
1574 1233 1905 1289 inveniebat
1935 1233 2189 1305 aliquem
2222 1233 2580 1306 praecipuum
2614 1233 2968 1290 monachum
2996 1235 3083 1290 vel
3119 1253 3349 1294 servum
3400 1237 3501 1296 Dei
3535 1237 3593 1292 in

323 1330 633 1404 colloquiis
665 1331 880 1386 divinis
910 1335 963 1386 et
995 1331 1424 1398 oratione,cum
1457 1348 1522 1386 eo
1547 1331 1780 1404 penitus
1801 1348 2004 1390 vacare
2036 1349 2149 1387 non
2182 1333 2466 1388 cessabat.
2493 1333 2562 1387 Et
2590 1331 2754 1388 valde
2787 1332 3080 1406 nimisque
3110 1333 3315 1392 hilaris
3352 1335 3410 1390 in
3443 1335 3595 1392 elee-

322 1429 585 1504 mosynis
617 1428 924 1497 existebat,
957 1446 1156 1485 verum
1190 1430 1361 1485 etiam
1390 1434 1448 1485 et
1479 1430 1848 1485 inﬁrmorum
1882 1447 2123 1503 prorsus
2155 1430 2448 1488 maximus
2478 1430 2763 1499 visitatur,
2798 1432 3122 1504 pradicans
3172 1431 3290 1489 illis
3339 1432 3593 1508 scriptu-

322 1528 524 1585 raliter
545 1528 641 1599 (η),
667 1533 732 1583 ut
761 1544 962 1583 earum
995 1527 1222 1582 animas
1255 1529 1330 1598 (b)
1361 1527 1420 1582 in
1451 1527 1838 1602 eleemosynis
1863 1528 2234 1585 redimerent.

396 1626 550 1684 829
591 1625 696 1693 Qui
722 1624 917 1697 plures
948 1625 1075 1694 ejus
1107 1623 1619 1697 praedicationibus
1651 1630 1997 1693 annuentes,
2033 1625 2318 1698 quidquid
2352 1624 2446 1681 ille
2475 1643 2576 1698 pro
2609 1624 2838 1682 Christo
2871 1629 3344 1694 commendabat,
3369 1629 3594 1687 occulte

320 1724 416 1780 die
446 1727 738 1795 noctuque
769 1722 1124 1795 pauperibus
1157 1722 1506 1794 erogabant;
1543 1723 1798 1780 fructum
1829 1722 2160 1780 animarum
2199 1723 2400 1780 crebro
2433 1722 2769 1797 oll‘erens(c)
2793 1723 3105 1780 salubriter
3153 1731 3283 1782 Deo.
3335 1727 3404 1782 Et
3451 1729 3592 1783 dum

321 1820 520 1877 taliter
550 1820 608 1875 in
640 1820 767 1894 ipso
797 1819 1068 1874 vestiario
1101 1818 1386 1892 praecipue
1417 1820 1633 1892 degens
1665 1819 2087 1892 splenderet,et
2119 1821 2246 1895 ejus
2278 1819 2722 1878 solertissimam
2755 1839 2956 1880 curam
2978 1822 3101 1897 ipse
3123 1823 3432 1880 vestiarius
3454 1824 3593 1880 diri-

321 1923 505 1992 geret,
535 1917 607 1973 ab
640 1916 916 1972 omnibus
949 1915 1353 1972 amantissime
1383 1916 2134 1991 diligebatur.0uapropter
2164 1917 2360 1973 divina
2387 1917 2770 1992 inspiratione
2793 1937 2908 1974 una
2939 1919 3594 1996 concordimeademque

244 2019 284 2074 5
325 2016 622 2073 voluntate
653 2033 687 2071 a
717 2014 943 2072 cunctis
975 2014 1376 2071 sacerdotibus
1418 2033 1518 2070 seu
1546 2015 1883 2089 proceribus
1933 2020 1991 2071 et
2034 2015 2193 2074 omni
2239 2015 2412 2083 clero,
2446 2033 2670 2072 necnon
2720 2020 2775 2071 et
2819 2017 3202 2089 optimatibus
3246 2018 3334 2074 vel
3383 2023 3594 2076 cuncto

324 2113 542 2188 populo
575 2112 974 2180 Romauo,Dei
1009 2116 1153 2167 nutu
1186 2111 1245 2166 in
1277 2112 1451 2168 natali
1479 2113 1554 2183 (d)
1580 2113 1732 2168 beati
1764 2112 1937 2185 primi
1966 2112 2240 2186 martyris
2271 2111 2550 2185 Stephani
2584 2111 2804 2169 electus
2835 2119 2942 2182 est,
2979 2119 3036 2170 et
3077 2115 3342 2187 sequenti
3391 2115 3484 2171 die
3532 2116 3592 2171 in

324 2210 503 2267 natali
526 2213 618 2278 (e),
643 2209 829 2266 sancti
858 2209 1102 2266 Joannis
1133 2209 1380 2282 apostoli
1413 2215 1469 2266 et
1497 2209 1860 2282 evangelista:
1893 2211 1962 2264 ad
1997 2209 2229 2266 laudem
2261 2215 2317 2265 et
2358 2209 2604 2281 gloriam
2636 2210 3053 2282 omnipotentis
3100 2211 3199 2267 Dei
3249 2213 3503 2284 pontifex
3533 2212 3593 2268 in

322 2310 460 2366 sede
491 2307 809 2381 apostolica
837 2308 1143 2364 ordinatus
1174 2312 1276 2364 est.
1314 2308 1450 2363 Erat
1483 2307 1637 2363 enim
1670 2307 2198 2363 ecclesiasticarum
2233 2324 2426 2362 rerum
2461 2308 2750 2374 defensor,
2785 2313 2838 2361 et
2870 2307 3295 2363 contrariorum
3347 2307 3594 2364 fortissi-

320 2423 457 2462 mus
488 2409 869 2479 expugnator,
901 2409 958 2461 et
988 2404 1166 2461 nimis
1213 2403 1596 2477 mitissimus,
1629 2410 1684 2460 et
1729 2404 1918 2460 eidem
1967 2404 2236 2460 Ecclesia:
2283 2403 2594 2459 benevolus
2645 2404 2961 2477 praeclarus
3010 2409 3254 2474 amator,
3290 2405 3492 2461 tardus
3524 2406 3596 2463 ad

207 2504 284 2561 40
322 2503 714 2571 irascendum,
748 2507 806 2558 et
834 2501 995 2558 velox
1025 2503 1097 2558 ad
1133 2503 1566 2571 miserandum;
1603 2501 1748 2557 nulli
1782 2501 2002 2557 malum
2036 2518 2138 2574 pro
2172 2500 2326 2556 malo
2358 2501 2630 2568 reddens,
2664 2518 2852 2574 neque
2903 2502 3224 2558 vindictam
3274 2503 3597 2558 secundum

322 2602 598 2658 meritum
627 2600 911 2664 tribuens,
945 2603 1044 2658 sed
1081 2601 1212 2678 pius
1241 2618 1308 2656 ac
1339 2601 1672 2657 misericors
1702 2617 1736 2656 a
1765 2605 2024 2674 tempore
2052 2599 2439 2656 ordinationis
2492 2617 2610 2656 suae
2665 2600 2941 2656 omnibus
2991 2599 3219 2658 studuit
3239 2601 3306 2673 (Γ)
3329 2601 3597 2673 justitias

323 2699 740 2772 facere.(g)llic
769 2717 900 2756 vero
932 2717 1133 2774 regam
1156 2701 1234 2768 (Ιι)
1265 2699 1416 2755 clero
1448 2716 1554 2754 suo
1587 2699 1644 2754 in
1679 2700 2037 2773 presbyterio
2070 2698 2322 2754 maxime
2355 2697 2674 2770 ampliavit.
2702 2698 2859 2754 Fecit
2888 2698 3046 2754 enim
3078 2697 3137 2753 in
3170 2697 3414 2754 basilica
3442 2698 3598 2755 beati

327 2796 477 2852 Petri
511 2796 791 2872 principis
823 2797 1226 2870 apnstolorum
1259 2796 1528 2852 nutritori
1561 2814 1668 2852 suo
1715 2797 2086 2853 thuribulum
2133 2815 2376 2853 aureum
2408 2801 2541 2852 ante
2570 2795 2924 2852 vestibulum
2959 2795 3183 2863 altaris,
3217 2813 3380 2869 pens.
3417 2795 3598 2852 libras

322 2895 523 2951 decem
556 2899 612 2950 et
642 2899 887 2967 septem.
906 2895 1026 2950 lmo
1059 2898 1114 2950 et
1144 2894 1203 2950 in
1236 2893 1600 2950 confessione
1621 2895 1886 2964 ejusdem
1914 2894 2160 2967 apostoli
2193 2911 2369 2967 rugas
2390 2912 2457 2950 ex
2477 2910 2618 2949 auro
2642 2893 2958 2966 purissimo
2986 2911 3120 2949 cum
3143 2893 3394 2967 gemmis
3416 2893 3599 2951 diver-

208 2993 285 3049 45
323 2992 427 3060 sis,
461 3009 703 3065 pensari.
736 2990 918 3048 libras
936 2992 1325 3065 quadraginta
1354 2997 1413 3047 et
1443 3008 1668 3047 novem.
1687 2992 1830 3047 item
1863 3009 2106 3047 coronas
2140 2992 2390 3064 majores
2412 3001 2714 3064 argenteas
2739 2995 2874 3056 tres,
2895 3007 3139 3065 pensan.
3161 2989 3341 3046 libras
3370 2995 3599 3056 trecen-

317 3095 414 3145 tas
445 3094 500 3146 et
531 3094 777 3164 septem.
811 3089 1027 3146 Verum
1049 3090 1223 3146 etiam
1255 3094 1313 3145 et
1333 3089 1587 3145 cortinas
1619 3087 1782 3144 albas
1814 3087 2168 3144 holosericas
2200 3095 2426 3146 rosatas
2456 3088 2739 3145 habentes
2763 3089 2818 3144 in
2852 3088 3044 3145 medio
3075 3105 3309 3144 crucem
3341 3089 3412 3144 de
3435 3088 3602 3163 chry-

324 3186 562 3244 soclabo
593 3188 676 3261 (i),
710 3191 766 3244 et
787 3187 1098 3260 perielysin
1131 3188 1202 3243 de
1235 3188 1474 3242 fundato
1506 3203 1707 3242 unam.

394 3285 552 3342 800
587 3286 756 3342 Sarta
772 3302 904 3342 vero
927 3290 1080 3341 tecta
1110 3285 1362 3342 basilica)
1394 3284 1547 3340 beati
1582 3284 1731 3341 Petri
1766 3283 2034 3356 apostoli,
2059 3284 2114 3339 id
2148 3289 2236 3339 est
2271 3301 2474 3339 navem
2511 3285 2814 3356 majorem,
2835 3285 2933 3340 sed
2967 3288 3024 3340 et
3053 3283 3229 3339 aliam
3261 3301 3464 3342 navem
3495 3289 3596 3342 “su-

321 3401 428 3458 per
456 3382 636 3440 altare
667 3400 798 3439 cum
821 3383 1262 3456 quadriporticu
1296 3382 1472 3439 simul
1499 3386 1556 3438 et
1585 3383 2006 3454 fontem,atque
2029 3386 2160 3437 ante
2185 3381 2336 3437 fores
2362 3381 2918 3455 argenteas.Verum
2944 3382 3119 3439 etiam
3138 3386 3195 3438 et
3216 3387 3434 3444 turrem
3459 3401 3596 3441 cum

320 3481 571 3538 cameris
591 3481 716 3538 suis
748 3481 820 3537 ab
853 3481 970 3537 imo
1001 3497 1188 3553 usque
1219 3481 1290 3536 ad
1325 3479 1862 3548 summum,omnia
1894 3480 1953 3535 in
1986 3480 2263 3536 omnibus
2295 3479 2518 3535 noviter
2549 3481 2913 3536 restauravit.
2931 3480 3252 3536 Praesertim
3279 3480 3596 3554 imaginem

319 3578 636 3636 Salvatoris
667 3595 801 3635 cum
834 3577 1076 3650 reliquis
1108 3577 1266 3632 mira:
1294 3577 1750 3650 pulchritudinis
1781 3577 2072 3650 depictam
2113 3578 2184 3632 ad
2235 3578 2506 3633 decorem
2540 3578 2948 3651 suprascripta:
2981 3578 3248 3635 Ecclesia;
3271 3578 3330 3638 in
3364 3578 3597 3654 fastigio

245 3680 284 3734 5
308 3677 422 3733 sub
455 3693 593 3732 areu
626 3676 832 3750 majori
865 3677 1080 3749 posuit.
1116 3675 1242 3731 Pari
1276 3677 1446 3731 modo
1477 3681 1534 3732 et
1563 3675 1622 3730 in
1653 3675 1893 3732 basilica
1920 3675 2072 3732 beati
2098 3675 2258 3731 Pauli
2283 3675 2550 3748 apostoli,
2585 3681 2760 3749 atque
2790 3677 2847 3732 in
2880 3675 3126 3733 basilica
3152 3675 3468 3733 Salvatoris
3500 3675 3596 3732 in-

317 3781 448 3832 star
475 3777 538 3848 (i)
567 3775 856 3848 imagines
889 3776 1021 3831 fecit
1051 3779 1108 3830 et
1138 3774 1644 3830 constituit.Sarta
1673 3779 1825 3830 tecta
1855 3791 1986 3830 vero
2020 3773 2173 3830 tituli
2209 3775 2388 3842 beatae
2421 3774 2900 3847 Anastasiaa,quze
2932 3792 2966 3830 a
2992 3775 3202 3848 priscis
3234 3774 3599 3848 temporibus

321 3890 429 3947 per
457 3873 743 3930 incuriam
771 3878 1163 3939 marcuerant,
1197 3876 1253 3928 et
1286 3888 1428 3944 pene
1457 3889 1666 3928 casura
1696 3876 1880 3939 erant,
1912 3888 2018 3927 suo
2051 3871 2204 3927 almo
2228 3872 2422 3926 studio
2452 3872 2674 3928 noviter
2703 3872 3068 3928 restauravit.

393 3973 541 4030 80!
587 3970 867 4028 Similiter
895 3975 950 4027 et
979 3969 1218 4026 titulum
1251 3974 1461 4026 sancta:
1485 3969 1710 4024 Sabinae
1743 3969 2003 4025 studiose
2034 3970 2347 4025 renovavit.
2383 3970 2445 4024 In
2483 3987 2598 4041 quo
2646 3987 2778 4026 vero
2825 3969 3043 4043 templo
3095 3970 3278 4026 isdem
3327 3971 3598 4044 egregius

321 4068 538 4143 praesul
569 4068 706 4124 fecit
733 4086 800 4125 ex
827 4073 1063 4141 argento
1096 4084 1338 4124 coronas
1362 4067 1640 4140 quinque,
1671 4083 1906 4139 pensan.
1934 4067 2114 4122 libras
2141 4066 2618 4138 quatuordecim;
2651 4068 2910 4123 canistra
2957 4068 3095 4135 duo,
3138 4085 3382 4140 pensan.
3414 4067 3597 4126 libras

320 4151 440 4223 tres
473 4171 528 4224 et
560 4165 772 4234 semis;
806 4165 1091 4239 gabathas
1121 4164 1580 4234 interrasiles(k)
1609 4180 1834 4232 novem,
1871 4179 2116 4239 pensan.
2153 4164 2332 4220 libras
2364 4164 2656 4220 undecim.
2697 4163 2848 4220 Fecit
2897 4169 3091 4236 autem
3141 4170 3199 4222 et
3242 4166 3300 4221 in
3354 4165 3598 4223 basilica

322 4265 503 4321 beatae
525 4263 624 4320 Dei
658 4237 984 4331 Genitricis,
1008 4281 1134 4336 qua:
1165 4261 1492 4335 appellatur
1521 4263 1591 4318 ad
1624 4267 1912 4334 Praesepe;
1946 4237 2253 4334 cyburium
2285 4279 2352 4317 ex
2383 4266 2621 4334 argento
2649 4262 3160 4335 purissimo,quod
3183 4268 3390 4336 pensat
3413 4263 3594 4321 libras

245 4364 283 4418 5
322 4360 622 4419 sexcenias
653 4365 708 4416 et
737 4360 1040 4428 undecim;
1076 4359 1250 4416 simul
1284 4364 1340 4416 et
1369 4376 1546 4437 rugas
1577 4364 1882 4433 argenteas
1912 4359 1970 4412 in
2020 4358 2290 4432 ingressu
2333 4360 2698 4431 presbyterii,
2734 4376 2978 4434 pensan.
3001 4359 3184 4418 libras
3234 4361 3594 4446 octuaginta,

317 4464 497 4532 atque
527 4458 811 4516 cortinam
858 4459 1140 4530 majorem
1190 4457 1434 4514 sericam
1486 4456 1700 4525 albam,
1734 4456 2043 4512 habentem
2093 4456 2426 4529 periclysin,
2461 4462 2519 4512 et
2569 4475 2803 4513 crucem
2849 4459 2920 4514 de
2967 4459 3229 4515 fundato.
3281 4459 3401 4520 Imo
3442 4464 3498 4515 et
3530 4459 3590 4516 in

320 4556 718 4616 sacratissimo
759 4555 926 4612 altari
974 4555 1182 4628 majori
1227 4555 1363 4612 fecit
1410 4561 1629 4611 vestem
1676 4555 1747 4610 de
1795 4553 2195 4627 chrysoclabo,
2226 4555 2537 4610 habentem
2592 4555 2900 4611 historiam
2935 4555 3273 4627 nativitatis,
3306 4563 3365 4614 et
3407 4558 3596 4614 sancti

319 4654 630 4723 Simeonis,
665 4657 722 4710 et
753 4655 810 4709 in
843 4653 1035 4710 medio
1067 4652 1464 4710 cheritismon.
1501 4652 1689 4709 Simul
1721 4653 1897 4708 etiam
1929 4656 1986 4708 et
2017 4651 2074 4706 in
2105 4669 2335 4708 camera
2365 4652 2628 4724 ejusdem
2651 4651 2942 4721 Ecclesiae,
2975 4653 3104 4709 etin
3130 4655 3594 4730 quadriporticu,

319 4769 546 4809 necnon
578 4757 632 4808 et
667 4768 912 4808 coronas
933 4755 1236 4826 argenteas
1262 4741 1743 4823 tres,pens.inibi
1775 4748 1954 4805 libras
1983 4755 2217 4805 centum
2253 4748 2644 4822 quadraginta
2671 4750 2931 4824 quinque
2963 4751 3027 4823 (ι)
3052 4755 3110 4806 et
3140 4752 3344 4810 uncias
3365 4771 3594 4811 novem.

207 4851 284 4909 40
323 4851 552 4908 Interea
579 4853 636 4906 et
665 4849 724 4905 in
751 4848 993 4906 basilica
1025 4849 1177 4905 beati
1223 4848 1434 4904 Christi
1489 4848 1760 4921 martyris
1812 4847 2128 4911 Laurentii,
2163 4847 2276 4903 sita
2327 4847 2466 4903 foris
2514 4864 2735 4914 muros,
2772 4847 2905 4903 fecit
2953 4847 3240 4924 imagines
3289 4856 3598 4926 argenteas

317 4952 439 5004 tres
470 4965 485 5003 :
518 4947 853 5015 Salvatoris,
885 4947 1040 5003 beati
1074 4945 1222 5002 Petri
1253 4946 1521 5019 apostoli,
1549 4951 1605 5002 et
1635 4945 1820 5002 sancti
1848 4945 2160 5014 Laurentii,
2193 4963 2435 5019 pensan.
2469 4944 2644 5000 simul
2679 4945 2860 5001 libras
2891 4944 3317 5020 quinquaginta
3347 4954 3600 5022 quatuor

317 5052 376 5101 ct
407 5045 586 5101 semis
614 5062 628 5101 :
663 5049 720 5101 et
748 5044 808 5100 in
839 5061 1003 5101 sacro
1035 5043 1204 5100 altari
1234 5049 1455 5101 vestem
1487 5044 1734 5100 sericam
1767 5043 2227 5115 chrysoclabam,
2256 5043 2566 5100 habentem
2596 5042 2907 5099 historiam
2940 5043 3256 5105 Dominicaa
3302 5045 3597 5116 passionis

317 5147 376 5199 et
402 5142 867 5199 resurrectionis.
901 5142 1164 5214 Itemque
1197 5142 1494 5198 renovavit
1523 5146 1681 5197 sarta
1712 5145 1864 5196 tecta
1891 5139 2042 5196 beati
2094 5140 2298 5196 Felicis
2353 5145 2409 5196 et
2438 5140 2681 5196 Audacti
2740 5146 3084 5213 martyrum,
3105 5142 3276 5214 juxta
3324 5147 3596 5200 sanctum

320 5230 567 5288 Paulum
598 5231 952 5304 apostolum,
985 5231 1086 5287 sed
1116 5235 1173 5287 et
1201 5231 1260 5286 in
1290 5230 1597 5287 basilicam
1648 5229 1836 5286 sancti
1894 5230 2137 5296 Mennze,
2171 5233 2344 5304 atque
2393 5229 2549 5285 tituli
2594 5229 2750 5286 beati
2795 5228 3003 5284 Vitalis
3050 5228 3263 5285 Christi
3295 5230 3594 5322 martyris,

200 5330 280 5386 1'6
313 5344 544 5386 necnon
576 5332 635 5383 et
660 5328 1061 5386 enemeterium
1089 5329 1243 5385 beati
1267 5328 1431 5397 Sixti,
1465 5333 1639 5400 atque
1667 5327 1915 5384 Cornelii
1946 5327 2041 5383 via
2069 5327 2276 5402 Appia.
2311 5327 2616 5399 Simulque
2648 5332 2705 5384 et
2733 5325 3134 5383 ccemeterium
3161 5324 3346 5382 sancti
3392 5325 3594 5396 Zotici,

313 5426 412 5482 via
441 5425 745 5484 Lavieana.

1363 5531 1605 5576 NOTULE
1648 5530 2029 5576 MARGINALES
2072 5533 2394 5578 FABROTTI.

235 5612 322 5698 (αὶ
379 5611 878 5698 Βοήριιιιςαθ.“(ὸ)
908 5616 975 5668 ut
1001 5627 1108 5684 pro
1129 5627 1270 5698 eum
1299 5627 1625 5698 pauperum
1649 5611 1788 5698 alain

2036 5631 2099 5698 ι...
2124 5614 2200 5684 (b)
2235 5615 2354 5698 Λζετ
2381 5613 2708 5698 olferentes.
2758 5609 3148 5698 (dipatal‘itio.
3171 5603 3589 5698 _.ge)“na_tali:t‘io:

173 5677 434 5768 (Datiane
743 5677 942 5768 Barea.
975 5677 1111 5768 dun:
1141 5683 1270 5764 796.
1301 5677 1600 5768 '(hfroga,
1636 5683 1700 5763 id.
1719 5690 1818 5749 est,
1847 5677 2230 5754 stipendium.
2283 5677 2356 5753 (ἰ)
2383 5677 2776 5757 cbrysoclavo.
2817 5677 2900 5755 '(j)
2929 5681 3134 5748 instar,
3167 5677 3225 5732 id
3251 5684 3330 5731 est
3369 5677 3594 5736 similes

175 5753 484 5829 imagines.
519 5753 599 5824 (k)
627 5753 998 5810 i‘ntersatiles.
1053 5754 1115 5824 (ι)
1148 5753 1576 5824 quinquaginta
1606 5753 1886 5824 quinque.
