3934 6202
302 165 451 226 1211
1448 166 1602 227 ΑΝΑ
1615 166 1855 229 STASll

2180 168 2558 231 I‘HECARII.
3558 173 3733 236 1212

513 296 667 354 802
700 294 919 353 Pariter
944 299 1001 352 et
1030 295 1336 354 ecclesiam
1368 301 1580 354 sanctae
1607 297 1707 354 Dei
1737 297 2045 355 Genitricis
2077 317 2423 373 semperque
2452 300 2697 374 virginis
2745 300 2940 358 Mariae
2989 301 3240 359 dominae
3272 307 3505 369 nostra,
3539 305 3734 363 sitam

442 394 499 450 in
532 393 869 459 Fonticana,
889 411 1017 466 qua:
1049 411 1151 467 per
1178 394 1398 451 elitana
1418 400 1767 452 marcuerat.
1804 395 1957 451 Fecit
1987 401 2182 452 autem
2216 398 2401 454 isdem
2426 397 2639 470 praesul
2673 399 2733 454 in
2764 399 3008 456 basilica
3035 401 3291 457 doctoris
3321 388 3530 458 mundi
3560 403 3733 459 beati

442 491 607 549 Pauli
626 492 873 565 apostoli
902 493 1348 559 confessionem,
1382 491 1558 547 simul
1590 496 1646 548 et
1677 510 1853 567 rugas
1883 511 1950 549 ex
1980 512 2120 549 auro
2147 495 2378 567 obryzo,
2412 496 2697 553 habentes
2718 513 2982 569 gemmas
3015 498 3301 570 pretiosas
3352 498 3540 556 instar
3561 500 3735 557 beati

442 590 595 646 Petri
625 589 892 663 apostoli,
925 607 1168 662 pensan,
1203 589 1383 645 libras
1412 594 1647 645 centum
1679 590 2108 664 quinquaginta
2128 596 2185 647 et
2214 608 2349 660 sex;
2383 596 2439 648 et
2468 610 2646 666 super
2672 594 2870 666 ipsum
2901 611 3134 659 sacrum
3163 595 3346 652 altare
3393 596 3731 671 imaginem

372 689 408 745 5
443 705 679 745 auream
709 688 1022 744 habentem
1056 686 1410 743 Salvatorem
1442 691 1499 742 et
1544 688 1851 744 dnodecim
1901 688 2215 761 apostolos,
2250 707 2492 762 pensan.
2544 690 2725 747 libras
2775 692 3152 766 septuaginta
3203 693 3498 767 quinque;
3533 696 3643 752 sed
3671 700 3737 752 et

444 803 737 844 cameram
767 786 1031 859 ejusdem
1059 783 1312 841 basilicae
1343 785 1403 840 in
1436 786 1675 840 modum
1711 786 1863 841 beati
1891 787 2045 842 Betri
2078 787 2324 858 apostoli
2362 788 2585 845 neviter
2616 787 2771 856 fecit,
2804 789 3125 861 praesertim
3156 795 3214 847 et
3244 807 3489 849 coronas
3509 809 3735 866 argen-

443 891 568 943 teas
598 890 736 949 tres,
771 900 1013 956 pensan.
1048 882 1106 937 in
1139 900 1258 938 una
1286 881 1468 958 librps
1500 883 1783 939 ducentas
1814 888 1871 939 et
1891 883 2126 957 viginti;
2157 888 2214 939 et
2243 884 2370 940 vela
2395 885 2718 942 holoserica
2747 888 2972 959 majora
3004 887 3285 961 sigillata,
3308 889 3589 947 habentia
3623 909 3737 964 pe-

443 982 699 1057 riclysin,
731 984 788 1037 et
819 997 1050 1036 crucem
1082 980 1151 1035 de
1179 979 1430 1047 batthin,
1455 997 1558 1036 seu
1592 981 1832 1037 fundato
1866 998 2106 1037 numero
2140 982 2506 1054 quindecim;
2539 983 2665 1039 vela
2686 985 3023 1055 promiscua
3051 986 3277 1058 majora
3307 986 3376 1042 de
3394 988 3734 1061 quadraplo

443 1079 735 1145 investita,
759 1095 885 1151 quae
916 1078 1171 1151 pendent
1201 1078 1259 1133 in
1291 1079 1545 1135 arcubus
1576 1078 1967 1152 quadraginta
1995 1083 2142 1148 tres;
2165 1080 2293 1136 vela
2322 1081 2551 1137 modica
2582 1081 2859 1155 sigillata,
2892 1100 3020 1156 qua:
3066 1084 3322 1155 pendent
3352 1084 3412 1140 in
3464 1085 3735 1142 arcubus

338 1179 407 1236 10
444 1177 771 1234 minoribus
800 1180 1007 1233 ornata
1031 1175 1352 1248 quadraplo
1374 1175 1575 1250 viginti
1609 1193 1621 1231 :
1654 1177 1792 1232 item
1813 1177 1939 1232 vela
1970 1178 2199 1233 modica
2229 1179 2299 1233 de
2330 1179 2794 1253 stauracin,qua3
2827 1182 3085 1253 pendent
3112 1180 3172 1236 in
3207 1182 3462 1239 arcubus
3492 1183 3736 1252 decem,

443 1279 500 1333 et
528 1274 643 1331 alia
674 1275 895 1342 decem,
928 1290 996 1329 ex
1025 1271 1239 1345 quibus
1271 1272 1384 1329 tria
1411 1272 1628 1329 habent
1659 1273 1967 1347 periclysin
2001 1276 2071 1330 de
2101 1274 2504 1349 chrysoclevo;
2541 1276 2681 1332 item
2712 1276 2837 1333 vela
2867 1282 3121 1350 quatuor
3166 1277 3263 1334 ﬁlo
3311 1279 3438 1352 pari
3479 1278 3739 1336 Alexan-

442 1371 639 1441 drina;
672 1359 813 1427 item
842 1368 1037 1426 velum
1069 1368 1313 1424 alithine
1347 1373 1560 1441 rotatu,
1592 1369 1816 1426 habens
1848 1369 2158 1444 periclysin
2182 1376 2338 1427 rotas
2369 1388 2503 1427 cum
2535 1372 2831 1441 cancellis,
2867 1378 2924 1429 et
2954 1374 3014 1429 in
3055 1374 3248 1431 medio
3298 1392 3533 1432 crucem
3586 1393 3733 1432 cum

443 1469 716 1543 gemmis,
741 1472 800 1524 et
829 1472 1081 1541 quatuor
1114 1470 1271 1523 rotas
1302 1466 1372 1522 de
1402 1466 1549 1539 tyrio
1584 1467 1679 1523 ﬁlo
1713 1485 1902 1540 pares.

516 1567 667 1623 808
701 1564 857 1621 Fecit
886 1567 1083 1619 autem
1116 1567 1172 1619 et
1202 1562 1260 1618 in
1292 1562 1534 1619 basilica
1564 1563 1715 1619 beati
1744 1564 1979 1619 Andreae
2013 1564 2084 1619 ad
2112 1564 2352 1621 beatum
2386 1564 2618 1621 Petrum
2643 1566 2973 1639 apostolum
3004 1584 3182 1641 rugas
3213 1573 3544 1641 argenteas,
3578 1586 3735 1643 pen—

445 1681 572 1720 san.
604 1662 785 1720 libras
813 1661 1166 1735 octuaginta.
1201 1660 1417 1717 Verum
1444 1661 1621 1716 etiam
1652 1666 1708 1717 et
1738 1661 1796 1716 in
1828 1660 2073 1717 basilica
2105 1662 2441 1729 Salvateris,
2476 1681 2602 1736 quae
2636 1663 2963 1736 appellatur
2983 1665 3489 1733 Constantiniana,
3522 1684 3731 1724 came-

445 1779 571 1819 ram
593 1760 753 1817 miree
784 1758 1231 1833 magnitudinis.
1264 1758 1367 1815 Hic
1399 1758 1690 1815 almiﬁcus
1710 1757 1921 1832 praesul
1946 1759 2080 1815 fecit
2110 1759 2167 1815 in
2200 1760 2369 1817 altari
2402 1761 2609 1833 majori
2642 1762 2795 1818 beati
2825 1762 2976 1818 Petri
3007 1762 3407 1836 apostolorum
3440 1765 3737 1838 principis

444 1868 662 1916 vestem
706 1856 1146 1931 chrysoclabam
1197 1856 1468 1929 pretiosis
1515 1856 1765 1928 gemmis
1814 1861 2101 1926 ornatam,
2129 1857 2441 1914 habentem
2472 1858 2747 1916 historias
2800 1863 2921 1916 tam
2965 1859 3302 1928 Salvatoris,
3335 1861 3506 1919 beato
3556 1863 3735 1919 Petro

372 1959 410 2017 5
445 1956 707 2032 apostolo
738 1955 959 2030 ligandi
983 1952 1362 2027 solvendique
1394 1958 1740 2028 potestatem
1772 1954 2105 2023 tribuentis,
2139 1972 2436 2029 quamque
2456 1956 2793 2030 principum
2825 1957 3222 2031 apostolorum
3256 1959 3407 2016 Petri
3457 1964 3516 2017 et
3558 1960 3738 2019 Pauli

446 2055 782 2130 passionem
812 2054 1135 2127 figurantes
1156 2052 1315 2108 mira:
1348 2050 1773 2124 magnitudinis
1806 2051 1865 2107 in
1887 2052 2079 2109 natale
2110 2052 2507 2126 apostolorum
2542 2054 3031 2127 resplendentem.

519 2164 674 2219 804
713 2161 856 2217 Item
882 2158 1019 2216 fecit
1045 2163 1267 2216 vestem
1298 2158 1357 2213 in
1388 2158 1558 2213 titulo
1582 2157 1850 2214 Eudexiaa
1880 2176 2057 2232 super
2084 2160 2266 2216 altare
2299 2159 2509 2233 tyriam
2552 2161 2868 2217 habentem
2916 2178 3135 2237 grypas
3182 2164 3459 2236 majores,
3493 2168 3551 2220 et
3580 2165 3737 2222 duas

447 2264 605 2316 retas
633 2257 1045 2331 chrysoclabas
1075 2274 1209 2313 cum
1241 2272 1431 2323 cruce,
1452 2260 1509 2310 et
1538 2254 1873 2328 periclysin,
1905 2255 2251 2324 blatthin,et
2280 2258 2700 2332 cryseclavum.
2743 2259 2847 2315 Hic
2877 2264 3078 2316 autem
3128 2261 3473 2334 praecipuus
3519 2280 3744 2348 praesul

450 2357 587 2414 fecit
616 2356 675 2412 in
701 2354 947 2411 basilica
975 2354 1130 2411 beati
1160 2352 1309 2410 Petri
1331 2352 1577 2425 apostoli
1602 2352 1795 2409 larum
1817 2359 2159 2427 argenteum
2188 2360 2323 2411 ante
2346 2356 2772 2430 presbyterium
2794 2375 2929 2414 cum
2950 2357 3186 2431 gabatis
3209 2358 3511 2433 argenteis
3532 2359 3747 2434 trigin_

449 2459 528 2524 ta,
562 2458 619 2510 et
647 2452 971 2510 canistrum
1001 2451 1269 2526 octogeni
1302 2451 1362 2506 in
1395 2451 1607 2517 medio,
1624 2467 1866 2524 pensan.
1900 2451 2082 2508 libras
2114 2454 2416 2527 sexaginta
2447 2460 2503 2509 et
2532 2459 2683 2524 tres;
2717 2460 2773 2511 et
2800 2455 2860 2511 in
2884 2456 3185 2513 cantharis
3206 2456 3654 2530 argenteis,tam
3677 2459 3741 2515 in

376 2555 414 2610 5
450 2551 699 2609 circuitu
732 2550 955 2618 altaris,
988 2567 1166 2623 quam
1195 2549 1254 2605 in
1286 2548 1644 2622 presbyterio
1674 2549 1872 2622 posuit
1901 2554 2223 2606 cereostata
2269 2555 2565 2625 argentea,
2594 2566 2761 2625 pens.
2786 2551 2932 2608 inibi
2962 2552 3144 2610 libras
3176 2554 3461 2612 ducentas
3501 2560 3563 2611 et
3590 2556 3740 2613 due-

450 2649 659 2706 decim.
680 2650 751 2705 Et
778 2648 837 2703 in
869 2646 1049 2703 altare
1080 2646 1258 2703 beatae
1282 2644 1605 2702 Petronillae
1637 2646 1834 2718 posuit
1858 2650 2078 2703 vestem
2108 2648 2179 2704 de
2211 2647 2507 2705 stauracin
2532 2649 3052 2716 unam,habentem
3076 2650 3390 2724 perielysin
3413 2653 3487 2708 de
3507 2652 3735 2731 blattis,

452 2765 555 2805 seu
588 2744 987 2820 chrysoclabe.
1022 2745 1179 2801 Fecit
1218 2749 1414 2800 autem
1464 2749 1520 2800 et
1565 2744 1624 2799 in
1672 2743 1915 2800 basilica
1965 2744 2299 2814 Salvatoris,
2334 2764 2460 2819 qua:
2500 2751 2558 2803 et
2604 2747 3105 2817 Constantiniana,
3137 2753 3358 2806 vestem
3406 2749 3733 2808 habentem

448 2844 755 2903 historiam
785 2842 1077 2909 Cruciﬂxi,
1109 2846 1166 2898 et
1195 2843 1266 2898 de
1298 2842 1739 2898 Resurrectione
1768 2841 2001 2898 Domini
2034 2842 2217 2899 nostri
2241 2844 2382 2901 Jesu
2409 2843 2645 2911 Christi,
2678 2843 2994 2901 habentem
3042 2845 3354 2920 periclysin
3396 2848 3470 2904 de
3496 2848 3737 2920 chryso-

450 2942 634 3000 clabo.
688 2941 800 2999 Sed
850 2945 909 2997 et
952 2940 1011 2996 in
1055 2939 1298 2996 basilica
1342 2939 1491 2995 beati
1544 2938 1861 2996 Clementis
1908 2944 2126 2997 vestem
2187 2941 2257 2997 de
2319 2941 2615 2998 stauracin
2664 2959 2864 3012 unam,
2916 2943 3229 3001 habentem
3280 2945 3599 3019 periclysin
3658 2948 3733 3003 de

345 3041 414 3097 10
442 3038 838 3115 chrysoclabo.
873 3036 1031 3095 Fecit
1086 3036 1261 3094 etiam
1309 3041 1366 3094 et
1412 3037 1471 3092 in
1519 3036 1774 3093 arcubus
1824 3037 2117 3110 argenteis
2164 3037 2421 3096 ecclesias
2473 3038 2570 3095 Dei
2623 3039 2871 3112 apostoli
2921 3040 3050 3097 vela
3095 3041 3168 3097 de
3203 3042 3528 3100 stauracim
3560 3044 3729 3102 valde

451 3136 869 3212 pulcherrima.
3004 3209 3021 3219 ⁸

524 3235 675 3293 805
709 3235 839 3307 Ipse
867 3250 1002 3291 vero
1031 3231 1362 3307 praecipuus
1392 3231 1650 3305 pontifex
1680 3232 1739 3288 in
1770 3232 1941 3290 titulo
1994 3233 2174 3290 beata
2224 3234 2526 3304 Susannsa,
2560 3235 2661 3292 ubi
2710 3240 2769 3292 et
2824 3237 3126 3309 presbyter
3181 3236 3491 3295 ordinatus
3521 3239 3737 3307 fuerat,

450 3334 591 3389 dum
650 3330 902 3388 breviter
946 3331 1281 3386 destructus
1330 3328 1559 3395 fuisset,
1589 3333 1648 3385 et
1670 3330 1798 3402 jam
1856 3346 1960 3403 per
2012 3329 2316 3404 longitana
2366 3337 2633 3406 tempora
2686 3332 2829 3407 ipsa:
2877 3333 3176 3406 parietinae
3208 3334 3625 3404 mareuissent,
3661 3337 3737 3393 ob

451 3429 703 3487 nimium
735 3445 994 3485 amorem
1025 3425 1327 3499 ampliavit
1355 3425 1686 3495 aedificium,
1719 3430 1776 3483 et
1805 3428 2029 3484 neviter
2075 3428 2136 3485 in
2180 3428 2365 3485 altum
2399 3430 2625 3487 fodieus
2671 3430 3084 3487 firmissimum
3137 3432 3335 3505 posuit
3380 3433 3736 3491 fundamen-

449 3532 599 3592 tum,
632 3530 689 3582 ct
718 3529 886 3581 eruta
924 3523 1167 3596 planitie
1217 3522 1461 3579 mirifice
1508 3524 1734 3580 excelsa
1780 3543 1958 3598 super
2006 3527 2134 3599 ipsa
2193 3527 2578 3584 fundamenta
2625 3528 2933 3585 aadificavit
2982 3527 3290 3585 ecclesiam
3341 3546 3476 3586 cum
3527 3531 3738 3589 absida

377 3626 415 3682 5
452 3622 840 3697 amplissima,
872 3626 930 3678 et
987 3621 1296 3678 cacumina
1352 3621 1602 3677 miriﬁca
1656 3623 1728 3679 de
1782 3623 2031 3692 musivo,
2062 3628 2239 3697 atque
2295 3642 2589 3682 cameram
2648 3626 2980 3689 decoratam
3036 3644 3139 3684 seu
3188 3627 3643 3702 presbyterium,
3678 3635 3737 3686 et

451 3721 853 3796 pavimentum
909 3718 1303 3776 marmoribus
1361 3718 1625 3792 pulchris
1682 3722 1927 3778 ornavit.
1958 3722 2175 3778 Verum
2224 3723 2400 3779 etiam
2444 3724 2646 3780 dextra
2692 3723 2967 3797 laevaque,
3000 3728 3059 3780 et
3106 3725 3367 3798 porticus
3411 3727 3542 3799 ejus
3590 3743 3732 3784 cum

451 3819 747 3878 columnis
808 3818 1156 3875 marmoreis
1214 3817 1561 3874 construxit.
1586 3818 1696 3875 Sed
1758 3823 1815 3875 et
1870 3820 2283 3893 baptisterium
2343 3820 2423 3878 ibi
2480 3820 2803 3891 constituit,
2836 3822 2937 3878 ubi
2991 3826 3050 3879 et
3106 3823 3263 3879 dona
3309 3823 3541 3892 obtulit,
3573 3825 3733 3882 vide-

449 3917 605 3987 licet,
639 3916 924 3991 gabathas
985 3931 1193 3972 aureas
1254 3914 1531 3971 fundatas
1588 3919 1727 3983 tres,
1786 3921 2104 3989 pensantes
2157 3916 2341 3975 libras
2397 3923 2650 3991 quatuor
2709 3923 2767 3975 et
2825 3918 3019 3988 senis;
3068 3937 3270 3977 cruces
3327 3938 3535 3978 aureas
3583 3922 3734 3980 duas

451 4032 584 4073 cum
612 4013 884 4088 gemmis,
918 4030 1161 4086 pensan.
1196 4012 1327 4069 libr.
1381 4030 1591 4080 unam;
1626 4016 1751 4069 tum
1794 4014 1989 4088 virgas
2038 4019 2365 4088 argenteas,
2393 4033 2636 4089 pensan.
2685 4015 2867 4073 libras
2924 4021 3043 4074 tres
3092 4022 3149 4073 et
3207 4018 3411 4075 uncias
3470 4024 3730 4093 septem;

344 4113 413 4170 10
451 4112 753 4170 lucernam
785 4115 1122 4187 argenteam
1154 4128 1355 4181 unam,
1387 4127 1633 4184 pensan.
1667 4110 1851 4167 libras
1882 4111 2169 4185 quinque;
2204 4112 2489 4187 imagines
2521 4117 2828 4187 argenteas
2859 4119 2999 4183 tres,
3031 4131 3255 4188 peusan
3288 4114 3469 4173 libras
3490 4118 3735 4191 triginta

452 4210 735 4285 quinque.

523 4310 679 4366 800
717 4308 875 4365 Pecit
922 4311 980 4365 et
1009 4307 1436 4365 confessionem
1467 4307 1732 4380 ejusdem
1781 4305 2003 4365 altaris.
2035 4324 2104 4364 ex
2150 4311 2390 4382 argento
2439 4308 2779 4382 purissimo,
2812 4326 3057 4383 pensan.
3092 4310 3274 4367 libras
3329 4315 3566 4368 centum
3615 4316 3736 4370 tres

453 4410 512 4463 et
542 4405 745 4464 uncias
766 4407 945 4477 duas;
978 4405 1284 4463 columnas
1314 4409 1620 4480 argenteas
1651 4408 1778 4461 octo
1810 4408 1868 4460 et
1894 4404 2230 4478 gammadia
2259 4406 2395 4476 duo,
2429 4410 2487 4462 et
2532 4423 2704 4463 arcus
2752 4407 2920 4475 duos,
2952 4425 3087 4464 cum
3135 4408 3410 4465 crucibus
3441 4410 3735 4483 argenteis

454 4504 737 4577 quinque,
765 4508 823 4561 et
850 4504 1136 4578 gabathas
1188 4503 1549 4575 quindecim,
1590 4519 1832 4577 pensan.
1884 4502 2064 4559 simul
2112 4502 2244 4560 libr.
2305 4508 2541 4561 centum
2601 4504 3070 4580 quinquaginta;
3102 4522 3336 4562 crucem
3396 4506 3732 4580 diacopton,

455 4614 621 4676 pens.
652 4600 788 4677 libr.
820 4598 1285 4674 quatuordecim.
1346 4599 1681 4656 Canistrum
1738 4617 1807 4656 ex
1854 4600 1993 4657 cede
2046 4600 2265 4669 cafotii,
2298 4618 2464 4674 pens.
2508 4601 2690 4660 libras
2745 4603 3053 4660 duodecim
3104 4608 3162 4660 et
3210 4602 3423 4672 semis;
3457 4621 3732 4662 coronam

381 4703 416 4758 5
455 4699 740 4773 majorem
798 4698 869 4756 de
927 4699 1166 4769 argento
1226 4711 1346 4752 una
1392 4712 1527 4753 cum
1571 4696 1862 4770 delphinis
1911 4697 2154 4771 triginta
2196 4699 2449 4769 duobus,
2490 4717 2736 4773 pensan.
2767 4700 2950 4757 libras
2994 4700 3237 4774 triginta
3291 4702 3471 4770 duas;
3503 4719 3729 4759 necnon

455 4801 513 4855 et
541 4796 866 4853 canistrum
895 4796 1237 4867 argenteum
1270 4809 1475 4863 unum,
1510 4811 1755 4866 pensan,
1787 4794 1970 4852 libras
1991 4796 2191 4853 decem
2221 4800 2279 4854 et
2334 4801 2485 4867 octo,
2517 4799 2620 4855 sed
2667 4802 2726 4854 et
2776 4797 2934 4855 aliud
2986 4798 3311 4855 canistrum
3359 4804 3728 4873 argenteum,

457 4911 703 4970 pensan.
736 4891 918 4948 libras
946 4890 1147 4946 decem
1177 4894 1235 4946 et
1264 4894 1423 4961 octo;
1456 4908 1597 4948 vasa
1641 4892 1918 4949 colatoria
1962 4898 2238 4967 argentea
2276 4894 2575 4965 deaurata,
2607 4913 2853 4970 pensan.
2885 4896 3066 4953 libras
3116 4901 3371 4969 quatuor
3418 4900 3477 4953 et
3532 4898 3730 4954 uncias

458 4999 604 5060 tres;
631 4988 914 5065 gabathas
962 4991 1289 5061 argenteas,
1322 4987 1604 5046 habentes
1660 4989 1916 5063 gryphos
1971 4993 2303 5059 deaurates,
2354 5010 2596 5066 pensan.
2643 4993 2827 5050 libras
2885 4995 3068 5063 duas;
3121 5011 3368 5052 coronas
3426 5001 3732 5069 argenteas

459 5091 608 5146 duas
651 5102 786 5143 cum
836 5083 1128 5157 delphinis
1177 5086 1378 5143 decem
1426 5091 1484 5144 et
1530 5090 1679 5155 octo,
1713 5104 1957 5161 pensan.
2003 5087 2185 5146 libras
2233 5090 2433 5147 decem
2483 5094 2541 5147 et
2583 5108 2809 5165 novem.
2842 5092 3148 5148 Enimvero
3180 5093 3371 5149 isdem
3401 5094 3731 5167 praecipuus

352 5187 423 5242 1-0
459 5185 707 5245 antistes
740 5181 877 5238 fecit
905 5181 964 5239 in
994 5183 1194 5241 eadem
1225 5182 1472 5241 ecclesia
1500 5188 1722 5241 vestem
1771 5183 2212 5258 chrysoclabam
2261 5205 2395 5244 cum
2443 5188 2735 5263 periclysi,
2769 5206 2908 5246 cum
2960 5190 3337 5264 chrysoclabe
3388 5208 3603 5261 unam;
3633 5192 3732 5248 sed

459 5287 517 5340 et
545 5281 724 5338 aliam
770 5283 989 5337 vestem
1040 5281 1111 5338 de
1160 5280 1438 5351 blatthin,
1472 5282 1789 5339 habentem
1823 5281 1882 5337 in
1934 5285 2124 5340 medie
2172 5302 2405 5342 crucem
2435 5286 2507 5342 de
2536 5286 2945 5360 chrysoclabe;
2970 5292 3029 5344 et
3058 5287 3294 5344 tabulas
3324 5288 3733 5362 chryseclabas

461 5382 732 5452 quatuor,
764 5393 896 5434 cum
922 5379 1171 5454 gemmis
1202 5383 1459 5448 ornatas,
1494 5384 1670 5452 atque
1699 5382 2068 5452 gammadias
2092 5380 2152 5437 in
2182 5381 2312 5455 ipsa
2336 5387 2494 5439 veste
2525 5383 2936 5457 chrysoclabas
2968 5388 3239 5458 quatuor,
3274 5402 3411 5442 cum
3463 5385 3731 5460 periclysi

463 5477 535 5533 de
558 5475 955 5550 chrysoclabo.

532 5575 678 5633 807
717 5573 873 5632 Fecit
902 5581 1101 5634 autem
1124 5578 1183 5631 et
1211 5575 1270 5630 in
1302 5574 1658 5647 patriarchio
1677 5575 2056 5632 Lateranensi
2086 5576 2407 5633 triclinium
2441 5578 2635 5649 majus
2656 5595 2835 5651 super
2848 5581 3047 5637 omnia
3074 5579 3330 5637 triclinia
3369 5581 3600 5638 nomini
3619 5599 3730 5639 sum

459 5672 882 5750 magnitudinis
911 5676 1435 5746 decorata,penens
1456 5672 1516 5729 in
1546 5689 1612 5730 eo
1644 5671 2028 5730 fundamenta
2056 5672 2480 5744 ﬁrmissima,et
2510 5675 2570 5731 in
2602 5674 2849 5734 circuitu
2871 5677 3111 5736 laminis
3132 5679 3482 5737 marmoreis
3504 5680 3728 5741 ornavit
