3934 6202
234 185 394 247 1213
1107 182 1479 245 HISTORIA
1521 183 1624 244 DE
1667 183 1787 244 VI'I

2151 185 2466 247 PONT.—
2493 185 2644 248 LEO
2687 185 2794 248 III.
3501 194 3659 256 1214

379 321 556 390 atque
587 313 981 372 marmoribus
1011 313 1068 368 in
1128 313 1425 388 exemplis
1459 315 1685 371 stravit.
1720 316 1789 370 Et
1814 315 2058 372 diversis
2091 315 2400 385 columnis,
2433 321 2552 372 tam
2599 316 3018 391 porphyreticis
3069 337 3365 394 quamque
3413 321 3566 382 aldis
3597 332 3661 385 et

345 422 350 425 ‘
380 413 631 487 sculptis
661 430 796 468 cum
825 412 1066 468 vasibus
1091 417 1148 468 et
1178 411 1318 468 liliis
1350 412 1526 468 simul
1560 412 1826 484 postibus
1857 414 2150 469 decoravit
2179 431 2472 469 cameram
2505 430 2640 469 cum
2675 415 2879 471 absida
2909 417 2980 472 de
3011 417 3322 485 musivo,et
3348 420 3494 477 alias
3509 423 3658 480 duas

305 514 343 568 5
381 513 621 568 absidas
653 511 912 567 diversas
943 509 1220 566 historias
1251 510 1497 584 pingens
1528 528 1703 582 snper
1735 528 2094 566 marmorum
2129 512 2550 568 incrustatione
2581 513 2798 585 pariter
2819 513 2876 569 in
2901 513 3150 571 circuitu
3182 516 3569 576 decoravit.Et
3598 520 3656 576 in

379 609 623 667 basilica
652 611 832 665 beatae
865 609 1074 664 Priscae
1107 609 1240 664 fecit
1268 608 1455 664 isdem
1488 609 1733 664 antistes
1765 609 2006 665 calicem
2040 610 2353 665 fundatum
2386 616 2839 684 superauratum
2873 629 3058 668 unum
3090 619 3146 668 et
3175 630 3416 672 coronas
3449 620 3662 685 tres,ex

379 708 598 780 quibus
628 723 808 763 unam
838 705 1151 762 habentem
1185 705 1492 777 delphinos
1524 706 1808 772 deccm,et
1840 706 1985 762 alias
2017 708 2164 762 duas
2195 725 2438 764 numero
2469 725 2710 773 novem;
2736 710 2835 765 sed
2868 714 2923 766 et
2945 710 3232 783 gabathas
3255 717 3658 785 octo,pensan.

381 803 559 861 simul
591 803 774 859 libras
803 802 1009 875 viginti
1045 820 1249 858 novem
1284 820 1296 858 :
1330 807 1550 858 vestem
1583 801 1776 858 albam
1810 803 2194 860 holosericam
2228 810 2492 860 ornatam
2541 805 2598 862 in
2652 805 2903 862 circuitu
2954 807 3127 864 blatti
3178 809 3484 882 Byzanteo,
3516 816 3572 867 et
3603 811 3661 867 in

386 904 574 958 fronte
605 918 837 958 crucem
869 902 937 956 de
968 900 1365 974 chrysoclabo.

453 1001 608 1057 888
644 999 747 1055 Hic
779 1003 974 1054 autem
1006 999 1352 1055 venerabilis
1382 1004 1440 1054 et
1469 999 1882 1056 sanctissimus
1911 1000 2122 1072 praesul
2153 1002 2294 1056 dum
2329 1002 2387 1056 in
2420 1006 2623 1058 sancta
2651 1003 2938 1060 catholica
2965 1008 3022 1060 et
3053 1005 3375 1076 apostolica
3397 1007 3667 1064 Romana

383 1097 644 1155 Ecclesia
672 1114 775 1170 per
804 1097 1071 1152 ordinem
1102 1097 1565 1153 ecclesiasticum
1597 1099 1850 1170 degeret,
1882 1103 1937 1154 et
1967 1098 2146 1154 ritum
2195 1100 2526 1156 orthodoxae
2559 1101 2692 1156 fidei
2723 1105 2964 1170 teneret,
2998 1107 3173 1174 atque
3205 1121 3273 1159 ex
3304 1105 3463 1160 omni
3498 1110 3661 1178 parte

384 1203 506 1253 tam
537 1212 641 1268 per
669 1194 928 1250 diversas
959 1194 1232 1250 ecclesias
1265 1211 1561 1267 quamque
1583 1195 1639 1250 in
1673 1196 2027 1267 patriarchio
2060 1197 2118 1252 in
2152 1197 2363 1270 amplis
2396 1197 2655 1253 aedificiis
2680 1203 3027 1256 construens
3047 1204 3276 1272 compte
3302 1207 3535 1259 ornaret
3556 1207 3659 1273 (a),

383 1310 516 1350 cum
548 1291 642 1348 die
672 1290 928 1364 quadam
959 1307 1120 1347 more
1149 1291 1318 1348 solito
1367 1292 1425 1346 in
1450 1291 1700 1360 letaniis,
1735 1309 1861 1364 quae
1896 1293 1967 1348 ab
1999 1294 2272 1349 omnibus
2305 1295 2554 1366 Majores
2584 1295 2975 1368 appellantur,
3000 1297 3287 1369 ‘proceder
3310 1303 3386 1366 et,
3420 1299 3520 1355 ubi
3553 1299 3666 1355 sibi

307 1391 347 1446 5
385 1389 639 1462 populus
670 1387 900 1445 obviam
931 1405 1099 1444 sacra
1128 1389 1409 1461 religione
1440 1406 1742 1446 occurrere
1773 1391 2030 1457 deberet,
2063 1395 2119 1447 et
2151 1393 2474 1447 secundum
2505 1409 2763 1448 annuam
2796 1393 3282 1450 consuetudinem
3327 1394 3574 1452 letanias
3605 1400 3662 1452 et

387 1487 706 1544 missarum
740 1485 1025 1542 solemnia
1056 1503 1191 1542 cum
1223 1488 1625 1543 sacerdotibus
1656 1487 1995 1558 celebraret,
2019 1494 2073 1544 et
2105 1489 2488 1562 omnipotenti
2511 1490 2756 1546 Domino
2779 1507 2883 1563 pro
2907 1491 3095 1547 salute
3117 1491 3662 1568 Christionarum(b)

386 1584 588 1658 populi
619 1600 820 1658 preces
851 1584 1141 1652 funderet,
1173 1589 1232 1640 et
1258 1585 1583 1641 secundum
1632 1584 1912 1641 olitanam
1963 1586 2336 1642 traditionem
2367 1604 2401 1642 a
2431 1586 2652 1642 notario
2704 1576 2918 1644 Sanctae
2971 1589 3243 1645 Romanae
3294 1590 3563 1648 Ecclesiae
3597 1592 3656 1650 in

386 1682 631 1739 ecclesia
662 1681 816 1738 beati
853 1681 1086 1755 Georgii
1113 1682 1327 1737 Christi
1359 1683 1634 1754 martyris
1663 1683 1721 1738 in
1755 1684 1884 1755 ejus
1917 1684 2096 1740 natali
2126 1685 2256 1756 ipsa
2284 1684 2503 1741 letauia
2530 1686 2844 1759 praedicata
2886 1687 3114 1756 fuisset,
3149 1705 3354 1744 omnes
3405 1693 3525 1745 tam
3556 1691 3662 1747 viri

387 1796 683 1853 quamque
716 1777 942 1835 feminae
975 1781 1180 1836 devota
1208 1784 1403 1836 mente
1435 1780 1772 1836 catervatim
1800 1780 1859 1836 in
1891 1781 2138 1838 ecclesia
2170 1782 2319 1838 beati
2351 1782 2566 1839 Christi
2599 1784 2874 1856 martyris
2907 1785 3224 1856 Laurentii,
3260 1803 3387 1858 quae
3433 1788 3663 1846 Lucina:

270 1879 347 1935 40
386 1877 892 1950 nuncupatur,ubi
923 1882 980 1934 et
1007 1878 1250 1934 collecta
1280 1879 1557 1951 prazdicta
1586 1878 1794 1946 inerat,
1829 1885 2226 1937 occurrerunt.

459 1976 614 2032 869
646 1973 754 2030 Ubi
786 1975 926 2029 dum
958 1976 1273 2047 pradictus
1303 1976 1651 2031 venerabilis
1683 1975 1939 2048 pontifex
1961 1995 1995 2031 a
2014 1976 2367 2049 patriarqhio
2389 1993 2664 2052 egressus
2685 1979 3150 2047 fuisset,obviam
3174 1980 3256 2035 illi
3283 1981 3408 2038 sine
3432 1982 3666 2054 planeta

386 2073 630 2146 iniquus
662 2091 765 2130 nec
795 2073 1077 2130 dicendus
1108 2073 1404 2129 Paschalis
1437 2073 1806 2146 primicerius
1836 2074 2173 2143 occurrit,et
2206 2075 2263 2130 in
2297 2075 2588 2149 hypocrisi
2622 2076 2852 2132 veniam
2895 2078 2968 2134 ab
2995 2077 3093 2134 illo
3124 2079 3375 2150 petebat,
3409 2079 3610 2138 dicens
3646 2099 3659 2137 :

385 2171 534 2238 Quia
558 2170 830 2228 infirmus
863 2175 1081 2238 sum,et
1111 2170 1238 2226 ideo
1271 2171 1396 2227 sine
1427 2171 1660 2244 plancta
1689 2171 1851 2240 veni;
1882 2176 2022 2228 tunc
2054 2173 2469 2229 sanctissimus
2500 2173 2711 2246 praesul
2733 2174 2961 2230 veniam
2982 2174 3067 2230 illi
3096 2177 3289 2245 dedit;
3319 2177 3589 2234 similiter
3608 2195 3667 2262 et

383 2268 702 2342 Campulus
733 2269 1071 2325 sacellarius
1098 2285 1110 2322 :
1137 2269 1194 2323 in
1228 2269 1489 2341 ipsorum
1523 2271 1830 2325 dolositate
1863 2271 2080 2342 pariter
2109 2270 2168 2326 in
2202 2271 2521 2343 pontificali
2553 2271 2834 2344 obsequio
2858 2277 3251 2345 pergentes,et
3273 2274 3470 2330 dulcia
3488 2277 3667 2332 verba

309 2373 348 2428 5
386 2389 514 2444 quae
545 2387 661 2426 non
691 2346 986 2426 habebant
1021 2371 1078 2426 in
1110 2375 1361 2443 pectore,
1396 2388 1530 2426 cum
1562 2388 1627 2426 eo
1661 2371 1963 2442 loquentes
1998 2389 2010 2426 :
2051 2371 2289 2444 maligni
2327 2372 2501 2428 etiam
2534 2377 2590 2428 et
2621 2371 2830 2444 iniqui,
2853 2390 2918 2428 ac
2945 2374 3476 2446 pervcrsi,falsique
3496 2375 3667 2431 Chri-

388 2467 834 2540 stiani,prorsus
883 2467 1117 2539 pagani,
1143 2466 1246 2521 ﬁlii
1280 2467 1519 2538 diaboli,
1554 2468 1610 2522 in
1648 2486 1832 2522 unum
1867 2485 1928 2522 se
1959 2468 2219 2523 satanice
2251 2469 2609 2542 colligentes,
2645 2469 2800 2542 pleni
2836 2470 3040 2543 iniqua
3068 2472 3416 2544 cogitatione
3445 2473 3505 2528 in
3536 2473 3664 2546 ipso

384 2565 596 2621 itinere
627 2569 760 2620 ante
793 2564 1215 2620 monasterium
1247 2570 1585 2620 sanctorum
1619 2565 1898 2637 Stephani
1931 2571 1986 2621 et
2017 2565 2302 2632 Silvestri,
2337 2568 2490 2639 quod
2533 2568 2785 2623 domnus
2839 2568 3054 2624 Paulus
3099 2587 3251 2641 papa
3300 2570 3667 2640 fundaverat,

390 2663 542 2719 clam
573 2662 781 2718 armati
813 2663 1067 2729 astitere,
1101 2666 1277 2733 atque
1310 2666 1544 2733 repente
1576 2664 1646 2718 de
1678 2661 1803 2717 loco
1835 2663 2186 2719 insidiarum
2217 2664 2572 2734 exsilientes,
2599 2667 2671 2721 ad
2703 2666 2900 2737 ipsum
2933 2667 3112 2738 (quod
3155 2667 3315 2722 dictu
3369 2668 3533 2724 nefas
3561 2672 3671 2738 est)

387 2759 566 2833 impie
598 2759 1011 2816 trucidandum
1044 2760 1266 2830 absque
1300 2759 1419 2814 ulla
1451 2760 1772 2815 reverentia
1813 2762 2238 2829 confluxerunt,
2276 2761 2553 2818 Paschale
2600 2763 2671 2818 ad
2724 2767 2900 2836 caput
2948 2768 3160 2831 stante,
3195 2768 3253 2820 et
3281 2764 3561 2838 Campulo
3594 2767 3666 2821 ad

275 2859 350 2916 40
386 2859 566 2932 pedes
595 2859 920 2914 secundum
952 2856 1224 2929 iniquum
1256 2874 1458 2913 eorum
1491 2857 1952 2925 consilium.Quo
1985 2860 2155 2926 facto,
2189 2859 2403 2928 omnis,
2435 2860 2534 2932 qui
2567 2859 2721 2916 circa
2749 2877 2883 2916 eum
2917 2865 3058 2930 erat,
3093 2861 3370 2934 populus,
3392 2861 3666 2919 videlicet

386 2956 631 3012 inermis
661 2955 712 3012 ei
745 2955 803 3011 in
836 2954 937 3012 Dei
967 2955 1157 3012 officio
1183 2958 1566 3028 praaparatus,
1598 2955 1807 3010 timore
1839 2973 2138 3012 armorum
2173 2957 2534 3029 perterritus,
2568 2958 2627 3014 in
2659 2959 2857 3031 fugam
2888 2975 3202 3024 conversus
3231 2964 3340 3017 est.
3377 2960 3493 3032 Ipsi
3523 2977 3658 3017 vero

395 3053 771 3110 insidiatores
801 3056 976 3124 atque
1006 3056 1338 3124 operatores
1367 3052 1657 3108 malorum
1687 3052 1930 3109 Judaico
1963 3070 2142 3121 more,
2178 3055 2304 3111 sine
2335 3055 2452 3112 ullo
2483 3055 2677 3111 divino
2708 3055 2794 3112 vel
2828 3056 3084 3112 humano
3129 3057 3368 3113 honoris
3420 3057 3662 3124 intuitu,

387 3150 572 3208 ferino
604 3168 764 3208 more
793 3151 1374 3222 comprehendentes,
1408 3149 1468 3206 in
1501 3155 1716 3206 terram
1747 3167 1880 3206 eum
1931 3153 2324 3224 projecerunt,
2357 3157 2413 3209 et
2445 3154 2668 3226 absque
2717 3153 2838 3209 ulla
2887 3153 3290 3212 misericordia
3343 3156 3665 3213 scindendo

387 3248 779 3322 exspoliantes
809 3266 967 3319 eum,
1000 3247 1313 3305 crudeliter
1340 3248 1539 3305 oculos
1569 3249 1621 3305 ei
1652 3248 1978 3320 evellere,et
2004 3251 2200 3323 ipsum
2234 3250 2469 3323 penitus
2499 3269 2712 3308 caecare
2740 3253 2930 3308 conati
2959 3252 3270 3310 sunt.Nam
3300 3253 3502 3328 lingua
3532 3256 3663 3328 ejus

287 3350 352 3405 t5
389 3347 631 3421 prmeisa
659 3352 769 3418 est,
800 3351 857 3403 et
888 3351 952 3402 ut
1000 3346 1113 3420 ipsi
1161 3347 1400 3402 omnino
1422 3351 1562 3403 tunc
1613 3347 1876 3403 arbitrati
1928 3354 2086 3417 sunt,
2120 3366 2336 3405 caecum
2367 3367 2503 3406 eum
2527 3354 2585 3406 et
2616 3354 2849 3408 mutum
2881 3351 2940 3406 in
2974 3351 3166 3408 media
3203 3351 3396 3424 platea
3424 3351 3665 3409 dimise-

392 3452 546 3502 runb

461 3545 616 3599 370
648 3542 860 3598 Verum
891 3541 1005 3614 ipsi
1039 3541 1279 3614 maligni
1313 3542 1609 3598 Paschalis
1641 3548 1697 3598 ct
1727 3544 2066 3616 Campulus,
2098 3545 2252 3600 sicut
2280 3547 2397 3601 veri
2430 3546 2643 3618 pagani
2678 3551 2734 3603 et
2763 3547 2950 3620 impii,
2981 3549 3051 3603 ad
3080 3547 3266 3621 ipsius
3318 3548 3663 3605 monasterii

395 3639 702 3696 ecclesiam
733 3645 866 3696 ante
895 3640 1320 3695 confessionem
1355 3657 1490 3695 eum
1525 3641 1840 3710 trahentes,
1871 3647 2006 3698 ante
2037 3641 2231 3714 ipsum
2264 3643 2591 3699 venerabile
2623 3644 2804 3701 altare
2839 3644 3054 3702 iterum
3087 3645 3286 3702 oculos
3316 3650 3373 3702 et
3404 3645 3666 3720 linguam

393 3738 647 3811 amplius
679 3738 990 3794 crudeliter
1019 3742 1383 3794 eruerunt.et
1411 3738 1602 3810 plagis
1633 3756 1764 3794 cum
1798 3740 2043 3796 diversis
2072 3744 2129 3795 et
2151 3741 2409 3796 fustibus
2431 3743 2736 3808 euadentes,
2776 3742 3142 3799 laniaverunt
3165 3749 3222 3800 et
3243 3743 3586 3801 semivivum
3608 3743 3668 3799 in

392 3836 682 3909 sanguine
713 3835 1034 3892 revolutum
1072 3840 1206 3892 ante
1237 3836 1432 3908 ipsum
1465 3836 1644 3891 altare
1676 3837 2063 3906 dimiserunt;
2097 3839 2477 3910 postmodum
2500 3855 2632 3894 vero
2656 3840 2767 3894 sub
2791 3840 3059 3896 custodia
3080 3841 3138 3896 in
3165 3840 3292 3913 ipso
3315 3841 3668 3898 monasterio

319 3935 357 3990 5
393 3933 1003 3990 dimiserunt.Timore
1036 3938 1234 3990 autem
1267 3933 1554 4006 perterriti
1590 3950 1660 3988 ne
1689 3952 1723 3988 a
1753 3935 2102 3990 Christianis
2133 3935 2474 3991 hominibus
2505 3936 2734 3992 furatus
2763 3935 2897 3992 inde
2929 3937 3304 4005 fuisset,tunc
3337 3938 3667 4012 malignum

395 4031 707 4088 consilium
741 4031 954 4103 adepti,
989 4032 1142 4087 sicut
1172 4031 1298 4104 ipse
1330 4031 1696 4103 hegumenus
1727 4031 2066 4088 monasterii
2099 4032 2288 4088 sancti
2319 4031 2544 4088 Erasmi
2567 4036 2638 4102 (ο)
2661 4034 2962 4105 professus
2992 4038 3100 4099 est,
3135 4035 3397 4090 fecerunt
3427 4052 3561 4091 eum
3593 4037 3668 4091 ad

393 4146 456 4186 se
485 4129 682 4185 venire
713 4128 862 4185 clam
893 4145 995 4200 per
1024 4133 1273 4196 noctem,
1306 4133 1428 4184 tam
1462 4128 1758 4184 Paschalis
1788 4129 2216 4202 malignus,qui
2247 4135 2387 4186 tunc
2419 4129 2791 4203 primicerius
2822 4135 2964 4199 erat,
2996 4147 3172 4203 quam
3219 4131 3541 4204 Campulus
3573 4151 3668 4189 sa-

393 4226 691 4294 cellarius,
725 4231 783 4282 et
814 4227 1053 4282 Maurus
1084 4226 1432 4298 Nepesinus,
1466 4231 1522 4280 et
1553 4225 1840 4282 miserunt
1869 4245 2003 4282 eum
2031 4227 2091 4282 in
2123 4229 2466 4299 praedictum
2515 4227 2935 4285 monasterium
2988 4229 3176 4286 sancti
3227 4228 3489 4286 Silvestri
3532 4247 3667 4286 cum

393 4324 663 4398 pluribus
693 4323 913 4396 iniquis
943 4324 1350 4380 consentaneis
1383 4325 1643 4395 ipsorum
1676 4323 2249 4397 malefactoribusEt
2274 4325 2358 4380 sic
2385 4342 2488 4398 per
2517 4330 2746 4382 noctem
2777 4343 2912 4381 eum
2944 4327 3149 4383 exinde
3178 4326 3558 4383 abstollentes
3589 4328 3666 4400 (ἀ)

288 4421 358 4479 ΙΟ
394 4422 761 4478 deduxerunt
789 4420 846 4475 in
880 4419 1300 4476 monasterium
1334 4420 1518 4476 sancti
1550 4419 1862 4488 Erasmi,et
1891 4421 1950 4476 in
1981 4425 2142 4476 arcta
2170 4426 2224 4477 et
2254 4426 2506 4494 angusta
2535 4423 2803 4478 custodia
2823 4440 2959 4480 eum
2983 4423 3487 4480 recluserunt.Sed
3511 4423 3668 4480 Deus

395 4517 894 4591 omnipotens,qui
925 4535 1127 4574 eorum
1157 4517 1445 4573 malitiam
1476 4517 1832 4589 prresciendo
1863 4518 1964 4573 diu
1998 4518 2284 4589 patienter
2314 4519 2749 4592 sustinuit,ipse
2777 4538 2980 4578 eorum
3014 4522 3247 4594 iniquos
3277 4525 3522 4578 conatus
3555 4520 3667 4576 mi-

395 4616 658 4673 rabiliter
679 4615 1246 4687 destruxit.Coutigit
1276 4615 1804 4688 enim,cooperante
1834 4616 1949 4670 Deo
1980 4619 2034 4670 et
2067 4616 2232 4671 beato
2267 4615 2431 4671 Petro
2463 4616 2724 4688 apostolo
2756 4618 3132 4691 suffragante,
3158 4618 3311 4690 quod
3337 4615 3668 4674 autedictus

395 4731 549 4787 papa
573 4729 708 4769 cum
738 4714 810 4769 ab
843 4713 987 4785 ipsis
1019 4712 1392 4768 carnificibus
1423 4712 1482 4767 in
1531 4713 1952 4768 monasterium
1982 4713 2170 4769 sancti
2202 4712 2427 4768 Erasmi
2458 4712 2517 4768 in
2552 4713 2878 4770 custodiam
2911 4713 3524 4782 mi'teretur,Domino
3555 4731 3669 4770 an-

394 4814 611 4867 nuente
638 4815 812 4882 atque
853 4811 1024 4866 beato
1054 4809 1341 4882 clavigero
1373 4810 1538 4865 Petro
1570 4811 1730 4883 regni
1764 4809 2044 4866 cmlorum
2086 4811 2466 4882 suffragante,
2498 4815 2565 4867 ut
2590 4810 2783 4867 visum
2815 4811 3096 4885 receperit
3125 4817 3181 4868 et
3203 4811 3467 4886 linguam
3488 4812 3561 4868 ad
3582 4811 3666 4869 lo-

289 4909 358 4965 15
394 4909 697 4981 quendum
731 4907 812 4962 illi
841 4908 1111 4964 restituta
1144 4907 1238 4963 sit.
2501 4906 2515 4912 ’

465 5007 613 5062 871
651 5006 719 5060 Et
750 5009 813 5060 ut
841 5006 1173 5061 ostenderet
1202 5005 1571 5077 omnipotens
1603 5006 1755 5062 Deus
1789 5023 1966 5078 super
1995 5024 2170 5063 suum
2204 5005 2490 5062 famulum
2523 5005 2754 5063 solitam
2796 5007 3260 5064 misericordiam
3291 5011 3350 5064 et
3380 5023 3662 5081 magnum

396 5102 770 5170 miraculum,
798 5102 994 5158 divino
1024 5106 1170 5158 nutu
1203 5103 1330 5173 ejus
1359 5120 1393 5158 a
1421 5103 1694 5160 fidelibus
1725 5105 2072 5160 Christianis
2101 5103 2263 5175 viris,
2296 5103 2562 5161 videlicet
2593 5122 2695 5176 per
2721 5105 2999 5162 Albinum
3049 5104 3476 5161 cubicularium
3528 5122 3664 5161 cum

394 5197 526 5255 aliis
550 5197 821 5253 ﬁdelibus
849 5199 1034 5254 Deum
1063 5197 1484 5266 metuentibus,
1517 5216 1584 5254 ex
1615 5199 1740 5271 ipso
1772 5217 1905 5256 eum
1937 5200 2188 5256 claustro
2220 5200 2444 5256 occulte
2476 5200 2872 5268 abstollentes,
2906 5201 2965 5257 in
3017 5201 3260 5257 basilica
3307 5200 3458 5257 beati
3512 5200 3663 5256 Petri

393 5295 794 5370 apostolorum
827 5295 1130 5369 principis,
1157 5295 1252 5351 ubi
1275 5299 1332 5350 et
1361 5296 1489 5367 ejus
1522 5298 1988 5354 sacratissimum
2019 5316 2232 5372 corpus
2263 5297 3040 5371 quiescit,deduxerunt.Qui
3058 5315 3260 5354 omnes
3282 5297 3590 5354 audientes
3611 5302 3668 5353 et

322 5393 359 5448 5
392 5393 655 5450 videntes
681 5393 976 5449 mirabilia
1007 5391 1235 5464 Dei,qui
1268 5392 1637 5450 innocentem
1669 5401 1724 5450 et
1737 5396 1966 5466 justum
1995 5397 2329 5470 pontiﬁcem
2350 5395 2420 5450 de
2443 5394 2714 5451 manibus
2738 5395 3110 5452 inimicorum
3132 5392 3667 5474 eruit,glorificave-

395 5495 531 5546 runt
563 5490 879 5545 Dominum
911 5491 1116 5560 Deum,
1149 5489 1408 5544 dicentes
1443 5505 1454 5542 :
1487 5490 1807 5546 Benedictus
1837 5495 2106 5549 Dominus
2135 5495 2274 5549 Deus
2305 5493 2491 5558 Israel,
2525 5494 2623 5563 qui
2651 5495 2788 5564 facit
2835 5493 3126 5548 mirabilia
3162 5508 3368 5560 magna
3415 5489 3583 5558 solus,
3615 5496 3668 5545 et

393 5604 502 5644 non
531 5587 772 5643 deseruit
799 5596 1071 5658 sperantes
1094 5590 1153 5642 in
1172 5603 1228 5642 se
1247 5588 1333 5655 (e).
1359 5586 1470 5641 Sed
1491 5585 1550 5640 in
1582 5604 1647 5643 eo
1679 5588 2019 5660 adimplevit
2051 5588 2512 5647 misericordiam
2544 5595 2807 5658 suam,ut
2828 5590 3299 5646 manifestaretur
3328 5584 3512 5661 gloria
3536 5585 3663 5655 Dei,

1435 5700 1683 5745 NOTULE
1726 5703 1807 5745 MA
1819 5701 2110 5749 RGINALES
2154 5705 2447 5750 FABROTTI
2461 5734 2473 5746 .

327 5793 403 5863 (a)
431 5793 618 5850 Baron
647 5807 780 5850 ann.
809 5792 936 5848 799.
1012 5793 1091 5863 (b)
1121 5789 1456 5849 Christiani.
1533 5790 1604 5862 (ο)
1636 5791 1941 5849 Gerasimi.
2021 5794 2095 5866 (d)
2128 5793 2558 5853 abstrahentes.
2636 5795 2710 5868 (θ)
2739 5798 2884 5854 Psat.
2917 5811 3080 5853 xxxv.
