3934 6202
263 267 425 328 (ﬁt?
1128 261 1491 322 HISTORIA
1537 262 1634 321 DE
1684 261 1886 323 Vl'l‘lS
1933 262 2118 322 ROM.
2165 262 2398 324 PONT.
2432 292 2510 308 ι·-
2538 265 2687 325 LEO
2733 264 2832 325 Ill.
3527 265 3688 328 1918

413 402 470 454 et
501 411 637 453 cum
669 409 883 467 magno
914 393 1134 449 honore
1165 397 1476 465 susceptus
1511 392 1737 460 fuisset,
1775 393 1907 449 fecit
1939 393 1995 447 in
2024 395 2290 450 eamdem
2321 394 2627 451 ecclesiam
2677 396 3017 469 congregari
3069 397 3539 472 archiepiscopus
3582 417 3687 458 seu

416 495 750 568 episcopos,
779 491 1024 547 abbates
1081 494 1141 546 et
1197 507 1430 546 omnem
1484 490 1844 546 nobilitatem
1910 493 2263 547 Francorum
2327 498 2500 564 atque
2557 493 2976 561 Romanorum,
3032 499 3090 550 et
3145 496 3416 553 sedentes
3473 498 3696 569 pariter

337 597 376 650 5
414 598 535 649 tam
569 607 822 663 magnus
855 607 954 645 rex
992 606 1170 661 quam
1223 589 1600 643 beatissimus
1649 589 1927 660 pontifex,
1962 590 2222 645 fecerunt
2269 591 2520 647 residere
2569 597 2628 647 ot
2677 592 3085 648 sanctissimos
3136 593 3602 667 archiepiscopus
3634 599 3692 652 et

418 691 682 760 abbates,
715 686 1012 746 stantibus
1059 685 1302 758 reliquis
1359 687 1761 742 sacerdotibus
1821 690 1878 742 et
1931 686 2317 760 optimatibus
2374 690 2751 758 Francorum,
2788 694 2846 746 et
2896 690 3318 759 Romanorum,
3355 696 3418 747 ut
3447 691 3696 749 crimina

418 803 547 859 qua
579 787 859 844 adversu:
892 784 1116 840 almum
1148 784 1483 856 pontificem
1517 785 1668 840 dicti
1720 785 1972 852 fuerant,
2005 783 2366 842 declinarent
2394 789 2490 855 (α).
2526 786 2633 854 Qui
2668 786 2925 843 universi
2974 787 3419 860 archiepiscopi,
3449 792 3514 862 et
3534 789 3692 862 epis-

418 884 570 957 copi,
605 889 662 940 et
687 884 930 939 abbatcs
971 881 1326 937 unanimiter
1377 882 1702 950 audientes,
1731 882 2004 938 dixerunt
2036 899 2049 937 :
2077 882 2195 939 Nos
2245 884 2442 939 sedem
2491 901 2620 957 apo:
2638 884 2895 953 tolicam,
2927 901 3054 956 quae
3087 890 3176 941 est
3204 891 3381 959 caput
3431 886 3697 943 omnium

418 982 521 1039 Dei
555 980 974 1048 Ecclesiarum,
996 979 1263 1050 judicare
1296 997 1412 1035 non
1445 981 1768 1048 audemus;
1805 997 1938 1036 nam
1970 980 2041 1036 ab
2075 979 2204 1053 ipsa
2254 998 2362 1037 nos
2410 998 2616 1038 omnes
2661 986 2718 1038 et
2766 981 2979 1038 vieario
3025 999 3130 1038 suo
3175 982 3539 1054 judioamur,
3571 984 3701 1057 ipsa

311 1082 384 1138 10
422 1085 618 1138 autem
648 1095 684 1136 a
714 1079 948 1135 nemine
969 1077 1294 1150 judicatur,
1328 1078 1829 1150 quemadmodum
1859 1083 1915 1134 et
1944 1078 2266 1150 antiquitas
2299 1095 2427 1135 mos
2458 1079 2567 1134 fuit
2597 1096 2611 1134 :
2645 1080 2746 1136 sed
2776 1078 2934 1136 sicut
2969 1079 3096 1153 ipse
3143 1097 3417 1138 summus
3442 1081 3700 1155 pontifex

418 1175 734 1243 censuerit,
767 1174 1044 1232 canonice
1075 1174 1436 1232 obediemus.
1469 1173 1835 1230 Venerabilis
1862 1192 1996 1232 vero
2027 1175 2240 1248 praesul
2270 1175 2502 1248 inquit:
2527 1177 3026 1233 Praedecessorum
3059 1194 3323 1234 meorum
3347 1179 3693 1251 pontiﬁcum

424 1273 669 1347 vestigia
700 1290 930 1345 sequor,
964 1277 1023 1328 et
1054 1272 1124 1328 de
1153 1271 1372 1329 talibus
1404 1271 1568 1329 falsis
1598 1272 2130 1340 criminationibus,
2163 1291 2290 1346 quae
2317 1289 2494 1346 super
2524 1289 2616 1329 me
2657 1273 2928 1346 nequiter
2977 1280 3343 1344 exarserunt,
3371 1293 3464 1332 me
3491 1275 3698 1349 puriﬁ-

425 1389 558 1430 care
589 1377 830 1445 paratus
864 1388 1017 1427 sum.

497 1469 651 1527 315
691 1469 819 1526 Alia
845 1486 981 1525 vero
1013 1469 1106 1524 die
1136 1468 1196 1523 in
1217 1467 1420 1524 eadem
1453 1467 1698 1525 ecclesia
1725 1468 1876 1524 beati
1910 1467 2061 1524 Petri
2095 1467 2362 1540 apostoli,
2395 1486 2528 1525 cum
2561 1487 2765 1526 omnes
2797 1471 3071 1528 adessent
3097 1471 3445 1544 generaliter
3473 1473 3699 1530 archie-

425 1567 650 1642 piscOpi
681 1584 783 1624 seu
815 1565 1072 1639 episcopi
1103 1570 1160 1622 et
1190 1566 1453 1634 abbates,
1487 1570 1543 1622 et
1572 1579 1776 1622 omnes
1805 1565 2008 1622 Franci
2039 1566 2140 1639 qui
2187 1566 2244 1621 in
2299 1567 2533 1623 servitio
2582 1568 2846 1639 ejusdem
2899 1569 3097 1642 magni
3149 1569 3305 1642 regis
3354 1552 3608 1637 fuerunt,
3641 1574 3700 1627 et

425 1665 620 1723 cuncti
647 1664 914 1732 Romani,
950 1664 1007 1718 in
1041 1665 1242 1722 eadem
1276 1663 1522 1720 ecclesia
1570 1663 1725 1720 beati
1781 1664 1932 1720 Petri
1984 1663 2256 1737 apostoli,
2292 1664 2350 1720 in
2402 1682 2602 1720 eorum
2654 1665 2982 1738 praesentia,
3017 1667 3377 1739 amplec‘ens
3423 1669 3699 1740 prafatus

423 1763 775 1822 venerabilis
806 1763 1063 1836 pontifex
1093 1767 1296 1817 sancta
1326 1761 1538 1816 Christi
1571 1766 1824 1834 quatuor
1849 1761 2159 1834 Evangelia
2189 1778 2384 1817 coram
2415 1762 2694 1819 omnibus
2741 1764 3005 1819 ascendit
3044 1764 3103 1820 in
3135 1765 3466 1833 umbonem,
3499 1769 3557 1821 et
3589 1766 3698 1822 sub

350 1865 386 1918 5
411 1862 804 1935 jurejurando
838 1859 998 1916 clara
1025 1876 1161 1916 voce
1192 1859 1338 1914 dixit
1371 1877 1384 1915 :
1416 1859 1562 1924 Quia
1591 1861 1661 1915 de
1692 1858 1822 1914 istis
1855 1858 2017 1914 falsis
2047 1859 2415 1927 criminibus,
2450 1876 2578 1932 quae
2609 1877 2786 1934 super
2828 1877 2921 1916 me
2968 1861 3380 1934 imposuerunt
3427 1863 3698 1930 Romani,

319 2007 326 2010 _
429 1959 527 2032 qui
563 1957 761 2031 inique
792 1974 884 2014 me
917 1956 1206 2030 persecuti
1240 1961 1400 2027 sunt,
1432 1955 1738 2011 scientiam
1771 1973 1886 2012 non
1915 1956 2121 2022 habeo,
2156 1973 2261 2013 nec
2309 1957 2449 2012 talia
2495 1957 2684 2030 egisse
2734 1975 2828 2014 me
2875 1975 3182 2032 cognosco.
3213 1960 3282 2016 Et
3304 1960 3418 2016 hoc
3464 1965 3699 2033 peracto

435 2073 640 2113 omnes
672 2055 1119 2128 archiepiscopi,
1153 2053 1410 2126 episcopi
1439 2058 1496 2109 et
1525 2055 1786 2120 abbates,
1822 2059 1879 2110 et
1909 2054 2104 2110 cuncti
2138 2053 2330 2110 clerici
2363 2054 2580 2110 letania
2611 2056 2783 2122 facta,
2816 2056 3019 2113 laudes
3048 2057 3335 2112 dederunt
3362 2057 3479 2113 Deo
3527 2062 3701 2130 atque

431 2155 535 2212 Dei
563 2153 838 2211 Genitrici
871 2169 1218 2225 semperque
1248 2151 1460 2224 virgini
1493 2152 1708 2221 Mariae,
1743 2151 1990 2210 domina:
2022 2157 2256 2218 nostrae,
2287 2157 2345 2208 et
2377 2153 2544 2208 beato
2576 2157 2743 2209 Petro
2777 2153 3176 2226 apostolorum
3225 2153 3472 2227 principi
3504 2155 3700 2210 omni-

428 2253 658 2324 busque
689 2251 910 2307 sanctis
942 2249 1062 2305 Dei.

502 2350 657 2406 870
687 2352 826 2404 Post
855 2348 974 2402 haec
1007 2347 1346 2402 adveniente
1369 2347 1460 2402 die
1491 2346 1669 2402 natali
1698 2346 1930 2402 Domini
1962 2346 2143 2402 nostri
2177 2347 2317 2402 Jesu
2349 2346 2653 2418 Cliristi,in
2676 2347 2804 2418 jam
2845 2348 3001 2404 dicta
3047 2348 3292 2404 basilica
3342 2349 3494 2405 beati
3546 2352 3702 2408 Petri

432 2445 679 2520 apostoli
711 2462 914 2502 omnes
949 2445 1160 2501 iterum
1193 2444 1528 2518 congregati
1561 2449 1782 2510 sunt,et
1811 2448 1952 2500 tunc
1981 2444 2330 2500 venerabilis
2364 2443 2655 2500 nlmificus
2685 2444 2943 2516 pontifex
2987 2445 3263 2501 manibus
3303 2445 3428 2502 suis
3453 2446 3705 2522 propriis

430 2544 860 2618 pretiosissima
891 2542 1188 2599 coronavit
1215 2542 1637 2615 eum(b).'l‘unc
1668 2541 1922 2598 universi
1959 2541 2158 2597 ﬁdeles
2189 2540 2726 2608 Romani,v3dentes
2756 2545 2981 2597 tantam
3015 2541 3412 2601 defensionem
3444 2548 3501 2600 et
3529 2543 3708 2600 dilec-

432 2644 650 2698 tionem
685 2658 861 2713 quam
896 2657 1033 2713 erga
1063 2644 1324 2696 sanctam
1361 2641 1682 2696 Romanam
1717 2639 2036 2696 Ecclesium
2069 2644 2124 2694 et
2153 2640 2282 2710 ejus
2313 2638 2593 2694 vicarium
2628 2639 2855 2707 habuit,
2888 2639 3250 2696 unanimiter
3299 2641 3549 2698 altisona
3571 2657 3709 2697 voce

356 2742 393 2797 5
431 2740 532 2797 Dei
565 2744 710 2796 nutu
745 2743 920 2811 atque
953 2738 1102 2794 beati
1139 2737 1285 2794 Petri
1319 2737 1590 2811 clavigeri
1624 2738 1784 2810 regni
1837 2737 2113 2792 caelorum
2164 2737 2632 2792 exclamaverunt
2664 2752 2678 2789 :
2715 2738 2908 2793 Carolo
2949 2739 3210 2808 piissimo
3267 2743 3510 2808 Augusto
3539 2756 3572 2794 a
3601 2740 3707 2796 Deo

431 2846 706 2907 coronato,
738 2852 958 2906 magno,
986 2837 1212 2908 paciﬁca
1244 2838 1582 2907 imperatori,
1609 2838 1720 2891 vita
1749 2843 1800 2890 et
1827 2837 2076 2891 victoria.
2103 2835 2170 2906 (ε)
2192 2837 2337 2890 Ante
2367 2851 2594 2890 sacram
2624 2833 3047 2891 confessionem
3081 2834 3233 2892 beati
3265 2835 3417 2893 Petri
3449 2835 3705 2908 apostoli

436 2936 633 3009 plures
663 2939 898 2992 sanctos
930 2935 1383 3000 invocantes,ter
1405 2933 1627 2989 dictum
1656 2937 1828 3004 est,et
1858 2933 1930 2988 ab
1964 2932 2240 2988 omnibus
2269 2932 2622 2988 constitutus
2653 2936 2738 2988 est
2767 2931 3084 3004 imperator
3111 2932 3697 2989 RomanorumJllico

437 3034 852 3090 sanctissimus
883 3033 1129 3089 antistes
1158 3037 1218 3088 et
1247 3031 1503 3104 pontifex
1536 3031 1701 3086 unxit
1731 3030 1855 3086 oleo
1887 3035 2088 3086 sancto
2121 3029 2412 3096 Carolum,
2446 3034 2503 3085 et
2532 3028 3087 3086 excellentissimum
3119 3029 3309 3086 ﬁlium
3336 3031 3466 3102 ejus
3485 3046 3703 3104 regem,

433 3131 494 3188 in
525 3131 654 3204 ipso
684 3131 776 3187 die
810 3130 1032 3188 Natalis
1064 3129 1294 3184 Domini
1332 3129 1515 3184 nostri
1549 3129 1689 3185 Jesu
1713 3127 1948 3193 Christi,
1979 3132 2035 3184 et
2061 3127 2244 3183 missa
2275 3132 2506 3200 peracta
2536 3131 2668 3200 post
2696 3126 3148 3184 celebrationem
3183 3127 3502 3186 missarum
3531 3129 3704 3184 obtu-

335 3229 405 3286 ΙΟ
447 3229 510 3284 lit
535 3228 663 3302 ipse
693 3227 1109 3284 screnissimus
1139 3227 1392 3281 domnus
1422 3225 1740 3298 imperator
1769 3241 2035 3280 mensam
2066 3228 2400 3296 argenteam
2431 3241 2566 3280 cum
2598 3224 2844 3296 pedibus
2873 3223 3018 3292 suis,
3047 3240 3288 3296 pcnsan.
3324 3223 3506 3284 libr...

511 3327 658 3383 817
698 3326 808 3382 Sed
841 3329 896 3381 et
925 3324 984 3380 in
1016 3323 1380 3382 confession:
1412 3324 1677 3395 ejusdem
1709 3322 1809 3378 Dei
1842 3321 2088 3395 apostoli
2119 3321 2330 3376 obtulit
2359 3339 2478 3377 una
2505 3339 2638 3377 cum
2669 3320 3204 3394 praacellentissimo
3228 3321 3346 3378 tilio
3367 3339 3476 3378 suo
3498 3328 3708 3395 regeet

438 3423 672 3480 filiabus
697 3423 924 3479 diversa
951 3438 1089 3477 vasa
1117 3437 1181 3478 ex
1209 3438 1350 3478 auro
1387 3419 1701 3494 purissimo
1732 3419 1790 3474 in
1821 3419 2144 3476 ministerio
2177 3418 2366 3491 ipsius
2416 3436 2652 3487 mensa,
2685 3436 2928 3492 pensan.
2961 3417 3142 3476 libr...
3176 3419 3277 3476 sed
3323 3423 3382 3474 et
3427 3435 3703 3475 coronam

437 3537 674 3578 auream
701 3537 834 3577 cum
866 3519 1117 3592 gemmis
1149 3518 1472 3590 majoribus
1504 3535 1631 3591 quae
1663 3518 1874 3590 pendet
1916 3533 2095 3589 super
2141 3516 2343 3584 altare,
2377 3534 2623 3589 pensan.
2655 3498 2836 3574 libras
2865 3516 3295 3590 quinquaginta
3321 3516 3615 3589 quinque;
3648 3522 3707 3573 et

435 3623 709 3693 patenam
741 3633 979 3674 auream
1012 3617 1295 3688 majorem
1327 3633 1462 3672 cum
1492 3615 1744 3688 gemmis
1775 3614 2041 3682 diversis,
2073 3631 2316 3686 pensan.
2348 3613 2526 3670 libras
2559 3613 2832 3688 triginta;
2863 3618 2921 3670 et
2949 3613 3192 3670 calicem
3241 3615 3525 3685 majorem
3568 3631 3704 3670 cum

359 3719 396 3774 5
433 3715 682 3790 gemmis
712 3719 769 3772 et
800 3713 963 3771 ansis
993 3713 1246 3781 duabus,
1280 3730 1522 3785 pensan.
1557 3712 1737 3768 libras
1765 3713 2195 3785 quinquaginta
2225 3716 2386 3779 octo;
2419 3710 2561 3766 item
2594 3711 2834 3768 calicem
2883 3714 3168 3783 majorem
3218 3712 3528 3768 fundatum
3569 3728 3704 3768 cum

430 3813 745 3888 scyphone,
775 3829 1018 3885 pensan.
1052 3811 1231 3867 libras
1263 3810 1504 3884 triginta
1531 3813 1587 3865 et
1618 3813 1879 3882 septem;
1913 3809 2030 3866 imo
2055 3813 2112 3864 et
2141 3808 2322 3864 alium
2355 3808 2596 3864 calicem
2617 3810 2899 3880 majorem
2923 3809 3254 3877 fundatum,
3273 3825 3494 3881 pensan
3522 3809 3705 3866 libras

429 3910 672 3984 triginta
699 3915 755 3967 et
785 3927 901 3966 sex.
937 3908 1166 3965 Obtulit
1195 3913 1251 3965 et
1282 3924 1459 3980 super
1490 3905 1956 3964 sacratissimum
1990 3905 2171 3961 altare
2204 3905 2356 3961 beati
2396 3905 2540 3962 Petri
2574 3905 2844 3978 apostoli,
2876 3905 2996 3962 imo
3047 3911 3104 3962 et
3151 3906 3212 3961 in
3262 3906 3504 3963 basilica
3550 3907 3705 3962 beati

430 4008 593 4066 Pauli
625 4006 893 4080 apostoli,
925 4023 1194 4064 mensam
1227 4009 1561 4079 argenteam
1595 4003 1879 4060 minorem
1912 4020 2045 4058 cum
2079 4002 2326 4075 pedibus
2350 4002 2934 4076 suis,pensan.libras
2954 4003 3384 4077 quinquaginta
3413 4005 3701 4077 quinque,

429 4123 566 4161 cum
598 4105 842 4161 diversis
872 4105 1027 4160 vasis
1061 4103 1351 4177 argenteis
1382 4101 1547 4156 mirae
1579 4099 2006 4173 magnitudinis
2038 4117 2163 4172 qua;
2195 4101 2267 4156 ad
2301 4116 2474 4156 usum
2508 4099 2694 4173 ipsius
2726 4116 2942 4156 mensze
2973 4101 3287 4174 pertinent.

499 4204 654 4260 378
690 4204 831 4258 Item
865 4202 921 4256 in
956 4201 1199 4257 basilica
1228 4199 1542 4256 Salvatoris
1574 4197 1805 4254 Domini
1838 4197 2023 4254 nostri
2055 4199 2194 4254 Jesu
2222 4197 2460 4268 Christi,
2494 4214 2670 4270 quam
2693 4197 3238 4256 Constantinianam
3260 4199 3706 4268 vocant,obtulit

425 4317 658 4358 crucem
687 4316 822 4356 cum
847 4299 1098 4373 gemmis
1124 4297 1724 4372 hyacinthinis,quam
1752 4295 2049 4352 almiﬁcus
2079 4295 2335 4367 pontifex
2366 4293 2425 4350 in
2458 4294 2676 4352 letania
2693 4295 3014 4368 praecedam
3037 4297 3701 4366 constituibsecundum

432 4397 771 4470 petitionem
804 4397 992 4470 ipsius
1022 4395 1272 4468 piissimi
1305 4394 1707 4466 imperatoris;
1741 4393 1858 4449 imo
1909 4398 1966 4449 et
2012 4392 2195 4448 altare
2242 4408 2376 4447 cum
2426 4391 2720 4448 columnis
2765 4394 3078 4466 argenteis,
3112 4399 3169 4451 et
3197 4395 3452 4468 cyborio.
3485 4395 3701 4453 Verum

428 4496 604 4551 etiam
635 4499 692 4550 et
714 4493 1092 4567 Evangelium
1123 4511 1192 4548 ex
1221 4510 1362 4550 auro
1395 4490 1806 4559 mundissimo,
1841 4507 1973 4546 cum
2008 4488 2256 4563 gemmis
2287 4494 2583 4558 ornatum,
2617 4506 2860 4562 pensan.
2891 4490 3074 4549 libr...
3111 4492 3252 4548 Item
3285 4497 3345 4548 et
3373 4492 3433 4548 in
3460 4493 3704 4550 basilica

357 4593 393 4648 5
428 4593 608 4648 beatae
637 4591 739 4648 Dei
770 4590 1080 4648 Genitricis
1111 4591 1304 4646 Maria
1345 4591 1418 4646 ad
1470 4590 1730 4662 Praesepe
1778 4587 1992 4644 obtulit
2041 4586 2187 4643 sicla
2235 4589 2509 4659 argentea
2551 4587 2795 4658 majora,
2829 4603 3074 4659 pensan.
3106 4588 3282 4647 libr...
3318 4592 3702 4648 Postmodum

426 4705 561 4744 vero
589 4689 730 4744 dum
761 4689 996 4745 deducti
1031 4689 1282 4744 fuissent
1311 4686 1668 4759 iniquissimi
1701 4685 1785 4741 illi
1821 4683 2517 4750 malefactores,videlicet
2548 4682 2848 4740 Paschalis
2877 4703 3012 4741 cum
3039 4686 3321 4758 Campulo
3341 4693 3400 4745 et
3421 4705 3702 4762 sequaces

427 4803 651 4854 eorum,
686 4785 744 4841 in
773 4804 870 4860 pra
896 4786 1086 4842 sentia
1111 4786 1362 4858 piissimi
1394 4783 1594 4840 domui
1626 4782 2018 4857 imperatoris,
2051 4782 2570 4838 circumstantibus
2591 4781 2978 4840 nobilissimis
3002 4783 3240 4839 Francis
3260 4790 3316 4840 et
3337 4786 3705 4853 Romanis,et

425 4883 702 4940 omnibus
733 4884 1221 4958 exprobrantibus
1254 4885 1324 4938 de
1354 4881 1526 4938 malis
1555 4882 1818 4954 ipsorum
1835 4880 2098 4936 consiliis
2115 4877 2982 4952 etoperatiouibusincrepabat
2997 4879 3319 4952 Campulus
3337 4881 3702 4951 Paschalem,

424 4981 706 5038 dicendo:
735 4981 890 5038 Mala
917 4981 1061 5037 hora
1093 4980 1297 5038 faciem
1332 4984 1491 5034 tuam
1523 4979 1736 5034 vidi.eo
1766 4978 1922 5051 quod
1952 4983 2091 5033 tunc
2125 4994 2216 5034 me
2245 4976 2457 5032 misisti
2480 4975 2538 5031 in
2562 4976 2721 5032 istud
2744 4976 3171 5048 periculum;et
3191 4977 3380 5032 caater-i
3405 4979 3700 5049 similiter,

321 5079 389 5134 10
427 5096 581 5136 unus
611 5079 861 5136 alterum
891 5080 1310 5146 condemnans,
1340 5076 1798 5133 manifestabant
1828 5076 1953 5132 suis
2001 5076 2260 5148 ipsorum
2311 5079 2528 5131 reatus.
2565 5077 2623 5141 0'
2655 5074 2672 5129 i
2718 5076 2862 5132 dum
2905 5080 3028 5131 tam
3075 5073 3340 5131 crudeles
3371 5080 3430 5130 et
3461 5075 3699 5148 iniquos

428 5176 735 5250 piissimus
765 5176 1083 5250 imperator
1113 5175 1496 5248 cognovisset,
1531 5175 1589 5230 in
1623 5174 1893 5230 exsilium
1917 5174 1976 5228 in
2011 5173 2276 5245 partibus
2310 5171 2562 5227 Francia:
2598 5172 2779 5228 misit.
2813 5173 3094 5228 Przefatus
3121 5188 3252 5227 vero
3283 5171 3700 5232 sanctissimus

428 5273 688 5345 pontifex
709 5275 880 5346 juxta
909 5273 1214 5330 ecclesiam
1249 5271 1399 5329 beati
1433 5271 1582 5327 Petri
1613 5271 1862 5342 apostoli
1895 5271 2029 5327 fecit
2059 5271 2119 5326 in
2150 5269 2411 5325 triclineo
2442 5269 2649 5342 majori
2681 5270 2839 5326 mirae
2871 5268 3325 5344 pulchritudinis
3365 5269 3699 5355 decoratum

430 5370 699 5426 absidam
731 5371 802 5425 de
833 5371 1060 5426 musivo
1092 5373 1444 5437 ornatam,et
1476 5367 1712 5424 absidas
1742 5370 1890 5425 duas
1922 5369 2123 5424 dextra
2151 5366 2407 5440 laevaque
2437 5384 2614 5440 super
2643 5383 2932 5424 marmore
2962 5370 3017 5422 et
3035 5366 3264 5438 pictura
3287 5363 3698 5436 splendentes;

430 5471 487 5522 et
515 5467 576 5523 in
604 5468 938 5542 pavimento
969 5466 1312 5525 marmoreis
1342 5464 1623 5538 exemplis
1653 5466 1873 5534 stratis,
1907 5483 2041 5522 cum
2084 5465 2304 5522 ceteris
2351 5464 2564 5538 amplis
2614 5464 2893 5534 aediliciis,
2926 5468 3047 5519 tam
3095 5462 3155 5518 in
3206 5477 3453 5520 ascensu
3503 5463 3696 5534 scale,

1469 5634 1722 5681 NOTULE
1763 5635 1846 5680 MA
1857 5633 2149 5680 RGINALES
2190 5633 2512 5679 FABBOTTI.

356 5777 448 5848 (α)
474 5781 539 5845 Β,
571 5777 990 5840 examinarent.
1065 5777 1144 5848 (la)
1177 5775 1444 5834 Carolum
1475 5777 1774 5848 Magnum.
1852 5776 1921 5848 (ο)
1959 5776 2092 5832 Vide
2123 5777 2323 5836 Bamn.
2351 5776 2421 5833 ad
2447 5793 2581 5838 ann.
2608 5777 2734 5836 800.
