3934 6202
257 274 413 337 1219
1410 271 1716 336 ANASTA
1727 273 1810 335 SI]

2128 266 2517 332 THECABII.
3513 260 3681 326 4220

290 409 361 463 15
398 420 696 479 quamque
722 407 854 477 post
887 404 1082 477 ipsum
1115 404 1445 461 triclincum
1478 410 1708 479 compte
1739 405 1892 462 fecit.
1927 409 2189 476 Itemque
2221 401 2355 457 fecit
2384 400 2442 454 in
2475 397 2720 454 basilica
2753 395 2906 452 beati
2950 396 3104 454 Petri
3153 396 3403 468 apostoli
3454 402 3683 454 vestem

398 502 835 577 chysoclabam,
867 518 1004 558 cum
1035 501 1305 575 pretiosis
1337 504 1586 576 gemmis
1616 506 1902 568 ornatam,
1936 502 2247 557 habentem
2280 497 2585 554 historiam
2618 493 2932 551 Dominicaa
2974 493 3437 551 resurrectionis.
3472 494 3587 552 Sed
3618 501 3682 553 et

397 600 555 656 inter.
581 616 752 655 arcus
783 603 1089 672 argenteos
1117 598 1243 655 vela
1275 600 1461 655 serica
1488 600 1623 656 alba
1651 604 1708 656 et
1735 599 1861 656 vela
1886 600 1956 655 de
1988 603 2254 655 staurace
2285 593 2701 669 pulcherrima.
2728 592 2863 648 Post
2894 590 3282 647 reversionem
3315 608 3487 648 suam
3517 596 3574 648 et
3604 593 3685 649 ob

398 698 652 757 nimium
681 714 941 755 amorem
972 697 1108 752 fecit
1136 696 1324 752 eidem
1355 696 1629 753 nutritori
1660 714 1767 754 suo
1816 695 2229 770 prestyterium
2262 694 2486 750 noviter
2514 695 2704 748 totum
2735 706 3131 746 marmoreum
3163 706 3388 764 magnae
3421 689 3694 764 pulchri-

401 796 647 863 tudinis,
684 795 979 868 sculptum
1010 797 1356 867 compteque
1382 799 1662 851 erectum.
1695 796 1807 851 Sed
1839 800 1896 851 et
1925 812 2102 867 super
2130 793 2311 850 altare
2342 792 2538 863 majus
2569 788 2703 846 fecit
2727 792 2878 845 tetra
2904 788 3030 845 vela
3059 787 3386 845 holoserica
3430 787 3691 847 alithina

289 896 363 950 20
404 916 414 925 '
440 898 670 962 uatuor,
703 908 838 949 cum
866 891 1082 948 astillis
1112 896 1169 948 et
1195 891 1345 948 rosis
1372 892 1754 966 chysoclabis.

468 992 622 1047 ³η
656 990 723 1046 Et
746 988 804 1044 in
835 990 1040 1045 eodem
1072 987 1255 1045 altare
1286 989 1419 1045 fecit
1447 1007 1582 1046 cum
1610 989 1873 1046 historiis
1903 988 2163 1045 crucifixi
2189 986 2423 1044 Domini
2453 988 2674 1042 vestem
2703 983 2957 1057 Tyriam,
2983 987 3041 1039 et
3066 982 3127 1038 in
3147 982 3394 1040 ecclesia
3423 983 3691 1041 doctoris

397 1087 600 1144 mundi
633 1087 788 1143 beati
820 1085 983 1142 Pauli
1016 1085 1261 1159 apostoli
1292 1091 1441 1143 tetra
1482 1087 1610 1144 vela
1658 1087 1983 1144 holoserica
2032 1086 2293 1160 alithyna
2341 1088 2613 1158 quatuor,
2647 1086 2705 1139 et
2749 1084 2970 1138 vestem
3019 1096 3198 1153 super
3250 1080 3435 1135 altare
3486 1078 3693 1137 albam

403 1182 868 1257 chrysoclabam,
902 1184 1214 1241 habentem
1244 1184 1555 1241 historiam
1587 1190 1801 1241 sanctae
1834 1183 2319 1251 Resurrectionis,
2352 1188 2409 1238 et
2437 1182 2613 1238 aliam
2641 1183 2860 1237 vestem
2890 1176 3687 1251 chrysoclabam,habentem

401 1281 710 1338 historiam
741 1280 1065 1338 nativitatis
1095 1281 1328 1338 Domini
1371 1286 1428 1339 et
1471 1289 1811 1340 sanctorum
1862 1281 2287 1341 Innocentium.
2325 1281 2446 1338 lmo
2483 1284 2541 1336 et
2585 1278 2758 1335 aliam
2808 1279 3028 1333 vestem
3071 1275 3330 1349 Tyriam,
3362 1274 3691 1331 habentem

327 1380 363 1435 5
400 1379 707 1436 historiam
740 1378 875 1436 caeci
905 1377 1306 1451 illuminati,et
1337 1380 2032 1438 Resurrectionem.ldem
2064 1385 2260 1437 autem
2287 1377 2699 1435 sanctissimus
2730 1373 2943 1448 praesul
2978 1373 3112 1430 fecit
3143 1373 3202 1428 in
3229 1372 3475 1430 basilica
3496 1372 3689 1429 beate

404 1477 600 1533 Mariis
630 1478 702 1533 ad
738 1477 997 1550 Praesepe
1026 1481 1247 1533 vestem
1278 1477 1472 1535 albam
1504 1478 1935 1551 chysoclabam,
1968 1478 2281 1534 habentem
2331 1474 2638 1532 historiam
2688 1476 2904 1529 sanctas
2954 1467 3452 1538 Resurrectionis;
3485 1469 3593 1526 sed
3624 1472 3688 1526 et

406 1574 583 1632 aliam
613 1579 831 1631 vestem
866 1575 925 1631 in
956 1574 1236 1632 orbiculis
1266 1576 1684 1649 chrysoclabis,
1718 1577 2032 1633 habentem
2062 1574 2339 1632 historias
2384 1570 2889 1630 Annuntiationis.
2917 1574 2974 1626 et
3020 1572 3357 1627 senctorum
3406 1566 3688 1623 Joachim

400 1677 459 1729 et
485 1675 682 1729 Annae.
722 1672 879 1728 Fecit
908 1672 967 1727 in
995 1672 1239 1729 ecclesia
1268 1673 1417 1730 beati
1453 1674 1747 1730 Laurentii
1798 1674 1940 1730 foris
1990 1690 2191 1730 muros
2233 1672 2392 1727 idem
2450 1668 2662 1744 praesul
2716 1672 2937 1725 vestem
2990 1666 3185 1724 albam
3245 1668 3505 1722 rosatam
3543 1681 3687 1722 cum

398 1769 813 1843 chrysoclabo;
844 1772 944 1826 sed
974 1774 1032 1826 et
1060 1770 1236 1827 aliam
1268 1776 1487 1828 vestem
1521 1789 1698 1844 super
1724 1776 1995 1829 sanctum
2024 1787 2239 1843 corpus
2271 1771 2399 1841 ejus
2431 1768 2626 1824 albam
2656 1767 2727 1823 de
2754 1765 3010 1823 stauraci
3041 1762 3509 1838 chrysoclabam,
3543 1780 3684 1821 cum

294 1869 365 1923 10
402 1867 776 1941 margaritis;
809 1871 868 1923 et
897 1868 956 1923 in
988 1868 1159 1925 titulo
1190 1868 1398 1925 Calixti
1425 1874 1645 1926 vestem
1676 1869 2118 1943 chrysoclabam
2148 1885 2218 1925 ex
2247 1867 2456 1949 blattin
2487 1865 2795 1939 Byzanteo,
2826 1863 3138 1920 habentem
3186 1861 3493 1918 historiam
3529 1860 3686 1917 nati-

402 1966 597 2021 vitatis
627 1964 946 2034 Domini,et
967 1967 1157 2023 sancti
1189 1966 1497 2023 Simeonis.
1534 1968 1678 2023 ltem
1711 1967 1771 2023 in
1806 1966 2052 2023 ecclesia
2085 1965 2272 2022 sancti
2323 1962 2609 2020 Pancratii
2655 1965 2875 2018 vestem
2923 1960 3182 2033 Tyriam,
3208 1958 3527 2015 habentem
3555 1957 3687 2015 his~

400 2063 611 2119 toriam
645 2063 1013 2120 Ascensionis
1045 2064 1302 2132 Domini,
1331 2081 1431 2120 seu
1464 2069 1520 2119 et
1550 2064 1608 2119 in
1642 2069 1847 2120 sancta
1878 2064 2060 2119 Maria
2089 2065 2157 2118 ad
2196 2064 2478 2135 Martyres
2530 2060 2664 2116 fecit
2708 2064 2928 2115 vestem
2979 2057 3214 2130 Tyriam
3263 2060 3334 2112 ut
3374 2073 3589 2129 supra;
3623 2060 3687 2112 et

402 2162 457 2215 in
492 2160 664 2216 titulo
696 2164 908 2215 sancta:
942 2161 1170 2216 Sabina:
1205 2166 1267 2216 ut
1296 2179 1510 2234 supra;
1545 2167 1604 2217 et
1632 2162 1691 2216 in
1723 2162 1989 2217 diaconia
2023 2161 2207 2217 sancti
2240 2158 2519 2215 Bonifacii
2573 2162 2638 2213 ut
2686 2173 2899 2229 supra;
2931 2159 2988 2211 et
3036 2155 3094 2210 in
3142 2153 3416 2211 diaconia
3462 2159 3682 2210 sancta

404 2258 621 2324 Marias,
655 2276 781 2330 quae
804 2262 1044 2313 vocatur
1072 2258 1389 2327 Cosmidin,
1423 2264 1489 2315 ut
1518 2277 1732 2332 supra;
1765 2266 1823 2317 et
1852 2259 1912 2315 in
1942 2258 2185 2315 basilica
2214 2262 2550 2315 sanctorum
2584 2258 2801 2314 Cosmae
2834 2259 2889 2311 et
2910 2253 3179 2310 Damiani
3202 2253 3341 2309 fecit
3363 2256 3585 2309 vestem
3609 2252 3686 2309 de

294 2356 365 2411 l5
402 2354 569 2410 hlatti
599 2356 903 2427 Byzanteo,
937 2371 1071 2410 cum
1103 2356 1415 2427 periclysin
1447 2357 1519 2411 de
1550 2356 1930 2429 chrysoclabo
1962 2362 2019 2413 et
2043 2355 2395 2429 margaritis.

472 2452 631 2508 τευ
659 2452 806 2507 Item
837 2451 897 2506 in
928 2451 1176 2507 ecclesia
1204 2452 1389 2508 sancti
1419 2452 1710 2509 Valentini
1740 2454 1874 2510 fecit
1900 2458 2121 2511 vestem
2150 2451 2592 2526 chrysoclabam
2623 2455 2680 2508 et
2710 2449 2886 2509 aliam
2914 2453 3137 2506 vestem
3169 2447 3303 2505 fecit
3332 2448 3406 2504 de
3436 2448 3685 2505 fundato

403 2548 883 2621 pulcherrimam.
918 2549 987 2603 Et
1016 2548 1076 2603 in
1107 2549 1374 2605 diaconia
1403 2555 1740 2606 sanctorum
1774 2550 1931 2608 Ferci
1964 2555 2021 2607 et
2049 2549 2308 2607 Achillasi
2339 2550 2475 2607 fecit
2501 2553 2720 2605 vestem
2747 2549 2819 2605 de
2867 2546 3121 2606 stauraci
3146 2564 3161 2614 ;
3195 2549 3254 2602 et
3299 2545 3361 2600 in
3411 2546 3688 2602 diaconia

399 2649 615 2703 sancta:
652 2646 746 2701 Dei
783 2645 1260 2718 Genetricis,quae
1290 2651 1532 2703 vocatur
1558 2646 1881 2717 Dominica,
1911 2649 2048 2704 fecit
2075 2652 2293 2704 vestem
2327 2648 2401 2704 de
2424 2645 2703 2705 stauraci.
2726 2645 2853 2720 Ipse
2873 2661 3007 2704 vero
3026 2642 3319 2702 almiflcus
3338 2644 3601 2716 pontifex
3621 2644 3685 2700 in

396 2742 718 2799 venerabili
754 2742 1108 2800 monasterio
1139 2744 1326 2800 sancti
1357 2745 1521 2801 Saba:
1554 2745 1689 2801 fecit
1718 2746 2029 2802 butronem
2061 2751 2403 2819 argenteum
2436 2761 2573 2801 cum
2593 2745 2851 2803 canistro
2874 2740 3442 2816 suapensanJibras
3467 2741 3692 2799 duode-

326 2841 364 2897 5
397 2839 553 2909 cim;
585 2844 643 2897 et
670 2844 891 2897 vestem
924 2841 995 2897 de
1026 2842 1278 2898 stauraci
1309 2859 1444 2899 cum
1475 2841 1849 2915 chrysoclavo
1898 2847 1956 2900 et
2004 2842 2361 2917 margaritis.
2400 2843 2544 2899 Item
2592 2846 2651 2898 et
2695 2842 2757 2897 in
2806 2844 3162 2901 monasterio
3207 2839 3399 2897 sancti
3448 2839 3687 2897 Erasmi

398 2937 537 2994 fecit
566 2942 787 2994 vestem
815 2938 887 2994 de
918 2940 1171 2995 stauraci
1205 2956 1340 2995 cum
1373 2956 1542 2996 cruce
1573 2944 1631 2996 et
1656 2924 1968 3013 gamadiis,
2000 2941 2178 2998 simul
2209 2944 2265 2997 et
2295 2939 2679 3014 paratrapetis
2709 2938 2853 3008 suis,
2888 2954 3027 2996 cum
3351 2936 3425 2994 de
3447 2936 3687 3010 chryso-

401 3035 585 3092 clavo.
619 3036 856 3095 Necnon
886 3040 943 3093 et
974 3036 1032 3093 in
1084 3038 1438 3094 monasterio
1487 3037 1631 3094 Clivi
1673 3038 1876 3094 Scauri
1906 3039 2044 3095 fecit
2073 3043 2292 3095 vestem
2324 3039 2393 3095 de
2425 3037 2680 3094 stauraci
2711 3053 2845 3093 cum
2877 3035 3149 3110 periclysi
3178 3036 3255 3093 de
3276 3034 3685 3111 chrysoclavo.

397 3132 615 3189 Verum
645 3134 824 3190 etiam
854 3138 912 3190 et
942 3134 1001 3189 in
1034 3134 1205 3191 titulo
1235 3134 1592 3192 Pammachii
1624 3136 1761 3192 fecit
1785 3140 1974 3193 vestes
2007 3136 2178 3207 duas,
2210 3152 2279 3191 ex
2305 3135 2521 3207 quibus
2559 3151 2740 3191 unam
2790 3135 2862 3190 dc
2912 3133 3166 3190 stauraci
3217 3150 3357 3190 cum
3408 3133 3688 3211 periclysi

404 3230 475 3286 de
503 3230 913 3304 chrysoclavo;
947 3235 1005 3287 et
1035 3231 1210 3287 aliam
1240 3236 1460 3288 vestem
1494 3232 1565 3289 de
1595 3232 1853 3289 imizino.
1888 3232 2246 3305 Saepedictus
2287 3250 2420 3289 vero
2469 3232 2715 3288 antistes
2759 3230 3171 3288 sanctissimus
3218 3230 3483 3289 ecclesia
3528 3232 3689 3289 beati

292 3329 362 3384 10
397 3328 639 3383 Andreae
670 3328 944 3401 apostoli,
976 3328 1100 3385 sitm
1126 3328 1187 3384 in
1219 3329 1514 3386 tricesimo
1543 3329 1635 3386 via
1664 3330 1854 3403 Appia
1882 3330 1943 3385 in
1973 3330 2163 3399 Silice,
2200 3335 2357 3387 sarta
2385 3334 2535 3386 tecta
2565 3330 2788 3387 noviter
2817 3329 3129 3397 renovavit,
3165 3345 3284 3384 una
3326 3346 3467 3385 cum
3494 3329 3690 3405 bapti-

396 3425 667 3493 sterio,et
699 3426 1053 3497 porticus.ln
1080 3442 1200 3498 qua
1228 3425 1486 3482 Ecclesia
1516 3427 1920 3501 presbyterum
1946 3427 2379 3496 constituit,ubi
2409 3432 2465 3483 et
2491 3427 2643 3483 dona
2663 3426 2877 3485 obtulit
2895 3431 3017 3483 tam
3038 3425 3098 3482 in
3119 3431 3360 3499 argento
3383 3441 3694 3499 quamque

402 3522 461 3576 in
492 3522 753 3577 vestibus
784 3527 841 3578 et
867 3521 1057 3577 libris.
1084 3523 1250 3578 Nona
1278 3540 1410 3579 vero
1441 3514 1780 3593 indictione,
1817 3524 2072 3597 peccatis
2102 3524 2318 3581 nostris
2348 3524 2817 3591 imminentibus,
2851 3524 3050 3580 subito
3088 3527 3461 3580 terraemotus
3491 3524 3687 3582 factus

403 3617 589 3691 pridie
621 3617 912 3674 Kalendas
944 3619 1101 3688 Maii,
1133 3624 1191 3675 et
1222 3620 1470 3677 ecclesia
1495 3621 1649 3677 beati
1684 3622 1845 3677 Pauli
1878 3622 2124 3694 apostoli
2157 3623 2229 3677 ab
2264 3622 2390 3694 ipso
2422 3625 2750 3678 terrmmotu
2786 3638 3092 3693 concussa,
3116 3621 3316 3677 omnia
3344 3625 3506 3678 sarta
3530 3626 3686 3678 tecta

402 3716 837 3783 ruerunt.Quod
869 3716 1237 3789 conspiciens
1269 3735 1522 3791 magnus
1552 3726 1611 3775 et
1638 3719 1951 3792 praeclarus
1982 3720 2238 3793 pontifex
2259 3720 2319 3774 in
2341 3736 2616 3792 magnam
2637 3720 2876 3775 veniens
2896 3718 3681 3787 tribulationem,lamentari

290 3813 362 3870 45
398 3812 573 3886 caapit
601 3817 724 3869 tam
752 3831 856 3887 pro
888 3831 1391 3889 argen.quamque
1421 3834 1525 3890 pro
1555 3818 1779 3874 caeteris
1808 3817 2114 3890 speciebus
2142 3835 2268 3890 quis
2300 3817 2517 3873 ibidem
2539 3816 2829 3873 demolitaa
2852 3820 2911 3873 et
2934 3818 3240 3873 confracta:
3264 3817 3549 3873 sunt.Sed
3573 3817 3688 3874 Do-

398 3910 561 3967 mino
591 3916 907 3980 annuente,
940 3917 997 3969 et
1027 3913 1196 3970 beato
1228 3895 1491 3987 principe
1520 3914 1919 3987 apostolorum
1949 3915 2590 3989 protegente,prchatus
2619 3915 2880 3987 pontifex
2909 3919 2966 3971 et
2994 3915 3133 3971 totis
3153 3914 3389 3972 nisibus
3411 3914 3539 3972 suis
3557 3932 3677 3972 cer-

396 4012 593 4065 tamen
626 4026 849 4082 ponens
880 4010 1069 4067 instar
1097 4011 1253 4068 sicut
1283 4012 1612 4085 antiquitus
1643 4013 1930 4069 existebat
1959 4012 2176 4086 ampla,
2210 4017 2269 4069 et
2295 4013 2551 4069 maxima
2599 4012 2939 4069 fortitudine
2985 4029 3209 4085 ponens
3257 4012 3319 4068 in
3370 4013 3677 4070 meliorem

398 4106 637 4162 deduxit
667 4112 928 4177 statum;
963 4108 1109 4165 etin
1143 4109 1370 4166 meliori
1410 4111 1603 4183 specie
1650 4128 1780 4167 eam
1824 4111 2219 4167 marmoribus
2270 4111 2582 4179 decoravit,
2615 4114 2855 4183 tamque
2901 4109 3333 4183 presbyterium
3381 4126 3683 4184 quamque

394 4208 581 4260 totam
612 4205 918 4263 ecclesiam
950 4208 1347 4277 marmoravit,
1381 4212 1440 4264 et
1469 4209 1599 4281 ejus
1630 4209 1889 4281 porticus
1921 4208 2234 4265 renovavit.

470 4302 620 4358 ³81
656 4303 965 4378 Simulque
995 4308 1053 4362 et
1081 4305 1140 4361 in
1174 4322 1318 4362 nave
1349 4322 1477 4379 quae
1508 4310 1598 4363 est
1616 4323 1795 4379 super
1822 4306 2006 4363 altare
2037 4311 2198 4363 sarta
2224 4310 2381 4363 tecta
2409 4306 2607 4363 omnia
2637 4306 2861 4363 noviter
2889 4306 3259 4373 restauravit,
3291 4309 3353 4363 et
3381 4310 3503 4364 tres
3532 4306 3683 4364 ima-

393 4398 560 4472 gines
590 4417 796 4458 aureas
825 4402 1045 4459 ibidem
1075 4403 1541 4473 obtulit,scilicet
1568 4404 1885 4462 Salvatoris
1918 4404 2149 4461 Domini
2184 4403 2370 4461 nostri
2398 4404 2539 4461 Jesu
2568 4403 2805 4473 Christi,
2830 4406 3134 4461 beatorum
3164 4402 3504 4478 principum
3536 4420 3678 4478 apo-

397 4495 680 4553 stolorum
713 4498 865 4556 Petri
897 4516 963 4556 ac
995 4500 1180 4558 Pauli.
1216 4502 1327 4558 Sed
1360 4505 1417 4558 et
1446 4501 1621 4559 aliam
1665 4502 1984 4576 imaginem
2028 4507 2364 4576 argenteam
2414 4500 2728 4558 Salvatoris
2777 4502 3120 4558 deauratam
3170 4518 3350 4574 super
3396 4506 3593 4575 postes
3618 4502 3681 4559 in

398 4592 640 4650 introitu
671 4596 887 4668 posuit,
924 4614 1088 4670 pens.
1121 4598 1303 4655 libras
1333 4600 1653 4674 sexaginta.
1681 4600 1788 4657 Sed
1822 4604 1880 4657 et
1899 4617 2072 4657 omne
2094 4603 2437 4674 argenteum
2460 4598 2862 4672 ibidem,quod
2884 4602 3346 4671 conquassatum
3370 4598 3684 4667 fuerat,no-

322 4690 361 4745 5
394 4690 545 4746 viter
575 4694 1188 4753 restauravit.Necnon
1222 4699 1280 4751 et
1308 4697 1592 4755 fenestras
1621 4698 1810 4771 ipsius
1827 4698 2084 4754 ecclesiae
2103 4698 2262 4753 mirae
2281 4696 2742 4770 pulchritudinis
2759 4714 2826 4753 ex
2844 4696 3082 4753 metallo
3101 4695 3344 4770 cypsino
3363 4697 3679 4754 decoravit.

404 4788 534 4860 Ipse
562 4804 698 4845 vero
728 4792 1007 4863 praefatus
1036 4791 1298 4863 pontifex
1322 4791 1451 4849 fecit
1473 4794 1533 4851 in
1556 4795 1802 4852 basilica
1822 4795 2292 4868 Salvatoris,quaa
2315 4798 2555 4851 vocatur
2573 4794 3266 4867 Constantiniana,super
3285 4792 3475 4851 altare
3492 4798 3682 4852 vestes

304 4902 313 4913 ν
396 4885 640 4952 duas,ex
674 4889 894 4958 quibus
924 4904 1105 4942 unam
1136 4905 1271 4943 cum
1302 4889 1675 4964 chrysoclavo
1707 4898 1765 4950 et
1794 4893 2387 4967 gemmis,habentem
2418 4893 2728 4949 historiam
2759 4892 3074 4949 Salvatoris
3095 4892 3452 4949 introeuntis
3473 4892 3533 4948 in
3554 4909 3686 4950 san-

396 4985 553 5037 ctam
585 4982 964 5049 civitatem,et
992 4982 1168 5039 aliam
1191 4984 1625 5059 chrysoclavam
1656 5009 1791 5047 cum
1813 4992 2064 5064 gemmis
2081 4990 2869 5064 pretiosissimis,habentem
2883 4990 3192 5046 historiam
3213 4989 3683 5048 Resurrectionis

395 5076 807 5133 DominicaaEt
839 5078 897 5132 in
927 5078 1175 5135 circuitu
1203 5082 1405 5142 altaris
1432 5085 1562 5143 vela
1592 5089 1772 5145 rubeo
1805 5088 1991 5146 serica
2020 5092 2359 5162 quatuor,et
2386 5087 2520 5143 alba
2548 5091 2818 5160 quatuor,
2853 5105 2987 5145 cum
3019 5087 3435 5161 chrysoclavo;
3468 5091 3528 5144 et
3555 5092 3676 5145 tres

290 5172 362 5227 40
398 5179 535 5231 ante
565 5173 874 5245 imagines,
907 5191 1042 5231 cum
1073 5176 1227 5247 lista,
1260 5185 1318 5238 et
1348 5183 1494 5241 alias
1520 5184 1683 5241 albas
1714 5187 1930 5243 sericas
1960 5204 2204 5243 numero
2236 5190 2462 5259 septem
2493 5190 2549 5241 et
2570 5184 2831 5259 triginta.
2846 5187 2917 5242 Et
2936 5186 2996 5241 in
3019 5185 3203 5242 altare
3225 5185 3386 5242 beati
3407 5184 3684 5243 Venantii

399 5270 782 5340 fecityestem
813 5271 884 5327 de
915 5271 1155 5332 fundato
1186 5294 1322 5335 cum
1352 5280 1493 5337 velis
1526 5281 1793 5352 duobus;
1827 5288 1884 5340 et
1913 5285 1973 5340 in
2004 5283 2273 5341 oratoriis
2322 5286 2659 5340 sanctorum
2704 5283 2949 5339 Joannis
2998 5282 3275 5357 Baptista
3323 5287 3385 5340 et
3430 5282 3679 5341 Joannis

397 5361 766 5435 evangelista;
800 5366 935 5424 fecit
962 5376 1148 5431 vestes
1179 5375 1328 5433 duas
1359 5378 1429 5434 de
1458 5381 1714 5435 stauraci
1746 5397 1881 5436 cum
1913 5380 2305 5451 chrysoclavo,
2340 5384 2398 5437 et
2424 5379 2553 5437 vela
2580 5381 2718 5437 duo.

471 5458 632 5516 882
664 5459 853 5522 Isdem
885 5483 1016 5525 vero
1046 5470 1319 5544 praelatus
1352 5475 1611 5547 pontifex
1641 5493 1817 5549 super
1846 5477 2028 5534 altare
2056 5478 2209 5534 beati
2242 5477 2394 5533 Petri
2427 5477 2675 5551 apostoli
2705 5477 2841 5534 fecit
2863 5480 3083 5534 vestem
3116 5494 3255 5535 cum
3286 5477 3407 5535 vite
3438 5494 3507 5535 ex
3537 5495 3679 5537 auro

398 5552 744 5629 purissimo,
777 5577 911 5620 cum
941 5570 1191 5639 gemmis
1218 5570 1665 5643 pretiosissimis
1696 5579 1755 5630 et
1778 5575 2134 5648 margaritis,
2148 5575 2462 5632 habentem
2486 5574 2546 5630 in
2569 5574 2760 5631 medio
2781 5574 3011 5631 vultum
3037 5573 3364 5633 Salvatoris
3383 5579 3444 5634 et
3469 5579 3683 5633 sancta

400 5651 505 5709 Dei
536 5651 845 5718 Genitricis
875 5662 1068 5722 Maria:
1100 5671 1158 5724 et
1186 5668 1499 5724 duodecim
1530 5671 1948 5742 apostolorum,
1983 5673 2084 5729 ubi
2115 5677 2172 5729 et
2213 5672 2376 5729 misit
2422 5673 2549 5729 auri
2597 5672 2777 5730 libras
2822 5672 3032 5747 viginti
3081 5672 3373 5747 quinque.
3406 5674 3479 5731 Et
3506 5672 3687 5734 aliam

403 5752 630 5807 vestem
661 5751 1111 5833 chrysoclavam,
1142 5764 1458 5822 habentem
1492 5765 1797 5824 historiam
1826 5768 2053 5825 letaniae
2084 5769 2347 5842 majoris.
2380 5770 2493 5828 Sed
2523 5774 2579 5827 et
2608 5769 2783 5828 aliam
2813 5774 3057 5842 vestem,
3090 5759 3416 5830 habentem
3446 5769 3683 5831 tabulas

324 5840 363 5899 5
398 5846 805 5927 chrysoclavas
835 5858 1037 5929 tres,et
1063 5859 1373 5922 historiam
1398 5860 1714 5923 Dominicis
1742 5840 2351 5945 passionis,legentem
2385 5884 2400 5928 :
2430 5869 2541 5930 Hoc
2566 5876 2643 5931 est
2670 5884 2865 5945 eomas
2891 5840 3097 5944 meum,
3108 5869 3254 5948 quod
3270 5885 3378 5950 pro
3397 5869 3554 5934 vobis
3569 5877 3687 5931 tar-
