3934 6202
348 171 504 231 1227
1497 178 1901 240 ANASTASII

2205 180 2603 242 ITHECABII.
3602 188 3758 248 1228

489 309 628 361 tres.
656 305 843 363 Simili
879 309 1051 364 modo
1081 313 1138 365 et
1167 326 1343 382 super
1370 310 1550 367 altare
1580 315 1793 368 sanctae
1826 312 1924 368 Dei
1958 313 2407 379 Genitricis,ubi
2440 331 2639 386 supra,
2656 331 2783 386 qua:
2815 314 3146 388 appellatur
3175 316 3466 388 Mediana,
3487 317 3631 375 fecit
3657 336 3758 377 ve-

488 406 638 459 stem
669 405 740 460 de
770 406 1014 463 fundato
1044 424 1177 462 cum
1197 408 1462 481 periclysi
1478 410 1546 464 de
1564 410 1631 464 ch
1642 409 2278 482 rysoelavo,habentem
2296 411 2598 467 historiam
2612 413 3092 470 Annuntiationis
3123 414 3545 472 Domini.Fecit
3559 417 3756 471 autem

490 500 676 558 isdem
706 503 1086 561 beatissimus
1115 504 1371 576 pontifex
1401 507 1460 561 in
1494 506 1736 563 basilica
1766 508 2021 564 doctoris
2054 509 2257 564 mundi
2289 508 2441 565 beati
2475 509 2640 564 Pauli
2670 510 3221 582 apostolicanistros
3242 530 3312 568 ex
3333 516 3574 586 argento
3586 530 3755 586 puro,

492 616 736 656 numero
767 602 1157 675 quadraginta
1189 607 1433 675 septem,
1466 622 1707 675 pensan.
1743 605 1918 661 simul
1948 605 2128 662 libras
2159 607 2440 662 ducentas
2472 607 2864 680 quadraginta
2892 612 2949 664 et
2969 611 3295 682 septem.Et
3322 610 3383 665 in
3399 610 3760 666 monasterio

385 698 454 752 15
492 703 707 754 sanctae
736 699 971 772 Agathe:
1004 700 1275 774 martyris
1305 719 1481 773 super
1509 702 1832 759 Saburram
1868 703 2229 760 fecitvestem
2243 705 2484 760 rubeam
2499 704 3162 777 alithynam,babentem
3192 707 3254 762 in
3277 708 3469 765 medio
3492 706 3755 764 tabulam

487 796 559 851 de
589 796 960 869 chrysoclavo
991 814 1124 853 cum
1156 798 1423 871 periclysi
1455 800 1525 855 de
1551 799 2183 872 clirysoclavo.Necnon
2215 806 2272 857 et
2302 801 2360 856 in
2393 804 2747 860 monasterio
2780 804 2966 859 sancti
2996 804 3426 873 Pancratii,sito
3442 810 3580 878 post
3600 805 3762 863 basi-

487 892 663 951 licam
694 894 1212 967 Salvatoris,quam
1242 896 1788 953 Constantinianam
1819 899 2191 970 voeant,fecit
2218 906 2437 956 vestem
2469 901 2539 957 de
2561 901 2935 959 fundato.Hic
2949 903 3085 959 fecit
3106 904 3275 959 beato
3299 887 3465 959 Petro
3488 903 3759 976 apostolo

487 992 699 1048 fautori
730 1009 837 1049 suo
868 993 1178 1067 Evangelia
1205 1011 1383 1050 aurea
1415 1011 1547 1050 cum
1580 996 1830 1068 gemmis
1861 998 2113 1068 prasinis
2143 1002 2319 1070 atque
2348 998 2743 1072 hyacinthinis
2777 1003 2834 1055 et
2862 999 3012 1056 albis
3043 1000 3205 1056 mirae
3232 1001 3664 1075 magnitudinis
3695 1002 3756 1058 in

487 1090 732 1147 circuitu
763 1095 989 1160 ornata,
1020 1108 1263 1164 pensan.
1296 1092 1477 1149 libras
1508 1094 1707 1150 decem
1738 1099 1795 1150 et
1821 1100 2042 1167 septem
2074 1100 2133 1152 et
2159 1096 2360 1153 uncias
2392 1101 2663 1169 quatuor.
2685 1098 2787 1154 Hic
2819 1097 2953 1154 fecit
2976 1097 3225 1155 calicem
3257 1116 3501 1156 aureum
3553 1100 3757 1172 praeci-

375 1189 448 1244 20
485 1204 692 1260 puum,
724 1189 970 1246 diversis
1000 1194 1269 1246 ornatum
1303 1190 1598 1263 lapidibus
1630 1192 1922 1264 pretiosis,
1956 1210 2200 1264 pensan.
2235 1194 2413 1249 libras
2443 1195 2649 1267 viginti
2680 1200 2845 1265 octo;
2896 1195 3169 1252 similiter
3215 1200 3274 1253 et
3321 1201 3598 1269 patenam
3649 1214 3757 1254 au-

484 1304 667 1355 ream,
699 1305 942 1361 pensan.
977 1288 1158 1345 libras
1188 1288 1388 1361 viginti
1416 1294 1545 1345 octo
1576 1295 1634 1345 et
1665 1291 1867 1346 uncias
1898 1309 2124 1346 novem.

554 1388 711 1444 894
740 1386 869 1443 Pari
900 1387 1072 1443 modo
1098 1385 1158 1442 in
1191 1386 1434 1443 basilica
1464 1387 1650 1460 ipsius
1682 1388 1928 1461 apostoli
1960 1390 2095 1445 fecit
2133 1390 2426 1447 Cherubin
2475 1410 2543 1447 ex
2588 1397 2825 1466 argento
2874 1392 3192 1464 purissimo
3236 1393 3551 1449 deauratos
3603 1408 3754 1465 qua-

480 1488 634 1551 tuor,
666 1485 764 1556 qui
798 1488 958 1541 stant
988 1502 1165 1557 super
1193 1485 1385 1558 capita
1414 1485 1819 1542 columnarum
1851 1492 2259 1559 argentearum
2293 1490 2403 1545 sub
2434 1488 2673 1557 eiborio,
2694 1488 3135 1562 pensan.libras
3164 1489 3489 1562 nonaginta
3516 1493 3578 1546 et
3607 1493 3753 1546 tres.

483 1581 639 1638 Fecit
666 1598 897 1654 quoque
928 1583 1113 1638 isdem
1146 1583 1475 1655 prmeipuus
1507 1583 1737 1656 praesul,
1772 1584 1872 1639 ubi
1904 1602 2102 1657 supra,
2136 1584 2453 1658 imaginem
2485 1586 2801 1645 Salvatoris
2833 1603 3095 1655 auream,
3126 1604 3255 1659 quae
3303 1591 3423 1642 stat
3470 1586 3531 1642 in
3585 1586 3752 1643 trabe

476 1696 656 1752 super
683 1680 1014 1753 ingressum
1039 1681 1334 1748 vestibuli,
1370 1682 1721 1753 pens.libras
1751 1683 2124 1756 septuaginta
2153 1688 2208 1739 et
2239 1702 2465 1741 novem.
2486 1685 2641 1741 Fecit
2671 1689 2866 1742 autem
2898 1685 2956 1740 in
2987 1685 3233 1742 basilica
3261 1684 3519 1741 doctoris
3536 1684 3747 1740 mundi

360 1820 375 1827 -
404 1778 441 1832 5
480 1779 630 1834 beati
666 1777 826 1835 Pauli
861 1777 1107 1851 apostoli
1138 1777 1376 1852 angelos
1404 1796 1472 1835 ex
1503 1785 1743 1852 argento
1774 1780 2091 1851 purissimo
2121 1782 2430 1839 deauratos
2462 1783 2630 1851 duos,
2667 1783 2767 1855 qui
2800 1787 2959 1839 stant
2979 1783 3153 1854 juxta
3182 1780 3503 1855 imaginem
3549 1780 3747 1838 Salva-

475 1876 620 1936 toris
650 1877 710 1933 in
740 1876 1010 1950 ingressu
1041 1876 1333 1944 vestibuli,
1365 1894 1608 1950 pensan.
1636 1877 1818 1934 libras
1849 1883 2083 1934 centum
2114 1883 2173 1935 et
2204 1879 2404 1936 semis.
2433 1879 2648 1936 Verum
2678 1880 2854 1936 etiam
2895 1885 2954 1936 et
3003 1878 3436 1954 polycandilum
3491 1878 3744 1953 porphy-

475 1975 1101 2048 reticum,pendentem
1133 1975 1191 2031 in
1225 1975 1468 2049 pergula
1498 1980 1632 2032 ante
1658 1976 2086 2033 confessionem
2117 1977 2177 2032 in
2210 1977 2494 2035 catenulis
2526 1978 2873 2050 aureis,qua:
2888 1978 3269 2051 pens.libram
3291 1978 3745 2033 unam.Pr:eser-

476 2072 582 2129 tim
614 2078 670 2129 et
698 2073 757 2130 in
789 2074 1057 2148 ingressu
1091 2073 1366 2143 basilicae,
1400 2074 1498 2130 ubi
1533 2092 1732 2146 supra,
1761 2076 1950 2147 regias
1983 2077 2238 2146 majores
2270 2076 2404 2132 fecit
2432 2076 2720 2150 imagines
2749 2093 2817 2132 ex
2846 2080 3088 2149 argento
3118 2075 3399 2148 quinque,
3432 2079 3749 2148 pensantes

469 2170 615 2227 inibi
642 2170 820 2229 libra:
856 2172 1139 2227 ducentas
1168 2170 1371 2243 viginti
1403 2175 1459 2227 et
1485 2188 1710 2227 novem.
1744 2173 2071 2240 Enimvero,
2107 2173 2206 2228 ubi
2242 2191 2443 2246 supra,
2478 2174 2615 2229 fecit
2647 2190 3017 2246 aquamanus
3046 2173 3368 2245 antipemto
3409 2173 3746 2242 deauratas,

363 2270 431 2325 10
470 2268 634 2341 paria
663 2269 799 2337 duo,
835 2285 1075 2341 pensan.
1109 2267 1287 2324 simul
1317 2266 1499 2324 libras
1530 2270 1995 2340 quatuordecim.
2023 2270 2180 2326 Fecit
2207 2276 2407 2327 autem
2441 2272 2625 2328 isdem
2659 2287 2956 2344 praesagus
2985 2269 3250 2337 antistes,
3284 2270 3385 2326 ubi
3417 2287 3620 2342 supra,
3654 2288 3749 2328 ee-

470 2370 722 2423 rostatas
753 2367 1006 2437 majores
1034 2365 1338 2421 versatiles
1368 2366 1728 2438 anaglyphos
1759 2385 1825 2423 ex
1856 2374 2096 2441 argento
2130 2369 2905 2441 purissimo,pensan.simul
2936 2369 3118 2426 libras
3141 2368 3482 2443 octuaginta
3499 2371 3557 2424 et
3571 2383 3671 2424 sex
3686 2371 3747 2423 et

470 2464 676 2520 uncias
701 2468 866 2533 octo;
902 2468 1074 2536 atque
1114 2463 1384 2520 lucernas
1429 2466 1684 2536 majoras
1732 2466 1934 2522 fusiles
1983 2467 2249 2539 bymixas
2300 2468 2467 2535 duas,
2505 2485 2747 2540 pensan.
2780 2467 2926 2524 inibi
2974 2466 3158 2524 libras
3200 2465 3638 2539 quinquaginta
3689 2469 3749 2521 et

474 2564 700 2633 septem
726 2578 740 2628 ;
772 2564 830 2616 et
858 2560 1166 2616 constituit
1194 2561 1322 2630 ejus
1353 2561 1651 2616 beatitudo
1675 2566 1740 2616 ut
1767 2563 2123 2634 quotidianis
2151 2564 2421 2619 noctibus
2451 2569 2585 2619 ante
2624 2563 2804 2620 altare
2852 2563 3040 2636 ipsius
3086 2561 3335 2636 apostoli
3383 2562 3591 2618 ardere
3640 2562 3747 2617 de-

468 2660 664 2716 beant.
698 2658 822 2727 Hic,
855 2658 1054 2715 divina
1082 2657 1375 2731 aspiratus
1406 2658 1615 2732 gratia,
1648 2659 1942 2717 investivit
1966 2661 2194 2717 trabem
2227 2663 2530 2734 majorem,
2565 2680 2691 2735 quae
2722 2666 2811 2718 est
2842 2662 2951 2718 sub
2996 2679 3136 2719 arcu
3184 2659 3498 2735 principali
3538 2677 3611 2717 ex
3639 2676 3734 2716 ar-

368 2759 436 2815 15
471 2761 645 2832 gento
676 2757 1092 2822 mundissimo,
1128 2763 1472 2829 pensantem
1502 2757 1683 2813 libras
1708 2757 1868 2813 mille
1899 2763 2188 2815 trecentas
2219 2761 2650 2834 quinquaginta
2678 2764 2735 2816 et
2764 2761 2931 2816 duas.

541 2854 694 2913 895
729 2854 883 2911 Fecit
910 2859 1106 2911 autem
1139 2854 1233 2910 hic
1261 2854 1574 2927 praeclarus
1605 2856 1885 2928 pontifex,
1921 2857 2019 2912 ubi
2051 2874 2249 2929 supra,
2284 2858 2344 2913 in
2374 2856 2544 2913 altari
2593 2857 2804 2929 majori
2833 2862 3052 2914 vestem
3083 2856 3525 2930 chrysoclavam
3569 2855 3737 2912 mira

465 2953 891 3028 magnitudinis
919 2958 978 3010 et
1007 2952 1465 3026 pulehritudinis
1495 2954 2166 3023 decoratam,habentem
2197 2954 2500 3011 historiam
2530 2954 2847 3012 Salvatoris
2875 2955 3108 3012 Domini
3139 2954 3325 3012 nostri
3349 2954 3493 3011 Jesu
3516 2953 3741 3010 Christi

466 3055 798 3125 sanctisque
827 3052 955 3123 ejus
988 3051 1297 3108 Genitricis
1326 3055 1383 3108 et
1415 3051 1727 3108 duodecim
1777 3052 2196 3125 apostolorum,
2228 3069 2364 3109 cum
2413 3051 2683 3126 periclysi
2733 3053 2805 3110 de
2855 3052 3248 3127 chrysoclavo,
3283 3052 3551 3125 undique
3600 3068 3741 3108 cum

466 3150 801 3223 margaritis
830 3154 1116 3218 ornatam,
1151 3154 1209 3205 et
1239 3150 1310 3205 ab
1345 3150 1609 3222 utrisque
1638 3149 1922 3206 lateribus
1953 3150 2204 3207 blatthin
2237 3167 2371 3207 cum
2402 3150 2775 3223 chrysoclavo
2806 3151 3160 3219 decoratam,
3181 3167 3310 3223 qua:
3342 3149 3403 3205 in
3433 3149 3743 3206 natalibus

391 3250 429 3306 5
465 3247 862 3322 apostolorum
893 3248 1081 3304 isdem
1112 3246 1381 3319 egregius
1412 3247 1623 3320 praesul
1656 3247 1873 3304 ibidem
1901 3248 2035 3320 poni
2068 3248 2394 3305 constituit.
2431 3249 2585 3305 Fecit
2616 3253 2811 3305 autem
2843 3248 2922 3305 ibi
2952 3265 3131 3322 super
3160 3264 3392 3304 crucem
3445 3248 3740 3319 majorem

463 3363 533 3403 ex
562 3362 704 3402 auro
730 3345 883 3402 fulvo
914 3344 1092 3401 nimis
1123 3344 1546 3417 panoclystam,
1569 3349 1838 3401 ornatam
1870 3345 2121 3418 gemmis
2151 3345 2441 3418 pretiosis,
2456 3362 2616 3418 pens.
2645 3345 2827 3403 libras
2856 3346 3249 3419 quadraginta
3271 3346 3422 3402 duas
3452 3349 3512 3400 et
3526 3344 3742 3401 uncias

463 3445 631 3502 duas.
649 3445 885 3501 Necnon
915 3447 972 3499 et
998 3445 1285 3498 cerostata
1314 3441 1476 3513 paria
1506 3445 1778 3513 quatuor,
1812 3442 2083 3500 investita
2112 3461 2181 3500 ex
2209 3449 2451 3518 argento
2475 3442 3342 3516 deaurato,pens.simullibras
3355 3442 3759 3516 septuaginta-

461 3548 520 3600 et
548 3545 794 3614 septem.
830 3541 987 3597 Fecit
1014 3544 1213 3596 autem
1244 3538 1590 3595 venerabilis
1619 3544 1677 3595 et
1704 3539 2017 3611 praeclarus
2068 3541 2328 3614 pontifex
2374 3556 2555 3614 super
2602 3540 2784 3597 altare
2831 3542 3011 3597 beatae
3061 3540 3388 3597 Petronillze
3437 3540 3735 3596 ciborium

461 3657 598 3698 cum
628 3638 919 3696 columnis
948 3637 1369 3711 porphyreticis
1396 3653 1464 3692 ex
1481 3641 1717 3710 argento
1735 3638 2239 3710 purissimo,mire
2257 3638 2686 3713 magnitudinis
2697 3637 3422 3711 decoratum,pens.libras
3437 3641 3735 3695 trecentas

355 3740 423 3795 10
460 3737 851 3811 quadraginta
880 3742 937 3793 et
965 3742 1113 3805 octo,
1142 3740 1315 3809 atque
1346 3734 1661 3807 imaginem
1689 3739 2024 3807 argenteam
2055 3738 2306 3792 stantem
2339 3737 2448 3792 sub
2479 3753 2617 3792 areu
2648 3736 2719 3792 de
2749 3736 2876 3808 ipso
2904 3734 3509 3808 eiborio,penstlibras
3525 3735 3731 3791 decem

458 3839 516 3892 et
543 3835 743 3892 semis.
780 3835 907 3907 Ipse
935 3851 1068 3890 vero
1099 3851 1133 3889 a
1161 3834 1278 3890 Deo
1309 3835 1605 3905 protectus
1636 3836 1692 3887 et
1722 3832 2036 3904 praeclarus
2068 3833 2325 3905 pontifex
2354 3832 2489 3889 fecit
2518 3833 2576 3887 in
2609 3832 2854 3890 basilica
2882 3832 3138 3889 doctoris
3154 3832 3361 3887 mundi
3386 3831 3542 3888 beati
3562 3831 3730 3887 Pauli

459 3931 708 4007 apostoli
740 3949 918 4005 super
946 3930 1128 3988 altare
1158 3933 1353 4005 majus
1382 3935 1601 3986 vestem
1649 3929 2106 4002 cbrysoclavam,
2141 3930 2454 3987 habentem
2503 3930 2814 3987 historiam
2862 3929 3180 3987 Dominicis
3228 3928 3727 3999 Resurrectionis,

454 4049 589 4090 cum
622 4031 961 4105 margaritis
991 4033 1278 4097 ornatam,
1312 4033 1371 4085 et
1400 4027 1713 4101 perielysin
1762 4028 1833 4083 de
1878 4027 2272 4100 chrysoclavo.
2305 4027 2589 4084 Similiter
2635 4045 2705 4084 ex
2753 4027 3085 4101 margaritis
3139 4031 3379 4083 ornatas
3434 4026 3728 4100 imagines

454 4127 858 4204 apostolorum
892 4129 1039 4184 duas
1071 4144 1140 4184 ex
1168 4130 1411 4200 argento
1444 4125 1775 4191 deauratas,
1808 4141 2051 4197 pensan.
2084 4124 2265 4181 libras
2296 4124 2632 4198 octuaginta
2660 4128 2718 4182 et
2747 4142 2865 4181 sex.

525 4228 681 4285 396
713 4226 818 4283 Hic
847 4243 979 4283 vero
1010 4223 1599 4282 misericordissimus
1625 4223 1886 4296 pontifex
1916 4222 2050 4279 fecit
2080 4223 2138 4278 in
2170 4223 2414 4279 basilica
2443 4228 2656 4280 sanctae
2691 4222 2785 4279 Dei
2817 4222 3131 4279 Genitricis
3151 4222 3223 4278 ad
3257 4222 3519 4295 Prazsepe
3547 4238 3730 4295 super

453 4326 637 4383 altare
663 4329 882 4382 vestem
912 4324 1370 4399 chrysoelavam,
1402 4322 1715 4378 habentem
1746 4320 2049 4377 historiam
2100 4319 2415 4376 Dominicae
2465 4319 2930 4377 Resurrectionis
2977 4320 3138 4375 mirae
3187 4319 3616 4393 magnitudinis
3665 4323 3727 4376 et

446 4423 906 4499 pulchritudinis
935 4423 1287 4490 decoratam,
1321 4437 1457 4477 eum
1486 4418 1757 4493 perielysi
1780 4420 1853 4475 de
1883 4418 2277 4492 chrysoclavo,
2309 4418 2568 4491 undique
2599 4435 2667 4474 ex
2696 4416 3033 4492 margaritis
3065 4422 3351 4474 ornatam.
3391 4417 3465 4493 Et
3494 4417 3555 4472 in
3583 4416 3727 4473 titu-

448 4524 505 4581 lo
536 4526 750 4580 sanctze
782 4522 883 4579 Dei
909 4521 1241 4587 Genitricis,
1274 4537 1402 4592 quae
1433 4517 1762 4591 appellatur
1790 4516 2017 4585 Calixti,
2053 4516 2187 4572 fecit
2216 4533 2458 4589 regnum
2492 4533 2562 4572 ex
2589 4533 2730 4573 auro
2761 4515 3103 4589 purissimo,
3139 4515 3405 4587 pendens
3435 4532 3613 4587 super
3633 4513 3721 4570 al-

370 4625 409 4680 5
444 4627 569 4680 tare
599 4622 890 4693 majus,ex
919 4619 1169 4694 gemmis
1200 4616 1473 4691 pretiosis
1502 4620 1799 4685 ornatum,
1829 4632 1994 4688 pens.
2024 4614 2235 4671 libram
2269 4615 2663 4686 unam.Atque
2693 4613 2752 4668 in
2779 4613 3049 4669 diaconia
3068 4612 3257 4687 ipsius
3282 4611 3383 4669 Dei
3400 4610 3719 4669 Genitricis

443 4737 573 4794 quae
606 4717 935 4792 appellatur
959 4715 1283 4784 Dominica,
1319 4714 1454 4770 fecit
1484 4730 1731 4787 regnum
1763 4730 1833 4770 ex
1862 4729 2003 4769 auro
2035 4711 2425 4767 mundissimo
2456 4712 2716 4783 pendens
2739 4726 2916 4783 super
2945 4709 3126 4766 altare
3156 4710 3353 4782 majus
3373 4727 3444 4765 ex
3460 4708 3718 4783 gemmis

442 4816 715 4892 pretiosis
746 4820 1033 4881 ornatam,
1066 4828 1312 4885 pensan.
1347 4810 1528 4868 libras
1558 4812 1725 4867 duas.
1760 4811 1862 4867 llic
1892 4809 2270 4867 beatissimus
2315 4807 2551 4882 praesul,
2586 4807 2785 4864 divina
2830 4806 3212 4881 inspiratione
3261 4805 3543 4879 repletus,
3576 4806 3720 4863 fecit

436 4915 497 4972 in
530 4913 776 4971 basilica
800 4913 903 4969 Dei
933 4909 1245 4968 Genitricis
1276 4910 1348 4964 ad
1382 4910 1637 4982 Praesepe
1667 4909 1727 4965 in
1757 4909 2028 4982 ingressu
2059 4906 2322 4980 prmsepii
2354 4905 2544 4979 regias
2575 4905 2787 4962 vestias
2820 4923 2889 4961 ex
2919 4908 3158 4978 argento
3182 4903 3713 4977 purissimo,pens.

414 5011 615 5071 simul
646 5010 826 5066 libras
856 5013 1092 5065 centum
1123 5006 1326 5078 viginti
1358 5010 1414 5062 et
1444 5010 1687 5079 septem,
1720 5010 1778 5063 et
1807 5023 1986 5079 super
2013 5006 2172 5077 ipsas
2203 5004 2392 5078 regias
2413 5002 2605 5060 velum
2638 5004 2936 5060 modicum
2972 5001 3626 5069 fundatum,habentem
3650 4999 3715 5055 in

332 5111 400 5168 10
436 5108 688 5170 circuitu
717 5105 916 5161 listam
947 5105 1017 5161 de
1046 5103 1437 5173 chrysoclavo.
1472 5104 1705 5160 Necnon
1736 5108 1793 5160 et
1822 5103 1937 5159 alia
1963 5102 2091 5159 vela
2119 5102 2269 5176 tyria
2293 5119 2470 5175 super
2499 5102 2688 5175 regias
2720 5102 2972 5174 majores
3001 5099 3115 5156 tria
3144 5099 3206 5154 in
3237 5098 3512 5171 ingressu
3543 5097 3715 5155 basi-

434 5209 560 5266 licaa
592 5220 727 5262 cum
758 5201 1027 5276 periclysi
1058 5202 1128 5258 de
1160 5202 1420 5258 fundato.

506 5305 656 5366 97
696 5300 852 5357 Fecit
885 5305 1077 5357 autem
1112 5300 1298 5357 isdem
1331 5300 1601 5373 egregius
1634 5298 1845 5372 praesul
1877 5300 1936 5354 in
1967 5297 2210 5355 basilica
2240 5298 2392 5354 beati
2424 5297 2577 5354 Petri
2607 5295 2855 5369 apostoli
2887 5294 3097 5352 calices
3118 5294 3373 5366 majores
3386 5294 3712 5364 exargento

431 5397 848 5465 mundissimo,
880 5398 981 5472 qui
1011 5398 1215 5455 sedent
1245 5414 1422 5471 super
1452 5397 1645 5452 trabes
1676 5400 1898 5471 argent.
1933 5413 2175 5452 numero
2207 5396 2407 5452 decem
2438 5399 2497 5451 et
2539 5399 2688 5464 octo,
2723 5410 2964 5466 pensan.
3001 5391 3181 5449 simul
3228 5390 3417 5447 libras
3469 5393 3709 5447 centum

429 5497 769 5574 octuaginta
799 5497 966 5555 duas.
994 5497 1251 5564 Necnon,
1286 5494 1386 5552 ubi
1418 5512 1618 5567 supra,
1654 5494 1788 5550 fecit
1818 5498 2137 5550 cerostatas
2169 5495 2422 5565 majores
2453 5492 2655 5549 fusiles
2683 5508 2751 5547 ex
2780 5494 3019 5565 argento
3043 5488 3384 5563 purissimo,
3405 5488 3511 5561 qui
3542 5490 3709 5543 stant

426 5606 560 5658 ante
588 5597 1036 5665 confessionem,
1068 5612 1314 5669 pensan.
1342 5593 1525 5648 libras
1555 5597 1793 5648 centum
1826 5590 2146 5663 nonaginta
2174 5594 2323 5646 octo.
2361 5588 2659 5646 Investivit
2687 5605 2822 5644 vero
2867 5603 3045 5660 super
3072 5586 3299 5642 trabem
3349 5602 3419 5641 ex
3463 5589 3708 5658 argento

348 5695 388 5753 5
425 5697 974 5769 ,
1005 5698 1095 5752 est
1125 5709 1303 5765 super
1330 5689 1649 5760 imaginem
1685 5706 1924 5746 auream
1956 5688 2016 5742 in
2049 5687 2318 5757 ingressu
2332 5686 2625 5753 vestibuli,
2645 5702 2887 5758 pensan.
2910 5684 3091 5740 libras
3107 5682 3701 5757 centumvigintisex,

421 5803 478 5858 et
505 5797 708 5858 semis.
739 5798 958 5852 Verum
987 5791 1188 5862 etiam,
1220 5788 1320 5846 ubi
1353 5782 1720 5859 supra,fecit
1768 5787 2039 5843 lucernas
2072 5783 2276 5840 fusiles
2306 5785 2456 5840 duas
2504 5801 2574 5840 ex
2602 5786 2840 5855 argento
2869 5780 3210 5855 purissimo,
3242 5777 3705 5855 pensanssimul

432 5898 613 5963 libras
640 5892 849 5971 viginti
878 5895 936 5951 et
963 5887 1284 5968 septem.Et
1311 5884 1424 5945 hoc
1453 5882 1761 5943 constituit
1788 5887 1855 5941 ut
1881 5879 2318 5942 Dominicorum
2345 5882 2470 5940 dies
2482 5880 2573 5940 vel
2589 5879 2651 5938 in
2665 5877 3708 5954 sanctissolemnitetibus,hincinde
