3934 6202
191 259 354 323 1229
1045 261 1415 324 HISTORIA
1461 259 1562 324 DE
1607 258 1810 325 Vl'l‘IS
1859 258 2047 325 ROM.
2098 263 2326 326 l’ON'l‘.
2363 300 2436 309 —
2467 266 2616 326 LEO
2665 261 2766 326 III.
3459 271 3617 331 1230

328 393 506 464 juxta
534 389 812 450 ectoriam
845 392 1253 463 consisterent,
1277 399 1334 450 et
1364 396 1436 451 ad
1470 395 1783 468 legendum
1808 414 2004 452 sacras
2036 398 2311 453 lectiones
2343 397 2584 454 luminis
2615 398 2923 471 splendore
2957 401 3325 472 rel'ulgerent.
3351 403 3451 457 llic
3485 400 3620 460 fecit

347 492 422 547 ad
454 491 691 547 beatum
724 492 1016 547 Andream
1045 491 1372 563 apostolum
1417 492 1702 547 ciborium
1736 511 1804 549 ex
1833 501 2072 566 argento
2124 495 2440 567 purissimo
2471 513 2649 569 super
2679 497 2859 553 altare
2910 499 3126 569 majus,
3161 515 3404 569 pensan.
3437 500 3620 560 libras

227 591 302 645 10
341 593 631 645 trecentas
663 593 720 644 et
749 589 1030 661 quinque.
1068 588 1168 644 llic
1200 594 1394 645 autem
1440 590 1770 663 praecipuus
1819 593 2074 665 pontifex
2104 593 2384 648 divinitus
2443 594 2766 667 inspiratus
2824 595 3254 666 baptisterium,
3290 597 3388 651 ubi
3422 616 3618 671 supra,

344 686 735 759 conspiciens,
760 686 900 759 quia
937 688 1062 758 jam
1095 703 1210 758 prae
1242 687 1425 743 nimia
1453 692 1738 744 vetustate
1785 689 1965 744 ruinae
1997 690 2331 761 proximum
2363 691 2572 759 inerat,
2604 696 2662 746 et
2695 691 2832 764 quia
2863 692 3168 764 angustior
3215 692 3376 749 locus
3424 696 3623 768 populi

344 784 630 841 existebat
661 784 761 857 qui
792 785 864 840 ad
897 784 1260 856 baptismum
1282 785 1571 851 veniebat,
1595 785 1782 842 isdem
1810 787 2020 858 prmsul
2046 805 2079 842 a
2108 788 2507 845 fundamentis
2537 788 2732 861 ipsum
2765 790 3174 864 baptisterium
3209 791 3266 846 in
3302 795 3622 852 rotundum

342 882 540 954 ampla
567 881 838 956 largitate
869 886 1215 938 construens
1247 881 1306 937 in
1340 882 1637 939 meliorem
1671 884 1851 939 erexit
1880 889 2124 951 statum,
2149 890 2324 958 atque
2356 904 2589 942 sacrum
2615 889 2836 944 fontem
2867 889 2925 942 in
2951 889 3141 944 medio
3165 889 3399 961 largiori
3432 892 3622 963 spatio

343 980 630 1047 fundavit,
655 983 711 1036 et
743 979 803 1034 in
836 979 1083 1035 circuitu
1107 979 1399 1036 columnis
1422 980 1846 1054 porphyreticis
1866 982 2175 1047 decoravit,
2202 989 2257 1038 et
2280 984 2338 1038 in
2360 984 2550 1040 medio
2575 985 2750 1042 fontis
2772 985 3106 1041 columnam
3131 987 3421 1057 posuit,et
3441 1006 3621 1062 super

228 1077 305 1132 15
344 1077 681 1133 columnam
709 1093 927 1150 agnum
951 1094 1020 1133 ex
1039 1082 1280 1150 argento
1304 1077 1645 1149 purissimo,
1671 1079 2010 1134 fundentem
2031 1097 2268 1151 aquam,
2289 1080 2389 1152 qui
2414 1098 2656 1152 pensan.
2681 1080 2861 1138 libras
2885 1083 3082 1137 decem
3105 1088 3162 1138 et
3182 1088 3312 1140 octo
3333 1090 3388 1140 et
3409 1086 3616 1142 uncias

341 1177 562 1229 decem.
587 1174 819 1230 Necnon
853 1179 908 1229 et
940 1173 1120 1230 altare
1140 1175 1333 1246 majus
1358 1175 1466 1230 sub
1491 1176 1697 1231 absida
1717 1177 2062 1243 construxit,
2087 1179 2257 1249 cujus
2288 1178 2492 1234 faciem
2515 1183 2688 1250 atque
2708 1179 3155 1248 confessionem,
3181 1197 3283 1236 seu
3317 1198 3515 1254 rugas,
3540 1183 3614 1238 ad

344 1271 612 1327 decorem
644 1272 833 1345 ipsius
864 1272 1012 1328 sacri
1041 1272 1244 1328 altaris
1275 1273 1566 1329 investivit
1595 1291 1664 1330 ex
1694 1278 1934 1346 argento
1967 1275 2378 1343 mundissimo,
2432 1292 2672 1348 pensan.
2703 1275 2879 1332 simul
2912 1275 3092 1333 libras
3141 1277 3528 1350 quadraginta
3557 1283 3616 1335 et

340 1375 502 1439 octo;
535 1387 736 1426 verum
768 1369 944 1426 etiam
977 1376 1034 1426 et
1063 1377 1282 1427 vestem
1315 1373 1386 1427 de
1418 1372 1673 1428 stauraci
1723 1389 1900 1445 super
1929 1389 2058 1428 eam
2086 1374 2302 1446 posuit,
2331 1378 2505 1445 atque
2539 1373 2861 1445 regularem
2897 1374 2975 1429 ibi
3026 1375 3547 1446 superinvestitum
3577 1395 3614 1432 κ

341 1474 582 1542 argento
613 1469 932 1541 purissimo
986 1469 1138 1526 fecit.
1173 1471 1241 1525 Et
1299 1487 1476 1543 super
1525 1471 1720 1544 ipsum
1773 1471 2096 1543 regularem
2156 1473 2353 1544 posuit
2403 1489 2602 1527 arcum
2637 1477 2693 1527 et
2722 1473 3090 1544 gammadias
3121 1491 3189 1528 ex
3219 1479 3478 1546 argento,
3513 1474 3612 1547 qui

221 1567 302 1622 20
340 1571 592 1640 pensant
622 1567 800 1623 simul
831 1568 1011 1624 libras
1042 1569 1402 1641 octuaginta.
1426 1569 1661 1625 Necnon
1690 1573 1746 1624 et
1775 1568 2062 1642 imagines
2091 1572 2228 1635 tres,
2263 1567 2362 1623 ubi
2393 1587 2587 1640 supra,
2613 1569 2826 1640 posuit,
2863 1586 3108 1641 pensan.
3135 1570 3276 1626 inibi
3303 1570 3482 1626 libras
3509 1570 3612 1626 tri-

337 1665 506 1740 ginta
534 1669 591 1721 et
622 1670 846 1739 septem
879 1673 935 1721 et
964 1667 1167 1722 uncias
1199 1667 1428 1734 decem;
1466 1667 1661 1739 ipsum
1702 1685 1836 1723 vero
1871 1666 2276 1740 baptisterium
2311 1667 2554 1722 diversis
2586 1667 2643 1720 in
2677 1667 2921 1722 circuitu
2956 1667 3248 1722 decoravit
3272 1667 3540 1740 picturis.

412 1765 566 1820 898
599 1764 929 1820 Oratorium
961 1781 1094 1819 vero
1126 1769 1338 1820 sanctae
1370 1765 1592 1832 Crucis,
1620 1765 1718 1821 ubi
1749 1782 1948 1837 supra,
1969 1765 2121 1836 quod
2155 1781 2269 1837 prae
2304 1763 2486 1820 nimia
2514 1767 2638 1820 erat
2666 1769 2953 1820 vetustate
2987 1765 3302 1834 ruiturum,
3336 1765 3430 1821 hic
3462 1783 3609 1838 prae-

338 1862 552 1935 cipuus
582 1867 781 1935 pastor
811 1880 845 1918 a
876 1862 1277 1918 fundamentis
1308 1862 1485 1918 simul
1510 1881 1644 1919 cum
1666 1864 1870 1920 absida
1903 1880 2046 1918 novo
2080 1863 2323 1918 mdiﬁcio
2354 1863 2550 1930 erexit,
2574 1867 2629 1918 et
2659 1863 2730 1918 ad
2758 1863 3074 1936 perfectum
3099 1880 3286 1935 usque
3315 1865 3608 1936 perduxit,

338 1965 514 2031 atque
546 1959 734 2030 ipsam
767 1959 1034 2015 absidam
1067 1977 1134 2014 ex
1166 1958 1392 2015 musivo
1423 1959 1666 2016 diversis
1697 1963 2030 2017 decoratam
2070 1959 2316 2032 picturis
2358 1965 2532 2031 atque
2573 1960 2964 2016 marmoribus
2995 1960 3142 2017 miro
3174 1961 3484 2034 splendore
3515 1980 3608 2018 or-

338 2056 517 2122 navit,
542 2056 640 2110 ubi
673 2061 731 2112 et
759 2056 972 2112 obtulit
1002 2056 1290 2111 ciborium
1319 2074 1496 2129 super
1525 2057 1705 2113 altare
1737 2076 1871 2114 cum
1904 2058 2194 2114 columnis
2239 2057 2385 2129 suis,
2414 2062 2586 2130 atque
2621 2058 2823 2114 faciem
2856 2058 3045 2130 ipsius
3086 2058 3288 2114 altaris
3318 2058 3612 2116 investivit

261 2157 300 2210 5
338 2159 580 2228 argento
613 2153 952 2226 purissimo,
987 2171 1230 2227 pcnsan.
1264 2153 1443 2210 libras
1494 2159 1728 2211 centum
1761 2156 1965 2229 viginti
1996 2160 2052 2210 et
2083 2173 2259 2211 unam
2312 2161 2367 2211 et
2415 2155 2618 2211 uncias
2663 2157 2839 2222 duas;
2875 2172 3121 2227 regnum
3171 2156 3609 2230 spanoclystum

337 2269 407 2308 ex
433 2270 573 2308 auro
603 2251 944 2325 purissimo,
969 2269 1104 2307 cum
1135 2269 1306 2308 cruce
1336 2253 1394 2307 in
1428 2254 1640 2321 medio,
1665 2255 1925 2326 pendens
1953 2271 2129 2326 super
2151 2254 2344 2326 ipsum
2377 2253 2577 2320 altare,
2597 2271 2838 2324 pensan.
2866 2253 3072 2308 libram
3095 2270 3295 2320 unam,
3321 2258 3375 2310 et
3405 2254 3611 2310 uncias

337 2350 635 2406 undecim.
661 2351 894 2405 Necnon
919 2354 976 2405 et
997 2349 1142 2406 alias
1165 2349 1468 2406 columnas
1493 2356 1797 2422 argenteas
1820 2355 2091 2422 quatuor,
2117 2354 2173 2404 et
2195 2366 2372 2422 super
2403 2350 2560 2420 ipsas
2583 2349 2887 2404 columnas
2914 2347 3243 2419 regularem
3270 2349 3610 2405 investitum

334 2465 404 2502 ex
435 2451 673 2520 argento
707 2447 1043 2519 purissimo,
1079 2464 1321 2519 pensan.
1348 2447 1489 2502 inibi
1523 2448 1705 2504 libras
1745 2448 2048 2519 sexaginta
2076 2451 2132 2503 et
2162 2451 2374 2519 quator
2404 2452 2460 2502 et
2490 2447 2694 2502 uncias
2724 2451 2862 2500 tres.
2897 2448 3081 2502 Arcus
3131 2451 3435 2519 argenteos
3465 2451 3606 2512 tres,

335 2562 581 2618 pensan.
609 2545 788 2601 libras
819 2545 1208 2618 quadraginta
1237 2551 1294 2602 et
1325 2550 1442 2602 tres
1473 2552 1531 2602 et
1562 2547 1767 2602 uncias
1806 2551 1935 2600 octo
1971 2564 1983 2601 :
2019 2545 2304 2618 imagines
2344 2549 2648 2616 argenteas
2675 2545 2986 2600 deauratas
3017 2548 3158 2612 tres,
3185 2562 3428 2617 pensan.
3462 2544 3610 2599 inibi

224 2645 297 2698 10
333 2643 518 2698 libras
546 2643 814 2716 triginta;
849 2641 1135 2698 canistros
1165 2648 1472 2715 argenteos
1505 2642 1860 2698 intersatiles
1887 2641 2216 2708 duodecim,
2253 2658 2492 2714 pensan.
2528 2640 2706 2696 simul
2739 2640 2918 2696 libras
2951 2640 3326 2713 septuaginta
3357 2645 3414 2696 et
3445 2646 3607 2711 octo;

333 2739 618 2814 gabathas
647 2742 952 2813 argenteas
983 2738 1336 2795 intersatiles
1367 2740 1644 2795 fundatas
1666 2738 1871 2812 viginti
1897 2755 2100 2805 unum,
2125 2743 2182 2794 et
2211 2755 2442 2794 crucem
2475 2755 2672 2804 unam,
2699 2755 2861 2810 pens.
2886 2737 2942 2792 in
2976 2754 3161 2792 unum
3194 2737 3295 2793 lib.
3320 2736 3607 2810 quinqua-

334 2839 528 2912 ginta;
559 2842 778 2894 vestem
811 2853 988 2909 super
1016 2835 1198 2892 altare
1227 2836 1299 2892 de
1331 2837 1572 2891 fundato
1603 2852 1815 2903 unam;
1850 2839 1906 2891 et
1937 2834 2052 2891 alia
2080 2835 2149 2890 de
2181 2835 2449 2903 blatthin,
2475 2853 2608 2890 cum
2654 2833 3044 2906 chrysoclavo,
3070 2850 3292 2890 necnon
3325 2838 3383 2890 et
3426 2833 3603 2890 aliam

331 2941 553 2992 vestem
575 2933 768 2991 albam
792 2937 1046 2989 rosatam
1068 2951 1202 2989 cum
1225 2933 1596 3006 cbrysoclavo
1620 2950 1632 2988 :
1657 2932 1851 2989 velum
1875 2932 2169 2988 modicum
2197 2931 2697 3004 chrysoclavatum
2720 2949 2853 2987 cum
2879 2931 3173 3002 cruciﬁxo,
3188 2936 3245 2987 et
3265 2931 3600 3004 margaritis

334 3037 638 3101 ornatum;
666 3031 792 3089 vela
819 3032 888 3088 de
909 3031 1162 3088 stauraci
1194 3036 1440 3104 septem,
1466 3031 1590 3086 vela
1613 3031 1684 3087 de
1707 3030 1949 3086 fundato
1972 3033 2242 3102 quatuor,
2267 3029 2393 3085 vela
2415 3030 2662 3096 modica,
2687 3047 2811 3101 qua:
2838 3029 3091 3101 pendent
3112 3029 3172 3084 in
3195 3029 3446 3104 regulari
3468 3035 3603 3088 ante

221 3135 298 3190 15
334 3131 626 3204 imagines
656 3129 863 3202 Tyrias
892 3147 990 3185 sex
1015 3146 1028 3184 :
1055 3129 1180 3185 vela
1209 3130 1351 3184 arba
1381 3129 1583 3196 serica,
1609 3132 1815 3184 ornata
1845 3127 1904 3182 in
1937 3127 2184 3183 circuitu
2216 3128 2286 3182 de
2317 3128 2559 3183 fundato
2590 3127 2924 3194 duodecim;
2952 3126 3146 3183 velum
3177 3129 3370 3200 majus
3401 3127 3600 3185 album

332 3210 903 3295 rosatum,ornatum
927 3227 1178 3300 desuper
1200 3227 1270 3282 de
1292 3225 1620 3298 quadruplo
1645 3243 1852 3291 unum,
1876 3230 1931 3280 et
1953 3224 2109 3280 aliud
2133 3224 2326 3280 velum
2350 3225 2618 3292 rubeum,
2645 3242 2780 3280 cum
2804 3224 3209 3297 bubalo,quod
3233 3227 3446 3298 pendet
3465 3230 3603 3283 ante

329 3327 522 3400 regias
552 3327 836 3398 majores:
859 3324 987 3382 vela
1013 3323 1242 3380 modica
1262 3325 1333 3379 de
1355 3323 1608 3379 stauraci
1640 3328 1915 3395 quatuor,
1940 3340 2065 3395 quae
2097 3323 2355 3394 pendent
2385 3322 2445 3377 in
2487 3322 2738 3396 regulari
2771 3327 2905 3378 ante
2927 3323 3240 3396 imagines;
3274 3325 3374 3380 sed
3407 3329 3463 3380 et
3487 3323 3604 3381 alia

327 3425 458 3482 vela
487 3424 822 3498 promiscua
851 3423 1037 3479 serica
1066 3439 1311 3478 numero
1347 3422 1641 3478 undecim.
1669 3421 1845 3489 Fecit,
1877 3421 1976 3476 ubi
2009 3439 2206 3493 supra,
2237 3421 2310 3477 ad
2356 3421 2544 3477 fontes
2574 3420 2700 3477 vela
2730 3422 2905 3494 Tyria
2932 3422 3066 3491 tria,
3099 3439 3226 3496 qua:
3258 3424 3512 3496 pendent
3540 3423 3601 3479 in

328 3523 658 3596 regularem
690 3527 826 3578 ante
854 3521 1162 3594 imagines,
1196 3525 1253 3576 et
1283 3519 1398 3575 alia
1425 3520 1553 3575 vela
1585 3519 1771 3575 serica
1800 3536 2043 3574 numero
2074 3519 2280 3591 viginti
2312 3536 2520 3574 unum.

402 3622 556 3677 899
589 3621 691 3676 Hic
721 3618 854 3675 fecit
884 3619 1051 3674 beato
1084 3618 1248 3674 Petro
1279 3618 1539 3690 apostolo
1581 3616 1855 3672 nutritori
1905 3634 2010 3673 suo
2062 3617 2302 3672 calicem
2353 3634 2598 3673 aureum
2648 3619 3009 3691 przecipuum
3060 3620 3495 3695 spanoclystum
3525 3624 3608 3708 (α)

329 3719 577 3776 diversis
608 3722 879 3775 ornatum
911 3716 1206 3790 lapidibus
1238 3715 1528 3788 pretiosis,
1555 3733 1797 3788 pensan.
1821 3715 2002 3771 libras
2024 3715 2286 3787 triginta.
2316 3714 2441 3770 Pari
2475 3716 2646 3770 modo
2674 3716 2806 3771 fecit
2826 3722 2883 3772 et
2906 3723 3179 3790 patenam
3205 3737 3442 3776 auream
3469 3737 3606 3792 spa-

331 3818 680 3891 noclystam,
715 3815 986 3871 similiter
1013 3813 1258 3870 diversis
1291 3818 1556 3871 ornatam
1607 3813 1877 3885 pretiosis
1908 3811 2224 3884 lapidibus,
2259 3829 2502 3884 pensan.
2528 3811 2709 3868 libras
2740 3814 2946 3886 viginti
2973 3815 3251 3889 quinque.
3280 3818 3435 3873 Fecit
3471 3833 3608 3874 vero

331 3932 511 3988 super
539 3915 826 3970 ciborium
858 3913 928 3968 de
959 3911 1126 3967 altari
1159 3911 1367 3982 majori
1400 3911 1569 3966 beato
1593 3911 1758 3965 Petro
1781 3909 2040 3980 apostolo
2064 3909 2346 3964 canthara
2373 3910 2597 3980 majora
2622 3915 2877 3981 quatuor
2905 3929 2973 3966 ex
2995 3919 3234 3984 argento
3265 3911 3603 3984 purissimo,

172 4012 174 4014 ’
250 4019 289 4073 5
327 4015 610 4071 habentia
639 4012 698 4066 in
731 4011 923 4066 medio
949 4026 1144 4065 cereos
1164 4026 1232 4064 ex
1262 4011 1500 4081 argento
1523 4008 1853 4074 deauratos,
1883 4024 2124 4078 pensan,
2152 4006 2210 4061 in
2238 4022 2419 4061 unum
2459 4005 2637 4061 libras
2660 4011 2896 4063 centum
2928 4013 2984 4062 et
3014 4009 3421 4080 quadraginta.
3456 4009 3605 4066 Prae-

328 4112 526 4167 dictus
556 4125 688 4165 vero
718 4112 776 4164 et
804 4106 1120 4180 praclarus
1149 4105 1408 4178 pontifex
1430 4105 1567 4160 fecit
1596 4103 1695 4158 ubi
1717 4120 1895 4174 supra
1925 4103 2294 4158 thuribulum
2319 4101 2704 4174 apostolicum
2727 4121 2795 4160 ex
2818 4121 2960 4160 auro
2993 4105 3333 4176 purissimo,
3357 4122 3602 4177 pensan.

329 4209 515 4266 libras
545 4208 692 4263 duas
722 4210 778 4262 et
810 4205 1016 4262 uncias
1037 4204 1318 4276 quinque.
1346 4203 1503 4258 Fecit
1531 4219 1664 4258 vero
1693 4205 1913 4257 vestem
1947 4217 2125 4272 super
2153 4199 2332 4256 altare
2363 4201 2556 4271 majus
2582 4200 3039 4274 chrysoclavam,
3063 4203 3308 4258 diversis
3339 4209 3605 4263 ornatam

330 4304 580 4381 picturis
601 4321 778 4378 quam
799 4303 1105 4359 constituit
1125 4305 1378 4373 quatuor
1401 4299 1763 4372 temporibus
1785 4315 1888 4371 per
1908 4315 2130 4354 annum
2163 4298 2221 4353 in
2246 4297 2552 4355 duodecim
2575 4298 2924 4355 lectionibus
2950 4300 3168 4356 ibidem
3191 4317 3420 4372 ponere.
3448 4302 3608 4360 Fecit

333 4403 435 4460 ubi
468 4418 646 4474 super
663 4416 907 4457 coronas
930 4399 1182 4470 majores
1203 4414 1271 4453 ex
1300 4401 1537 4469 argento
1569 4394 1886 4468 purissimo
1919 4397 2192 4466 quatuor,
2217 4411 2461 4466 pensan.
2486 4393 2663 4449 simul
2695 4395 2876 4450 libras
2913 4401 3147 4452 centum
3181 4397 3608 4471 quinquaginta

218 4504 290 4559 10
331 4505 588 4574 quatuor
615 4503 673 4555 et
705 4497 904 4554 semis.
928 4496 1084 4552 Fecit
1101 4512 1234 4551 vero
1257 4495 1356 4550 ubi
1381 4511 1560 4566 supra
1580 4491 1883 4548 lectorium
1910 4509 1978 4548 ex
1999 4496 2238 4564 argento
2262 4490 2579 4563 purissimo
2603 4493 2762 4548 mira:
2786 4494 3213 4566 magnitudinis
3241 4496 3604 4567 decoratum,

332 4615 578 4673 pensan.
606 4596 785 4653 libras
815 4599 1053 4652 centum
1085 4592 1476 4666 quadraginta
1495 4597 1552 4648 et
1575 4595 1723 4658 tres;
1748 4607 1973 4646 necnon
1996 4593 2052 4646 et
2073 4593 2392 4645 cerostatas
2412 4606 2480 4645 ex
2503 4595 2740 4662 argento
2763 4591 3178 4659 mundissimo,
3201 4596 3421 4650 stantes
3436 4595 3608 4666 juxta

330 4697 530 4771 ipsum
559 4693 888 4761 lectorium,
912 4709 1152 4765 pensan.
1178 4690 1355 4747 simul
1388 4689 1569 4746 libras
1599 4687 1987 4762 quadraginta
2016 4691 2072 4744 et
2103 4703 2328 4743 novem.
2353 4686 2569 4742 Verum
2601 4687 2778 4744 etiam
2810 4693 2868 4744 et
2898 4705 3076 4760 super
3104 4689 3261 4762 ipsas
3289 4695 3606 4750 cerostatas

333 4794 472 4852 fecit
499 4793 769 4849 lucernas
801 4791 1004 4848 fusiles
1027 4789 1275 4845 bimixas
1293 4789 1440 4844 duas
1461 4804 1529 4843 ex
1554 4789 1792 4859 argento
1823 4803 1996 4858 puro,
2019 4800 2265 4857 pensan.
2291 4783 2470 4840 libras
2490 4783 2693 4856 viginti
2718 4789 2774 4840 et
2794 4789 3036 4857 septem.
3063 4786 3142 4840 Ex
3170 4787 3281 4843 hoc
3302 4788 3608 4847 constituit

331 4898 399 4949 ut
421 4889 858 4948 Dominicorum
883 4888 994 4958 die,
1017 4886 1106 4943 vel
1129 4887 1189 4941 in
1214 4885 1434 4942 sanctis
1461 4881 1954 4949 solemnitatibus,
1980 4881 2118 4937 hinc
2143 4881 2276 4936 inde
2297 4882 2468 4952 juxta
2493 4881 2796 4938 lectorium
2819 4883 3226 4952 consisterent,
3249 4890 3308 4942 et
3327 4888 3399 4943 ad
3419 4888 3609 4961 legen-

216 4995 292 5052 15
331 4992 476 5046 dum
508 5005 708 5045 sacras
737 4985 1015 5043 lectiones
1045 4983 1286 5040 luminis
1319 4982 1627 5055 splendore
1657 4979 1967 5052 fulgerent.
1995 4978 2494 5034 Pbarocantharos
2526 4979 2663 5035 fecit
2706 4981 2764 5035 in
2798 4979 3158 5053 presbyterio
3189 5000 3432 5042 numero
3463 5005 3608 5060 qua-

333 5087 659 5144 tuordecim
691 5103 760 5142 ex
781 5088 1020 5157 argento
1049 5080 1464 5148 mundissimo,
1490 5097 1655 5152 pens.
1679 5078 1854 5134 simul
1890 5078 2068 5133 libras
2091 5077 2511 5149 quadragintas
2541 5077 2784 5150 triginta
2803 5083 2859 5135 et
2881 5082 3029 5150 tres;
3056 5097 3281 5137 necnon
3303 5083 3610 5144 columnas

332 5192 463 5245 octo
493 5191 550 5243 et
579 5202 752 5242 arcus
783 5188 1035 5256 quatuor
1066 5178 1200 5236 fecit
1231 5196 1298 5234 ex
1327 5183 1587 5250 argento,
1614 5193 1856 5250 pensan.
1883 5175 2029 5231 inibi
2058 5175 2238 5230 libras
2267 5178 2500 5229 centum
2536 5177 2907 5248 septuaginta
2938 5182 2994 5232 et
3023 5182 3158 5236 tres.

407 5285 564 5341 400
597 5282 750 5340 Fecit
779 5297 912 5338 vero
944 5279 1043 5336 ubi
1074 5293 1254 5350 supra
1282 5275 1493 5332 calices
1526 5275 1800 5330 fundatos
1831 5292 1899 5330 ex
1929 5277 2188 5346 argento,
2215 5271 2314 5343 qui
2349 5273 2604 5342 pendent
2639 5273 2790 5329 inter
2811 5274 3116 5332 columnas
3139 5280 3390 5350 majores
3412 5282 3616 5338 dextra

332 5385 594 5456 laevaque
624 5380 879 5438 basilicae
910 5392 1153 5433 numero
1184 5373 1487 5445 sexaginta
1511 5377 1781 5444 quatuor,
1808 5389 2051 5444 pensan.
2076 5368 2290 5442 pariter
2318 5369 2499 5425 libras
2521 5372 2980 5445 quadringentae
3004 5376 3312 5448 sexaginta
3332 5383 3390 5434 et
3412 5397 3614 5437 unam.

335 5483 531 5539 Isdem
560 5496 696 5536 vero
728 5492 1027 5551 praesagus
1056 5471 1300 5529 antistes
1335 5471 1432 5526 ubi
1465 5487 1644 5541 supra
1679 5469 1751 5524 ad
1786 5469 2024 5525 beatum
2055 5468 2345 5522 Andream
2380 5468 2709 5540 apostolum
2743 5469 3038 5526 investivit
3082 5472 3262 5530 altare
3311 5478 3506 5549 majus
3549 5495 3619 5536 ex

335 5583 577 5654 argento
601 5575 920 5651 purissimo
943 5572 1239 5636 deaurato,
1264 5568 1412 5624 miro
1433 5569 1636 5622 decore
1661 5571 1889 5635 ornato,
1915 5566 2014 5637 qui
2039 5581 2282 5637 pensan.
2311 5565 2572 5638 undique
2597 5566 2776 5624 libras
2799 5573 3038 5624 centum
3059 5571 3303 5644 triginta
3323 5576 3618 5652 quinque;

259 5683 299 5738 5
337 5678 654 5736 cantharus
683 5691 752 5730 ex
782 5675 1019 5745 argento
1046 5665 1365 5742 purissimo
1388 5665 1719 5733 duodecim,
1745 5681 1992 5737 pensan.
2019 5662 2194 5719 simul
2227 5661 2411 5720 libras
2434 5665 2864 5742 quinquaginta
2893 5672 2949 5724 et
2972 5669 3155 5740 duas;
3180 5672 3482 5736 canistros
3503 5678 3620 5737 duo

1383 5887 1636 5940 NOTULE
1675 5886 2058 5936 IARGIKALES
2101 5886 2426 5936 FABROTTI.

262 5997 339 6075 (α)
369 5995 438 6070 Β,
469 5984 920 6068 epanoclistum.
