3934 6202
351 195 500 263 1231
1509 197 1928 260 ANASTASII
1977 196 2605 259 BIBLIOTHECARII
3603 200 3767 261 1232

492 325 681 383 decim
713 343 781 383 ex
812 330 1074 400 argento,
1101 344 1342 400 pensan.
1366 328 1546 384 libras
1568 328 1942 401 septuaginta
1964 332 2022 384 et
2043 331 2189 383 octo.
2216 326 2513 384 Investivit
2528 343 2661 384 vero
2682 326 2864 383 altare
2885 327 3065 384 beatae
3088 327 3409 386 Petronillae
3429 345 3499 386 ex
3520 334 3769 405 argento

490 425 808 499 purissimo
858 426 1158 494 deaurato,
1191 426 1437 483 diversis
1485 432 1752 484 ornatam
1783 426 2029 501 picturis
2059 427 2341 499 undique,
2369 444 2612 500 pensan.
2635 426 2818 483 libras
2846 431 3081 483 centum
3113 427 3416 502 sexaginta
3444 432 3502 487 et
3528 430 3680 488 duas
3710 435 3772 487 et

488 523 693 581 uncias
715 528 864 581 octo.
889 523 1124 580 Necnon
1156 523 1447 581 investivit
1480 524 1663 582 altare
1706 525 1863 582 beati
1890 523 2150 599 Gregorii
2182 524 2535 581 confessoris
2582 527 2757 597 atque
2787 524 3081 597 pontificis
3111 542 3180 582 ex
3210 530 3453 599 argento
3483 527 3770 585 deaurato

487 621 769 695 undique,
796 637 1038 694 pensan.
1059 619 1241 677 libras
1262 626 1497 677 centum
1520 622 1727 695 viginti
1759 627 1816 678 et
1847 626 2091 695 septem.
2117 621 2275 678 Fecit
2296 621 2394 677 ubi
2418 638 2597 694 supra
2626 621 2685 677 in
2718 622 2941 696 gremio
2972 621 3228 679 basilicae
3258 623 3414 680 beati
3450 624 3597 681 Petri
3627 641 3773 699 apo—

384 720 452 776 10
489 718 623 776 stoli
654 718 941 775 cortinam
972 718 1254 790 majorem
1284 719 1735 775 Alexandrinam
1766 718 2173 790 holosericam,
2202 718 2517 775 habentem
2548 718 2608 774 in
2649 718 2841 775 medio
2872 719 3217 792 adjunctum
3250 721 3583 790 fundatum,
3614 725 3677 778 et
3706 721 3773 777 in

490 815 736 873 circuitu
760 819 1031 873 ornatum
1055 815 1125 872 de
1157 816 1420 872 fundato.
1443 816 1841 872 Verumetiam
1876 816 2063 872 isdem
2094 816 2424 890 praecipuus
2447 816 2659 889 praesul
2684 817 2819 872 fecit
2848 815 3153 873 tburibula
3173 816 3496 890 apostolica
3523 835 3593 875 ex
3619 834 3773 875 auro

489 913 807 989 purissimo
836 914 974 986 duo,
998 931 1067 970 ex
1096 913 1313 987 quibus
1346 931 1531 970 unum
1564 914 1724 971 misit
1755 915 1914 969 intus
1946 930 2124 987 super
2152 930 2366 987 corpus
2397 915 2548 986 ejus,
2573 913 2728 987 quod
2761 930 3005 987 pensan.
3027 912 3211 972 libras
3231 914 3401 983 duas,
3424 921 3481 972 et
3508 915 3772 973 alterum

494 1029 739 1085 pensan.
771 1011 953 1067 libras
985 1012 1133 1067 duas
1163 1015 1220 1067 et
1250 1011 1454 1067 uncias
1485 1016 1636 1078 octo,
1662 1013 1817 1083 quod
1846 1011 2118 1083 praecedit
2147 1028 2253 1083 per
2282 1010 2587 1068 stationes.

564 1111 713 1167 401
749 1109 854 1166 Hic
882 1126 1016 1166 vero
1043 1108 1334 1165 almiﬁcus
1365 1109 1576 1183 praesul
1609 1109 1745 1166 fecit
1770 1109 1828 1164 in
1862 1108 2165 1165 basilicam
2198 1108 2348 1163 beati
2377 1108 2539 1181 Pauli
2571 1108 2817 1183 apostoli
2849 1108 3153 1166 tburibula
3174 1109 3493 1184 apostolica
3522 1128 3592 1168 ex
3623 1127 3776 1167 auro

487 1207 807 1282 purissimo
829 1209 966 1265 duo.
993 1208 1094 1265 llic
1123 1225 1256 1264 vero
1278 1207 1567 1264 almificus
1600 1206 1809 1281 praesul
1838 1205 2130 1263 investivit
2159 1206 2366 1263 faciem
2389 1206 2592 1263 altaris
2623 1211 2835 1263 sanctae
2860 1206 2956 1263 Dei
2989 1207 3300 1265 Genitricis
3323 1209 3394 1264 ad
3420 1209 3686 1281 Praesepe
3706 1226 3779 1264 ex

495 1310 736 1380 argento
766 1306 1160 1362 mundissimo
1191 1306 1489 1374 deaurato,
1515 1306 1670 1378 quod
1702 1322 1868 1379 pens.
1893 1303 2027 1360 libr.
2056 1303 2392 1385 octuaginta
2430 1307 2486 1360 ct
2516 1321 2637 1361 sex.
2662 1304 2818 1361 Fecit
2846 1308 3041 1362 autem
3092 1305 3175 1361 ibi
3222 1323 3468 1363 coronas
3516 1307 3668 1362 duas
3703 1322 3776 1362 ex

495 1407 735 1477 argento
756 1403 1076 1477 purissimo
1099 1420 1262 1476 pens.
1286 1401 1468 1459 libras
1493 1402 1921 1476 quinquaginta
1941 1405 2212 1474 quatuor.
2235 1400 2501 1457 Cortinas
2531 1403 2784 1474 majores
2807 1401 3224 1459 Alexandrinas
3242 1402 3568 1460 boloserica
3596 1419 3778 1459 orna-

419 1502 458 1557 5
496 1504 586 1558 tas
615 1499 675 1556 in
703 1501 951 1557 circuitu
985 1501 1053 1557 de
1087 1501 1349 1557 fundato.
1374 1500 1477 1556 Hic
1505 1517 1637 1555 vero
1670 1499 2001 1573 praecipuus
2042 1498 2253 1572 praesul
2286 1515 2354 1555 ex
2385 1498 2652 1573 largitate
2699 1498 3118 1572 omnipotentis
3148 1499 3271 1571 Dei,
3303 1504 3362 1556 et
3409 1500 3565 1556 beati
3612 1499 3776 1557 Petri

492 1598 763 1673 clavigeri
794 1598 956 1671 regni
989 1598 1288 1665 ccnlorum,
1313 1597 1526 1653 obtulit
1556 1615 1656 1671 per
1686 1598 1989 1653 universas
2014 1601 2350 1653 sanctorum
2376 1613 2574 1653 sacras
2605 1596 2881 1653 ecclesias
2901 1597 3082 1668 hnjus
3104 1596 3271 1653 alma;
3301 1597 3498 1655 Roma:
3517 1613 3774 1654 coronas

489 1696 579 1754 vel
610 1697 787 1754 etiam
818 1696 1106 1753 canistros
1127 1713 1195 1752 ex
1222 1700 1461 1770 argento
1488 1695 1826 1769 purissimo,
1846 1696 1918 1752 ob
1941 1695 2171 1752 veniam
2198 1695 2524 1751 facinorum
2552 1712 2825 1763 suorum;
2855 1694 3125 1752 videlicet
3149 1712 3162 1751 :
3186 1695 3245 1752 in
3269 1694 3515 1752 ecclesia
3534 1694 3774 1751 Domini

492 1794 675 1851 nostri
708 1793 1046 1860 Salvatoris,
1071 1810 1200 1866 qua:
1231 1793 1561 1868 appellatur
1593 1792 2094 1860 Constantiniana,
2123 1793 2255 1849 fecit
2284 1809 2527 1849 coronas
2556 1809 2625 1848 ex
2655 1796 2894 1865 argento
2939 1791 3280 1866 purissimo,
3303 1810 3545 1866 pensan.
3584 1791 3771 1849 libras

489 1890 699 1966 viginti
720 1895 859 1948 tres.
883 1892 954 1947 Et
975 1890 1033 1946 in
1056 1890 1300 1947 basilica
1322 1894 1536 1947 sanctze
1559 1891 1659 1947 Dei
1684 1890 1992 1947 Genitricis
2014 1891 2085 1945 ad
2116 1890 2377 1963 Praesepe
2399 1889 2584 1946 instar
2605 1888 2736 1945 fecit
2758 1906 3033 1946 coronam
3054 1907 3122 1946 ex
3142 1893 3381 1964 argento
3409 1907 3581 1963 puro,
3606 1906 3774 1963 pene.

393 1992 462 2047 10
496 1989 680 2047 libras
710 1987 1010 2047 tredecim.
1033 1989 1104 2045 Et
1132 1989 1192 2044 in
1224 1989 1468 2045 basilica
1500 1993 1715 2045 sanctae
1747 1988 1848 2045 Dei
1869 1987 2183 2045 Genitricis
2215 1988 2275 2044 in
2304 1987 2475 2044 titulo
2496 1985 2702 2043 Calixti
2736 1986 2871 2044 fecit
2902 2004 3177 2044 coronam
3209 2005 3277 2044 ex
3307 1993 3572 2061 argento,
3606 2004 3780 2061 pens.

504 2086 685 2144 libras
715 2085 997 2143 tredecim
1019 2089 1077 2143 et
1098 2086 1303 2143 uncias
1322 2091 1463 2143 tres.
1487 2087 1558 2142 Et
1586 2084 1647 2141 in
1679 2085 1947 2143 diaconia
1975 2085 2164 2158 ipsius
2197 2084 2297 2141 Dei
2319 2083 2652 2153 Genitricis,
2673 2101 2800 2157 quae
2831 2083 3162 2158 appellatur
3202 2084 3483 2158 Antiqua.
3508 2083 3787 2143 similiter

503 2184 640 2242 fecit
672 2200 947 2241 coronam
976 2201 1045 2240 ex
1073 2188 1337 2257 argento,
1362 2201 1606 2257 pensan.
1638 2183 1822 2240 libras
1863 2183 2164 2239 tredecim.
2189 2184 2260 2239 Et
2290 2182 2349 2238 in
2380 2181 2625 2239 ecclesia
2667 2185 2881 2239 sanctas
2911 2181 3014 2239 Dei
3053 2180 3366 2240 Genitricis
3395 2181 3469 2239 ad
3501 2182 3787 2256 Martyres

511 2281 650 2339 fecit
681 2298 956 2338 coronam
988 2298 1056 2338 ex
1086 2285 1346 2355 argento,
1368 2298 1615 2354 pensan.
1638 2280 1820 2336 libras
1842 2280 2149 2336 duodecim
2170 2284 2227 2336 et
2246 2279 2449 2336 uncias
2470 2284 2609 2336 tres.
2633 2279 2705 2336 Et
2729 2279 2789 2336 in
2812 2278 3080 2336 diaconia
3109 2278 3297 2353 ipsius
3323 2279 3424 2336 Dei
3447 2280 3784 2348 Genitricis,

504 2396 634 2453 quae
663 2378 993 2453 appellatur
1012 2378 1343 2446 Cosmedin,
1366 2380 1571 2435 eodem
1605 2378 1777 2435 modo
1796 2378 1932 2434 fecit
1951 2394 2227 2434 coronam
2248 2394 2316 2434 ex
2337 2382 2599 2452 argento,
2624 2395 2790 2450 pens.
2813 2376 2996 2434 libras
3021 2377 3351 2445 duodecim,
3377 2394 3606 2436 necnon
3636 2382 3695 2435 et
3721 2378 3781 2436 in

403 2478 473 2534 15
509 2476 778 2534 diaconia
806 2481 1021 2534 sanctae
1044 2475 1145 2532 Dei
1168 2475 1498 2555 Genitricis,
1516 2492 1642 2549 quis
1675 2475 2002 2548 appellatur
2033 2474 2356 2544 Dominica,
2385 2474 2657 2531 simililer
2683 2474 2818 2531 fecit
2843 2491 3118 2531 coronam
3147 2492 3217 2531 ex
3247 2479 3511 2550 argento,
3534 2493 3782 2550 pensan.

509 2574 691 2631 libras
712 2589 939 2631 novem.
963 2573 1035 2629 Et
1063 2573 1121 2629 in
1155 2572 1423 2629 diaconia
1452 2577 1667 2629 sancta:
1694 2572 1795 2628 Dei
1828 2571 2157 2641 Genitricis,
2182 2588 2311 2645 quae
2343 2572 2583 2645 ponitur
2610 2572 2703 2628 via
2724 2573 2887 2641 Lata,
2910 2571 3044 2629 fecit
3074 2589 3349 2629 coronam
3398 2590 3470 2629 ex
3520 2577 3779 2648 argento,

511 2688 757 2746 pensan.
781 2669 961 2727 libras
992 2687 1220 2727 novem.
1244 2660 1315 2726 Et
1345 2671 1403 2726 in
1435 2669 1703 2726 diaconia
1732 2673 1946 2726 sanctae
1987 2668 2182 2725 Mariae
2214 2670 2272 2725 in
2295 2671 2438 2743 Cyro
2471 2669 2605 2726 fecit
2635 2683 2911 2727 coronam
2941 2672 3297 2744 argenteam,
3320 2687 3570 2744 pensan.
3603 2669 3774 2728 libras

507 2774 657 2827 octo.
681 2769 805 2826 Imo
836 2772 895 2825 et
924 2768 984 2824 in
1015 2767 1282 2825 diaconia
1312 2768 1492 2824 beata:
1517 2767 1618 2824 Dei
1646 2765 1975 2836 Genitricis,
1993 2783 2120 2839 qua;
2151 2766 2390 2839 ponitur
2419 2766 2561 2824 foris
2590 2771 2819 2840 portam
2849 2767 3002 2824 beati
3044 2767 3195 2824 Petri
3228 2767 3499 2842 apostoli,
3524 2768 3664 2826 fecit
3689 2785 3779 2825 co-

506 2883 712 2924 ronam
743 2883 814 2923 ex
844 2869 1106 2940 argento,
1156 2882 1399 2938 pensan.
1447 2864 1627 2921 libras
1657 2863 1916 2937 quinque
1947 2867 2004 2920 et
2033 2863 2238 2920 uncias
2266 2868 2405 2920 tres.
2428 2864 2498 2920 Et
2528 2864 2588 2920 in
2620 2863 2890 2921 diaconia
2933 2863 3123 2938 ipsius
3166 2864 3267 2921 Dei
3295 2865 3636 2934 Genitricis,
3658 2882 3775 2939 qua

402 2967 475 3024 20
509 2964 749 3040 ponitur
778 2964 838 3020 in
870 2964 1143 3020 Adriano.
1176 2964 1381 3020 eodem
1413 2963 1587 3019 modo
1621 2961 1759 3018 fecit
1789 2978 2063 3019 coronam
2096 2978 2164 3018 ex
2196 2965 2456 3036 argento,
2490 2979 2733 3035 pensan.
2768 2961 2951 3019 libras
2982 2954 3263 3035 quinque.

579 3062 735 3120 402
763 3061 998 3119 Necnon
1028 3064 1086 3117 et
1114 3061 1173 3118 in
1205 3060 1458 3118 oratorio
1502 3063 1718 3117 sancta
1751 3059 1853 3116 Dei
1884 3058 2214 3127 Genitricis,
2248 3076 2377 3132 quae
2421 3058 2661 3132 ponitur
2689 3060 2749 3115 in
2781 3059 3151 3117 Xenodocbio
3200 3059 3434 3128 Firmis,
3458 3059 3601 3117 fecit
3628 3059 3782 3118 cani-

508 3164 697 3219 strum
721 3175 790 3216 ex
810 3162 1074 3233 argento,
1099 3175 1342 3231 pensan.
1366 3157 1550 3214 libras
1572 3158 1718 3213 duas
1748 3160 1807 3213 et
1836 3155 2040 3213 uncias
2061 3160 2308 3228 septem.
2328 3155 2392 3213 In
2415 3155 2659 3213 ecclesia
2681 3156 2835 3213 beati
2859 3156 3012 3213 Petri
3034 3155 3284 3230 apostoli
3306 3156 3443 3214 fecit
3465 3157 3784 3214 canistrum

508 3259 583 3315 de
612 3260 852 3331 argento
883 3254 1222 3328 purissimo,
1246 3271 1489 3327 pensan.
1513 3253 1695 3310 libras
1710 3253 1919 3327 viginti
1941 3254 2118 3322 duas;
2142 3256 2199 3310 et
2225 3252 2285 3308 in
2316 3252 2561 3309 ecclesia
2588 3251 2740 3310 beati
2764 3252 2927 3310 Pauli
2959 3252 3207 3326 apostoli
3237 3252 3426 3310 instar
3455 3254 3597 3311 fecit
3627 3253 3783 3323 cani-

510 3360 701 3412 strum
731 3371 801 3411 ex
830 3356 1071 3426 argento
1102 3351 1442 3424 purissimo,
1472 3368 1716 3423 pensan.
1743 3350 1924 3406 libras
1950 3354 2023 3406 22
2052 3354 2111 3407 et
2160 3350 2366 3407 uncias
2398 3354 2650 3424 quatuor
2677 3353 2735 3407 et
2763 3355 2913 3408 octo.
2947 3351 3071 3407 Imo
3120 3355 3179 3408 et
3227 3350 3288 3407 in
3335 3350 3589 3408 ecclesia
3637 3349 3782 3409 beati

437 3454 475 3511 5
508 3453 752 3510 Andreae
783 3448 1054 3523 apostoli,
1071 3466 1199 3521 quas
1219 3447 1550 3520 appellatur
1569 3446 1863 3514 Eudoxize,
1886 3448 2088 3504 eodem
2111 3449 2284 3504 modo
2310 3447 2444 3504 fecit
2463 3465 2739 3505 coronam
2771 3448 2843 3504 de
2864 3451 3125 3521 argento,
3150 3465 3314 3522 pens.
3340 3447 3527 3506 libras
3558 3465 3779 3506 novem.

509 3549 729 3606 Verum
752 3547 928 3604 etiam
951 3550 1009 3602 et
1037 3546 1095 3601 in
1128 3544 1373 3601 ecclesia
1395 3546 1546 3601 beati
1579 3543 1824 3601 Joannis
1856 3544 2148 3618 Baptistae,
2174 3562 2302 3617 quae
2325 3544 2743 3619 poniturjuxta
2768 3544 3192 3618 patriarchium
3214 3545 3633 3615 Lateranense,
3657 3545 3783 3603 fecit

510 3661 787 3703 coronam
815 3645 888 3700 de
920 3647 1182 3716 argento,
1207 3658 1449 3715 pensan.
1473 3641 1654 3697 libras
1675 3641 1954 3715 quinque.
1980 3643 2103 3698 Imo
2134 3646 2192 3698 et
2221 3641 2281 3696 in
2311 3641 2558 3698 ecclesia
2588 3641 2740 3697 beati
2771 3641 3018 3699 Joannis
3044 3640 3434 3716 evangelista,
3461 3660 3593 3717 quae
3625 3642 3783 3716 poni-

510 3748 612 3801 tur
636 3741 737 3799 ubi
769 3758 966 3815 supra,
991 3739 1127 3796 fecit
1156 3757 1432 3796 coronam
1464 3755 1533 3795 ex
1563 3743 1824 3813 argento,
1856 3756 2099 3812 pensan.
2131 3738 2313 3795 libras
2345 3739 2624 3812 quinque.
2659 3739 2803 3795 Item
2835 3743 2894 3795 et
2924 3739 2983 3795 in
3014 3739 3261 3797 ecclesia
3288 3739 3444 3796 beati
3477 3739 3779 3814 Stephani,

510 3857 638 3915 quas
672 3839 913 3913 ponitur
940 3838 999 3894 in
1031 3836 1203 3894 Coelio
1236 3841 1454 3904 monte,
1478 3836 1654 3893 simili
1689 3838 1862 3893 modo
1892 3836 2025 3893 fecit
2054 3853 2327 3893 coronam
2358 3853 2426 3894 ex
2456 3841 2719 3910 argento,
2749 3854 2995 3910 pensan.
3026 3835 3207 3894 libras
3238 3842 3466 3911 septem
3495 3842 3556 3895 et
3584 3838 3783 3895 uncias

401 3940 473 3999 10
508 3937 804 3996 undecim.
836 3937 906 3992 Et
934 3936 994 3991 in
1025 3933 1272 3991 basilica
1314 3933 1737 4007 apostolorum,
1769 3951 1896 4006 qua:
1940 3932 2181 4007 ponitur
2208 3933 2268 3989 in
2301 3932 2393 3990 via
2442 3937 2600 4002 Lata,
2634 3933 2770 3990 fecit
2796 3950 3073 3991 coronam
3123 3934 3195 3991 de
3241 3939 3507 4008 argento,
3542 3952 3779 4009 pensan.

508 4037 689 4094 libras
716 4033 1020 4092 tradecim.
1053 4034 1126 4089 Et
1153 4031 1214 4089 in
1246 4032 1492 4089 Musileo
1523 4032 1705 4088 beatae
1736 4030 2081 4098 Petronillis,
2115 4031 2270 4103 quod
2321 4030 2563 4104 ponitur
2590 4031 2662 4087 ad
2694 4031 2932 4087 beatum
2983 4031 3218 4088 Petrum
3264 4032 3624 4106 apostolum,
3656 4032 3785 4090 fecit

509 4151 785 4194 coronam
805 4151 875 4190 ex
898 4135 1161 4207 argento,
1186 4147 1435 4203 pensan,
1457 4128 1639 4187 libras
1659 4129 1886 4203 viginti.
1913 4131 1984 4185 Et
2012 4130 2072 4185 in
2096 4128 2341 4185 ecclesia
2369 4127 2900 4202 Hierusalem,qua3
2932 4130 3169 4202 ponitur
3197 4130 3256 4185 in
3278 4130 3643 4202 Sessoriano,
3658 4129 3787 4188 fecit

507 4248 783 4291 coronam
806 4231 879 4289 de
900 4232 1160 4304 argento,
1184 4245 1428 4301 pensan.
1453 4226 1638 4284 libras
1660 4226 1943 4301 quinque.
1965 4228 2038 4285 Et
2064 4227 2125 4283 in
2151 4225 2397 4284 ecclesia
2426 4226 2581 4284 beati
2604 4227 2923 4295 Laurentii,
2939 4244 3066 4300 quae
3095 4227 3332 4301 ponitur
3353 4229 3497 4286 foris
3526 4244 3785 4301 murum,

506 4330 779 4389 similiter
808 4328 943 4385 fecit
969 4342 1245 4385 coronam
1272 4326 1343 4382 de
1374 4331 1639 4398 argento,
1668 4341 1911 4398 pensan.
1938 4324 2119 4382 libras
2168 4324 2469 4381 tredecim.
2493 4325 2566 4381 Et
2593 4323 2654 4380 in
2683 4322 2933 4381 ecclesia
2979 4324 3131 4381 beati
3182 4324 3535 4398 Apollinaris
3565 4330 3784 4399 marty-

397 4432 471 4489 15
508 4429 591 4487 ris
620 4427 758 4485 fecit
786 4442 1083 4494 coronam,
1110 4440 1354 4498 pensan.
1385 4422 1568 4479 libras
1601 4423 1864 4496 quinque
1894 4426 1952 4479 et
1994 4422 2202 4479 uncias
2233 4426 2504 4495 quatuor.
2527 4422 2746 4478 Verum
2794 4422 2970 4479 etiam
2998 4426 3056 4479 et
3086 4422 3145 4479 in
3177 4421 3421 4481 basilica
3453 4423 3608 4480 beati
3640 4424 3785 4481 Pan-

505 4525 672 4583 cratii
701 4523 997 4598 martyris,
1014 4539 1142 4596 quae
1173 4521 1412 4594 ponitur
1440 4518 1583 4575 foris
1603 4536 1861 4587 murum,
1887 4519 2092 4576 eodem
2113 4519 2287 4575 modo
2320 4518 2455 4574 fecit
2485 4535 2760 4575 coronam
2792 4535 2862 4575 ex
2881 4523 3142 4592 argento,
3166 4538 3408 4594 pensan.
3431 4520 3614 4578 libras
3635 4524 3783 4578 octo.

506 4622 663 4681 Fecit
693 4626 887 4680 autem
920 4625 979 4678 et
1008 4620 1067 4676 in
1099 4608 1346 4676 ecclesia
1374 4618 1532 4674 beati
1559 4617 1850 4674 Valentini
1884 4615 2184 4689 martyris,
2216 4632 2344 4689 qua;
2393 4616 2634 4688 ponitur
2665 4615 2804 4672 foris
2854 4632 3115 4684 murum,
3147 4617 3248 4673 ubi
3297 4634 3514 4692 corpus
3539 4619 3671 4691 ejus
3700 4634 3785 4675 re-

503 4720 775 4792 quiescit,
807 4734 1083 4776 coronam
1115 4717 1188 4773 de
1218 4718 1479 4789 argento,
1504 4732 1746 4789 pensan.
1779 4713 1961 4770 libras
1992 4730 2111 4770 sex.
2134 4714 2207 4770 Et
2245 4713 2305 4768 in
2352 4712 2525 4770 titulo
2558 4713 2712 4769 beati
2743 4712 3058 4771 Clementis
3089 4715 3365 4789 martyris
3414 4719 3592 4789 atque
3640 4732 3783 4791 pon-

502 4817 677 4874 tiﬁcis
703 4817 838 4873 fecit
864 4831 1140 4874 coronam
1171 4815 1243 4871 de
1273 4818 1534 4887 argento,
1566 4829 1809 4886 pensan.
1843 4810 2023 4868 llbras
2056 4810 2413 4884 quindecim.

576 4915 730 4970 408
759 4916 827 4971 Et
859 4915 913 4971 in
948 4912 1117 4971 titulo
1147 4913 1451 4969 beatorum
1498 4910 1718 4983 Aquilae
1749 4914 1807 4967 et
1839 4908 2042 4967 Priscae
2093 4909 2230 4966 fecit
2258 4925 2534 4966 coronam
2564 4925 2633 4965 ex
2662 4915 2924 4985 argento,
2957 4927 3202 4984 pensan.
3235 4909 3419 4967 libras
3468 4928 3589 4967 sex.
3620 4910 3696 4967 Et
3725 4910 3780 4967 in

470 5010 671 5068 -tituio
702 5019 913 5068 sanctae
941 5011 1195 5067 Balbina:
1226 5010 1499 5066 similiter
1527 5007 1679 5065 fecit.
1715 5009 1839 5064 Imo
1869 5012 1927 5064 et
1957 5007 2015 5063 in
2050 5006 2294 5064 ecclesia
2342 5006 2529 5063 sancti
2564 5005 2711 5063 Sixti
2761 5008 3036 5083 martyris
3085 5012 3266 5081 atque
3316 5007 3614 5080 pontificis
3649 5005 3782 5063 fecit

503 5125 776 5166 coronam
808 5108 1094 5163 similiter.
1130 5112 1194 5163 Et
1224 5109 1283 5163 in
1314 5106 1486 5164 titulo
1508 5105 1695 5163 sancti
1720 5105 2017 5162 Laurentii
2042 5104 2337 5178 martyris,
2362 5121 2490 5177 quae
2521 5105 2761 5178 ponitur
2781 5106 3034 5175 Lucinae,
3061 5104 3334 5162 similiter
3354 5106 3516 5173 fecit,
3538 5122 3776 5179 pensan.

500 5206 684 5263 libras
715 5209 965 5277 quatuor
992 5208 1049 5259 et
1069 5204 1271 5262 uncias
1294 5206 1516 5261 decem.
1541 5205 1611 5260 Et
1645 5204 1706 5260 in
1737 5202 1908 5259 titulo
1957 5203 2145 5260 sancti
2195 5201 2494 5259 Laurentii
2524 5203 2818 5276 martyris,
2845 5204 2944 5277 qui
2976 5201 3310 5277 appellatur
3354 5202 3614 5270 Damasi,
3651 5201 3781 5259 fecit

427 5304 465 5360 5
502 5314 783 5358 coronam
810 5315 879 5355 ex
898 5304 1159 5373 argento,
1184 5318 1350 5373 pens.
1377 5300 1557 5356 libras
1584 5301 1863 5373 quinque.
1888 5301 1959 5357 Et
1988 5300 2049 5355 in
2075 5299 2320 5356 ecclesia
2346 5298 2534 5372 ipsius
2557 5301 2854 5374 martyris,
2879 5318 3006 5375 quae
3028 5301 3269 5374 ponitur
3291 5301 3625 5367 Formosus,
3650 5297 3781 5373 fecit

504 5394 829 5457 canistrum
860 5413 928 5454 ex
959 5402 1223 5472 argento,
1246 5415 1491 5471 pensan.
1518 5398 1699 5454 libras
1719 5399 1868 5454 duas
1890 5402 1947 5453 et
1968 5396 2173 5454 uncias
2203 5401 2451 5470 septem.
2476 5397 2588 5453 Sed
2612 5403 2669 5454 et
2689 5398 2749 5453 in
2770 5397 2939 5455 titulo
2961 5397 3323 5455 Pammacbii
3352 5399 3491 5455 fecit
3510 5412 3776 5454 coronam

498 5512 570 5555 ex
598 5497 854 5569 argento,
877 5513 1044 5570 pens.
1067 5494 1250 5553 libras
1275 5497 1363 5552 10.
1388 5496 1457 5552 Et
1487 5495 1546 5551 in
1576 5494 1747 5552 titulo
1773 5495 2094 5552 ASmilianae
2127 5494 2251 5567 pari
2277 5494 2449 5550 modo
2475 5493 2611 5550 fecit
2640 5511 2916 5553 coronam
2939 5495 3010 5552 de
3033 5500 3297 5569 argento,
3321 5512 3568 5568 pensan.
3598 5494 3773 5551 libras

497 5596 552 5652 4.
576 5593 808 5652 Necnon
839 5599 897 5668 et
916 5596 982 5651 in
1016 5592 1186 5652 titulo
1217 5593 1406 5649 sancti
1428 5592 1663 5650 Eusebii
1687 5593 1821 5649 fecit
1842 5609 2116 5649 coronam
2141 5592 2212 5648 de
2233 5596 2495 5664 argento,
2519 5608 2763 5664 pensan.
2793 5591 2974 5650 libras
2995 5610 3115 5649 sex.
3140 5594 3211 5649 Et
3231 5593 3291 5649 in
3311 5592 3485 5650 titulo
3506 5590 3769 5650 Praxedis

498 5694 639 5754 fecit
666 5710 962 5770 coronam,
988 5709 1155 5769 pens.
1188 5691 1370 5748 libras
1420 5692 1701 5764 quinque.
1733 5693 1802 5748 Et
1829 5691 1891 5748 in
1922 5690 2091 5747 titulo
2142 5689 2423 5746 Pudentis
2472 5689 2611 5746 fecit
2659 5707 2935 5748 coronam
2984 5707 3054 5748 ex
3099 5695 3363 5765 argento,
3394 5708 3564 5765 pens.
3594 5690 3764 5747 libras

393 5788 461 5851 10
496 5810 727 5855 novem.
761 5792 884 5850 Imo
913 5797 972 5850 et
1009 5791 1072 5849 in
1099 5787 1272 5847 titulo
1320 5788 1476 5845 beati
1503 5786 1713 5844 Vitalis
1743 5787 2018 5862 martyris
2065 5787 2203 5844 fecit
2247 5802 2525 5843 coronam
2572 5803 2642 5844 ex
2689 5792 2952 5862 argento,
2985 5804 3229 5863 pensan.
3263 5787 3451 5847 libras
3479 5803 3682 5847 novem
3711 5789 3765 5844 et

495 5892 705 5956 uncias
731 5894 873 5952 tres.
893 5890 968 5951 Et
996 5888 1059 5945 in
1086 5885 1261 5947 titulo
1290 5887 1504 5945 sanctae
1535 5884 1821 5944 Susanna
1859 5883 2134 5961 martyris
2164 5881 2440 5943 similiter
2467 5883 2607 5944 fecit
2646 5901 2945 5960 coronam,
2976 5903 3221 5963 pensan.
3251 5885 3439 5946 libras
3485 5888 3686 5948 decem
3710 5884 3765 5943 et
