3934 6202
139 257 298 319 1233
851 257 862 268 ⁸
981 254 1351 317 HISTORIA
1392 255 1496 317 DE
1537 254 1692 318 VITI

2021 253 2250 315 PONT.
2284 286 2361 297 —
2402 251 2554 314 LEO
2597 251 2704 313 III.
3386 251 3542 314 1234

281 393 529 463 septem.
554 388 626 445 Et
654 386 715 444 in
747 385 917 444 titulo
949 387 1135 444 sancti
1161 386 1381 461 Cyriaci
1407 386 1539 444 fecit
1561 405 1836 444 coronam
1857 388 1927 444 de
1951 391 2212 460 argento,
2235 402 2478 459 pensau.
2501 384 2684 442 libras
2709 381 2987 458 quinque.
3010 384 3080 442 Et
3107 382 3167 441 in
3197 382 3368 442 titulo
3389 385 3546 444 beati

281 487 543 545 Marcelii
575 487 848 559 martyris
892 485 1027 542 fecit
1074 503 1346 541 coronam
1379 502 1447 540 ex
1478 490 1734 559 argento,
1762 503 1924 559 pens.
1957 485 2138 541 libras
2170 485 2387 540 decem.
2424 484 2658 539 Necnon
2707 487 2765 539 et
2810 482 2870 538 in
2927 482 3098 540 titulo
3154 483 3310 539 beati
3367 483 3546 540 Marci

283 585 560 660 martyris
592 585 728 641 fecit
758 601 1031 640 coronam
1063 583 1351 640 similiter.
1386 585 1455 638 Et
1484 584 1542 639 in
1574 583 1744 639 titulo
1776 585 1956 639 beataa
1989 583 2301 639 Anastasiaa
2333 582 2466 638 fecit
2496 598 2791 647 coronam,
2824 598 2989 654 pens.
3021 580 3202 636 libras
3239 585 3463 654 septem
3493 585 3550 638 et

168 686 242 743 45
281 685 491 742 uncias
519 700 746 740 novem.
771 682 1005 738 Necnon
1037 685 1093 738 et
1124 681 1182 736 in
1215 681 1385 736 titulo
1415 681 1651 736 Caecilia:
1683 682 1869 738 instar
1898 681 2035 737 fecit
2055 697 2327 737 coronam
2360 697 2428 736 ex
2457 683 2716 752 argento,
2743 697 2904 751 pens.
2929 678 3106 734 simul
3136 677 3316 735 libras
3348 679 3548 736 decem

279 787 339 840 et
371 782 606 838 unciam
639 778 984 836 unam.Etin
1002 778 1172 834 titulo
1187 778 1336 834 beati
1357 778 2002 852 Chrysogonimartyris
2017 776 3232 849 fecitcoronamexargento,pensan.libras
3264 776 3547 850 quinque.

353 882 511 937 404
543 877 932 934 Verumetirm
966 881 1023 933 et
1052 877 1109 932 in
1145 876 1413 932 diaconia
1462 881 1800 932 sanctorum
1848 877 2015 934 Nerei
2046 880 2102 933 et
2130 875 2370 932 Achillei
2401 875 2536 932 fecit
2564 892 2838 931 coronam
2892 876 2962 931 de
3009 880 3268 948 argento,
3304 893 3547 949 pensau.

280 978 465 1034 libras
488 993 587 1033 sex
609 979 666 1032 et
689 975 894 1030 uncias
925 975 1208 1046 quinque.
1235 979 1299 1028 Et
1324 973 1381 1028 in
1417 973 1685 1030 diaconia
1706 980 1918 1030 sanctae
1945 974 2154 1040 Luciaa,
2177 992 2302 1046 quaa
2336 974 2574 1046 ponitur
2603 973 2660 1028 in
2695 977 2914 1046 septem
2937 973 3080 1038 Viis,
3105 973 3242 1029 fecit
3271 989 3548 1029 coronam

281 1092 352 1132 ex
383 1078 642 1148 argento,
676 1089 920 1146 pensau.
953 1071 1134 1127 libras
1167 1088 1265 1127 sex
1296 1075 1353 1126 et
1382 1071 1585 1127 uneias
1619 1076 1865 1144 septem.
1899 1072 1968 1127 Et
1997 1071 2056 1126 in
2089 1071 2355 1127 diaconia
2393 1071 2579 1128 sancti
2611 1070 2887 1127 Bonifacii
2919 1069 3191 1127 similiter
3220 1070 3355 1126 fecit
3383 1087 3546 1127 coro-

282 1191 444 1236 nam,
469 1187 713 1245 pensan.
745 1169 925 1225 libras
956 1173 1202 1241 septem.
1231 1170 1299 1224 Et
1332 1168 1389 1223 in
1423 1168 1689 1224 diaconia
1722 1169 1905 1225 sancti
1939 1169 2166 1242 Georgii
2198 1169 2330 1224 fecit
2361 1185 2634 1224 coronam
2683 1185 2751 1224 ex
2799 1172 3062 1241 argento,
3088 1185 3330 1241 pensau.
3365 1167 3547 1224 libras

205 1274 242 1329 5
282 1271 567 1344 quinque.
590 1269 661 1323 Et
688 1268 745 1323 in
777 1265 1044 1322 diaconia
1072 1265 1260 1321 sancti
1316 1265 1605 1321 Theodori
1656 1266 1858 1322 eodem
1909 1267 2081 1322 modo
2131 1265 2266 1322 fecit
2312 1283 2606 1334 coronam,
2641 1282 2882 1339 pensan.
2916 1264 3098 1322 libras
3126 1282 3225 1322 sex
3254 1270 3312 1322 et
3341 1265 3546 1322 unicae

279 1373 429 1426 octo.
463 1367 535 1422 Et
565 1366 624 1421 in
655 1363 921 1421 diaconia
950 1367 1288 1419 sanctorum
1320 1362 1504 1436 Sergii
1535 1368 1593 1419 et
1624 1363 1833 1419 Bacchi
1867 1363 2000 1419 fecit
2029 1380 2301 1420 coronam
2347 1381 2415 1419 ex
2453 1368 2713 1437 argento,
2747 1381 2990 1437 pensan.
3020 1363 3203 1420 libras
3232 1380 3351 1420 sex.
3384 1364 3456 1420 Et
3485 1362 3546 1420 in

281 1462 552 1522 diaconia
581 1466 919 1519 sanctorum
951 1461 1170 1517 Cosmze
1202 1464 1258 1516 et
1289 1459 1555 1515 Damiani
1589 1459 1724 1516 fecit
1769 1477 2063 1528 coronam,
2088 1477 2330 1533 pensau.
2363 1460 2544 1517 libras
2596 1461 2855 1534 quinque
2885 1465 2941 1518 et
2972 1461 3175 1518 uncias
3205 1465 3354 1517 octo.
3387 1461 3459 1516 Et
3485 1459 3548 1518 in

285 1560 553 1620 diaconia
578 1559 764 1616 sancti
795 1557 1031 1614 Adriani
1065 1557 1337 1630 martyris
1383 1556 1515 1613 fecit
1561 1574 1835 1614 coronam
1867 1574 1936 1614 ex
1966 1563 2227 1631 argento,
2262 1575 2504 1631 pensau.
2538 1558 2718 1614 libras
2751 1575 2869 1615 sex.
2905 1558 3017 1615 Sed
3066 1562 3124 1615 et
3171 1559 3231 1614 in
3281 1558 3549 1616 diaconia

284 1659 475 1717 sancti
508 1655 849 1730 Archangeli
881 1655 1016 1711 fecit
1045 1671 1318 1710 coranam
1351 1671 1421 1710 ex
1451 1659 1708 1727 argento,
1734 1671 1979 1728 pensau.
2003 1655 2184 1711 libras
2213 1673 2330 1712 sex.
2365 1657 2475 1712 Sed
2521 1660 2578 1712 et
2625 1655 2684 1711 in
2735 1655 3002 1712 diaconia
3031 1657 3216 1713 sancti
3249 1657 3548 1714 Eustachii

172 1758 245 1816 40
286 1756 559 1814 similiter
587 1754 742 1821 fecit,
765 1769 1008 1826 pensau.
1033 1751 1215 1808 libras
1245 1769 1344 1807 sex
1373 1755 1429 1807 et
1458 1752 1660 1808 uncias
1692 1753 1970 1825 quinque.
1995 1753 2064 1808 Et
2093 1753 2152 1808 in
2184 1753 2453 1809 diaconia
2482 1759 2696 1810 sancta:
2729 1754 2938 1820 Luciaa,
2962 1772 3088 1827 quae
3120 1755 3357 1828 ponitur
3377 1758 3551 1829 juxta

282 1854 534 1927 Orphea,
555 1851 680 1925 pari
712 1851 882 1906 modo
913 1848 1048 1905 fecit
1079 1865 1352 1905 coronam
1385 1865 1452 1904 ex
1482 1853 1742 1922 argento,
1767 1866 2011 1923 pensau.
2037 1849 2217 1907 libras
2248 1867 2348 1907 sex
2385 1855 2443 1906 et
2474 1850 2678 1907 uncias
2717 1852 2883 1908 duas.
2910 1853 3214 1926 Simulque
3242 1858 3300 1910 et
3326 1853 3387 1911 in
3419 1856 3548 1912 dia-

280 1952 451 2009 conia
480 1949 632 2007 beati
661 1949 778 2004 Viti
811 1947 1106 2021 martyris,
1134 1964 1259 2020 quae
1293 1946 1530 2019 ponitur
1559 1947 1617 2002 in
1651 1947 1912 2015 Macello,
1939 1947 2073 2004 fecit
2099 1965 2372 2004 coronam
2405 1966 2473 2004 ex
2505 1953 2767 2022 argento,
2804 1967 3048 2023 pensau.
3071 1951 3250 2009 libras
3281 1971 3399 2011 sex.
3425 1955 3548 2012 Imo

279 2054 337 2106 et
365 2048 426 2105 in
457 2047 726 2104 diaconia
755 2050 966 2102 sancta:
996 2045 1233 2119 Agathe:
1255 2043 1524 2100 similiter
1545 2045 1676 2100 fecit
1698 2061 1971 2108 coronam
2003 2063 2071 2102 ex
2101 2050 2360 2118 argento,
2385 2063 2628 2118 pensau.
2654 2047 2834 2103 libras
2861 2049 3141 2122 quinque.
3167 2051 3324 2108 Fecit
3352 2058 3547 2109 autem

277 2151 335 2204 et
363 2147 424 2202 in
457 2145 725 2202 diaconia
752 2142 938 2200 sancti
963 2141 1244 2208 Silvestri,
1270 2159 1397 2214 quae
1431 2141 1670 2214 ponitur
1717 2143 1890 2214 juxta
1934 2145 2170 2200 beatum
2227 2145 2461 2200 Petrum
2493 2144 2846 2216 apostolum,
2870 2163 3143 2203 coronam
3189 2153 3549 2221 argenteam,

170 2248 240 2303 15
281 2262 525 2318 pensau.
559 2243 740 2298 libras
770 2244 1040 2314 quatuor.
1062 2238 1459 2294 Verumetiam
1492 2242 1548 2293 et
1579 2238 1636 2293 in
1659 2238 1926 2296 diaconia
1946 2241 2132 2296 sancti
2161 2241 2417 2308 Martini,
2443 2258 2571 2314 quis
2602 2242 2843 2314 ponitur
2863 2243 3032 2314 juxta
3051 2245 3288 2301 beatum
3315 2247 3549 2305 Petrum

281 2340 636 2416 apostolum,
666 2339 855 2395 instar
883 2336 1017 2394 fecit
1047 2353 1320 2393 coronam
1362 2353 1430 2392 ex
1474 2340 1737 2409 argento,
1771 2354 2013 2410 pensau.
2048 2338 2231 2395 libras
2262 2338 2522 2411 quinque
2553 2343 2611 2394 et
2639 2339 2846 2396 uncias
2876 2345 3016 2398 tres.
3053 2342 3175 2398 Imo
3202 2347 3261 2399 et
3292 2343 3350 2399 in
3379 2344 3553 2402 titulo

199 2438 202 2440 ’
281 2444 620 2498 sanctorum
653 2435 914 2494 Silvestri
944 2440 1002 2493 et
1032 2434 1290 2504 Martini,
1315 2434 1414 2507 qui
1445 2433 1684 2508 ponitur
1704 2435 1878 2506 juxta
1906 2435 2159 2508 Orphea,
2193 2453 2468 2493 coronam
2499 2453 2568 2492 ex
2595 2441 2857 2510 argento,
2883 2455 3126 2511 pensau.
3161 2439 3343 2498 libras
3371 2459 3472 2500 sex
3499 2447 3557 2501 et

282 2537 490 2594 uncias
521 2537 688 2592 duas.

355 2633 508 2691 405
543 2634 672 2706 Ipse
699 2649 834 2689 vero
865 2649 898 2687 a
927 2631 1042 2688 Deo
1075 2634 1372 2703 protectus
1403 2634 1460 2685 et
1490 2630 1806 2704 praeclarus
1835 2630 2095 2702 pontifex
2124 2630 2260 2685 fecit
2289 2630 2347 2685 in
2382 2631 2734 2689 monasterio
2765 2632 2953 2690 sancti
2986 2634 3150 2692 Saba
3182 2652 3454 2695 coronam
3486 2654 3557 2697 ex

287 2736 552 2806 argento,
575 2748 816 2804 pensau.
841 2729 1022 2785 libras
1051 2731 1085 2784 8
1114 2732 1172 2784 et
1203 2727 1404 2784 uncias
1430 2728 1656 2810 decem.
1680 2727 2076 2784 Verumetiam
2107 2732 2164 2784 et
2193 2729 2251 2782 in
2284 2730 2639 2785 monasterio
2669 2729 2820 2786 beati
2844 2731 3138 2788 Anastasii
3161 2734 3433 2806 martyris
3462 2753 3556 2793 eo-

287 2831 420 2886 dem
452 2829 626 2885 modo
659 2827 792 2884 fecit
820 2843 1093 2883 coronam
1125 2843 1194 2881 ex
1223 2830 1484 2898 argento,
1508 2843 1752 2899 pensan.
1776 2825 1957 2881 libras
1980 2829 2109 2881 octo
2134 2829 2191 2880 et
2214 2825 2418 2882 uncias
2441 2831 2694 2899 quatuor
2712 2831 2769 2884 et
2792 2828 2991 2884 semis.
3019 2829 3131 2886 Sed
3161 2834 3219 2886 et
3249 2830 3310 2886 in
3343 2847 3551 2889 mona-

284 2927 462 2984 sterio
497 2924 680 2982 sancti
715 2926 970 2994 Andrea,
1005 2923 1160 2996 quod
1194 2923 1431 2996 ponitur
1461 2924 1518 2978 in
1551 2923 1740 2979 clibus
1788 2922 1970 2993 cauri,
2001 2921 2272 2979 similiter
2315 2922 2448 2980 fecit
2494 2940 2768 2980 coronam
2799 2941 2867 2981 ex
2896 2930 3134 2998 argento
3181 2944 3350 3000 puro,
3381 2945 3547 3002 pens.

203 3027 243 3082 5
283 3025 464 3081 libras
495 3024 772 3096 quinque.
804 3024 875 3078 Et
902 3022 960 3077 in
993 3021 1346 3077 monasterio
1392 3021 1571 3076 beata:
1602 3021 1837 3095 Agathe
1879 3020 2173 3093 martyris,
2207 3021 2361 3092 quod
2411 3020 2646 3094 ponitur
2693 3039 2870 3094 super
2900 3023 3246 3091 Suburram,
3279 3025 3552 3083 similiter

281 3122 436 3178 fecit.
462 3121 695 3176 Necnon
728 3124 786 3175 et
818 3120 875 3174 in
904 3117 1260 3175 monasterio
1284 3119 1468 3174 sancti
1492 3117 1740 3186 Erasmi,
1765 3119 1919 3190 quod
1944 3118 2182 3190 ponitur
2208 3117 2268 3173 in
2297 3117 2470 3174 Caelio
2503 3123 2718 3182 monte,
2747 3119 2881 3175 fecit
2899 3136 3175 3177 coronam
3195 3139 3264 3178 ex
3285 3128 3545 3196 argento,

278 3236 523 3292 pensan.
557 3217 739 3273 libras
770 3218 803 3272 4
830 3221 887 3272 et
916 3216 1122 3272 uncias
1153 3216 1322 3271 duas.
1357 3215 1546 3271 Simili
1595 3216 1768 3272 modo
1799 3220 1856 3270 et
1887 3215 1945 3270 in
1997 3214 2351 3271 monasterio
2383 3216 2568 3272 sancti
2601 3215 2860 3272 Silvestri
2907 3235 3180 3274 coronam
3210 3236 3279 3276 ex
3308 3225 3548 3293 argento

277 3333 525 3389 pensau.
546 3313 730 3370 libras
749 3316 803 3382 6,
831 3313 1034 3369 uncias
1057 3317 1192 3369 tres.
1229 3314 1296 3368 Et
1328 3313 1386 3367 in
1421 3311 1773 3368 monasterio
1797 3311 1950 3368 beati
1974 3311 2269 3367 Laurentii
2302 3313 2594 3385 martyris,
2619 3313 2719 3385 qui
2740 3313 3068 3387 appellatur
3088 3316 3384 3386 Pallacini,
3411 3318 3550 3375 fecit

277 3411 603 3469 canistrum
636 3413 708 3467 de
738 3413 1000 3483 argento,
1020 3427 1185 3482 pens.
1210 3409 1392 3465 libras
1421 3413 1456 3465 2
1495 3412 1552 3465 et
1581 3409 1785 3466 uncias
1816 3412 2058 3480 septem.
2084 3407 2390 3465 Enimvero
2421 3414 2477 3465 et
2509 3409 2567 3464 in
2601 3411 2954 3468 monasterio
3002 3413 3190 3470 sancti
3238 3414 3547 3483 Pancratii,

171 3510 240 3566 10
279 3509 436 3582 quod
471 3505 708 3580 ponitur
729 3507 901 3578 juxta
931 3504 1233 3562 basilicam
1266 3503 1603 3571 Salvatoris,
1635 3506 1772 3561 fecit
1817 3522 2089 3560 coronam
2136 3506 2205 3560 de
2237 3511 2496 3579 argento,
2531 3524 2774 3579 pensau.
2799 3508 3036 3566 librasS
3064 3515 3121 3567 et
3165 3512 3364 3569 semis.
3394 3512 3551 3570 Fecit

276 3609 475 3662 autem
505 3609 563 3660 et
592 3605 650 3660 in
682 3602 1035 3659 monasterio
1066 3606 1402 3658 sanctorum
1431 3603 1670 3658 Andreae
1691 3608 1747 3658 et
1767 3601 2194 3672 Bartholomzsi,
2219 3605 2372 3675 quod
2402 3604 2730 3676 appellatur
2755 3606 2990 3675 Honori,
3013 3607 3339 3666 canistrum
3375 3628 3444 3667 ex
3465 3627 3552 3666 αι·-

281 3706 481 3776 gente,
503 3717 746 3774 pensau.
771 3699 952 3756 libras
975 3704 1112 3756 tres.
1137 3699 1207 3754 Et
1237 3699 1296 3755 in
1331 3700 1683 3756 monasterio
1715 3700 1902 3756 sancti
1935 3699 2238 3772 Stephani,
2273 3701 2426 3773 quod
2468 3701 2706 3772 ponitur
2740 3703 2912 3773 juxta
2941 3703 3264 3774 Lateranis,
3289 3706 3424 3762 fecit
3453 3723 3548 3763 ca-

284 3800 538 3855 nistrum
572 3798 642 3854 de
673 3802 931 3871 argento,
954 3813 1197 3869 pensau.
1225 3795 1406 3852 libras
1437 3796 1605 3852 duas.
1629 3795 1932 3867 Simulque
1962 3800 2019 3851 et
2048 3795 2107 3850 in
2142 3797 2494 3853 monasterio
2525 3797 2714 3870 ipsius
2741 3798 2916 3870 primi
2938 3801 3212 3874 martyris
3243 3802 3548 3874 Stephani,

284 3898 444 3970 quod
476 3895 712 3968 ponitur
741 3895 814 3951 ad
846 3894 1082 3950 beatum
1114 3893 1350 3948 Petrum
1380 3892 1733 3965 apostolum,
1759 3891 1893 3947 fecit
1923 3893 2245 3948 canistrum
2277 3911 2347 3950 ex
2376 3899 2633 3967 argento,
2661 3912 2904 3966 pensan.
2928 3896 3108 3952 libras
3127 3901 3247 3954 tres
3267 3902 3324 3954 et
3343 3898 3545 3956 semis.

175 3995 248 4053 15
285 3995 416 4066 Ipse
445 4009 577 4048 vero
609 3991 900 4048 almiﬁcus
932 3989 1144 4064 praesul
1169 3989 1302 4046 fecit
1330 3989 1388 4044 in
1417 3989 1769 4045 monasterio
1792 3994 2128 4045 sanctorum
2159 3991 2405 4048 Joannis
2435 3995 2492 4048 et
2521 3991 2704 4058 Pauli,
2728 3992 2828 4065 qui
2859 3993 3098 4064 ponitur
3109 3993 3280 4064 juxta
3310 3993 3547 4051 beatum

253 4107 257 4111 λ
290 4093 522 4148 Petrum
554 4088 904 4162 apostolum,
930 4088 1252 4144 canistrum
1283 4104 1351 4142 ex
1377 4090 1638 4158 argento,
1663 4103 1904 4157 pensau.
1930 4085 2110 4142 libras
2142 4095 2275 4144 tres.
2304 4088 2433 4144 Pari
2467 4089 2638 4145 modo
2666 4089 2800 4144 fecit
2819 4094 2876 4145 et
2903 4089 2962 4144 in
2985 4090 3338 4146 monasterio
3360 4092 3549 4148 sancti

285 4187 545 4253 Martini,
570 4187 723 4258 quod
755 4184 991 4259 ponitur
1021 4189 1086 4240 ut
1114 4202 1312 4257 supra,
1337 4183 1683 4251 canistrum,
1709 4199 1951 4255 pensau.
1985 4182 2165 4238 libras
2198 4193 2450 4256 quatuor
2497 4190 2552 4242 et
2595 4187 2800 4242 uncias
2832 4187 2998 4242 duas.
3024 4187 3135 4244 Sed
3169 4191 3225 4243 et
3253 4188 3312 4243 in
3345 4206 3549 4246 mona-

285 4285 464 4342 sterio
496 4284 682 4339 sancti
714 4283 1014 4356 Stephani,
1043 4282 1142 4338 ubi
1187 4298 1386 4353 supra,
1407 4281 1562 4353 quod
1590 4278 1916 4352 appellatur
1945 4279 2240 4353 Catagalla
2270 4283 2530 4351 Patritia,
2567 4285 2688 4357 pari
2742 4286 2913 4341 modo
2960 4284 3096 4341 fecit
3125 4283 3449 4342 canistrum
3480 4303 3552 4343 ex

286 4387 549 4455 argento,
583 4398 825 4453 pensau.
857 4379 1037 4436 libras
1085 4381 1233 4435 duas
1263 4383 1321 4434 et
1349 4377 1544 4434 semis.
1582 4376 1885 4448 Simulque
1913 4381 1969 4432 et
1999 4376 2059 4432 in
2094 4380 2446 4436 monasterio
2478 4382 2664 4438 sancti
2698 4381 2950 4451 Caesarii,
2985 4384 3138 4456 quod
3190 4383 3426 4457 ponitur
3474 4386 3549 4442 ad

173 4482 248 4536 20
285 4481 525 4536 beatum
559 4477 805 4533 Paulum
837 4477 1186 4550 apostolum,
1210 4475 1398 4532 instar
1427 4475 1558 4531 fecit
1589 4475 1914 4530 canistrum
1954 4491 2022 4530 ex
2065 4481 2322 4547 argento,
2358 4494 2601 4549 pensau.
2635 4479 2816 4537 libras
2847 4485 2982 4538 tres.
3007 4481 3077 4536 Et
3107 4481 3167 4537 in
3197 4481 3551 4540 monasterio

288 4576 479 4632 sancti
510 4575 812 4647 Stephani,
846 4574 946 4630 ubi
980 4592 1178 4646 supra,
1214 4573 1346 4629 fecit
1388 4573 1729 4639 canistrum,
1764 4589 2004 4644 pensau.
2037 4571 2218 4628 libras
2259 4573 2426 4629 duas.
2462 4575 2582 4631 Imo
2615 4581 2671 4632 et
2703 4577 2762 4633 in
2809 4579 3162 4636 monasterio
3211 4584 3551 4636 sanctorum

287 4663 511 4730 Cos'mae
541 4677 598 4728 et
623 4671 909 4740 Damiani,
932 4672 1088 4744 quod
1120 4671 1357 4744 ponitur
1377 4673 1547 4743 juxta
1580 4671 1836 4742 Presepe
1871 4668 2002 4725 t'ecit
2041 4667 2364 4724 canistrum
2413 4687 2482 4726 ex
2531 4680 2790 4745 argento,
2829 4693 3073 4748 pensau.
3106 4677 3288 4736 libras
3319 4679 3466 4735 duas
3496 4683 3557 4735 et

290 4771 500 4828 uncias
529 4770 695 4826 duas.
719 4769 911 4826 Simili
941 4771 1112 4826 modo
1136 4770 1271 4824 fecit
1291 4770 1347 4824 in
1375 4767 1729 4824 monasterio
1751 4767 1937 4823 sancti
1958 4766 2383 4838 Andreae,quod
2406 4768 2732 4840 appellatur
2755 4773 2948 4830 Massa
2966 4775 3556 4842 Juliana,canistrum

293 4885 364 4924 ex
395 4872 655 4940 argento,
677 4883 917 4940 pensau.
943 4866 1125 4922 libras
1147 4867 1314 4922 duas.
1339 4866 1571 4922 Necnon
1603 4869 1660 4920 et
1690 4865 1747 4920 in
1781 4863 2132 4920 monasterio
2153 4863 2338 4919 sancti
2358 4865 2618 4932 Adriani,
2644 4869 2798 4938 quod
2821 4871 3062 4941 ponitur
3084 4875 3253 4944 juxta
3273 4874 3557 4948 Praesepe,

173 4969 250 5024 25
288 4966 480 5021 instar
509 4964 644 5020 fecit
661 4963 1005 5032 canistrum,
1031 4980 1194 5036 pens.
1217 4963 1398 5019 libras
1420 4963 1588 5018 duas.
1612 4963 1682 5017 Et
1711 4962 1769 5016 in
1794 4961 2144 5017 monasterio
2165 4961 2350 5017 sancti
2373 4961 2660 5030 Cassiani,
2683 4968 2837 5036 quod
2867 4969 3106 5039 ponitur
3125 4972 3299 5041 juxta
3321 4974 3560 5032 beatum

293 5061 695 5119 Laurentium.
727 5065 1044 5134 martyrem
1075 5060 1216 5116 foris
1249 5074 1505 5125 murum,
1543 5059 1675 5115 fecit
1705 5059 2027 5114 canistrum
2061 5076 2129 5114 ex
2158 5063 2416 5132 argento,
2454 5077 2694 5131 pensau.
2726 5061 2906 5119 libras
2936 5066 3104 5123 duas.

368 5161 524 5216 406
555 5157 710 5215 Fecit
750 5163 946 5215 autem
978 5159 1036 5213 in
1070 5157 1421 5214 monasterio
1474 5157 1661 5212 sancti
1709 5157 2010 5229 Stephani,
2045 5157 2146 5228 qui
2176 5157 2413 5228 ponitur
2442 5157 2540 5212 ubi
2572 5175 2772 5230 supra,
2806 5161 3130 5220 canistrum
3178 5183 3247 5222 ex
3295 5175 3562 5242 argento,

296 5274 541 5332 pensan.
565 5256 747 5313 libras
776 5257 924 5312 duas
943 5261 1002 5313 et
1032 5255 1228 5311 semis.
1251 5254 1649 5311 Verumetiam
1681 5260 1737 5310 et
1763 5254 2424 5310 iu'monasteriosancti
2449 5255 2707 5323 Victorii,
2735 5260 2890 5329 quod
2923 5260 3160 5332 ponitur
3182 5264 3256 5319 ad
3287 5271 3562 5326 sanctum

296 5353 692 5421 Pancratium,
720 5353 854 5409 fecit
875 5354 1196 5409 canistrum
1223 5370 1292 5408 ex
1312 5356 1572 5424 argento,
1598 5368 1840 5423 pensau.
1866 5351 2047 5408 libras
2075 5353 2223 5408 duas
2245 5357 2303 5408 et
2324 5353 2527 5409 uncias
2550 5359 2792 5427 septem.
2819 5358 2887 5412 Et
2915 5357 2973 5412 in
2998 5362 3351 5418 monasterio
3373 5368 3564 5422 sancti

297 5452 657 5526 Chrysogoni
680 5451 950 5507 similiter
972 5451 1106 5507 fecit
1127 5451 1473 5518 canistrum,
1495 5467 1736 5522 pensau.
1759 5449 1938 5506 libras
1959 5456 2093 5508 tres.
2122 5452 2249 5524 Ipse
2268 5469 2400 5508 vero
2422 5453 2711 5510 almiﬁcus
2733 5456 2942 5528 praesul
2967 5457 3102 5513 fecit
3124 5458 3182 5514 in
3208 5464 3566 5521 monasterio

222 5545 261 5608 5
299 5555 517 5608 sanctae
549 5549 762 5616 Mariae,
787 5549 940 5620 quod
976 5547 1304 5620 appellatur
1337 5547 1644 5612 Ambrosii,
1672 5547 1993 5603 canistrum
2021 5566 2088 5602 ex
2119 5555 2377 5622 argento,
2404 5569 2568 5622 pons.
2593 5552 2771 5610 libras
2804 5555 2969 5611 duas.
2996 5557 3123 5612 Pari
3151 5559 3323 5615 modo
3354 5559 3488 5617 fecit
3509 5567 3570 5620 et

300 5647 362 5703 in
393 5644 748 5702 monasterio
781 5649 993 5699 sanctae
1026 5644 1240 5709 Mariae,
1270 5645 1424 5715 quod
1456 5643 1786 5714 appellatur
1814 5644 2002 5710 Juliae,
2039 5651 2099 5699 ut
2146 5663 2336 5718 sapra.
2372 5649 2484 5703 Sed
2518 5656 2574 5706 et
2612 5650 2669 5707 in
2705 5655 3055 5712 monasterio
3085 5659 3270 5714 sancti
3302 5662 3569 5736 Andreas,

305 5745 463 5818 quod
493 5743 734 5817 ponitur
755 5742 928 5813 juxta
943 5740 1260 5837 basilicam
1292 5739 1711 5812 apostolorum,
1749 5741 1882 5796 fecit
1928 5740 2218 5798 similiter.
2253 5744 2560 5820 Simulque
2591 5755 2646 5806 et
2674 5751 2732 5807 in
2765 5754 3015 5811 oratorio
3044 5758 3232 5814 sancti
3264 5759 3570 5837 Stephani,

309 5841 465 5915 quod
498 5838 735 5913 ponitur
763 5837 823 5892 in
852 5835 1083 5903 Dulciti,
1110 5837 1242 5892 fecit
1273 5836 1593 5892 canistrum
1625 5854 1694 5892 ex
1725 5843 1987 5910 argento,
2012 5855 2255 5909 pensau.
2280 5840 2460 5898 libras
2483 5847 2630 5903 duas
2652 5854 2708 5904 et
2729 5854 2932 5910 uncias
2962 5858 3239 5934 quinque.
3264 5835 3572 5927 Enimvero

313 5941 371 5998 et
398 5938 459 5999 in
491 5935 747 5998 oratorio
770 5937 1105 5993 sanctorum
1125 5933 1309 6007 Sergii
1339 5937 1396 5990 et
1417 5933 1645 6003 Bacchi,
1671 5935 1770 6007 qui
1793 5933 2029 6008 ponitur
2057 5935 2117 5992 in
2149 5936 2446 6012 Callinico,
2471 5943 2744 6006 similiter
2765 5951 2900 6011 fecit
2923 5933 3267 6022 canistrum.
3289 5963 3412 6024 Imo
3431 5970 3493 6028 et
3509 5968 3572 6030 in
