3934 6202
328 209 487 272 1235
1479 210 1881 273 ANASTASll

2206 210 2588 274 THECARII.
3350 198 3361 203 “
3584 215 3759 281 1236

364 342 433 398 10
471 339 825 397 monasterio
858 341 1045 397 sancti
1075 341 1326 415 Agapiti,
1351 343 1506 414 quod
1538 342 1774 414 ponitur
1794 341 1966 414 juxta
1987 340 2224 398 titulum
2245 342 2688 410 Eudoxiee,fecit
2711 342 2986 401 similiter
3008 343 3334 403 canistrum
3365 352 3752 422 argenteum,

469 442 525 495 et
556 439 753 495 semis.
781 439 969 495 Simili
997 440 1170 495 modo
1200 445 1256 495 et
1287 440 1344 495 in
1369 439 1618 495 oratorio
1641 445 1852 495 sancta:
1874 440 2133 513 Agnetis,
2159 441 2312 513 quod
2347 441 2584 513 ponitur
2603 442 2662 497 in
2684 441 3060 510 monasterio,
3084 444 3241 517 quod
3264 443 3601 518 appellatur
3619 447 3756 504 Duo

468 537 682 605 Furna,
708 536 845 592 fecit
874 538 1196 593 canistrum
1230 554 1297 592 ex
1328 542 1589 609 argento,
1616 555 1780 609 pens.
1813 537 1995 592 libras
2024 538 2172 592 duas
2194 543 2250 593 et
2270 537 2474 594 uncias
2504 543 2651 595 octo.
2677 539 2912 595 Necnon
2934 544 2992 596 et
3021 540 3081 596 in
3111 543 3362 599 oratorio
3393 544 3584 600 sancti
3604 544 3756 613 Viti,

469 634 624 707 quod
656 634 893 707 ponitur
922 634 981 690 in
1014 634 1391 705 monasterio,
1426 635 1581 707 quod
1629 633 1959 707 appellatur
1988 635 2058 689 de
2090 635 2325 703 Sardas,
2362 635 2498 691 fecit
2529 635 2851 693 canistrum
2882 654 2951 693 ex
2990 642 3252 712 argento,
3286 656 3531 712 pensan,
3562 641 3759 700 libras

470 737 609 789 tres.
642 734 712 788 Et
740 733 798 787 in
833 731 1186 788 monasterio
1214 736 1427 787 sanctae
1455 731 1707 787 Vivianae
1739 730 2013 788 similiter
2042 731 2179 787 fecit
2208 732 2529 789 canistrum
2560 750 2629 789 ex
2659 739 2918 807 argento,
2951 752 3117 808 pens.
3157 736 3338 794 libras
3368 739 3517 796 duas
3547 743 3607 797 et
3636 759 3760 798 un-

367 832 436 887 15
473 830 595 887 cias
625 847 853 887 novem.
881 830 1036 887 Fecit
1065 834 1259 886 autem
1289 832 1349 887 et
1379 830 1435 885 in
1468 830 1721 885 oratorio
1754 833 1967 885 sanctae
1999 828 2207 899 Luciae,
2233 831 2389 903 quod
2420 831 2659 904 ponitur
2696 832 2757 888 in
2802 834 3158 892 monasterio
3187 836 3259 893 de
3288 836 3519 909 Renati,
3546 840 3760 897 canis-

472 933 631 986 trum
663 946 730 985 ex
761 933 1019 1001 argento,
1054 946 1217 1001 pens.
1249 927 1430 983 libras
1463 928 1630 983 duas.

545 1030 693 1084 401
727 1026 1122 1083 Verumctiam
1154 1030 1211 1081 et
1241 1025 1299 1080 in
1331 1026 1580 1081 oratorio
1608 1030 1821 1081 sanctae
1855 1026 2069 1093 Mariae,
2103 1026 2257 1098 quod
2290 1027 2529 1100 ponitur
2559 1027 2619 1082 in
2652 1028 3006 1085 monasterio
3039 1030 3362 1101 Michaelis,
3386 1032 3576 1091 instar
3604 1037 3757 1093 fecit

473 1125 796 1183 canistrum
828 1142 895 1180 ex
925 1128 1183 1196 argento,
1209 1140 1452 1196 pensan.
1480 1122 1659 1180 libras
1691 1124 1838 1179 duas
1860 1128 1917 1178 et
1939 1123 2143 1179 uncias
2174 1124 2344 1179 duas.
2368 1125 2439 1180 Et
2468 1125 2527 1180 in
2552 1126 2905 1183 monasterio
2928 1127 3115 1185 sancti
3136 1129 3321 1204 Sergii
3340 1132 3544 1189 eodem
3569 1135 3757 1192 modo

472 1224 609 1280 fecit
636 1222 958 1280 canistrum
989 1239 1058 1278 ex
1086 1225 1346 1294 argento,
1372 1238 1615 1293 pensan.
1650 1220 1831 1276 libras
1862 1227 1999 1276 tres.
2024 1221 2154 1293 Ipse
2183 1238 2316 1278 vero
2347 1221 2638 1278 almiﬁcus
2667 1223 2881 1297 praesul
2911 1230 2968 1281 et
2997 1226 3057 1281 in
3084 1228 3335 1285 oratorio
3358 1234 3575 1286 sach
3593 1233 3757 1305 Aga-

472 1323 607 1390 thze,
636 1321 790 1394 quod
821 1320 1061 1393 ponitur
1092 1319 1151 1374 in
1186 1318 1541 1375 monasterio
1571 1317 1726 1390 apud
1757 1317 1961 1386 Africi,
1992 1319 2315 1374 canistrum
2347 1336 2415 1375 ex
2445 1326 2705 1393 argento,
2730 1338 2987 1394 pensans
3028 1322 3208 1381 libras
3238 1328 3377 1382 tres.
3411 1326 3540 1383 Pari
3571 1330 3757 1385 modo

398 1420 435 1476 5
474 1419 607 1476 fecit
637 1423 694 1475 et
724 1418 782 1474 in
815 1418 1168 1473 monasterio
1200 1420 1539 1472 sanctorum
1569 1414 1903 1487 Euphemiaa
1933 1418 1992 1471 et
2018 1415 2388 1489 Archangeli,
2411 1419 2566 1491 quod
2597 1419 2838 1491 ponitur
2858 1421 3031 1493 juxta
3058 1421 3299 1479 titulum
3329 1424 3633 1498 Pudentis,
3659 1443 3761 1483 ca-

472 1517 727 1573 nistrum
758 1533 827 1572 ex
856 1520 1116 1589 argento,
1142 1531 1383 1588 pensan.
1407 1512 1589 1569 libras
1620 1512 1900 1585 quinque.
1925 1513 2036 1569 Sed
2070 1517 2128 1569 et
2157 1513 2217 1569 in
2252 1514 2606 1572 monasterio
2634 1516 2823 1572 sancti
2846 1517 3056 1574 Isidori
3082 1518 3264 1576 simili
3291 1522 3463 1578 modo
3493 1522 3634 1579 fecit
3661 1540 3762 1580 ca-

471 1615 747 1671 nistrum.
772 1612 1075 1685 Simulque
1099 1616 1157 1668 et
1184 1611 1244 1667 in
1275 1610 1527 1667 oratorio
1549 1614 1761 1667 sancta:
1781 1609 2039 1682 Agathm,
2056 1611 2211 1683 quod
2233 1611 2471 1683 ponitur
2490 1611 2549 1667 in
2572 1615 2926 1672 monasterio
2948 1616 3239 1689 Tempuli,
3259 1617 3397 1674 fecit
3416 1620 3755 1677 canistrum

473 1710 762 1768 similiter.
788 1711 858 1766 Et
877 1709 938 1764 in
961 1708 1213 1765 oratorio
1244 1707 1431 1763 sancti
1453 1706 1707 1773 Ctesarii,
1723 1707 1875 1778 quod
1900 1705 2139 1779 ponitur
2156 1705 2217 1762 in
2240 1708 2596 1765 monasterio
2617 1710 2688 1766 de
2706 1709 2933 1778 Corsas,
2958 1711 3232 1769 similiter
3251 1714 3388 1770 fecit
3412 1717 3755 1775 canistrum

471 1825 715 1882 pensan.
746 1806 928 1863 libras
949 1806 1099 1862 duas
1123 1809 1181 1861 et
1211 1804 1414 1860 uncias
1435 1807 1574 1860 tres.
1598 1803 1907 1859 Enimvero
1937 1807 1994 1859 et
2013 1803 2073 1858 in
2098 1805 2454 1861 monasterio
2482 1805 2667 1862 sancti
2691 1807 2950 1864 Semitrii
2971 1809 3106 1865 fecit
3125 1809 3400 1868 similiter
3416 1813 3754 1872 canistrum

366 1907 436 1962 10
473 1909 837 1979 argenteum.
864 1905 986 1960 lmo
1019 1907 1077 1959 et
1106 1902 1166 1958 in
1198 1901 1382 1959 oratio
1404 1901 1627 1957 sandtaa
1657 1900 2042 1973 Mariaa,quod
2077 1901 2317 1974 ponitur
2343 1902 2403 1957 in
2435 1904 2792 1961 monasterio
2826 1906 3000 1978 Aquae
3030 1905 3255 1976 Salviae,
3286 1908 3421 1965 fecit
3448 1910 3752 1969 similiter.

472 2003 663 2061 Simili
684 2003 857 2060 modo
881 2001 1018 2058 fecit
1037 2005 1094 2057 et
1116 2000 1176 2057 in
1199 1998 1553 2057 monasterio
1575 1997 1762 2055 sancti
1785 1997 2016 2070 Donati,
2039 1999 2194 2071 quod
2215 1999 2455 2071 ponitur
2464 2000 2639 2072 juxta
2662 2001 2895 2058 titulum
2920 2009 3132 2059 sancta
3159 2004 3390 2074 Priscae,
3416 2007 3753 2065 canistrum

470 2119 538 2158 ex
569 2105 834 2174 argento,
858 2115 1101 2172 pensan.
1124 2098 1305 2154 libras
1329 2098 1476 2153 duas
1506 2100 1566 2151 et
1597 2095 1801 2151 uncias
1833 2094 2114 2169 quinque.
2137 2097 2207 2151 Et
2235 2096 2294 2151 in
2327 2099 2681 2154 monasterio
2723 2099 2911 2155 sancti
2941 2100 3206 2171 Joannis,
3229 2103 3387 2175 quod
3415 2105 3661 2177 ponitur
3687 2107 3753 2163 in

467 2197 770 2265 Aventino,
795 2196 983 2252 instar
1015 2196 1151 2253 fecit
1178 2194 1501 2251 canistrum
1530 2211 1598 2250 ex
1627 2198 1888 2267 argento,
1914 2210 2158 2266 pensan.
2182 2193 2365 2251 libras
2396 2196 2563 2252 duas.
2587 2197 2822 2252 Necnon
2845 2202 2903 2254 et
2934 2198 2993 2253 in
3016 2200 3267 2256 oratorio
3286 2207 3503 2258 sancte
3524 2203 3747 2271 Maria,

470 2295 625 2367 quod
658 2294 897 2367 ponitur
924 2293 985 2348 in
1016 2291 1370 2348 monasterio
1402 2292 1474 2347 de
1507 2292 1740 2357 Lutara,
1773 2290 1910 2347 fecit
1937 2291 2197 2347 canistra
2226 2308 2294 2348 ex
2320 2297 2581 2365 argento,
2615 2310 2859 2367 pensan.
2882 2293 3065 2352 libras
3094 2296 3241 2353 duas
3272 2302 3330 2354 et
3360 2300 3563 2357 semis.
3589 2302 3751 2358 Fecit

362 2393 434 2449 45
471 2395 668 2449 autem
698 2396 757 2448 et
786 2391 845 2446 in
878 2389 1234 2447 monasterio
1266 2387 1650 2456 Hierusalem,
1675 2388 1830 2461 quod
1875 2388 2114 2462 ponitur
2142 2389 2215 2446 ad
2249 2389 2483 2446 beatum
2535 2390 2767 2447 Petrum
2817 2391 3170 2466 apostolum,
3194 2395 3520 2454 canistrum
3553 2414 3623 2455 ex
3653 2416 3749 2456 ar-

472 2493 668 2563 gento,
700 2505 946 2562 pensan.
974 2487 1156 2543 libras
1187 2487 1354 2543 duas.

543 2588 699 2645 408
728 2586 947 2642 Verum
973 2586 1148 2641 etiam
1180 2588 1237 2640 et
1266 2584 1325 2639 in
1356 2583 1710 2640 monasterio
1736 2587 1950 2639 sanctae
1970 2583 2228 2657 Agnetis,
2254 2585 2410 2656 quod
2443 2585 2680 2658 ponitur
2707 2586 2848 2644 foris
2877 2592 3106 2661 portam
3128 2589 3586 2661 Numentanam,
3612 2594 3751 2651 fecit

475 2684 734 2742 canistra
753 2702 822 2741 ex
841 2687 1101 2757 argento,
1127 2699 1370 2756 pensan.
1394 2682 1576 2738 libras
1598 2681 1877 2754 quinque.
1900 2682 1971 2737 Et
1996 2681 2055 2736 in
2079 2683 2431 2739 monasterio
2454 2688 2667 2740 sanctae
2689 2686 2978 2759 Eugeniae,
3002 2688 3158 2760 quod
3190 2688 3429 2761 ponitur
3459 2691 3602 2748 foris
3622 2709 3750 2765 por-

474 2788 597 2840 tam
629 2782 918 2850 Latinam,
945 2782 1069 2853 pari
1102 2781 1276 2835 modo
1308 2779 1443 2835 fecit
1472 2779 1795 2835 canistrum
1820 2795 1896 2849 ex
1926 2783 2186 2852 argento,
2230 2797 2395 2853 pens.
2429 2779 2609 2838 libr'as
2642 2782 2921 2856 quinque.
2949 2785 3062 2841 Seu
3093 2788 3149 2841 et
3179 2785 3239 2841 in
3270 2788 3523 2845 oratorio
3556 2790 3745 2846 sancti

477 2879 760 2954 Gregorii,
786 2880 938 2952 quod
974 2878 1213 2951 ponitur
1239 2878 1297 2932 in
1330 2876 1546 2949 Campo
1579 2876 1803 2942 Martis,
1828 2876 1963 2932 fecit
1993 2875 2249 2934 canistra
2277 2896 2346 2935 ex
2384 2884 2648 2953 argento,
2680 2897 2924 2953 pensan.
2959 2880 3137 2939 libras
3166 2886 3302 2940 tres.
3338 2883 3468 2957 Ipse
3495 2904 3628 2944 vero
3659 2888 3750 2944 al-

406 2980 443 3035 5
480 2979 713 3034 milicus
742 2976 953 3050 praesul
987 2976 1123 3032 fecit
1152 2975 1213 3030 in
1244 2974 1416 3030 titulo
1446 2974 1625 3030 beate:
1655 2973 1883 3030 Sabinae
1913 2990 2188 3029 coronam
2220 2991 2289 3030 ex
2317 2981 2558 3049 argento
2588 2977 2928 3050 purissimo,
2952 2995 3195 3052 pensan.
3229 2980 3411 3038 libras
3440 2988 3587 3041 acto.
3616 2985 3747 3042 Pari

478 3077 651 3132 modo
684 3075 819 3132 fecit
847 3076 907 3130 in
938 3072 1205 3130 diaconia
1233 3076 1572 3129 sanctorum
1604 3070 1864 3128 Silvestri
1895 3075 1953 3127 et
1992 3071 2247 3141 Martini,
2272 3090 2399 3145 qua
2431 3073 2670 3147 ponitur
2701 3075 2875 3147 juxta
2902 3075 3212 3150 Orpheam,
3238 3095 3517 3137 coronam
3547 3099 3618 3138 ex
3648 3100 3749 3139 ar-

476 3178 674 3245 gento,
697 3189 941 3246 pensan.
965 3171 1146 3228 libras
1176 3188 1276 3226 sex
1296 3174 1352 3226 et
1382 3170 1588 3225 uncias
1618 3170 1784 3224 duas.
1811 3168 2045 3224 Necnon
2068 3172 2125 3226 ct
2154 3167 2212 3223 in
2244 3169 2495 3226 oratorio
2528 3176 2739 3227 sancta
2781 3172 2988 3242 Luciaa,
3008 3175 3165 3247 quod
3194 3176 3437 3248 ponitur
3464 3176 3523 3232 in
3557 3179 3749 3237 Xeno-

478 3271 707 3335 dochio,
734 3269 1004 3327 similiter
1027 3269 1164 3325 fecit
1189 3268 1511 3324 canistrum
1534 3284 1604 3323 ex
1633 3271 1894 3339 argento,
1918 3283 2162 3338 pensan.
2186 3265 2368 3323 libras
2399 3267 2545 3324 duas
2575 3274 2632 3325 et
2661 3269 2866 3327 uncias
2896 3276 3167 3344 quatuor.
3192 3273 3347 3330 Fecit
3370 3279 3570 3333 autem
3600 3282 3659 3334 et
3688 3276 3747 3333 in

478 3368 727 3423 oratorio
754 3367 941 3424 sancti
963 3366 1270 3439 Abbacyri,
1287 3366 1441 3438 quod
1475 3364 1714 3439 ponitur
1736 3362 1796 3419 in
1827 3362 2216 3432 Xenodochio,
2246 3364 2566 3421 canistrum
2589 3383 2658 3422 ex
2680 3371 2941 3441 argento,
2965 3385 3131 3442 pens.
3153 3369 3336 3428 libras
3359 3372 3531 3431 duas.
3556 3377 3750 3449 Atque

376 3466 441 3519 10
478 3465 536 3519 ἱη
569 3465 821 3519 oratorio
854 3469 1188 3519 sanctorum
1221 3463 1443 3519 Cosmaa
1474 3467 1532 3518 et
1560 3461 1853 3529 Damiani,
1884 3462 2038 3533 quod
2089 3461 2325 3533 ponitur
2375 3461 2434 3517 in
2484 3462 2876 3533 Xenodochio,
2908 3468 3064 3539 quod
3112 3467 3444 3542 appellatur
3473 3473 3751 3543 Tucium,

478 3560 666 3616 instar
696 3562 829 3616 fecit
858 3563 1180 3617 canistrum
1210 3577 1279 3616 ex
1309 3564 1567 3633 argento,
1601 3575 1846 3632 pensan.
1870 3558 2051 3615 libras
2081 3559 2229 3615 duas
2259 3564 2318 3615 et
2347 3559 2581 3616 unciam
2613 3578 2815 3619 unam.
2839 3562 3238 3623 Verumetiam
3285 3571 3343 3623 et
3388 3567 3452 3625 in
3496 3571 3753 3628 oratorio

481 3656 666 3713 sancti
700 3658 1183 3732 Peregrini,quod
1214 3657 1452 3730 ponitur
1482 3657 1539 3713 in
1572 3656 1844 3729 hospitali
1877 3656 2178 3713 Dominico
2213 3658 2285 3713 ad
2316 3657 2762 3730 Naumachiam,
2784 3661 2918 3717 fecit
2940 3662 3196 3721 canistra
3222 3681 3293 3721 ex
3320 3672 3585 3740 argento,
3606 3685 3755 3741 pen-

481 3773 607 3812 san.
634 3754 813 3811 libras
836 3755 1094 3829 quinque
1117 3760 1173 3811 et
1204 3756 1436 3811 unciam
1469 3772 1669 3810 unam.
1699 3754 1977 3811 Praefatus
1999 3771 2133 3811 vero
2154 3755 2414 3828 pontifex
2441 3754 2578 3811 fecit
2606 3755 2665 3812 in
2686 3756 2933 3816 basilica
2952 3759 3185 3817 Domini
3216 3762 3400 3819 nostri
3421 3763 3565 3822 Jesu
3590 3765 3759 3823 Chri-

481 3853 577 3922 sti,
601 3870 729 3925 quze
762 3854 1089 3927 appellatur
1117 3852 1622 3923 Constantiniana,
1655 3869 1832 3925 super
1860 3851 2043 3909 altare
2087 3854 2282 3925 majus
2319 3857 2510 3909 vestes
2541 3853 2946 3929 chrysoclavas
2975 3858 3153 3929 duas;
3184 3876 3254 3916 ex
3302 3860 3524 3934 quibus
3571 3880 3755 3921 unam

377 3954 445 4007 15
484 3950 796 4008 habentem
829 3951 1133 4008 historiam
1166 3950 1481 4007 Dominicaa
1513 3948 1976 4017 resurrectionis,
2001 3953 2057 4006 et
2087 3948 2263 4006 aliam
2294 3949 2604 4006 habentem
2635 3951 2943 4010 historiam
2962 3954 3201 4012 vivificaa
3229 3961 3409 4030 atque
3441 3960 3756 4018 adoranda:

482 4049 792 4106 Dominicae
824 4048 1034 4106 crucis.
1068 4048 1390 4104 Cantharos
1422 4066 1489 4103 ex
1519 4051 1757 4119 argento
1790 4045 2181 4102 mundissimo
2212 4051 2361 4115 octo,
2394 4064 2637 4120 pensan.
2673 4049 2852 4106 simul
2883 4050 3064 4109 libras
3091 4052 3297 4127 viginti
3324 4058 3384 4111 et
3412 4061 3665 4130 septem,
3696 4064 3758 4117 et

481 4145 683 4202 uncias
715 4164 834 4203 sex.
872 4146 1165 4204 Investivit
1196 4146 1293 4201 ubi
1327 4162 1507 4218 supra
1537 4161 1712 4217 rugas
1744 4149 1878 4199 ante
1918 4144 2250 4218 ingressum
2298 4143 2504 4201 altaris
2533 4162 2604 4202 ex
2630 4152 2870 4220 argento
2920 4149 3262 4221 purissimo,
3292 4168 3542 4224 pensan.
3571 4153 3760 4213 ﬁbras

479 4245 867 4318 quadraginta
900 4250 1028 4301 octo
1059 4249 1114 4300 et
1142 4244 1347 4299 uncias
1378 4248 1528 4298 octo.
1562 4242 1817 4297 Coronas
1847 4260 1913 4297 ex
1946 4247 2184 4315 argento
2232 4242 2573 4315 purissimo,
2614 4261 2860 4317 pensan.
2893 4245 3074 4304 libras
3103 4248 3431 4307 duocecim.
3463 4251 3623 4308 Fecit
3653 4253 3760 4310 ubi

478 4360 657 4415 supra
688 4344 757 4398 ad
794 4342 981 4398 fontes
1012 4342 1136 4397 vela
1185 4342 1317 4397 alba
1345 4339 1686 4406 holoserica,
1710 4345 1914 4399 ornata
1946 4339 2004 4394 in
2038 4339 2284 4395 circuitu
2331 4341 2402 4396 de
2453 4341 2716 4411 fundato,
2742 4347 2919 4416 atque
2965 4346 3331 4420 quadrapulo
3364 4365 3613 4406 numero
3647 4351 3756 4409 de-

365 4442 438 4497 20
476 4457 623 4496 cem.
649 4440 817 4495 Sarta
847 4443 999 4495 tecta
1025 4455 1159 4495 vero
1190 4438 1378 4511 ipsius
1409 4436 1686 4504 ecclesiae,
1711 4453 1845 4492 cum
1878 4436 2341 4509 quadriperticu,
2372 4437 2548 4493 simul
2601 4443 2660 4494 et
2707 4440 2779 4495 ad
2812 4440 3023 4510 fontes,
3055 4443 3275 4512 omnia,
3299 4448 3358 4500 et
3386 4444 3447 4500 in
3479 4446 3764 4504 omnibus

478 4538 702 4595 noviter
731 4536 1095 4593 restauravit.
1131 4535 1318 4593 Simul
1349 4539 1406 4591 et
1436 4535 1719 4591 fenestras
1748 4535 1818 4590 de
1848 4533 2053 4591 absida
2074 4551 2142 4590 ex
2159 4534 2308 4590 vitro
2337 4535 2581 4592 diversis
2604 4535 2897 4593 coloribus
2918 4539 3208 4597 conclusit
3236 4545 3415 4614 atque
3438 4544 3759 4602 decoravit.

475 4640 545 4694 Et
576 4637 724 4693 alias
754 4637 1038 4693 fenestras
1070 4633 1323 4691 basilicae
1355 4650 1424 4689 ex
1456 4632 1691 4689 metallo
1716 4631 1967 4705 Cyprino
1987 4631 2302 4705 reparavit;
2336 4637 2394 4688 et
2422 4631 2479 4687 in
2511 4633 2734 4706 gremio
2763 4634 3019 4693 basilicae
3048 4636 3185 4699 fecit
3211 4638 3470 4699 cortinas
3494 4642 3664 4712 duas,
3688 4659 3765 4700 ex

475 4734 693 4808 quibus
723 4751 842 4789 una
872 4734 1061 4806 major
1089 4731 1335 4787 fundata
1363 4729 1516 4796 alba,
1544 4734 1602 4786 et
1630 4728 1747 4786 alia
1777 4728 1970 4785 minor
2000 4728 2134 4785 alba
2164 4733 2377 4785 rosata.

546 4833 699 4888 409
732 4831 887 4888 Fecit
917 4834 1112 4886 autem
1143 4829 1331 4885 isdem
1363 4826 1575 4900 praesul
1604 4826 1663 4881 in
1698 4826 1939 4882 basilica
1965 4829 2177 4882 sanctae
2226 4826 2327 4882 Dei
2368 4826 2842 4901 Genitricis,qua3
2872 4830 3200 4904 appellatur
3228 4833 3300 4889 ad
3331 4833 3613 4908 Praesepe,
3643 4852 3746 4893 ro-

473 4934 599 4987 sata
630 4946 764 4984 cum
798 4927 1108 5001 periclysin
1137 4929 1208 4983 de
1232 4926 1496 4981 fundato.
1517 4924 1810 4980 Canthara
1829 4925 1899 4980 de
1930 4928 2169 4997 argento
2199 4922 2515 4996 purissimo
2543 4925 2679 4990 duo,
2704 4943 2948 4998 pensan.
2972 4927 3116 4985 inihi
3146 4928 3329 4985 libras
3356 4930 3561 5005 viginti
3591 4936 3737 4990 tres.

472 5027 787 5083 Columnas
809 5027 975 5092 duas,
1013 5043 1253 5097 pensan.
1278 5024 1461 5080 libras
1492 5021 1696 5095 viginti
1726 5027 1784 5077 et
1815 5039 2013 5088 unam,
2038 5025 2097 5077 et
2126 5020 2331 5078 uncias
2352 5021 2633 5094 quinque.
2660 5023 2903 5080 Crucem
2945 5041 3081 5081 cum
3111 5025 3370 5099 gabatha
3398 5043 3468 5084 ex
3500 5034 3745 5103 argento

472 5125 714 5193 mundo,
740 5140 981 5195 pensan.
1006 5123 1183 5178 simul
1211 5123 1390 5177 libras
1413 5121 1694 5194 quinque.
1721 5120 1783 5176 In
1814 5118 2084 5190 diaconia
2112 5136 2243 5175 vero
2275 5118 2461 5191 ipsius
2489 5118 2589 5175 Dei
2612 5119 3086 5195 Genitricis,quaz
3111 5121 3441 5197 appellatur
3466 5126 3745 5200 Antiqua,

397 5226 433 5281 5
471 5222 609 5279 fecit
640 5218 906 5275 tetravila
931 5218 1210 5292 alithyna,
1236 5225 1441 5275 ornata
1472 5218 1529 5273 in
1555 5218 1800 5274 circuitu
1842 5218 1913 5274 de
1961 5215 2309 5289 quadruplo.
2333 5217 2404 5271 Et
2431 5215 2490 5271 in
2512 5216 2763 5274 oratorio
2784 5218 2973 5275 sancti
2991 5220 3254 5290 Andreae,
3276 5221 3378 5277 ubi
3411 5239 3606 5295 supra,
3623 5224 3754 5282 vela

451 5323 568 5376 duo
600 5314 941 5378 holoserica,
965 5321 1170 5371 ornata
1200 5321 1263 5372 ut
1295 5333 1493 5390 supra.
1520 5316 1583 5371 In
1613 5315 1781 5371 titulo
1812 5315 1999 5388 ipsius
2019 5332 2152 5370 vero
2175 5314 2275 5370 Dei
2299 5313 2746 5387 Gcnitricis,qui
2777 5316 3105 5390 appellatur
3124 5317 3743 5385 Calixti,fecitvestem

468 5416 663 5473 albam
689 5410 1069 5470 holosericam
1091 5418 1368 5483 rosatam,
1394 5414 1703 5470 habentem
1730 5412 1787 5467 in
1823 5412 2012 5468 medio
2046 5409 2307 5468 tabulam
2329 5411 2400 5466 de
2423 5410 2818 5484 chrysoclavo,
2843 5430 2977 5469 cum
3008 5413 3254 5470 historia
3273 5417 3755 5488 prasentationis

466 5509 695 5570 Domini
731 5510 911 5565 nostri
936 5511 1076 5567 Jesu
1108 5510 1345 5579 Christi,
1368 5517 1424 5566 et
1451 5510 1637 5565 sancti
1668 5510 1979 5574 Simeonis,
2003 5526 2135 5565 cum
2167 5507 2435 5581 periclysi
2478 5508 2549 5564 de
2578 5508 2751 5581 tyrio.
2779 5510 3071 5566 Tetravila
3103 5511 3293 5568 rubea
3323 5513 3583 5588 alithyna
3612 5531 3760 5589 qua-

466 5617 619 5677 tuor,
644 5609 921 5666 habentia
950 5626 1151 5665 cruces
1182 5624 1316 5663 cum
1348 5607 1718 5681 gammadiis,
1744 5612 1800 5662 et
1830 5608 1887 5663 in
1921 5605 2166 5662 circuitu
2201 5604 2511 5679 periclysin
2543 5605 2615 5661 de
2657 5605 2828 5679 tyrio.
2850 5607 3062 5664 Velum
3096 5608 3314 5682 tyrium
3346 5613 3563 5683 majus,
3586 5614 3748 5685 quod

362 5706 428 5762 10
467 5709 678 5785 pendet
709 5710 843 5763 ante
874 5706 1213 5779 imaginem,
1242 5722 1375 5760 cum
1408 5702 1677 5776 periclysi
1708 5706 1779 5759 de
1810 5704 2018 5759 blatthi
2052 5720 2256 5759 unum.
2282 5701 2382 5758 Vel
2419 5701 2648 5758 modica
2686 5704 2869 5760 rubea
2910 5704 3195 5779 alithyna,
3219 5722 3354 5763 cum
3385 5712 3657 5766 staurace
3684 5710 3747 5767 in

463 5810 652 5866 medio
685 5822 929 5864 numero
958 5805 1092 5868 tria,
1116 5819 1243 5875 qua:
1275 5802 1531 5873 pendent
1551 5806 1683 5857 ante
1712 5801 1998 5873 imagines
2029 5805 2356 5872 argenteas,
2382 5815 2516 5854 cum
2548 5799 2814 5873 periclysi
2839 5801 2910 5857 de
2940 5801 3210 5860 blatthin.
3233 5804 3532 5863 Cortinam
3557 5807 3717 5879 majo

464 5923 587 5964 rem
616 5903 1003 5963 holosericam
1028 5902 1086 5956 in
1108 5899 1330 5972 gremio
1361 5896 1637 5963 basilicae,
1661 5898 2004 5963 unam,fecit
2021 5903 2079 5954 et
2101 5898 2387 5970 imagines
2408 5902 2717 5969 argenteas
2738 5899 3067 5957 deauratas.
3091 5901 3132 5958 E
3154 5901 3375 5975 quibus
3393 5919 3576 5961 unam
3596 5921 3737 5963 cum

467 6005 741 6078 gemmis,
761 6014 963 6058 arcum
985 5998 1325 6069 argenteum
1348 6008 1555 6062 unum,
1571 6009 1705 6050 cum
1728 5993 2075 6066 gammadiis
2098 5994 2244 6053 suis.
2260 5994 2449 6067 Supra
2464 5998 2753 6057 cerostata
2771 5997 3024 6071 pharum
3046 6016 3256 6074 unum,
3269 6000 3579 6064 thuribula
3597 6003 3742 6076 duo,
