3934 6202
345 248 502 309 1239
1511 249 1619 311 AN
1623 249 1893 314 ASTASI

2216 249 2587 314 THEGARII
3605 250 3769 313 ’1340

485 380 729 436 domum
754 397 856 452 pro
873 379 1156 438 subsidiis
1178 380 1386 437 Christi
1400 397 1724 454 pauperum
1739 385 1914 454 atque
1927 380 2368 454 peregrinorum
2381 379 2704 442 balneuma
2717 380 3120 442 fundamentis
3141 380 3388 440 mirifice
3399 382 3762 442 decoratum.

483 477 586 534 Hic
609 482 806 533 autem
839 477 1152 549 praeclarus
1175 477 1419 536 antistes
1452 477 1732 534 divinitus
1760 477 2081 552 inspiratus
2109 478 2456 550 hospitalem
2490 479 2658 538 beato
2681 479 2848 538 Petro
2870 479 3214 552 apostoloin
3236 479 3363 538 loco
3381 481 3486 553 qui
3500 481 3761 538 Namna-

482 573 614 634 ehia
643 573 857 630 dicitur
886 591 920 630 a
952 573 1351 632 fundamentis
1381 574 1605 630 noviter
1634 579 2000 644 construens,
2032 576 2264 632 diversa
2289 574 2406 632 illic
2438 576 2749 635 domorum
2780 575 3028 638 aediﬁcia
3058 576 3375 646 decoravit,
3393 581 3572 650 atque
3593 577 3769 636 eccle-

380 673 449 732 15
486 671 634 734 siam
667 671 726 728 in
742 671 1023 730 honorem
1045 671 1200 728 beati
1227 671 1378 728 Petri
1402 671 1684 744 principis
1705 672 2104 746 apostolorum
2126 689 2329 730 anovo
2349 673 2768 730 construxitJn
2791 689 2911 746 qua
2930 673 3108 734 etiam
3135 679 3476 735 sanctorum
3499 675 3767 734 Ecclesia

486 769 700 830 Christi
733 773 1057 843 martyrum
1089 786 1333 842 corpora
1361 770 1628 826 deferens
1660 771 2002 840 recondidit,
2038 775 2096 828 et
2114 769 2314 830 omnia
2343 787 2472 844 qua:
2504 771 2564 827 in
2595 769 2870 844 pradicto
2917 769 3196 844 hospitali
3235 778 3404 832 erant
3432 773 3772 831 necessaria

489 866 837 926 construxit.

562 1001 715 1056 418
755 999 977 1055 Praedia
1003 999 1179 1055 etiam
1212 999 1330 1056 illic
1365 1001 1591 1056 urbana
1619 999 1709 1055 vel
1741 1000 1960 1056 rustica
1990 1017 2094 1073 pro
2126 999 2421 1057 alimoniis
2450 1001 2661 1056 Christi
2696 1017 3046 1074 pauperum,
3075 1018 3177 1058 seu
3194 999 3460 1071 advenis,
3481 1001 3574 1058 vel
3599 1019 3772 1076 pere-

491 1097 696 1170 grinis,
731 1097 831 1168 qui
865 1114 932 1152 ex
961 1095 1301 1169 longinquis
1334 1097 1668 1170 regionibus
1697 1097 1954 1162 veniunt,
1982 1098 2195 1153 obtulit
2227 1099 2297 1154 ad
2332 1097 2741 1154 exaltationem
2771 1103 2985 1155 sanctae
3017 1098 3120 1155 Dei
3161 1097 3454 1164 Ecclesiae,
3486 1103 3544 1155 et
3569 1099 3772 1157 salute

491 1193 693 1267 populi
717 1193 984 1250 Romani.
1013 1195 1336 1250 Praesertim
1361 1194 1539 1268 igitur
1555 1199 1613 1250 et
1631 1195 2052 1251 monasterium
2077 1198 2264 1252 sancti
2285 1195 2497 1252 Christi
2519 1195 2694 1269 primi
2712 1196 2986 1270 martyris
3003 1194 3304 1274 Stephani,
3329 1197 3485 1269 quod
3509 1197 3771 1270 appella-

491 1295 590 1349 tur
620 1291 915 1364 Catagalla
945 1291 1199 1363 patritia,
1235 1293 1387 1364 quod
1422 1309 1536 1364 prie
1567 1291 1752 1348 nimia
1778 1296 2063 1349 vetustate
2106 1293 2233 1364 jam
2285 1297 2650 1350 emarcuerat
2701 1298 2876 1366 atque
2924 1310 2994 1350 ex
3041 1297 3205 1366 parte
3255 1299 3576 1361 corruerat,
3607 1294 3770 1351 idem

413 1389 452 1446 5
488 1405 788 1462 praesagus
817 1388 1075 1460 pontifex
1103 1394 1395 1445 certamen
1429 1406 1650 1461 ponens
1670 1391 2119 1446 afundamentis
2143 1389 2322 1448 simul
2353 1407 2489 1446 cum
2521 1389 2774 1447 oratorio
2805 1391 3045 1447 firmum
3067 1391 3275 1462 jacens
3301 1391 3770 1448 fundamentum

491 1485 550 1543 in
585 1485 882 1544 meliorem
913 1486 1094 1543 erexit
1123 1490 1366 1542 statum.
1399 1487 1627 1544 Gradus
1657 1504 1812 1556 vero,
1847 1503 1950 1561 per
1997 1505 2146 1560 quos
2197 1489 2498 1562 ingressus
2530 1494 2618 1544 est
2645 1488 2706 1544 in
2738 1487 3043 1545 ecclesiam
3064 1488 3229 1545 "beati
3265 1487 3415 1545 Petri
3446 1488 3702 1570 apostoli
3735 1507 3775 1546 ι

495 1587 698 1643 sancto
727 1584 958 1642 Andrea
987 1583 1270 1656 apostolo,
1304 1584 1404 1656 qui
1431 1588 1718 1642 vetustate
1747 1585 2080 1658 consumpti
2111 1590 2297 1652 erant,
2331 1603 2365 1642 a
2393 1603 2540 1642 novo
2573 1585 2790 1642 refecit.
2827 1585 2952 1642 Pari
3012 1585 3186 1642 modo
3234 1589 3291 1642 et
3331 1586 3775 1644 monasterium

497 1681 652 1740 beati
685 1680 921 1740 Martini
953 1681 1306 1738 confessoris
1336 1686 1512 1755 atque
1543 1681 1858 1755 pontificis,
1890 1683 2071 1738 situm
2100 1684 2199 1739 ubi
2232 1700 2429 1756 supra,
2463 1683 2619 1756 quod
2652 1683 2835 1739 nimia
2867 1684 3055 1739 fuerat
3069 1686 3362 1740 vetustate
3393 1690 3778 1756 quassatum,

497 1795 644 1852 pene
672 1795 844 1836 omne
873 1796 908 1834 a
930 1779 1333 1836 fundamentis
1373 1778 1739 1836 restauravit.
1774 1781 1942 1837 Sarta
1968 1797 2100 1836 vero
2130 1785 2284 1837 tecta
2309 1781 2566 1837 basilica;
2597 1779 2786 1837 sancti
2816 1781 3059 1836 Andreae
3092 1779 3360 1853 apostoli,
3385 1782 3546 1854 quod
3571 1781 3777 1854 appel-

396 1876 462 1931 10
500 1874 657 1932 latur
686 1875 1073 1936 Catabarbara
1103 1875 1360 1949 patritia,
1379 1893 1506 1949 quae
1529 1893 1633 1950 per
1651 1877 1870 1934 olitana
1891 1878 2019 1949 jam
2051 1879 2283 1933 fuerant
2307 1883 2574 1951 tempora
2602 1881 2890 1934 vetustate
2920 1878 3784 1950 consumpta,noviterrestau-

499 1973 664 2031 ravit.
699 1972 888 2032 Simili
921 1974 1092 2032 modo
1119 1978 1175 2030 et
1204 1978 1362 2033 sarta
1383 1979 1535 2030 tecta
1554 1975 1734 2032 beata:
1759 1975 1948 2030 Lucis:
1971 1974 2265 2048 martyris,
2290 1993 2418 2048 qua:
2451 1976 2692 2048 ponitur
2719 1975 2778 2030 in
2801 1974 3061 2048 Orphea,
3086 1975 3286 2031 refecit
3305 1992 3340 2031 a
3359 1992 3527 2032 novo.
3553 1976 3781 2033 Pariter

495 2069 671 2126 etiam
693 2074 748 2125 et
779 2075 937 2126 sarta
965 2075 1117 2127 tecta
1147 2072 1328 2127 beatae
1361 2071 1612 2127 Balbinze
1642 2071 1936 2144 martyris,
1958 2089 2086 2144 quae
2109 2073 2236 2144 jam
2268 2089 2416 2145 pene
2447 2073 2674 2128 ruitura
2702 2076 2890 2139 erant,
2922 2071 2981 2127 in
3014 2071 3224 2128 melius
3252 2072 3624 2130 restauravit.
3644 2072 3776 2130 Pari

497 2169 668 2228 modo
689 2172 748 2223 et
769 2173 926 2224 sarta
946 2173 1098 2228 tecta
1117 2168 1372 2230 basilicis
1404 2169 1707 2226 beatorum
1730 2174 2056 2242 martyrum
2087 2169 2310 2229 Cosme)
2337 2174 2396 2226 et
2423 2169 2713 2238 Damiani,
2732 2169 2856 2224 sitae
2874 2168 2934 2224 in
2955 2169 3058 2225 via.
3071 2170 3267 2236 Sacra,
3287 2170 3536 2227 miriﬁce
3553 2175 3780 2228 restau-

497 2264 661 2320 ravit.
698 2265 924 2321 Pariter
951 2265 1127 2322 etiam
1157 2268 1216 2322 et
1245 2269 1404 2324 sarta
1430 2269 1582 2324 tecta
1612 2265 1866 2322 basilica
1889 2270 2104 2322 sanctas
2137 2266 2399 2323 Martinm
2429 2266 2722 2341 martyris,
2755 2267 2870 2324 sita
2897 2265 2958 2322 in
2989 2266 3205 2324 Tribus
3236 2266 3414 2337 Fatis,
3449 2266 3510 2324 in
3557 2267 3775 2324 melius

395 2361 466 2417 15
502 2361 871 2418 restauravit.

570 2496 728 2551 414
765 2493 1001 2550 Necnon
1035 2493 1216 2568 igitur
1244 2497 1300 2550 et
1330 2498 1486 2550 sarta
1515 2497 1669 2551 tecta
1699 2494 1868 2551 titulo
1898 2495 2052 2555 beati
2088 2495 2384 2552 Laurentii
2411 2495 2705 2570 martyris,
2740 2495 2841 2568 qui
2871 2494 3205 2569 appellatur
3249 2494 3512 2563 Damasi.
3547 2497 3776 2554 noviter

501 2590 866 2647 restauravit.
901 2591 1004 2647 Hie
1033 2607 1166 2648 vero
1197 2591 1611 2648 sanctissimus
1640 2597 1698 2648 et
1727 2591 2041 2666 praeclarus
2071 2593 2329 2666 pontifex
2357 2597 2517 2661 sarta
2548 2598 2701 2652 tecta
2730 2592 2983 2658 basilicae
3011 2591 3307 2656 Valentini
3352 2594 3633 2671 martyris
3659 2594 3774 2651 sita

503 2688 598 2754 via
617 2687 924 2756 Flaminia,
952 2705 1078 2760 quis
1102 2689 1230 2761 jam
1261 2705 1376 2762 pra:
1399 2688 1581 2745 nimia
1603 2693 1888 2746 vetustate
1905 2689 2131 2748 ruitura
2145 2694 2330 2760 erant,
2349 2689 2818 2763 prudentissimo
2840 2689 3033 2752 studio
3055 2689 3301 2750 mirifice
3325 2706 3359 2747 a
3378 2692 3772 2752 novorefecit.

506 2785 988 2858 Quadriporticus
1015 2802 1150 2842 vero
1179 2785 1433 2842 basilicae
1464 2785 1862 2859 apostolorum
1895 2787 1953 2842 in
1985 2785 2079 2845 via
2106 2788 2246 2847 Lata
2275 2788 2436 2850 intus
2461 2792 2519 2843 et
2548 2787 2689 2844 foris
2719 2787 2918 2846 omnia
2947 2792 3109 2850 sarta
3136 2791 3289 2846 tecta
3315 2787 3586 2861 ipsarum
3607 2789 3775 2845 novi-

433 2883 471 2938 5
507 2887 596 2944 ter
625 2883 930 2956 reparavit.
957 2883 1080 2940 Imo
1110 2900 1241 2939 vero
1272 2887 1329 2939 et
1353 2888 1514 2939 sarta
1533 2888 1684 2939 tecta
1713 2883 1965 2940 basilicae
1997 2885 2176 2941 beatae
2206 2885 2442 2959 Agathe
2475 2885 2748 2957 martyris
2780 2883 2894 2942 sita
2922 2901 3101 2956 super
3131 2884 3628 2958 Suburram,quae
3661 2904 3777 2960 pro

507 2980 690 3038 nimia
719 2985 1002 3038 vetustate
1024 2982 1150 3052 jam
1179 2986 1602 3052 emarcuerant,
1627 2980 1848 3036 noviter
1875 2982 2182 3054 reparavit.
2215 2982 2319 3038 Hic
2347 2999 2477 3038 vero
2507 2981 2919 3039 sanctissimus
2951 2980 3162 3054 praesul
3185 2981 3397 3042 fecitin
3415 2982 3776 3055 patriarcbio

508 3078 882 3136 Lateranensi
911 3078 1231 3134 oratorium
1256 3095 1290 3133 a
1311 3078 1709 3134 fundamentis
1735 3077 1794 3133 in
1818 3078 2036 3136 honore
2053 3078 2204 3136 beati
2220 3077 2589 3151 Archangeli,
2615 3077 2832 3152 insigni
2851 3095 3024 3152 opere
3040 3077 3380 3144 firmissime
3399 3085 3774 3148 construens,

507 3176 660 3248 quod
692 3176 868 3235 etiam
889 3192 958 3231 ex
981 3175 1226 3243 musivo,
1255 3192 1357 3231 seu
1381 3175 1624 3232 diversis
1649 3175 1914 3247 picturis,
1939 3180 2113 3247 atque
2134 3175 2546 3250 pulcherrimis
2560 3192 2922 3234 marmorum
2943 3173 3194 3234 metallis
3208 3174 3455 3235 diversis
3475 3176 3776 3234 coloribus

507 3273 735 3334 ornavit
765 3273 1042 3344 undique.
1078 3273 1148 3326 Et
1178 3271 1377 3327 omnia
1406 3272 1624 3327 cimilia
1653 3276 1773 3327 tam
1805 3289 1982 3328 aurea
2012 3289 2307 3345 quamque
2337 3276 2614 3348 argentea
2642 3271 2728 3332 vel
2760 3271 2939 3338 etiam
2984 3270 3113 3330 vela
3158 3271 3388 3334 diversa
3425 3273 3506 3332 ibi
3536 3274 3771 3332 obtulit.

402 3373 468 3437 10
505 3371 841 3428 Macronem
871 3387 1004 3426 vero
1037 3368 1224 3441 ipsius
1255 3369 1663 3424 Lateraneusis
1693 3367 2052 3441 patriarchii,
2077 3386 2204 3444 quae
2233 3369 2565 3426 extenditur
2583 3385 2618 3424 a
2646 3368 2887 3441 Campo,
2914 3373 2970 3424 et
2992 3368 3146 3430 ultra
3167 3367 3452 3442 imagines
3476 3371 3774 3444 apostolo-

507 3485 660 3535 rum,
693 3483 820 3538 quze
844 3483 958 3538 peras
979 3464 1164 3520 nimia
1190 3469 1478 3521 vetustate
1510 3465 1746 3520 ruiturae
1777 3471 1963 3535 erant,
1983 3484 2016 3521 a
2038 3465 2436 3528 fundamentis
2467 3465 2647 3526 simul
2675 3470 2734 3522 et
2765 3470 2926 3524 sarta
2951 3470 3124 3535 tecta,
3143 3483 3367 3528 necnon
3399 3471 3458 3523 et
3485 3466 3775 3526 solarium

507 3564 579 3619 ab
611 3563 728 3618 imo
755 3579 942 3634 usque
972 3563 1046 3618 ad
1078 3579 1380 3618 summum
1413 3562 1635 3618 noviter
1662 3563 2032 3630 restauravit,
2065 3568 2123 3620 et
2153 3563 2213 3618 in
2248 3562 2461 3621 melius
2493 3562 2853 3620 firmissimis
2891 3562 3285 3626 marmoribus
3333 3565 3564 3633 stravit,
3596 3570 3776 3639 atque

507 3675 802 3725 cameram
820 3658 1008 3731 ipsius
1031 3659 1315 3715 Macronis
1338 3659 1560 3714 noviter
1580 3659 1813 3726 fecit,et
1841 3659 2087 3715 diversis
2119 3659 2380 3715 historiis
2411 3659 2641 3732 pictura
2671 3659 2917 3717 mirifice
2945 3659 3258 3720 decoravit.
3293 3660 3398 3718 Hic
3425 3677 3462 3720 α
3488 3662 3607 3718 Deo
3637 3680 3776 3736 pro-

506 3760 697 3814 tectus
711 3755 1058 3814 venerabilis
1079 3759 1136 3811 et
1155 3755 1468 3828 praeclarus
1488 3756 1747 3828 pontifex
1768 3757 1904 3812 fecit
1923 3756 1981 3812 in
2005 3756 2254 3814 circuitu
2277 3756 2477 3815 altaris
2499 3756 2652 3813 beati
2683 3757 2833 3812 Petri
2863 3756 3113 3830 apostoli
3145 3757 3449 3817 nutritoris
3479 3759 3574 3821 sui
3597 3762 3774 3818 tetra-

401 3855 468 3911 15
504 3852 628 3910 vela
657 3853 839 3910 rubea
866 3852 1189 3909 holoseriea
1217 3853 1498 3926 alithyna,
1521 3853 1802 3910 habentes
1831 3854 2063 3910 tabulas
2095 3871 2196 3910 seu
2218 3853 2510 3910 orbiculos
2529 3854 2601 3910 de
2619 3853 3016 3927 chrysoclavo,
3033 3854 3282 3916 diversis
3299 3855 3574 3927 depictos
3588 3856 3776 3914 histo-

503 3951 627 4020 riis,
658 3967 791 4007 cum
822 3949 1010 4010 stellis
1039 3951 1113 4006 de
1141 3950 1512 4022 chrysoclavo
1537 3969 1549 4019 ;
1583 3967 1808 4006 necnon
1837 3955 1894 4006 et
1923 3950 1984 4005 in
2015 3951 2208 4006 medio
2241 3967 2446 4010 cruces
2477 3951 2549 4006 de
2578 3950 2950 4025 cbrysoclavo
2999 3967 3072 4010 ex
3115 3951 3451 4030 margaritis
3511 3957 3773 4023 ornatas,

506 4048 666 4104 miris
697 4046 1122 4120 magnitudinis
1151 4051 1208 4102 et
1234 4046 1692 4118 pulchritudinis
1719 4047 2041 4116 decoratas,
2077 4065 2205 4121 quae
2236 4047 2297 4102 in
2328 4047 2536 4104 diebus
2564 4048 2734 4104 festis
2764 4047 2988 4118 ibidem.
3013 4047 3086 4104 ad
3129 4048 3395 4115 decorem
3430 4049 3771 4108 mittuntur.

501 4143 630 4202 Pari
663 4145 835 4200 modo
865 4148 930 4200 ut
959 4161 1140 4216 supra
1168 4148 1226 4199 et
1255 4143 1370 4199 alia
1397 4143 1673 4199 tetravela
1704 4144 1836 4200 alba
1867 4143 2194 4201 holoseriea
2223 4149 2440 4212 rosata,
2460 4144 2814 4218 paschatiles
2830 4144 3114 4204 habentes
3135 4143 3392 4214 tabulas,
3416 4150 3601 4219 atque
3622 4148 3777 4204 orbi-

499 4241 662 4300 culos
683 4242 754 4299 de
774 4240 1144 4314 chrysoclavo
1168 4259 1182 4308 ;
1208 4257 1430 4297 necnon
1453 4245 1510 4296 et
1529 4257 1732 4297 cruces
1755 4257 1888 4297 cum
1919 4241 2289 4315 cbrysoclavo
2320 4259 2388 4298 ex
2418 4241 2774 4316 margaritis,
2798 4258 2935 4297 cum
2964 4241 3234 4316 periclysi
3265 4243 3336 4302 de
3367 4243 3770 4316 chrysoclavo.

389 4342 461 4403 20
499 4341 620 4398 Imo
652 4337 827 4395 etiam
858 4343 917 4394 et
943 4337 1058 4394 alia
1084 4338 1210 4394 vela
1237 4337 1469 4394 modica
1497 4343 1767 4409 quatuor,
1802 4339 1902 4394 ubi
1926 4356 2127 4411 supra,
2155 4339 2215 4394 in
2247 4338 2500 4414 singulis
2530 4337 2823 4398 columnis
2851 4339 2923 4394 de
2950 4337 3170 4406 ciborio
3201 4338 3359 4411 fecit,
3393 4338 3680 4400 habentes
3695 4341 3769 4397 ti-

497 4452 632 4510 gres
661 4436 731 4492 de
762 4434 1154 4508 cbrysoclavo,
1189 4440 1246 4490 et
1275 4435 1334 4489 in
1365 4434 1615 4491 circuitu
1645 4440 1882 4491 ornatas
1913 4436 1984 4492 de
2015 4435 2248 4492 blatthi.
2282 4435 2679 4495 Verumetiam
2710 4439 2769 4491 et
2792 4433 2908 4490 alia
2937 4434 3064 4496 vela
3095 4435 3325 4492 modica
3345 4441 3602 4508 quatuor
3615 4454 3772 4496 eam-

497 4536 634 4592 dem
661 4533 946 4594 habentes
975 4529 1422 4590 similitudinem
1453 4531 1513 4587 in
1543 4531 1787 4590 basilica
1815 4533 2068 4591 doctoris
2099 4533 2304 4592 mundi
2335 4531 2492 4595 beati
2523 4531 2687 4588 Pauli
2719 4531 2964 4606 apostoli
3009 4532 3068 4602 in
3113 4531 3407 4596 columnis
3439 4534 3514 4592 de
3543 4534 3769 4603 ciboria

500 4631 717 4707 posuit.

569 4753 723 4811 ιιδ
765 4752 1083 4810 Ριιωάὶοωε
1110 4768 1242 4808 vero
1271 4751 1621 4809 venerabilis
1649 4753 1905 4826 pontifex
1936 4757 2093 4821 sarta
2121 4758 2274 4811 tecta
2301 4752 2554 4812 basilice
2585 4751 2739 4808 beati
2768 4751 2998 4826 Agapiti
3027 4750 3324 4826 martyris,
3357 4768 3488 4825 quae
3517 4753 3767 4826 ponitur

493 4851 556 4910 in
587 4851 733 4907 urbe
759 4851 1114 4908 Prinnestina
1141 4868 1154 4919 ;
1181 4866 1403 4906 necnon
1445 4853 1502 4906 et
1541 4856 1699 4906 sarta
1741 4856 1892 4907 tecta
1921 4851 2160 4907 alterius
2192 4850 2444 4907 basilicis
2467 4851 2641 4922 juxta
2668 4849 2935 4905 eamdem
2968 4847 3271 4905 basilicam
3301 4848 3450 4918 site,
3479 4865 3616 4922 qua
3633 4851 3768 4922 jam

494 4964 612 5021 prae
645 4946 827 5004 nimia
851 4951 1140 5004 vetustate
1169 4947 1398 5002 ruitura
1427 4950 1613 5013 erant,
1645 4948 1844 5002 omnia
1872 4947 2094 5004 noviter
2120 4946 2182 5003 in
2212 4945 2425 5004 melius
2455 4945 2822 5002 restauravit.
2853 4944 2983 5002 Pari
3013 4945 3187 5004 modo
3206 4949 3443 5008 etsarta
3471 4950 3628 5002 tecta
3655 4947 3769 5003 ba-

490 5043 670 5102 silices
699 5045 850 5101 beati
882 5044 1162 5118 Stephani
1197 5043 1371 5116 primi
1402 5043 1675 5116 martyris
1707 5044 2025 5100 constituta
2054 5044 2148 5106 via
2179 5043 2385 5102 Latina
2413 5041 2694 5100 milliaria
2723 5041 2914 5112 tertio,
2927 5057 3059 5114 quas
3086 5058 3190 5114 per
3217 5040 3409 5102 multa
3423 5043 3559 5113 jam
3577 5060 3766 5102 anno-

416 5144 455 5200 5
492 5156 625 5198 rum
655 5141 947 5196 curricula
974 5147 1262 5197 vetustate
1291 5147 1459 5198 erant
1495 5142 1773 5208 confecta,
1807 5146 1864 5197 et
1893 5141 2080 5197 ruinis
2137 5141 2403 5214 proxima
2458 5139 2684 5197 naviter
2742 5139 3048 5212 reparavit.
3082 5138 3486 5196 Verumetiam
3515 5145 3576 5198 et
3599 5146 3767 5200 sarta

485 5241 642 5296 tecta
667 5236 920 5292 basilicas
950 5237 1102 5292 beati
1136 5237 1408 5294 Basilidis
1440 5238 1733 5311 martyris,
1765 5238 1889 5294 sitae
1919 5239 1979 5294 in
2030 5237 2351 5306 Merulana,
2383 5237 2610 5296 noviter
2656 5237 3024 5295 restauravit.
3053 5236 3162 5294 Hic
3203 5253 3241 5298 ι
3289 5236 3410 5294 Deo
3459 5241 3765 5310 protectus

484 5331 836 5392 venerabilis
865 5337 921 5387 et
950 5333 1261 5405 praeclarus
1293 5334 1551 5406 pontifex
1584 5336 1718 5391 fecit
1745 5335 1806 5390 in
1838 5335 2083 5394 basilica
2109 5334 2424 5392 Salvatoris
2456 5332 2684 5390 Domini
2715 5332 2899 5390 nostri
2929 5333 3069 5390 Jesu
3098 5331 3333 5402 Lhristi,
3361 5349 3493 5404 qua
3507 5334 3768 5407 appella-

483 5437 586 5489 tur
613 5428 1113 5499 Constantiniana,
1148 5431 1219 5486 de
1248 5432 1483 5504 proprio
1515 5436 1755 5505 argento
1789 5433 1975 5505 ipsius
2008 5432 2266 5492 basilica
2295 5447 2538 5488 coronas
2571 5447 2706 5486 cum
2727 5429 3025 5503 delphinis
3045 5429 3446 5490 suismmero
3466 5429 3759 5504 mutique,

485 5524 774 5584 canistros
805 5542 1046 5583 numero
1077 5526 1316 5600 triginta
1347 5529 1626 5600 quinque,
1654 5529 1940 5602 gabathas
1966 5545 2208 5585 numero
2241 5533 2390 5593 octo,
2415 5526 2515 5600 qui
2546 5543 2791 5599 pensan.
2813 5526 2996 5583 simul
3014 5525 3198 5582 libras
3214 5526 3499 5586 ducentas
3521 5532 3758 5600 septua-

380 5625 447 5684 10
483 5621 648 5697 ginta
675 5627 732 5680 et
761 5641 880 5681 sex.
901 5625 1052 5683 Fecit
1081 5631 1277 5681 autem
1295 5625 1354 5680 in
1385 5624 1630 5681 basilica
1646 5632 1860 5684 sanctae
1877 5628 1975 5684 Dei
2000 5626 2312 5684 Genitricis
2343 5641 2690 5698 semperque
2722 5623 2980 5697 Virginis
3010 5623 3490 5684 Mariadomina
3517 5630 3756 5695 nostra,

482 5739 610 5796 quas
643 5721 968 5797 appellatur
997 5723 1070 5778 ad
1105 5724 1382 5794 Praesepe,
1417 5722 1704 5779 cortinam
1736 5726 1807 5782 de
1841 5725 2101 5795 fundato,
2135 5729 2192 5780 et
2220 5723 2278 5781 in
2309 5723 2558 5782 circuitu
2589 5724 2857 5780 ornatam
2881 5720 2960 5794 ,de
2991 5719 3424 5793 hlattbiu..qu¢
3451 5721 3672 5794 pendet
3694 5722 3754 5780 in

481 5821 708 5896 porticu
738 5838 916 5892 super
943 5821 1162 5889 sedem,
1196 5819 1442 5875 mirifice
1474 5819 1823 5879 decoratam.
1855 5823 1996 5878 Vela
2024 5821 2358 5894 promiscua
2384 5824 2508 5880 tam
2538 5821 2610 5880 de
2641 5819 2889 5880 fundam
2913 5833 3097 5891 quam
3124 5817 3302 5883 etiam
3321 5817 3758 5880 ἀθϐωιιηοὶσι

486 5916 872 5990 quadrapulo,
903 5919 1110 5974 ornata
1136 5916 1197 5971 in
1228 5913 1477 5971 circuitu
1493 5915 1565 5971 de
1581 5915 1836 5975 blatthin
1864 5933 2107 5984 numero
2124 5915 2534 5994 quadraginta.
2559 5914 2722 5991 Fecit~
2737 5911 3754 5990 verolﬁbisqpmtaﬁﬂmtlm
