3934 6202
186 233 342 298 l3“
1057 225 1427 290 HISTORIA
1469 223 1574 286 DE
1615 221 1819 286 VITIS
1862 221 2052 284 ROM.
2095 222 2412 283 PON'l‘.—
2439 220 2590 282 LEO
2631 219 2736 280 Ill.
3440 210 3596 278 1949

334 362 606 437 Prasepii
641 361 893 436 pbarum
915 358 977 415 in
1009 358 1250 414 modum
1279 357 1419 414 retis
1448 373 1517 412 ex
1547 358 1786 429 argento
1818 352 2132 428 purissimo
2157 367 2294 409 cum
2325 350 2599 408 canistris
2629 349 2908 424 quinque,
2942 365 3184 423 pensan.
3217 346 3393 405 simul
3413 347 3597 403 libras

221 462 296 520 ιδ
331 461 578 536 triginta
603 464 830 534 septem
862 462 918 514 et
945 456 1146 514 semis.

405 561 562 617 Διο
603 558 791 614 Isdem
823 571 956 612 vero
987 552 1398 610 sanctissimus
1442 550 1675 624 praasul,
1705 549 1891 607 sancti
1936 549 2192 622 Spiritus
2250 546 2638 604 illustrations
2696 547 2990 618 perfusus,
3025 546 3160 601 fecit
3213 545 3381 600 beato
3432 545 3596 600 Petro

335 655 598 731 apostolo
647 651 921 712 nutritori
971 667 1077 707 suo
1121 649 1361 707 calicem
1402 664 1648 706 aureum
1697 647 2055 720 praecipuum
2105 650 2475 715 tetragonum
2530 643 3000 717 Spanoclystum,
3035 642 3280 699 diversis
3327 646 3598 698 ornatum

336 753 609 829 pretiosis
637 750 959 824 lapidibus,
994 763 1238 820 pensan.
1272 747 1452 802 libras
1480 745 1723 819 triginta
1747 749 1804 801 et
1834 745 2002 800 duas.
2036 743 2269 798 Necnon
2301 742 2436 798 fecit
2463 746 2521 798 et
2551 746 2826 814 patenam
2875 757 3113 798 auream
3159 738 3600 812 Spanoclystam

336 851 500 909 mira
529 846 957 923 magnitudinis
985 847 1340 912 decoratam,
1363 860 1607 917 pensari.
1632 842 1812 898 libras
1831 841 2031 914 viginti
2047 841 2310 913 quinque
2335 844 2392 895 et
2412 838 2617 896 uncias
2642 856 2869 895 novem.
2890 839 3046 895 Fecit
3067 842 3266 894 autem
3285 837 3345 892 in
3362 837 3605 894 basilica

258 951 299 1008 5
337 950 512 1022 cujus
542 963 724 1020 supra
749 944 1002 1018 pharum
1032 941 1093 998 in
1125 942 1366 997 modum
1399 940 1536 997 retis
1568 957 1704 996 cum
1735 939 2010 1010 canistro,
2045 943 2102 994 et
2126 954 2329 994 cruces
2360 938 2430 993 de
2459 941 2700 1010 argento
2748 936 3084 1010 purissimo,
3118 936 3217 1008 qui
3249 936 3464 1009 pendet
3493 937 3602 992 sub

339 1064 484 1108 auro
514 1041 1094 1118 prinoipali.Necnon
1112 1045 1170 1096 et
1185 1039 1365 1095 alium
1396 1039 1646 1111 pharum
1679 1039 1958 1108 majorem
1993 1037 2052 1091 in
2083 1037 2325 1091 modum
2356 1035 2668 1103 retis,cum
2700 1033 2972 1090 canistris
3001 1032 3225 1106 viginti,
3251 1035 3603 1106 pendentem

334 1145 454 1206 sub
483 1144 708 1202 trabem
739 1141 1022 1212 majorem
1053 1142 1410 1210 argenteam,
1442 1137 1514 1192 ad
1541 1139 1812 1192 ornatum
1845 1138 2058 1191 sanctae
2091 1135 2184 1189 Dei
2215 1132 2491 1198 ecclesiae,
2520 1133 2620 1204 qui
2654 1149 2898 1204 pensan.
2931 1131 3076 1187 inibi
3105 1132 3422 1188 libras-duo
3445 1132 3605 1189 mille

337 1248 578 1304 eean
600 1244 874 1313 quatuor,
895 1241 954 1293 et
983 1235 1190 1293 uncias
1218 1234 1591 1307 septem..«Hic
1623 1232 1760 1288 fecit
1790 1233 1848 1288 in
1880 1230 2123 1288 basilica
2141 1230 2395 1286 doctoris
2413 1230 2617 1286 mundi
2637 1230 2791 1285 beati
2814 1229 2973 1286 Pauli
2991 1229 3236 1302 apostoli
3258 1230 3603 1286 cruciﬁxum

339 1357 412 1402 ex
438 1340 681 1411 argento
709 1334 1050 1409 purissimo,
1082 1332 1243 1389 mira
1276 1329 1702 1404 magnitudinis
1735 1330 2094 1400 decoratum,
2109 1326 2544 1402 pensan.libras
2575 1327 3004 1401 quinquaginta
3033 1326 3603 1385 duas.Verumetiam

218 1439 305 1500 -10
341 1436 481 1498 fecit
505 1435 584 1492 ibi
614 1451 796 1507 supra
816 1431 1096 1488 tetravela
1125 1429 1259 1486 alba
1281 1428 1610 1486 holoserica
1632 1433 1848 1496 rosata,
1880 1443 1949 1484 ex
1978 1427 2193 1500 quibus
2221 1442 2405 1482 unum
2437 1425 2660 1482 habens
2687 1426 2746 1480 in
2777 1424 2967 1482 medio
2998 1441 3229 1481 crucem
3262 1425 3333 1481 de
3362 1423 3604 1496 chryso-

341 1535 526 1601 clavo,
557 1537 618 1589 et
644 1529 1013 1605 gammadias
1045 1528 1117 1584 de
1143 1526 1532 1600 chrysoclavo.
1567 1526 1801 1582 Necnon
1831 1525 2008 1581 etiam
2051 1524 2177 1581 vela
2223 1523 2356 1580 alba
2404 1523 2729 1580 holoserica
2778 1539 3022 1579 numero
3053 1540 3280 1591 novem,
3314 1528 3520 1579 ornata
3546 1522 3606 1579 in

339 1629 592 1692 circuitu
627 1630 699 1687 de
729 1627 895 1702 tyrio.
930 1625 1091 1683 Fecit
1119 1625 1198 1681 ibi
1229 1641 1408 1697 super
1431 1623 1717 1696 gabathas
1748 1623 2024 1680 fundatas
2051 1621 2410 1678 interrasiles
2439 1638 2509 1678 ex
2539 1626 2777 1694 argento
2818 1620 3136 1695 purissimo
3181 1637 3425 1678 numero
3457 1627 3604 1690 octo,

341 1745 473 1802 qua
503 1725 759 1800 pendant
775 1723 836 1779 in
859 1722 1041 1795 pharo
1062 1721 1282 1778 aereoin
1303 1718 1495 1775 medio
1513 1718 1788 1790 basilicas,
1809 1735 1973 1792 pens.
1995 1718 2139 1774 inibi
2158 1717 2338 1774 libras
2349 1717 2813 1790 quatuordecim.
2842 1719 3177 1792 Ingresum
3200 1735 3332 1775 vero
3350 1721 3609 1793 corporis

344 1826 538 1890 isdem
568 1820 778 1895 praesul
809 1837 879 1877 ex
905 1817 1301 1875 marmoribus
1329 1816 1595 1872 candidis
1629 1815 1775 1871 miro
1806 1817 2012 1872 decore
2041 1815 2285 1883 ornavit,
2319 1820 2497 1887 atque
2526 1815 2716 1887 regias
2747 1831 2924 1871 aereas
2951 1815 3168 1872 ibidem
3195 1817 3612 1892 posuit.Super

231 1924 312 1982 15
344 1921 653 1979 columnas
679 1934 814 1975 vero
845 1931 1226 1980 marmoreas,
1259 1930 1388 1986 quas
1417 1917 1577 1970 stant
1607 1914 1666 1968 in
1697 1913 1945 1970 circuitu
1978 1912 2179 1969 altaris
2206 1912 2395 1986 ipsius
2425 1913 2681 1968 doctoris
2701 1912 2928 1984 mundi,
2962 1914 3063 1969 ubi
3094 1915 3288 1970 trabes
3309 1918 3608 1988 quondam

345 2019 555 2092 ligneas
582 2015 785 2089 posita:
813 2015 1065 2080 fuerant,
1094 2011 1270 2068 etiam
1303 2010 1486 2066 nimia
1513 2015 1802 2067 vetustate
1828 2016 2253 2078 emarcuerant,
2286 2010 2384 2066 hic
2415 2027 2579 2066 sacer
2608 2011 2854 2067 antistes
2884 2027 3062 2084 super
3096 2011 3258 2085 ipsas
3307 2014 3612 2072 columnas

349 2115 506 2174 lilios
533 2113 676 2187 poni
705 2111 860 2178 fecit,
887 2116 944 2168 et
971 2126 1149 2183 super
1177 2109 1339 2182 ipsos
1387 2108 1542 2165 lilios
1587 2125 1659 2165 ex
1703 2108 1958 2165 metallis
2001 2107 2346 2163 marmoreis
2393 2106 2684 2179 platonias
2732 2108 2945 2180 posuit,
2981 2109 3340 2183 diversisque
3371 2113 3615 2184 picturis

351 2213 514 2272 mire
543 2208 969 2284 magnitudinis
989 2225 1141 2281 opus
1169 2207 1478 2264 decoravit.
1503 2207 1737 2263 Necnon
1758 2207 1858 2262 ubi
1875 2223 2056 2279 supra
2077 2205 2212 2262 fecit
2239 2204 2368 2261 vela
2394 2205 2785 2261 Alexandrina
2816 2208 3042 2278 majora
3070 2209 3313 2265 numero
3333 2210 3613 2284 quinque,

353 2328 483 2386 quae
513 2310 771 2384 pendent
798 2324 976 2380 super
1002 2305 1192 2379 regias
1224 2305 1476 2376 majores
1507 2305 1566 2360 in
1601 2304 1869 2377 ingressu
1902 2302 2177 2372 basilicis,
2212 2303 2458 2358 miriﬁce
2486 2304 2777 2358 decorata.

427 2409 574 2473 Διῒ
621 2404 724 2463 Hic
751 2419 886 2462 vero
918 2402 1327 2460 sanctissimus
1356 2405 1415 2457 et
1445 2401 1760 2474 praeclarus
1791 2399 2047 2474 pontifex
2075 2400 2210 2455 fecit
2231 2400 2291 2455 in
2311 2399 2556 2455 basilica
2586 2404 2799 2456 sancta:
2822 2399 2924 2456 Dei
2942 2401 3252 2460 Genitricis
3275 2420 3622 2478 semperque

353 2503 616 2578 Virginis
647 2500 840 2559 Marias
871 2499 1120 2556 domine
1153 2503 1366 2556 nostris
1396 2499 1469 2555 ad
1502 2498 1762 2571 Praesepe
1791 2495 2068 2554 tetravela
2097 2496 2229 2552 alba
2257 2496 2582 2553 holoserica
2618 2501 2833 2566 rosata,
2867 2498 3112 2556 miriﬁce
3141 2501 3430 2558 decorata.
3465 2503 3625 2560 Fecit

356 2619 513 2673 vero,
536 2599 634 2656 ubi
660 2615 859 2672 supra,
883 2597 1038 2652 intra
1067 2595 1420 2669 Praesepium
1449 2599 1666 2651 vestem
1699 2595 1895 2652 albam
1925 2593 2312 2651 bolosericam
2344 2598 2619 2662 rosatam,
2646 2600 2911 2652 ornatam
2942 2597 3000 2653 in
3033 2598 3280 2654 circuitu
3304 2601 3376 2656 de
3395 2601 3628 2675 chryso-

357 2697 540 2766 clavo,
563 2700 620 2752 et
640 2695 698 2750 in
723 2693 916 2751 medio
937 2692 1250 2748 habentem
1272 2708 1505 2748 crucem
1537 2709 1672 2748 cum
1704 2691 1985 2748 orbiculis
2006 2693 2076 2748 de
2107 2690 2499 2764 chrysoclavo,
2525 2691 2650 2749 vela
2667 2691 2804 2749 alba
2822 2693 3145 2752 holoserica
3171 2701 3364 2752 rosata
3380 2715 3624 2756 numero

279 2797 318 2853 5
357 2798 630 2870 quatuor,
663 2795 867 2848 ornata
895 2789 954 2846 in
988 2788 1236 2846 circuitu
1267 2789 1337 2844 de
1368 2788 1538 2861 tyrio.
1558 2790 1619 2844 In
1654 2789 1923 2846 diaconia
1952 2805 2083 2844 vero
2112 2788 2300 2861 ipsius
2331 2787 2433 2844 Dei
2463 2789 2934 2862 Genitricis,qu:e
2952 2793 3279 2865 appellatur
3298 2794 3622 2867 Dominica,

365 2891 500 2948 fecit
529 2894 745 2947 vestem
777 2887 972 2950 albam
1003 2886 1386 2944 bolosericam
1419 2892 1696 2954 rosatam,
1719 2887 2033 2944 habentem
2057 2886 2115 2942 in
2139 2886 2331 2942 medio
2351 2885 2611 2943 tabulam
2634 2887 2706 2943 de
2725 2887 2893 2960 tyrio,
2909 2906 3044 2944 cum
3064 2888 3308 2947 historia
3329 2891 3623 2951 Cruciﬁxi.

367 2990 602 3046 Necnon
619 2992 678 3044 et
694 2991 850 3042 rotas
867 2986 938 3041 de
953 2984 1347 3058 chrysoclavo,
1373 2988 1609 3041 ornatas
1630 2984 1689 3039 in
1715 2983 1963 3040 circuitu
1985 2984 2056 3040 de
2076 2983 2462 3055 quadrapulo.
2487 2983 2644 3039 Fecit
2667 2984 2766 3040 ubi
2788 3002 2967 3058 supra
2987 2987 3273 3043 cortinam
3295 2989 3627 3059 fundatam,

367 3091 635 3146 ornatam
668 3084 727 3140 in
757 3083 1004 3139 circuitu
1036 3081 1109 3137 de
1136 3080 1408 3136 blatthin.
1436 3085 1500 3135 In
1531 3079 1800 3136 diaconia
1817 3097 1952 3136 vero
1983 3080 2170 3152 ipsius
2191 3081 2284 3136 Dei
2303 3081 2634 3149 Genitricis,
2660 3099 2785 3154 quas
2804 3083 3130 3156 appellatur
3145 3087 3473 3155 Cosmedin,
3495 3089 3631 3146 fecit

367 3185 591 3242 vestem
615 3180 816 3238 albam
849 3177 1254 3247 bolosericam,
1273 3194 1408 3233 cum
1427 3176 1625 3233 tabula
1642 3178 1713 3232 de
1729 3176 2448 3249 ch-rysoclavo,habentem
2481 3177 2784 3234 historiam
2817 3180 3128 3237 Dominicis
3158 3187 3626 3255 resurrectionis,

257 3283 328 3338 10
364 3285 424 3337 et
445 3279 503 3334 in
535 3277 784 3335 circuitu
815 3277 1028 3351 lystam
1061 3277 1132 3332 de
1162 3275 1553 3348 chrysoclavo.
1573 3275 1731 3331 Fecit
1752 3275 1824 3330 ad
1851 3281 2116 3331 sanctam
2148 3275 2390 3331 Mariam
2408 3276 2480 3330 ad
2500 3275 2784 3349 Martyres
2799 3281 3014 3333 vestem
3033 3278 3224 3336 albam
3247 3280 3630 3340 bolosericam

372 3379 649 3443 meatum,
683 3390 819 3430 cum
851 3371 1055 3430 tabula
1084 3373 1154 3429 de
1185 3373 1357 3446 tyrio,
1390 3373 1706 3429 habentem
1737 3373 2045 3429 historiam
2074 3372 2366 3439 Cruciﬁxi,
2400 3376 2457 3428 et
2486 3377 2675 3430 rotam
2727 3375 2798 3429 de
2845 3375 3240 3448 chrysoclavo,
3273 3384 3538 3437 ornatam
3569 3383 3630 3440 in

371 3472 620 3535 circuitu
653 3472 725 3528 de
756 3470 923 3546 tyrio.
952 3471 1186 3527 Vestem
1218 3470 1394 3527 etiam
1424 3470 1482 3526 in
1517 3470 1787 3528 diaconia
1811 3472 1939 3543 jam
1971 3471 2139 3526 dictis
2172 3476 2384 3526 sancta:
2418 3470 2519 3527 Dei
2550 3472 2882 3540 Genitricis,
2914 3474 3167 3548 positam
3220 3476 3360 3534 foris
3402 3484 3632 3553 portam

371 3569 528 3628 beati
559 3569 711 3626 Petri
741 3569 1012 3642 apostoli,
1046 3568 1180 3625 fecit
1208 3573 1430 3625 vestem
1459 3570 1530 3626 de
1559 3569 1727 3643 tyrio,
1761 3569 2006 3625 miriﬁce
2036 3569 2390 3625 decoratam.

445 3667 598 3726 “8
638 3666 741 3723 Hic
765 3683 899 3724 vero
928 3666 1277 3722 venerabilis
1308 3671 1367 3723 et
1395 3666 1710 3739 praeclarus
1741 3667 1998 3738 pontifex
2029 3666 2164 3722 fecit
2191 3665 2250 3721 in
2282 3664 2526 3722 basilica
2564 3667 2717 3724 beati
2751 3669 2902 3724 Pet-ri
2935 3671 3182 3744 apostoli
3215 3675 3521 3733 nutritor-is
3544 3677 3636 3734 sui

371 3764 660 3824 canistros
689 3761 1050 3820 interrasiles
1071 3780 1139 3818 ex
1159 3768 1398 3836 argento
1430 3763 1768 3835 purissimo,
1789 3767 1911 3820 tam
1933 3762 1994 3818 in
2025 3762 2464 3835 quadriporticu
2493 3781 2789 3837 quamque
2806 3765 2863 3819 in
2881 3768 3105 3839 gremio
3122 3769 3374 3828 basilicae
3395 3792 3636 3832 numero

371 3863 466 3930 22,
497 3878 661 3934 pens.
695 3857 870 3916 simul
902 3859 1083 3916 libras
1114 3864 1350 3916 centum
1381 3859 1585 3933 viginti
1618 3860 1898 3932 quinque.
1934 3859 2229 3915 Gabathas
2267 3860 2540 3916 fundatas
2597 3861 3057 3935 signochrystas,
3107 3883 3234 3938 qua;
3291 3871 3546 3941 pendent
3575 3872 3635 3928 in

373 3956 835 4032 quadriperticu,
869 3957 929 4011 in
959 3956 1142 4028 pharo
1197 3973 1342 4012 meo
1393 3955 1454 4011 in
1503 3957 1695 4012 medio
1745 3956 1998 4012 basilicae
2057 3973 2302 4012 numero
2359 3957 2749 4029 quadraginta
2778 3964 2833 4014 et
2865 3965 3013 4026 octo,
3046 3979 3212 4034 pens.
3242 3966 3421 4021 simul
3454 3967 3636 4025 libras

373 4058 610 4112 centum
641 4057 698 4109 et
724 4067 904 4108 unam
933 4059 995 4109 et
1025 4053 1229 4109 semis.
1261 4053 1451 4108 Phara
1481 4056 1756 4126 argentea
1787 4053 1920 4118 tria,
1954 4070 2082 4125 quae
2114 4056 2273 4108 stant
2329 4070 2507 4126 super
2562 4055 2756 4110 trabes
2816 4062 3142 4129 argenteas,
3175 4077 3418 4131 pensan.
3453 4065 3636 4124 libras

375 4150 698 4224 nonaginta
724 4153 782 4205 et
807 4153 947 4205 tres.
973 4154 1161 4205 Arcus
1190 4154 1494 4223 argenteos
1525 4149 1692 4217 duos,
1716 4166 1958 4221 pensan.
1984 4149 2165 4205 libras
2196 4150 2586 4223 quadraginta
2615 4155 2671 4206 et
2700 4169 2878 4206 unam
2910 4157 2967 4208 et
2996 4156 3200 4212 uncias
3229 4164 3376 4217 octo.
3408 4161 3549 4218 Vela
3565 4164 3637 4221 de

374 4247 630 4306 blatthin
653 4247 895 4320 majora,
925 4264 1052 4320 quas
1075 4249 1332 4319 pendent
1353 4263 1456 4320 per
1475 4247 1669 4303 trabes
1692 4251 1996 4320 argenteas
2017 4247 2216 4303 dextra
2239 4248 2494 4319 laevaque
2517 4248 2880 4321 presbyterii.
2914 4251 3147 4308 Necnon
3189 4260 3244 4310 et
3288 4255 3347 4311 in
3387 4259 3635 4317 circuitu

377 4344 534 4402 sedis
564 4360 808 4400 numero
829 4344 1090 4417 triginta,
1115 4349 1320 4400 ornata
1339 4344 1398 4400 in
1421 4343 1668 4400 circuitu
1700 4345 1769 4400 de
1799 4343 2338 4418 quadrapulo.Vela
2355 4345 2584 4400 modica
2613 4345 2684 4400 de
2718 4346 2957 4403 fundato
2974 4366 3217 4407 numero
3248 4355 3637 4428 quadraginta

377 4447 436 4500 et
467 4445 712 4515 septem,
745 4445 953 4498 ornata
981 4441 1042 4497 in
1074 4440 1321 4498 circuitu
1355 4442 1424 4497 de
1456 4441 1706 4498 blatthin
1739 4442 2044 4516 Byzanteo,
2077 4446 2134 4498 et
2159 4441 2434 4498 investita
2461 4443 2532 4499 de
2554 4439 2803 4498 blatthin
2827 4444 3474 4520 Neapolitano.Necnon
3497 4455 3634 4514 etin

263 4541 340 4599 το
379 4538 601 4615 gremio
617 4537 874 4596 basilica:
893 4539 1030 4595 fecit
1045 4539 1330 4595 cortinam
1349 4539 1632 4611 majorem
1647 4538 2095 4595 Alexandrinam
2114 4538 2273 4594 mirae
2292 4540 2486 4612 magni
2498 4539 2716 4596 tudinis
2731 4546 2787 4597 et
2802 4544 3262 4615 pulchritudinis
3279 4551 3634 4625 decoratam,

377 4639 645 4694 ornatam
674 4634 736 4693 in
767 4635 1014 4693 circuitu
1044 4636 1114 4693 de
1137 4635 1306 4710 tyrio.
1336 4632 1481 4691 Vela
1511 4636 1645 4693 alba
1673 4636 1902 4693 modica
1931 4635 2255 4694 holoserica
2302 4642 2499 4693 rosata
2555 4655 2798 4694 numero
2857 4640 3064 4715 viginti
3120 4646 3398 4720 quinque,
3432 4657 3640 4710 ornata,

378 4731 441 4790 in
469 4732 720 4789 circuitu
751 4733 823 4790 de
854 4732 1129 4801 blatthin,
1161 4751 1229 4790 ex
1259 4732 1476 4807 quibus
1506 4752 1691 4790 unum
1721 4739 1992 4791 ornatum
2021 4735 2092 4790 de
2121 4734 2396 4792 stauraci.
2428 4735 2615 4808 Super
2643 4735 2826 4793 altare
2871 4755 3005 4796 vero
3048 4742 3200 4798 beati
3237 4746 3502 4816 Andreae,
3533 4751 3635 4807 ubi

375 4845 577 4903 supra,
611 4830 748 4887 fecit
792 4835 1011 4888 vestem
1069 4830 1264 4887 albam
1321 4831 1704 4888 bolosericam
1757 4836 2032 4900 rosatam,
2066 4849 2200 4888 cum
2232 4833 2431 4889 tabula
2460 4833 2531 4889 de
2560 4833 2953 4906 chrysoclavo,
2984 4838 3294 4896 habentem
3327 4843 3635 4904 historiam

378 4925 693 4983 Dominice
725 4927 1188 4994 resurrectionis,
1217 4933 1274 4983 et
1304 4927 1361 4983 in
1394 4928 1640 4985 circuitu
1696 4929 1893 4986 listam
1943 4931 2014 4986 de
2061 4929 2449 5004 chrysoclavo.
2482 4931 2878 4988 Verumetiam
2911 4940 2969 4991 et
2999 4955 3177 5010 super
3224 4939 3403 4998 altare
3455 4944 3636 5001 beatae

269 5025 342 5082 {5
378 5022 701 5109 Petronillzs
731 5023 868 5080 fecit
896 5028 1119 5080 vestem
1152 5023 1345 5081 albam
1373 5024 1756 5084 bolosericam
1789 5032 2068 5092 rosatam,
2100 5045 2235 5083 cum
2265 5027 2464 5084 tabula
2494 5028 2564 5084 de
2589 5028 2982 5101 chrysoclavo,
3001 5033 3310 5092 habentem
3331 5037 3636 5098 historiam

378 5120 693 5178 [δοωὶπὶοω
723 5121 1191 5188 resurrectionis,
1223 5126 1280 5178 et
1308 5121 1369 5177 in
1401 5123 1648 5180 circuitu
1679 5126 1805 5197 ejus
1834 5125 2032 5210 listam
2062 5128 2132 5183 de
2162 5125 2553 5199 chrysoclavo.
2589 5126 2716 5182 Pari
2750 5130 2922 5185 modo
2953 5137 3010 5186 et
3036 5131 3096 5188 in
3128 5137 3381 5193 oratorio
3422 5146 3636 5196 sancta

377 5216 482 5276 Dei
510 5217 842 5290 Genitricis,
877 5219 977 5276 ubi
1007 5235 1191 5294 supra
1218 5219 1278 5274 in
1312 5220 1602 5287 mediana,
1634 5222 1771 5278 fecit
1797 5215 2016 5304 vestem
2047 5223 2240 5280 albam
2273 5221 2657 5278 bolosericam
2703 5229 2979 5293 rosatam,
3012 5227 3324 5287 habentem
3355 5232 3414 5289 in
3445 5236 3637 5293 medio

379 5329 615 5372 crucem
645 5315 717 5372 de
746 5315 1141 5389 chrysoclavo,
1173 5311 1319 5372 etin
1352 5316 1598 5373 circuitu
1629 5313 1896 5400 ornatam
1927 5323 1997 5378 de
2028 5322 2195 5396 tyrio.
2233 5321 2296 5378 In
2327 5319 2574 5377 oratorio
2624 5337 2759 5376 vero
2809 5321 2996 5394 ipsius
3047 5325 3148 5382 Dei
3182 5330 3509 5401 Genitiicis,
3537 5337 3636 5393 ubi

380 5428 583 5486 supra,
605 5415 762 5488 quod
792 5413 1009 5471 dicitur
1037 5413 1236 5471 domni
1273 5413 1434 5470 Pauli
1456 5413 1614 5488 papae
1637 5414 2010 5497 fccit"vestem
2042 5405 2235 5482 albam
2266 5418 2672 5487 bolosericam,
2695 5425 2960 5476 ornatam
2984 5422 3041 5477 in
3055 5422 3300 5482 circuitu
3323 5428 3395 5484 de
3419 5429 3634 5489 mizilo.

265 5509 345 5566 ω
378 5507 763 5567 Necnonetin
781 5511 1132 5568 monasterio
1153 5509 1339 5567 sancti
1373 5509 1628 5579 Martini,
1659 5511 1757 5566 ubi
1779 5530 1974 5585 supra,
2001 5515 2136 5570 fecit
2160 5521 2377 5572 vestem
2399 5515 2593 5572 albam
2624 5515 3006 5574 bolosericam
3038 5524 3635 5594 rosatam,habentem

381 5606 442 5662 in
475 5606 667 5663 medio
697 5624 928 5664 crucem
961 5609 1031 5666 de
1060 5607 1454 5680 chrysoclavo,
1489 5624 1620 5664 cum
1655 5607 1921 5682 periclysi
1954 5609 2036 5695 de:
2056 5611 2222 5684 tyrio.
2262 5611 2360 5667 llic
2394 5612 2527 5668 fecit
2555 5611 2615 5668 in
2648 5611 2889 5670 basilica
2915 5616 3327 5688 Apostolorum
3375 5623 3468 5681 via
3499 5627 3640 5685 Lata

382 5718 560 5775 super
589 5701 774 5758 altare
804 5705 998 5776 majus
1025 5708 1244 5760 vestem
1276 5703 1468 5759 albam
1500 5702 1884 5796 bolosericam
1919 5708 2523 5796 rosatam,habentem
2542 5709 2600 5764 in
2621 5711 2810 5767 medio
2839 5712 3099 5770 tabulam
3120 5716 3190 5772 de
3209 5723 3638 5793 stauraci,cum

381 5797 629 5854 historia
685 5799 994 5857 Dominica
1053 5800 1515 5870 resurrectionis,
1544 5795 1604 5857 et
1659 5801 1720 5857 in
1778 5795 2027 5858 circuitu
2081 5809 2301 5861 vestem
2361 5807 2433 5860 de
2472 5806 2864 5880 chrysoclavo.
2894 5811 3127 5871 Necnon
3156 5820 3214 5873 et
3243 5818 3538 5880 orbiculos
3569 5824 3641 5881 de

381 5892 775 5968 chrysoclavo,
798 5911 932 5952 cum
954 5894 1222 5970 periclysi
1254 5895 1325 5956 de
1353 5897 1522 5969 tyrio.
1548 5897 1848 5958 Tetravela
1876 5899 2108 5960 modica
2135 5901 2319 5960 rubea
2341 5906 2546 5960 ornata
2574 5903 2634 5960 in
2665 5905 2911 5966 circuitu
2937 5909 3009 5969 de
3037 5911 3302 5985 ςυηωε,
3321 5927 3405 5977 ex-
3421 5915 3641 5992 quibus
