3934 6202
356 163 513 230 1243
1503 169 1608 231 AN
1613 172 1657 232 A
1669 170 1909 234 STASI]

2222 169 2613 233 THEGARII.
3614 172 3775 236 1244

383 296 456 354 25
492 314 678 356 unum
708 315 844 357 cum
866 298 1257 374 chrysoclavo.
1290 300 1431 358 Vela
1477 301 1709 358 modica
1750 301 1931 359 rubea
1971 301 2364 360 Alexandrina
2416 304 2556 371 duo,
2583 306 2789 360 ornata
2815 301 2877 358 in
2909 301 3160 360 circuitu
3190 300 3262 361 de
3292 303 3572 362 stauraci.
3604 304 3678 362 Et
3707 305 3775 361 in

493 396 715 468 gremio
745 397 1021 464 basilica,
1040 398 1140 454 ubi
1167 416 1364 471 supra,
1389 399 1522 455 fecit
1550 399 1834 456 cortinam
1859 401 2140 472 majorem
2159 401 2229 457 de
2247 401 2487 456 fundato
2505 400 2750 458 mirifice
2771 401 3127 471 decoratam,
3151 406 3420 460 ornatam
3436 403 3498 459 in
3512 402 3773 460 circuitu

492 493 563 549 de
595 494 763 568 tyrio,
798 500 856 551 et
884 497 945 551 in
978 495 1168 551 medio
1199 513 1400 553 cruces
1431 497 1502 553 de
1534 497 1702 570 tyrio.

561 613 717 668 419
756 612 860 668 Hic
889 629 1021 668 vero
1047 613 1318 685 egregius
1349 613 1559 685 prasul
1593 614 1727 669 fecit
1756 612 1815 668 in
1846 614 2018 670 titulo
2051 617 2264 669 sancta
2296 613 2524 670 Sabina
2556 614 2830 687 martyris
2860 630 3038 687 super
3065 613 3237 670 altari
3288 614 3500 686 majori
3536 618 3772 670 vestem

493 692 1102 766 albam'holosericam
1136 714 1413 779 rosatam,
1446 710 1759 767 habentem
1792 711 1852 766 in
1883 712 2075 768 medio
2106 712 2367 767 tabulam
2397 713 2467 768 de
2498 712 2926 780 stauraci,cum
2955 711 3200 768 historia
3227 711 3545 768 Dominica
3562 728 3770 768 resur-

494 806 789 872 rectionis,
813 813 869 863 et
896 806 955 862 in
986 808 1233 864 circuitu
1264 808 1459 864 listam
1490 810 1563 864 de
1591 808 1983 882 cbrysoclavo.
2016 810 2148 865 Pari
2182 810 2355 865 modo
2386 814 2443 865 et
2470 809 2529 864 in
2561 809 2731 865 titulo
2754 814 2967 865 sancta
2987 810 3271 866 Susanna
3287 810 3567 884 martyris
3582 825 3772 881 super

493 904 660 961 altari
691 904 899 977 majori
927 910 1143 962 vestem
1171 906 1366 962 albam
1397 907 1534 962 fecit
1563 906 1948 963 holosericam
1975 910 2252 972 rosatam,
2286 905 2600 963 habentem
2632 907 2691 962 in
2724 907 2916 964 medio
2947 907 3213 963 tabulam
3244 909 3316 964 de
3355 907 3766 981 chrysoclavo,

417 1002 455 1057 5
491 1018 627 1058 cum
658 1002 904 1058 historia
932 1003 1247 1059 Dominica
1278 1003 1740 1072 resurrectionis,
1775 1009 1833 1059 et
1861 1004 1919 1058 in
1953 1002 2199 1060 circuitu
2231 1003 2428 1059 listam
2456 1005 2526 1059 de
2559 1004 2949 1077 chrysoclavo.
2987 1006 3138 1061 Fecit
3186 1009 3384 1062 autem
3421 1005 3485 1061 in
3516 1004 3773 1062 basilica

490 1099 677 1156 sancti
706 1100 985 1173 Stephani
1018 1100 1191 1173 primi
1219 1102 1492 1173 martyris
1520 1100 1579 1156 in
1609 1102 1783 1157 Coelio
1816 1106 2014 1157 monte
2043 1105 2264 1157 vestem
2290 1101 2486 1157 albam
2516 1101 2901 1159 holosericam
2932 1103 3541 1172 rosatam,habentem
3559 1102 3621 1157 in
3641 1118 3771 1158 me-

486 1196 583 1254 dio
613 1198 875 1254 tabulam
905 1198 975 1254 de
1006 1199 1282 1265 stauraci,
1316 1215 1449 1254 cum
1482 1199 1730 1255 historia
1765 1200 2074 1255 Dominica
2106 1198 2573 1269 resurrectionis,
2596 1205 2653 1256 et
2666 1217 2899 1257 crucem
2920 1202 2991 1257 de
3020 1200 3414 1275 chrysoclavo.
3439 1201 3685 1257 Necnon
3704 1204 3769 1256 et

484 1295 546 1352 in
572 1297 841 1353 diaconia
870 1297 1022 1353 beati
1044 1296 1271 1370 Georgii
1303 1296 1574 1370 martyris
1604 1314 1783 1370 super
1809 1298 1975 1353 altari
2007 1297 2214 1371 majori
2232 1297 2368 1353 fecit
2382 1302 2601 1353 vestem
2621 1297 2815 1354 albam
2833 1298 3219 1355 holosericam
3239 1298 3765 1367 rosatam,hahen-

484 1396 605 1450 tem
629 1393 686 1449 in
721 1395 911 1450 medio
942 1394 1202 1451 tabulam
1232 1395 1303 1449 de
1334 1394 1609 1461 stauraci,
1641 1412 1776 1451 cum
1807 1395 2050 1452 historia
2079 1394 2653 1463 Crucifixi,ornatam
2679 1395 2750 1451 de
2780 1396 3020 1468 tyrio,et
3049 1412 3213 1452 rosas
3243 1396 3316 1452 de
3343 1395 3757 1468 chrysoclovo.

382 1492 451 1547 10
486 1496 617 1565 Ipse
635 1509 769 1548 vero
791 1509 826 1547 a
844 1492 959 1548 Deo
990 1496 1285 1564 protectus
1312 1492 1662 1549 venerabilis
1689 1497 1747 1549 et
1776 1492 2090 1565 praclarus
2120 1492 2379 1566 pontifex
2407 1491 2544 1548 fecit
2572 1491 2633 1546 in
2652 1493 2896 1549 basilica
2923 1497 3139 1550 sancta
3157 1493 3258 1549 Dei
3273 1492 3761 1566 Genitricis,qua

487 1589 814 1663 appellatur
837 1590 909 1645 ad
942 1589 1220 1661 Prasepe,
1253 1590 1325 1644 ob
1355 1589 1605 1645 nimium
1650 1608 1910 1646 amorem
1958 1590 2145 1663 ipsius
2194 1589 2443 1646 domina
2493 1593 2724 1657 nostra,
2756 1590 3007 1661 pharum
3036 1607 3106 1646 ex
3135 1593 3374 1664 argento
3403 1590 3757 1663 purissimo,

484 1704 620 1743 cum
649 1688 887 1743 lucerna
905 1691 961 1742 et
981 1692 1247 1759 cereapto
1270 1687 1344 1758 (a)
1367 1703 1494 1754 suo,
1520 1704 1762 1759 pensan.
1788 1687 1966 1744 simul
1998 1687 2177 1744 libras
2211 1685 2600 1760 quadraginta
2619 1690 2678 1743 et
2698 1686 2896 1743 semis.
2921 1689 2991 1743 Et
3010 1687 3119 1744 hoc
3140 1688 3448 1744 constituit
3469 1689 3603 1760 ejus
3623 1689 3761 1745 bea-

484 1785 694 1853 titudo,
725 1789 789 1841 ut
818 1784 1255 1841 Dominicarum
1287 1783 1516 1850 diebus,
1547 1783 1637 1838 vel
1670 1784 1728 1838 in
1756 1784 1975 1839 sanctis
2006 1783 2501 1852 solemnitatibus,
2527 1783 2701 1855 juxta
2729 1783 3036 1841 lectorium
3077 1785 3443 1856 consisteret,
3476 1790 3537 1843 et
3565 1787 3640 1842 ad
3672 1787 3755 1843 le-

483 1884 739 1955 gendum
771 1899 967 1939 sacras
998 1882 1278 1938 lectiones
1307 1880 1548 1936 luminis
1579 1879 1888 1952 splendore
1917 1879 2183 1952 fulgeret.
2209 1884 2276 1935 Et
2304 1880 2364 1935 in
2394 1880 2642 1937 ecclesia
2657 1881 2810 1938 beati
2838 1881 2989 1938 Petri
3009 1883 3258 1956 apostoli
3272 1885 3399 1957 pari
3417 1885 3596 1941 modo
3615 1885 3758 1941 fecit

380 1982 448 2037 15
483 1982 733 2054 pharum
748 1999 816 2037 ex
825 1984 1063 2054 argento
1077 1978 1393 2052 purissimo
1413 1976 1885 2045 deaurato,mira
1899 1976 2355 2049 pulchritudinis
2368 1979 2869 2046 decoratum,cum
2888 1979 3207 2051 lucerna,et
3227 1986 3497 2055 cereapto
3511 1982 3755 2055 suo,qui

481 2080 837 2153 pens,simul
858 2080 1039 2135 libras
1068 2078 1387 2151 nonaginta
1408 2082 1464 2133 et
1484 2076 1684 2132 semis.
1710 2075 2037 2142 Enimvero,
2061 2076 2161 2131 ubi
2176 2093 2375 2149 supra,
2390 2078 2461 2132 ad
2476 2077 2715 2134 beatum
2730 2078 2964 2135 Petrum
2978 2079 3308 2151 apostolum
3331 2080 3442 2137 sub
3459 2079 3593 2153 ipsa
3608 2080 3754 2137 ima-

480 2179 613 2253 gine
634 2178 949 2235 Salvatoris
970 2177 1197 2233 Domini
1217 2176 1398 2231 nostri
1420 2176 1451 2231 J
1456 2192 1558 2230 esu
1572 2173 1786 2229 Christi
1801 2173 2059 2229 crucifixi
2074 2173 2132 2228 in
2148 2175 2320 2230 modo
2335 2175 2755 2231 fecitcoronam
2766 2190 2837 2229 ex
2846 2179 3087 2249 argento
3101 2176 3442 2248 purissimo,
3457 2176 3748 2234 etihidem

483 2278 556 2333 ob
586 2277 775 2350 ipsius
806 2275 1036 2331 Domini
1067 2273 1249 2330 nostri
1279 2274 1419 2329 Jesu
1449 2271 1663 2327 Christi
1693 2287 1974 2338 amorem,
2011 2288 2114 2343 pro
2144 2271 2592 2328 luminariorum
2624 2271 2933 2345 splendore
2967 2275 3182 2345 posuit,
3216 2290 3461 2347 pensan.
3490 2273 3744 2332 libras...

555 2392 711 2448 420
748 2390 998 2446 Basilica
1023 2406 1155 2445 vero
1184 2388 1338 2444 beati
1368 2386 1719 2460 Apollinaris
1744 2386 2017 2459 martyris
2048 2390 2223 2458 atque
2252 2386 2567 2459 pontificis,
2590 2404 2717 2459 qua
2742 2387 2983 2443 fundata
3006 2392 3096 2444 est
3114 2388 3287 2460 juxta
3316 2388 3615 2446 civitatem
3643 2392 3748 2447 Ra-

480 2505 750 2557 vennam,
784 2489 954 2560 cujus
983 2487 1177 2543 trahes
1200 2503 1314 2558 pra
1346 2485 1529 2541 nimia
1556 2487 1845 2541 vetustate
1877 2484 1946 2539 de
1977 2500 2265 2539 annorum
2297 2483 2695 2552 curriculis,et
2710 2484 2946 2540 olitanis
2968 2485 3333 2558 temporibus
3355 2486 3535 2543 nimis
3554 2504 3742 2544 emar-

481 2590 740 2654 cuerant,
758 2586 1002 2657 jamque
1031 2601 1177 2657 pene
1207 2584 1445 2639 ruitura
1467 2583 1525 2638 in
1548 2587 1809 2655 tempore
1832 2580 1929 2636 illo
1948 2586 2132 2649 erant,
2157 2580 2344 2637 isdem
2363 2581 2712 2639 venerabilis
2734 2581 3206 2651 Pater,divinitus
3229 2583 3744 2657 inSpiratus,misit

477 2684 635 2753 illuc,
666 2688 722 2739 et
751 2700 854 2756 per
880 2681 1325 2739 solertissimam
1355 2698 1420 2737 ac
1453 2680 1751 2753 providam
1784 2695 1987 2735 curam
2019 2695 2188 2734 suam
2215 2679 2415 2735 omnia
2444 2684 2602 2736 sarta
2633 2684 2786 2736 tecta
2843 2680 3033 2753 ipsius
3082 2680 3340 2738 ecclesia
3392 2682 3578 2740 simul
3612 2701 3740 2740 cum

403 2786 441 2839 5
477 2781 929 2856 quadriporticis
958 2781 1082 2837 suis
1114 2780 1339 2835 noviter
1362 2795 1427 2834 ac
1454 2777 1698 2834 firmiter
1728 2775 2094 2842 restauravit,
2127 2780 2183 2831 et
2213 2777 2273 2832 in
2309 2777 2608 2833 meliorem
2641 2778 2872 2834 reduxit
2901 2782 3145 2838 statum.
3175 2780 3363 2853 Super
3392 2780 3582 2838 altare
3612 2799 3738 2838 vero

478 2881 665 2955 ipsius
699 2894 875 2936 sacra
906 2878 1158 2936 basilica
1189 2878 1261 2932 ob
1294 2877 1572 2933 honorem
1603 2875 2020 2948 omnipotentis
2043 2873 2165 2941 Dei,
2189 2880 2245 2930 et
2263 2876 2415 2931 beati
2441 2875 2594 2932 Petri
2607 2875 2960 2949 apostoli,de
2981 2879 3152 2950 cujus
3175 2878 3345 2935 donis
3360 2896 3426 2935 ac
3440 2880 3599 2936 datis
3614 2881 3742 2935 fecit

472 2983 693 3036 vestem
725 2978 970 3034 sericam
1002 2980 1278 3044 rosatam,
1312 2974 1717 3031 habentem'in
1749 2972 1939 3029 medio
1972 2989 2203 3028 crucem
2230 2974 2301 3031 de
2331 2973 2702 3047 chrysoclavo
2734 2991 2867 3030 cum
2900 2974 3198 3043 orbiculis,
3230 2980 3288 3032 et
3308 2980 3467 3033 rotas
3500 2978 3735 3046 sericas,

476 3077 757 3133 habentes
785 3074 1061 3137 historias
1092 3072 1592 3139 Annuntiationis,
1612 3089 1715 3128 seu
1734 3069 1945 3125 natalis
1977 3069 2207 3125 Domini
2242 3072 2425 3127 nostri
2455 3073 2595 3129 Jesu
2627 3070 2863 3140 Christi,
2889 3076 3063 3144 atque
3080 3072 3420 3131 Passionem
3442 3079 3502 3130 et
3523 3076 3736 3132 Resur-

476 3176 814 3242 rectionem,
840 3189 1062 3229 necnon
1095 3175 1151 3227 et
1179 3171 1237 3226 in
1269 3170 1430 3226 coelis
1458 3168 1893 3236 Ascensionem,
1926 3171 2100 3239 atque
2130 3168 2781 3236 Pentecosten,ornatas
2801 3170 2858 3225 in
2877 3170 3124 3227 circuitu
3156 3171 3337 3227 simili
3368 3174 3569 3242 modo,
3587 3174 3739 3230 sicut

370 3276 437 3332 10
473 3277 530 3331 et
556 3277 775 3330 vestem
807 3271 878 3327 de
909 3268 1300 3342 chrysoclavo.
1336 3268 1444 3323 Sed
1472 3271 1529 3323 et
1559 3267 1880 3322 canistrum
1912 3282 1979 3321 ex
2005 3268 2244 3337 argento
2276 3265 2592 3338 purissimo
2618 3266 2761 3322 inibi
2795 3266 3100 3335 fecit,cum
3122 3268 3411 3326 catenulis
3435 3271 3588 3337 suis,
3605 3289 3741 3343 pen-

473 3388 600 3428 san.
629 3369 812 3424 libras
842 3364 1580 3439 quindecim.Episcopium
1610 3379 1743 3417 vero
1776 3361 2307 3429 Albanense,simul
2338 3379 2472 3418 cum
2506 3362 2902 3435 ecclesia,qua
2923 3364 2981 3418 in
3001 3365 3239 3420 nomine
3260 3366 3415 3421 beati
3440 3366 3733 3425 Pancratii

471 3469 716 3524 fundata
742 3470 850 3531 est,
884 3479 986 3535 per
1012 3462 1330 3534 quamdam
1361 3460 1774 3534 negligentiam
1804 3459 1891 3515 vel
1919 3460 2227 3526 incuriam,
2264 3477 2368 3532 per
2396 3461 2825 3517 submissiones
2855 3460 3194 3531 diabolicae,
3228 3467 3359 3535 post
3404 3466 3735 3522 matutinas

474 3565 679 3621 laudes
696 3564 920 3631 exusta,
943 3578 977 3615 a
998 3558 1402 3615 fundamentis
1430 3574 1615 3630 usque
1645 3558 1718 3613 ad
1749 3574 2050 3613 summum
2082 3562 2302 3613 tectum
2323 3559 2697 3615 combustum
2714 3564 2823 3615 est.
2845 3560 2954 3615 Sed
2973 3560 3475 3619 clementissimus
3491 3568 3550 3619 et
3570 3564 3740 3620 soler-

475 3662 746 3719 tissimus
766 3642 1184 3731 pontifex,'Deo
1214 3656 1508 3728 aspirante
1534 3672 1601 3711 ex
1618 3654 1806 3711 sancti
1823 3655 2076 3727 Spiritus
2104 3655 2519 3724 illustratione,
2545 3657 2785 3712 rmum
2799 3656 3028 3729 jaciens
3048 3658 3502 3718 fundamentum
3525 3662 3739 3718 mirum

367 3762 435 3818 l5
472 3760 534 3816 in
556 3758 796 3814 modum
812 3757 938 3828 jam
962 3754 1262 3828 prafatam
1280 3751 1587 3809 ecclesiam
1611 3751 1830 3808 noviter
1851 3753 2219 3822 restauravit,
2243 3758 2300 3809 et
2322 3753 2499 3810 simul
2527 3770 2662 3809 cum
2684 3754 2859 3810 sartis
2881 3754 3070 3823 tectis,
3095 3756 3212 3813 Deo
3226 3757 3497 3829 juvante,
3518 3761 3593 3817 ad
3617 3776 3740 3816 me-

476 3858 681 3915 liorem
713 3852 954 3910 deduxit
979 3856 1220 3909 statum.

541 3972 690 4028 421
734 3970 804 4025 Et
833 3972 898 4024 ut
926 3984 1098 4023 verus
1125 3970 1352 4022 amator
1382 3964 1484 4021 Dei
1514 3968 1570 4020 et
1597 3963 1786 4020 cultor
1815 3967 2153 4020 sanctarum
2185 3965 2287 4021 Dei
2318 3964 2696 4022 ecclesiarum
2746 3966 2883 4022 fecit
2930 3983 3109 4040 super
3145 3967 3317 4024 altari
3348 3970 3560 4041 majori
3593 3987 3740 4043 pra-

469 4071 634 4128 dicta
665 4067 918 4125 ecclesia
950 4069 1138 4121 vestes
1170 4065 1338 4135 duas,
1362 4080 1429 4119 ex
1459 4062 1675 4135 quibus
1707 4079 1886 4118 unam
1918 4079 2053 4118 cum
2086 4062 2227 4118 rotis
2254 4063 2600 4135 majoribus,
2620 4063 2935 4121 habentem
2964 4064 3239 4139 gryphas,
3262 4069 3533 4122 ornatam
3548 4048 3614 4122 in
3631 4067 3738 4123 cir-

471 4169 631 4225 cuitu
662 4167 733 4222 de
762 4165 1024 4232 fundato,
1058 4166 1116 4218 et
1145 4160 1409 4217 tetravila
1438 4159 1623 4216 serica
1652 4159 1913 4233 alithyna
1943 4164 2147 4215 ornata
2176 4160 2247 4215 de
2275 4159 2424 4232 tyrio
2454 4160 2675 4233 optimo
2705 4160 2763 4214 in
2797 4160 3044 4217 circuitu
3077 4163 3342 4232 ejusdem
3374 4162 3580 4219 altaris
3601 4165 3736 4221 fecit

468 4282 715 4323 numero
743 4266 1014 4336 quatuor.
1041 4258 1435 4315 Verumetiam
1458 4262 1515 4314 et
1537 4256 1596 4313 in
1619 4257 1862 4313 ecclesia
1892 4256 2045 4314 beati
2076 4257 2230 4313 Petri
2254 4256 2524 4329 apostoli,
2558 4257 2661 4312 ubi
2693 4274 2893 4331 supra,
2928 4258 3062 4314 fecit
3089 4262 3310 4315 vestem
3336 4264 3616 4329 rosatam,
3635 4261 3737 4317 ha-

392 4367 430 4422 5
465 4364 702 4421 bentem
732 4358 1040 4415 historiam
1070 4355 1303 4412 Domini
1335 4353 1518 4411 nostri
1548 4353 1688 4411 Jesu
1706 4354 1946 4422 Christi,
1969 4356 2202 4427 quando
2224 4355 2481 4411 extendit
2510 4371 2723 4412 manus
2741 4361 2797 4411 et
2819 4356 3206 4429 apprehendit
3226 4357 3465 4414 beatum
3490 4358 3733 4415 Petrum

468 4457 798 4535 apostolum
819 4457 890 4513 de
912 4455 1188 4511 uctibus
1206 4453 1406 4508 maris.
1431 4453 1624 4508 Isdem
1648 4453 2024 4509 beatissimus
2043 4469 2176 4509 vero
2198 4456 2255 4509 et
2274 4452 2587 4541 praclarus
2607 4453 2864 4525 pontifex
2896 4453 3031 4509 fecit
3047 4453 3108 4508 in
3138 4453 3383 4511 basilica
3402 4457 3593 4512 sancti
3625 4456 3733 4533 Cy-

463 4558 607 4617 riaci
623 4560 842 4614 vestem
874 4553 1069 4610 albam
1090 4550 1478 4607 holosericam
1498 4549 1811 4605 habentem
1832 4549 1893 4605 in
1915 4565 2055 4623 gyro
2075 4549 2389 4624 periclysin
2410 4550 2481 4607 de
2502 4550 2767 4619 fundato,
2788 4554 2845 4606 et
2865 4549 2924 4605 in
2948 4551 3139 4608 medio
3170 4551 3478 4609 historiam
3511 4554 3731 4611 Resur-

464 4654 776 4723 rectionis;
806 4656 866 4709 et
894 4651 955 4706 in
977 4634 1225 4706 circuitu
1255 4647 1456 4704 altaris
1484 4646 1750 4704 tetravila
1779 4648 1930 4715 alba,
1962 4647 2274 4704 habentem
2304 4647 2617 4722 periclysin
2648 4648 2719 4704 de
2748 4647 2914 4721 tyrio.
2954 4648 3112 4705 Fecit
3137 4653 3335 4706 autem
3365 4655 3424 4706 et
3466 4651 3527 4707 in
3560 4652 3731 4709 titulo

463 4753 649 4813 sancti
669 4750 875 4808 Vitalis
892 4751 1115 4804 vestem
1136 4746 1332 4803 albam
1352 4744 1738 4802 holosericam
1755 4744 2068 4802 habentem
2090 4745 2400 4820 periclysin
2422 4746 2493 4801 de
2513 4746 2778 4815 fundato,
2803 4744 2934 4802 etin
2953 4746 3144 4803 medio
3174 4745 3486 4804 historiam
3519 4749 3733 4806 Resur-

356 4856 426 4911 lO
462 4851 775 4919 rectionis;
808 4863 1033 4905 necnon
1054 4849 1111 4902 et
1130 4844 1190 4900 in
1211 4842 1479 4900 diaconia
1509 4842 1695 4899 sancti
1726 4842 2067 4916 Archangeli
2097 4843 2295 4917 posuit
2320 4846 2542 4900 vestem
2574 4841 2770 4899 albam
2801 4841 3211 4911 holosericam,
3236 4843 3555 4904 habentem
3583 4847 3727 4920 peri-

459 4949 646 5025 clysin
676 4949 747 5005 de
777 4946 946 5020 tyrio,
978 4948 1035 5001 et
1058 4943 1118 4999 in
1151 4941 1342 4998 medio
1372 4940 1679 4997 historiam
1710 4940 2099 4997 Ascensionis.
2133 4942 2277 4997 Item
2303 4940 2499 5013 ipsum
2518 4958 2695 5013 super
2723 4940 2904 4997 altare
2936 4940 3122 4998 sancti
3152 4941 3445 5015 Abbacyri
3474 4942 3727 5000 similem

460 5052 682 5106 vestem
712 5044 943 5101 obtulit.
976 5043 1151 5099 Porro
1175 5040 1237 5096 in
1267 5038 1535 5096 diaconia
1563 5044 1775 5095 sancta
1804 5039 2043 5113 Agatha
2074 5037 2348 5113 martyris
2393 5038 2528 5095 fecit
2567 5037 2694 5112 ipse
2736 5038 3152 5096 sanctissimus
3201 5039 3462 5111 pontifex
3509 5045 3726 5098 vestem

461 5146 657 5204 albam
685 5141 1072 5200 holosericam
1101 5138 1413 5194 habentem
1444 5136 1503 5192 in
1537 5152 1675 5210 gyro
1707 5138 1778 5193 de
1807 5137 1976 5211 tyrio,
2008 5142 2066 5194 et
2096 5137 2155 5193 in
2186 5137 2379 5193 medio
2410 5135 2721 5193 historiam
2754 5136 3659 5196 Resurrectionis.Verumetiam
3676 5142 3728 5196 et

459 5245 523 5300 in
552 5240 723 5296 titulo
754 5235 1111 5295 Pammachii
1143 5252 1320 5308 super
1349 5235 1528 5291 altare
1560 5240 1898 5292 sanctorum
1918 5234 2162 5292 Joannis
2178 5239 2236 5291 et
2253 5233 2415 5290 Pauli
2433 5233 2567 5290 fecit
2581 5237 2800 5289 vestem
2818 5233 3012 5290 albam
3043 5232 3725 5309 holosericam,ornatam

357 5340 424 5396 15
458 5341 521 5396 in
552 5353 692 5409 gyro
722 5337 794 5391 de
824 5333 1088 5402 fundato,
1120 5333 1435 5389 habentem
1466 5332 1772 5389 historiam
1799 5333 2090 5402 Crucifixi,
2123 5332 2497 5391 Ascensionis
2524 5336 2583 5388 et
2613 5331 3002 5389 Pentecostes.
3039 5331 3259 5388 Pariter
3288 5337 3350 5388 et
3395 5332 3457 5388 in
3490 5332 3728 5391 ecclesia

461 5432 619 5493 beati
637 5432 948 5489 Clementis
969 5430 1244 5504 martyris
1264 5434 1437 5503 atque
1459 5430 1749 5504 pontificis
1771 5432 1908 5487 fecit
1925 5435 2145 5488 vestem
2168 5430 2364 5488 albam
2385 5446 2522 5487 cum
2544 5426 2917 5503 chrysoclavo
2939 5411 3255 5486 habentem
3276 5428 3593 5487 historiam
3626 5431 3726 5487 Re-

462 5530 865 5601 surrectionis,
895 5546 999 5587 seu
1026 5528 1420 5594 Ascensionis,
1459 5543 1683 5584 necnon
1717 5533 1774 5584 et
1805 5529 2204 5585 Pentecosten.

1522 5738 1771 5789 NOTULE
1813 5741 2197 5790 HABGINALES
2237 5741 2541 5790 FABROTTI

390 5870 473 5946 (a)
499 5879 571 5942 ,
590 5876 848 5947 ~cerapto.
