3934 6202
139 215 287 279 1245
995 212 1362 275 HISTORIA
1404 213 1503 274 DE
1552 213 1692 276 ἮΤῖ

2031 213 2264 275 ΡΟΝΤ.
2299 247 2377 258 —-
2403 214 2554 275 LEO
2597 212 2698 274 lIl.
3393 215 3548 278 1246

339 346 506 404 422
540 347 659 402 Imo
685 348 742 401 et
768 343 829 400 in
860 343 1141 402 eccclesia
1170 345 1355 402 sancti
1389 345 1634 418 Cyriaci,
1666 345 1855 418 posita
1882 344 1975 400 via
2005 345 2277 412 Ostiensi,
2314 346 2448 401 fecit
2474 345 2601 401 vela
2628 363 2658 401 e
2689 345 3053 417 quadrapulo
3094 363 3336 404 numero
3377 349 3550 421 quin-

273 460 390 516 que
421 441 706 500 habentia
735 441 1040 497 historiam
1072 441 1385 498 Salvatoris
1416 442 1674 497 vocantis
1703 441 2021 513 discipulos
2049 443 2118 498 de
2150 443 2300 497 navi.
2337 444 2405 497 Et
2435 459 2613 514 super
2642 447 2910 498 sanctum
2944 442 3126 498 altare
3169 443 3354 515 ipsius
3399 463 3550 502 mar-

273 540 421 614 tyris
453 539 655 613 posuit
683 543 904 594 vestem
936 539 1006 594 de
1039 539 1298 594 fundato.
1334 538 1461 610 Ipse
1493 545 1686 593 autem
1736 557 1769 594 a
1817 540 1932 595 Deo
1983 544 2275 611 protectus
2323 544 2381 594 et
2427 538 2740 612 praeclarus
2769 541 3026 611 pontifex
3058 540 3190 596 fecit
3218 541 3279 596 in
3309 541 3554 598 basilica

272 641 497 693 sancta:
531 636 630 692 Dei
663 634 972 692 Genitricis
1003 652 1347 708 semperque
1375 636 1631 708 Virginis
1681 636 1872 691 Maria:
1923 636 2169 690 domime
2223 641 2432 691 nostra}
2464 638 2534 691 ad
2570 637 2827 708 Praesepe
2859 653 3102 692 coronas
3143 641 3467 710 argenteas,
3500 644 3555 693 et

202 735 237 789 5
273 732 594 806 delphinos
626 748 767 788 suos
793 731 1123 797 duodecim,
1157 749 1285 803 quae
1320 749 1560 804 pensan.
1595 731 1776 787 libras
1823 736 2055 786 centum
2106 733 2252 787 duas
2285 737 2340 787 et
2373 733 2574 788 uncias
2623 749 2847 787 novem.
2885 733 2994 788 Sed
3026 737 3081 788 et
3112 732 3296 804 phara
3325 736 3560 791 cantha-

272 846 339 884 ra
367 833 652 902 argentea
683 843 817 882 cum
849 826 1140 898 delphiuis
1173 827 1296 884 suis
1327 828 1406 883 ibi
1438 829 1574 884 fecit
1605 845 1847 884 numero
1881 833 2124 900 septem,
2162 847 2403 901 pensan.
2448 829 2626 884 libras
2671 831 3009 902 octuaginta
3055 830 3314 903 quinque
3371 836 3428 886 et
3475 849 3559 888 se-

271 926 408 983 mis.
448 926 646 982 Isdem
677 940 812 980 vero
838 924 1218 981 beatissimus
1266 926 1478 998 przesul
1523 927 1658 981 fecit
1699 926 1758 981 in
1809 926 2051 982 basilica
2097 926 2246 982 beati
2299 927 2448 982 Petri
2498 926 2744 998 apostoli
2776 926 3078 982 nutritoris
3105 927 3196 983 sui
3229 933 3361 984 ante
3401 945 3562 1000 pres-

274 1025 574 1098 byterium
605 1021 855 1096 pharum
896 1021 1209 1077 volubilem
1262 1040 1329 1079 ex
1381 1028 1618 1096 argento
1664 1024 2002 1096 purissimo,
2054 1040 2188 1078 cum
2238 1023 2467 1079 coronis
2519 1028 2575 1079 et
2622 1023 2918 1090 crucibus,
2968 1041 3132 1096 pens.
3189 1024 3331 1080 inibi
3379 1025 3560 1080 libras

275 1123 530 1196 triginta
560 1119 818 1194 quinque
849 1123 906 1174 et
937 1119 1140 1176 uncias
1172 1137 1290 1176 sex.
1323 1121 1718 1177 Verumetiam
1771 1122 1827 1191 id
1880 1122 2074 1193 ipsum
2107 1123 2399 1177 deorsum.
2442 1121 2541 1176 ubi
2591 1121 3056 1177 sacratissimum
3111 1139 3324 1194 corpus
3372 1122 3560 1194 ipsius

175 1221 240 1277 40
276 1218 571 1293 principis
619 1215 1018 1290 apostolorum
1067 1218 1398 1288 requiescit,
1432 1220 1727 1275 renovavit
1766 1219 2081 1290 imaginem
2133 1235 2389 1285 auream,
2441 1218 2752 1275 habentem
2801 1218 3027 1273 vultum
3083 1219 3396 1275 Salvatoris
3448 1222 3560 1276 Do-

277 1315 426 1373 mini
459 1313 646 1371 nostri
679 1313 816 1369 Jesu
849 1312 1082 1382 Christi,
1116 1332 1182 1370 ac
1215 1320 1426 1372 sanctae
1463 1317 1557 1372 Dei
1592 1315 1902 1373 Genitricis
1945 1315 2135 1371 Marize
2168 1316 2415 1370 dominae
2461 1320 2692 1383 nostrae,
2725 1320 2780 1370 et
2810 1317 3113 1371 beatorum
3160 1317 3559 1389 apostolorum

280 1413 435 1470 Petri
468 1417 530 1468 et
561 1409 744 1480 Pauli,
779 1413 952 1482 atque
982 1412 1243 1480 Andreae,
1279 1431 1501 1469 necnon
1534 1417 1590 1469 et
1620 1414 1797 1470 beatas
1835 1413 2152 1470 Petronillaa
2184 1412 2475 1484 martyris,
2508 1412 2606 1468 ubi
2641 1418 2697 1468 et
2728 1411 2954 1468 addidit
2977 1413 3103 1468 auri
3136 1413 3313 1469 obrizi
3344 1413 3552 1471 libr.2-l

280 1517 337 1568 et
367 1511 602 1568 uncias.

349 1612 512 1669 428
546 1615 669 1670 Imo
694 1631 828 1670 vero
862 1613 962 1670 ubi
995 1629 1173 1684 supra
1202 1615 1335 1666 ante
1367 1613 1636 1666 sanctum
1665 1610 1956 1665 Andream
1990 1607 2282 1664 investivit
2310 1608 2489 1663 altare
2519 1607 2672 1664 beati
2705 1607 2936 1662 Martini
2969 1609 3318 1666 confessoris
3345 1610 3560 1666 Christi

278 1724 348 1763 ex
376 1714 626 1782 argento
651 1711 970 1784 purissimo
1001 1711 1302 1779 deaurato,
1334 1725 1402 1763 ex
1442 1706 1790 1763 transmisso
1821 1710 1900 1776 (a)
1933 1707 2229 1779 quondam
2263 1705 2553 1778 Fridigisii
2582 1705 2832 1772 abbatis,
2869 1707 3020 1777 quod
3046 1723 3288 1778 pensan.
3321 1707 3562 1780 indique

280 1805 464 1863 libras
500 1809 570 1862 17
599 1814 657 1865 et
685 1809 883 1865 semis.
919 1808 1075 1866 Fecit
1103 1810 1299 1863 autem
1328 1811 1384 1862 et
1416 1807 1475 1860 in
1507 1805 1749 1860 basilica
1779 1805 1930 1860 beati
1983 1803 2142 1859 Pauli
2195 1803 2443 1876 apostoli
2493 1803 2746 1858 doctoris
2797 1803 3000 1859 mundi
3044 1805 3305 1878 gentium
3347 1805 3557 1878 phara-

283 1904 577 1961 canthara
606 1922 674 1962 ex
705 1911 943 1980 argento
971 1904 1310 1980 purissimo,
1343 1921 1475 1959 cum
1507 1902 1800 1976 delphinis
1834 1901 1957 1958 suis
1988 1919 2230 1958 numero
2263 1901 2540 1975 quinque,
2565 1917 2727 1974 pens.
2761 1900 2942 1958 libras
2983 1903 3285 1975 sexaginta
3333 1910 3560 1976 septem

282 2004 337 2056 et
367 2002 582 2058 uncias
608 2009 880 2076 quatuor.

354 2099 515 2156 424
550 2099 652 2156 Hic
683 2118 718 2156 a
754 2101 870 2157 Deo
919 2099 1242 2174 inspiratus
1286 2097 1630 2155 venerabilis
1671 2102 1727 2153 et
1775 2097 2086 2170 praeclarus
2140 2097 2420 2170 pontifex,
2471 2096 2837 2168 conspiciens
2895 2097 3200 2154 ecclesiam
3259 2103 3562 2156 beatorum

284 2201 619 2270 martyrum
650 2198 816 2254 Nerei
847 2204 903 2254 et
931 2197 1186 2253 Achillaai
1217 2215 1332 2270 prw
1362 2196 1545 2252 nimia
1565 2198 1691 2267 jam
1721 2201 2013 2252 vetustata
2057 2197 2324 2265 deficere,
2376 2200 2550 2267 atque
2594 2212 2883 2266 aquarum
2929 2195 3282 2251 inundantia
3329 2198 3561 2270 repleri,

276 2294 447 2366 juxta
477 2296 751 2352 eamdem
783 2296 1085 2352 ecclesiam
1117 2296 1336 2351 noviter
1367 2313 1399 2350 a
1438 2295 1836 2349 fundamentis
1885 2295 1942 2348 in
1977 2294 2100 2348 loco
2151 2294 2449 2366 superiore
2499 2292 2806 2348 cccleslam
2856 2294 3180 2348 construxit
3229 2293 3385 2349 mirae
3439 2313 3564 2351 ma-

278 2391 618 2464 gnitudinis
648 2398 704 2448 et
734 2393 1191 2466 pnlehritudinis
1221 2393 1584 2460 decoratum;
1619 2392 1679 2447 in
1709 2409 1826 2464 qua
1852 2392 2030 2447 etiam
2081 2391 2200 2446 haec
2252 2390 2464 2446 obtulit
2495 2392 2648 2445 dona
2682 2390 3007 2445 :canistros
3056 2407 3125 2446 ex
3163 2396 3401 2462 argento
3443 2408 3558 2447 nu-

215 2487 250 2543 5
283 2506 443 2546 mero
476 2507 602 2546 sex.
636 2507 879 2563 pensan.
933 2490 1110 2547 simul
1158 2490 1339 2546 libras
1389 2489 1756 2562 quindecim;
1809 2488 2095 2544 ciborium
2140 2506 2208 2544 ex
2253 2493 2490 2560 argento
2541 2487 2880 2559 purissimo,
2928 2504 3170 2560 pensan.
3222 2487 3402 2544 libras
3457 2490 3566 2544 du-

285 2590 489 2642 centas
554 2591 610 2642 et
666 2587 1037 2659 quindecim;
1099 2587 1335 2642 calicem
1398 2591 1456 2641 et
1513 2591 1783 2658 patenam
1859 2603 1926 2641 ex
1994 2591 2231 2657 argento
2291 2585 2608 2656 purissimo
2675 2585 3008 2652 deauratos,
3077 2601 3320 2656 pensan.
3388 2585 3568 2642 libras

284 2683 603 2741 duodecim
634 2690 692 2741 et
723 2685 928 2741 uncias
978 2686 1207 2752 decem;
1255 2701 1499 2756 regnum
1551 2702 1726 2755 super
1773 2683 1952 2739 altare
2003 2702 2070 2738 ex
2123 2701 2264 2738 auro
2312 2683 2649 2755 purissimo,
2684 2681 2928 2737 diversis
2975 2687 3249 2737 ornatum
3294 2681 3565 2752 pretiosis

286 2778 609 2852 lapidibus,
646 2798 808 2852 pens.
844 2781 1022 2836 libras
1053 2781 1201 2836 duas
1233 2785 1290 2835 et
1321 2779 1524 2834 uncias
1555 2796 1683 2847 sex;
1717 2785 1906 2835 vestes
1956 2779 2125 2843 duas,
2151 2797 2220 2834 ex
2271 2779 2487 2850 quibus
2537 2795 2715 2832 unam
2765 2776 2958 2832 albam
3008 2777 3411 2845 holoserieam,
3458 2776 3562 2832 ha-

291 2875 523 2933 bentem
558 2877 834 2933 historias
865 2878 1179 2934 Dominica:
1210 2877 1530 2932 nativitatis
1561 2894 1665 2932 seu
1699 2876 2183 2943 Resurrectionis,
2206 2874 2577 2932 Ascensionis
2610 2879 2784 2947 atque
2817 2876 3472 2940 Pentecostes,ornatam
3502 2867 3564 2928 in

195 2971 256 3026 10
289 2973 538 3032 circuitu
571 2976 644 3031 de
674 2975 1068 3048 ehrysoclavo,
1122 2979 1180 3031 et
1228 2975 1400 3030 aliam
1452 2975 1523 3029 de
1579 2974 1746 3046 tyrio.
1780 2974 1942 3028 Idem
1984 2991 2118 3029 vero
2171 2974 2304 3028 fecit
2353 2974 2412 3028 in
2464 2972 2705 3027 basilica
2753 2972 2933 3027 beatae
2983 2971 3084 3028 Dei
3133 2971 3443 3027 Genitricis
3482 2970 3554 3026 ad

296 3072 556 3146 Prwsepc
601 3090 846 3146 regnum
897 3090 965 3129 ex
1013 3091 1152 3130 auro
1202 3072 1520 3146 purissimo
1582 3071 1984 3144 Spanoclysto,
2039 3071 2282 3126 diversis
2331 3070 2390 3124 in
2441 3069 2688 3125 circuitu
2747 3071 2817 3125 de
2865 3069 3236 3142 chrysoclavo
3295 3067 3565 3141 pretiosis

294 3174 570 3227 ornatum
619 3171 934 3244 lapidibus,
969 3190 1102 3245 pen.
1149 3171 1329 3226 libras
1379 3175 1631 3244 quatuor
1677 3175 1736 3226 et
1783 3169 1988 3225 uncias
2041 3174 2284 3242 septem.
2335 3168 2488 3223 Fecit
2531 3185 2663 3223 vero
2712 3167 3166 3223 eommunicales
3213 3184 3281 3222 ex
3328 3171 3568 3239 argento

297 3268 618 3340 purissimo
648 3286 750 3340 per
780 3267 1042 3342 singulas
1071 3269 1356 3340 regiones,
1392 3268 1490 3340 qui
1539 3269 1930 3341 praecederent
1980 3285 2082 3338 per
2130 3265 2413 3321 stationes
2461 3282 2565 3337 per
2612 3283 2823 3320 manus
2877 3265 3273 3337 acolythorum
3323 3278 3566 3320 numero

294 3364 500 3438 viginti
536 3370 808 3438 qua-tuor,
844 3383 1085 3438 pensan.
1120 3365 1296 3422 simul
1328 3365 1576 3421 libras...
1612 3365 1738 3420 Pari
1768 3366 1940 3420 modo
1967 3369 2024 3420 et
2052 3363 2111 3418 in
2142 3363 2389 3419 basilica
2416 3362 2569 3418 beati
2599 3363 2748 3418 Petri
2780 3362 3024 3435 apostoli
3077 3362 3320 3417 fautoris
3351 3360 3442 3416 sui
3473 3377 3562 3415 re-

200 3459 259 3515 15
293 3478 475 3534 gnum
521 3481 593 3520 ex
639 3481 778 3520 auro
825 3463 1165 3537 purissimo,
1197 3462 1441 3520 diversis
1488 3462 1756 3535 pretiosis
1786 3467 2057 3518 ornatum
2106 3460 2426 3533 lapidibus,
2479 3477 2641 3532 pens.
2694 3460 2875 3516 libras
2923 3465 3166 3532 septem.
3200 3458 3358 3515 Fecit
3385 3458 3557 3514 etiam

292 3558 351 3615 in
380 3559 655 3618 diaconia
683 3566 1022 3616 sanctorum
1051 3559 1217 3616 Nerei
1247 3565 1304 3616 et
1335 3559 1586 3615 Achillaei
1618 3559 1743 3616 vela
1768 3559 2101 3632 promiscua
2131 3558 2454 3614 holoserica
2488 3573 2750 3613 numero.
2790 3599 2802 3612 .
2841 3599 2852 3612 .
2891 3601 2903 3614 .
2943 3600 2956 3612 .

366 3658 520 3716 425
575 3660 767 3714 Sarta-
793 3663 947 3715 tecta
994 3659 1147 3714 beati
1203 3659 1432 3732 Agapiti
1493 3658 1786 3732 martyris,
1828 3658 1942 3714 sita
1981 3659 2151 3728 juxta
2197 3655 2500 3712 basilicam
2550 3657 2701 3711 beati
2755 3656 3050 3712 Laurentii
3099 3655 3374 3728 martyris
3427 3668 3572 3710 ποι-ιε

299 3771 561 3824 murum,
594 3755 733 3828 quia
763 3757 891 3828 jam
939 3774 1053 3828 prae
1104 3756 1288 3812 nimia
1334 3760 1621 3812 vetustate
1669 3760 2096 3822 emarcuerant,
2147 3755 2372 3809 noviter
2422 3753 2789 3809 restauravit.
2841 3758 2965 3808 Imo
3011 3771 3146 3809 vero
3191 3757 3248 3808 et
3295 3754 3355 3807 in
3405 3750 3577 3807 titulo

297 3850 475 3909 beata
505 3853 883 3909 Pudentianae
933 3853 1069 3909 fecit
1117 3858 1336 3910 vestem
1385 3854 1580 3908 albam
1632 3853 2036 3918 holoserieam,
2068 3856 2335 3908 ornatam
2369 3851 2427 3904 in
2463 3850 2709 3905 circuitu
2743 3851 2814 3904 de
2845 3849 3011 3922 tyrio.
3043 3851 3149 3916 Qui
3197 3849 3581 3906 beatissimus

297 3950 558 4020 pontifex
602 3955 914 4024 postquam
968 3951 1167 4006 sedem
1217 3951 1541 4007 Romanam
1571 3955 1629 4006 et
1659 3949 2038 4022 apostolicam
2087 3965 2273 4004 annos
2319 3948 2547 4019 viginti,
2601 3963 2832 4002 menses
2881 3947 3162 4018 quinque,
3224 3950 3281 4000 et
3335 3945 3460 4001 dies
3511 3947 3579 4000 16

232 4043 262 4099 5
298 4045 722 4117 gloriosissime
753 4047 916 4116 rexit,
950 4065 1019 4105 ex
1045 4048 1155 4103 hac
1185 4047 1314 4103 luce
1344 4047 1682 4104 subtractus
1714 4047 1786 4102 ad
1815 4051 2089 4102 aeternam
2123 4043 2391 4117 migravit
2420 4045 2702 4117 requiem.
2739 4042 2894 4098 Fecit
2931 4048 3128 4098 autem
3179 4042 3578 4098 ordinationes

298 4145 416 4200 tres
444 4163 552 4217 per
575 4161 836 4200 mensem
871 4145 1169 4214 Martium,
1197 4146 1565 4219 presbyteros
1596 4144 1857 4217 triginta,
1891 4144 2167 4199 diaconos
2215 4143 2508 4210 undecim,
2543 4141 2848 4214 episcopos
2897 4158 2998 4212 per
3045 4140 3274 4196 diversa
3313 4139 3439 4195 loca
3468 4157 3577 4194 nu-

301 4255 462 4298 mero
493 4246 732 4298 centum
764 4259 861 4298 sex
889 4245 946 4298 et
972 4241 1179 4315 viginti
1210 4243 1307 4314 (b).
1342 4242 1619 4315 Sepultus
1648 4259 1780 4298 vero
1811 4244 1901 4298 est
1930 4240 1989 4296 in
2020 4239 2265 4296 basilica
2294 4240 2446 4295 Petri
2479 4237 2726 4312 apostoli
2777 4238 2964 4311 pridie
3012 4239 3147 4294 Idus
3197 4237 3334 4293 Jun.
3369 4237 3576 4294 indiet.

303 4353 478 4406 nona,
513 4343 570 4396 et
596 4340 844 4396 cessavit
871 4339 1244 4412 episcopatus
1274 4339 1399 4395 dies
1428 4341 1516 4395 10.
1606 4376 1613 4384 -

1342 4464 1593 4511 NOTULE
1635 4466 1718 4510 MA
1727 4463 1907 4510 RGINA
1917 4464 2018 4508 LES
2060 4461 2350 4508 FABROTTI
2360 4489 2374 4504 .

235 4544 308 4616 (a)
334 4549 398 4619 Β,
430 4567 501 4608 ex
532 4553 688 4609 terra
716 4553 1035 4625 quondam.
1113 4551 1189 4626 (b)
1217 4553 1283 4621 B,
1310 4555 1401 4608 26.

1516 4643 1757 4699 VARI/E
1795 4641 2213 4699 LECTlONES.

452 4727 607 4800 Apud
631 4729 946 4786 Fabrottum
973 4745 1043 4784 ea:
1070 4727 1249 4786 codice
1278 4728 1516 4786 Freheri.

235 4863 376 4941 {ilum
403 4867 532 4941 358,
563 4869 652 4941 lin
683 4870 733 4936 1,
765 4867 1197 4941 Atzuppio,_(in
1229 4870 1315 4933 12,
1348 4869 1470 4941 dies
1489 4873 1580 4926 20.

234 4936 375 5012 Nam
402 4933 528 5012 359,
567 4940 653 5012 ιξτι
684 4933 736 5005 1,
765 4933 1070 5012 quidquid
1089 4939 1172 5012 illi
1205 4933 1479 5012 erogavit.
1514 4943 1599 4997 lin
1626 4942 1680 5008 9,
1706 4942 1810 4998 be-

172 5003 805 5086 nevolusudegstjingm,
820 5003 1060 5086 rogatus
1078 5028 1112 5066 a
1127 5010 1280 5086 clero
1297 5003 1404 5068 suo
1426 5003 1804 5086 presbyteria.

234 5076 378 5154 {iam
407 5079 534 5154 360,
572 5079 660 5154 (in
687 5085 742 5146 2,
776 5076 1334 5154 quadriperticibus.

234 5147 380 5225 {Yum
405 5147 534 5225 361,
572 5150 658 5225 (in
687 5155 742 5217 8,
775 5147 1068 5208 cameram
1099 5157 1155 5208 et
1185 5153 1643 5225 quadripertica.

235 5213 374 5272 Num
403 5213 530 5287 362,
577 5221 664 5278 (in
706 5213 760 5291 2,
808 5225 1143 5294 Eontuana,
1189 5213 1314 5294 quae
1363 5213 1466 5294 per
1513 5225 1818 5283 olimitana

174 5297 538 5348 marcuerant
567 5298 686 5350 tem
733 5312 853 5351 ora.
888 5297 974 5350 lin
1003 5298 1056 5360 8,
1091 5293 1383 5349 blacchinl
1409 5295 1489 5348 lib
1520 5297 1817 5363 9,tria.lz’n

180 5356 256 5422 12,
288 5355 646 5420 Valithinon.
805 5367 892 5422 13.
925 5383 1060 5421 cum
1092 5366 1479 5422 gammadias.

181 5382 256 5422 ιι,
301 5382 646 5420 vautninon.
685 5382 774 5421 nn
805 5382 892 5431 ιδ,
925 5383 1060 5421 cum
1091 5382 1479 5437 gammaaias.

177 5431 652 5562 ’δὲζῑὲᾌιϐᾓῗῶιίη
679 5437 734 5504 6,
759 5437 1109 5510 ﬁgurantem
1137 5452 1311 5492 m.m.
1329 5435 1389 5491 in
1422 5437 1600 5492 natali
1626 5443 1812 5512 apost.

231 5513 596 5568 pendentem.

239 5569 380 5649 Nym
411 5576 534 5649 364,
588 5577 678 5634 lin
727 5578 783 5649 9,
832 5577 982 5649 Petri
1031 5575 1278 5649 apostoli
1330 5576 1457 5632 vela
1487 5578 1637 5649 alba
1685 5580 1817 5636 Pas-

181 5632 477 5769 ἓξὲἐξὲἒὶθι
506 5632 566 5704 ίή
592 5632 786 5706 natale
819 5632 1086 5720 ejusdem
1128 5646 1230 5704 Dei
1277 5647 1526 5720 apostoli
1574 5632 1706 5707 vela
1732 5632 1818 5708 vde

1841 4733 1895 4799 Α
1994 4729 2138 4784 Num
2165 4727 2287 4794 365,
2324 4725 2404 4799 (in
2433 4729 2488 4793 2,
2523 4741 2626 4799 per
2654 4725 2894 4799 olitana.

1995 4801 2138 4855 Num
2164 4793 2290 4863 366,
2323 4797 2402 4852 lin
2435 4799 2487 4863 4,
2520 4793 2692 4852 cafoti
2716 4799 2766 4852 1.
2792 4798 2872 4869 (in
2891 4798 2946 4863 7,
2972 4799 3246 4869 argentea
3264 4794 3492 4852 savisca
3512 4793 3576 4848 Β.

1992 4872 2131 4926 Num
2160 4871 2287 4938 367,
2314 4869 2396 4922 lin
2428 4870 2480 4933 4,
2516 4885 2649 4922 cum
2680 4867 2942 4922 besibus.

1991 4948 2140 5000 Num
2330 4939 2412 4994 lin
2443 4940 2494 5004 4,
2527 4940 2711 4994 Jesse.
2745 4940 2825 4993 lin
2853 4940 2908 5007 5,
2943 4935 3263 4994 Germario.

1992 5019 2140 5070 Num
2168 5013 2292 5076 374,
2325 5012 2404 5064 lin
2436 5013 2494 5076 7,
2525 5009 2895 5065 delimarent.

1993 5090 2143 5142 Num
2173 5084 2296 5148 376,
2331 5082 2412 5136 lien
2441 5083 2496 5145 7,
2531 5080 2844 5152 imperium
2878 5080 3294 5134 Romanorum.

1997 5161 2148 5214 Num
2178 5156 2302 5221 378,
2337 5153 2420 5207 lin
2450 5155 2503 5217 2,
2527 5151 2856 5224 procedere.

1994 5230 2136 5281 Num
2164 5227 2288 5286 380,
2321 5224 2403 5278 lin
2433 5225 2486 5287 4,
2511 5225 2854 5278 .Brutonem.

1995 5303 2141 5354 Num
2169 5298 2296 5372 381,
2331 5295 2410 5372 (in
2439 5296 2493 5372 ξ,
2520 5293 2797 5372 Gypsino.
2965 5361 2975 5372 .

1995 5373 2145 5423 Num
2173 5370 2300 5431 382,
2338 5367 2417 5420 lin
2447 5368 2502 5428 7,
2537 5365 3160 5436 exquibusquinque.

1996 5441 2137 5516 1}:an
2168 5440 2292 5516 383,
2443 5439 2518 5516 10
2548 5441 2606 5492 et
2638 5433 2724 5504 fl,
2761 5433 2948 5516 regias
2979 5433 3252 5516 majores.
3321 5500 3331 5511 .

1996 5511 2137 5565 Num
2167 5499 2291 5573 385,
2325 5509 2409 5563 lin
2436 5509 2490 5574 6,
2524 5524 2660 5563 cum
2692 5499 3033 5578 porticibus.
3067 5499 3150 5578 lin
3193 5504 3246 5569 8,
3319 5500 3378 5556 in
3409 5499 3573 5572 Cyro.

1996 5582 2136 5636 Num
2167 5582 2290 5653 390,
2325 5581 2410 5653 (in
2437 5582 2492 5646 8,
2513 5575 2861 5653 exar—gento
2893 5575 3230 5653 purissimo.

1995 5657 2144 5724 Num
2192 5652 2319 5720 393,
2369 5650 2452 5706 lin
2481 5641 2553 5721 ’4,
2606 5651 2665 5707 in
2690 5641 3198 5724 “parte'virorum.
3227 5644 3307 5700 (in
3351 5644 3406 5714 5,
3456 5641 3578 5699 vol-

1925 5722 2092 5778 teles.
