3934 6202
333 201 497 262 1267
1489 199 1886 263 ΑΝΑΒΤΛΒΙ]

2231 196 2609 262 [‘HECARII.
3610 197 3643 258 1
3655 195 3784 260 268

472 333 573 391 Dei
609 334 861 406 quaiiter
890 332 1037 390 bene
1068 332 1455 407 religioseque
1485 351 1614 390 esse
1644 333 1873 405 possint
1897 331 2155 405 perfecit.
2185 332 2257 388 Et
2285 330 2346 387 in
2377 349 2444 388 eo
2474 329 2897 388 monachorum
2928 345 3260 404 aggregans
3288 327 3498 385 statuit
3516 344 3784 386 conven-

471 431 714 499 tionem,
749 430 952 486 multis
984 431 1138 487 idem
1171 432 1591 486 monasterium
1625 431 1820 486 ditans
1853 429 2249 501 facultatibus,
2278 433 2335 485 et
2364 430 2424 484 in
2450 429 2711 495 familiis,
2745 426 3497 496 massis,vineis,domibus,
3517 426 3781 485 urbanis

473 528 563 585 vel
596 528 835 585 rusticis
868 527 1011 583 locis
1041 528 1392 601 amplianter
1420 527 1896 600 sufﬁcienterque
1926 526 2358 600 multiplicavit,
2393 531 2685 599 quatenus
2714 526 2842 599 ipsa
2873 524 3248 598 congregatio
3278 524 3568 593 residens,
3601 525 3781 581 omni

477 627 825 683 necessitate
857 625 1328 698 postposita,soli
1360 627 1475 681 Deo
1501 625 1845 698 sanctisque
1877 625 2035 681 illius
2060 625 2260 681 laudes
2281 628 2338 680 et
2357 623 2607 698 hymnos
2629 628 2797 679 nocte
2827 622 3035 696 dieque
3062 621 3435 679 modulanter
3453 622 3516 678 in
3532 638 3781 680 venera-

374 725 442 781 10
480 724 581 781 bili
612 723 857 781 ecclesia
886 722 1203 779 Salvatoris
1232 722 1464 779 Domini
1496 724 1678 779 nostri
1708 723 1849 779 Jesu
1880 721 2095 778 Christi
2126 722 2240 777 sita
2259 723 2431 794 juxta
2464 723 2783 779 Lateranas
2814 721 3170 777 decantaret.

550 824 704 879 443
739 823 1018 878 Pristerea
1046 821 1104 876 in
1135 821 1386 877 oratorio
1416 820 1894 877 beatissimorum
1934 824 2260 892 martyrum
2309 818 2569 875 Processi
2598 824 2655 875 et
2685 817 3044 886 Martiniani,
3095 817 3207 874 sito
3256 817 3409 875 infra
3452 816 3779 876 ecclesiam

478 921 629 977 beati
661 920 813 976 Petri
844 919 1126 992 principis
1155 919 1738 992 apostolorum,quod
1766 923 1823 976 et
1853 919 2009 975 idem
2041 917 2167 991 ipse
2198 916 2763 985 construxit,obtulit
2791 915 3112 989 imaginem
3143 932 3214 973 ex
3242 933 3386 973 auro
3417 916 3783 1021 purissimo;

420 1018 434 1032 '
476 1018 791 1073 habentem
818 1016 1044 1072 vultum
1079 1021 1290 1072 sanctas
1320 1017 1419 1073 Dei
1453 1016 1784 1083 Genitricis,
1850 1033 2093 1089 pensan.
2147 1016 2329 1072 libras
2378 1016 2581 1072 decem
2611 1019 2669 1071 et
2698 1015 2903 1071 uncias
2957 1018 3229 1088 quatuor.
3265 1015 3351 1071 lbi
3381 1018 3440 1072 et
3468 1014 3598 1088 ipse
3633 1015 3755 1072 faci

476 1119 694 1171 vestem
724 1116 796 1171 de
825 1114 1075 1170 blatthin
1099 1115 1721 1187 Byzantea,habentem
1737 1113 1969 1170 tabulas
1986 1115 2057 1171 de
2072 1112 2446 1187 chrysoclavo
2478 1114 2790 1181 duas,eum
2812 1111 2975 1168 vultu
2998 1112 3152 1169 beati
3173 1111 3324 1168 Petri
3344 1117 3403 1168 et
3421 1116 3780 1169 sanctorum

404 1213 441 1268 5
478 1217 801 1285 martyrum
825 1211 1081 1269 Processi
1104 1216 1162 1268 et
1184 1211 1603 1281 Martiniani,et
1631 1211 1942 1285 periclysin
1964 1212 2035 1267 de
2055 1210 2604 1284 chrysoclavo,mira
2619 1209 3053 1283 pulchritudine
3071 1208 3565 1266 decoratum.lllic
3585 1210 3779 1265 etiam

479 1308 692 1366 obtulit
739 1316 960 1365 vestem
1008 1308 1416 1377 holosericam,
1446 1309 1757 1366 habentem
1808 1309 1868 1364 in
1914 1308 2107 1364 medio
2164 1308 2428 1364 tabulam
2478 1309 2550 1364 de
2594 1306 2988 1380 chrysoclavo,
3021 1324 3159 1363 cum
3215 1306 3384 1363 vultu
3444 1306 3777 1363 Dominicaa

479 1406 927 1464 resurrectionis
958 1407 1190 1463 Domini
1236 1407 1419 1463 nostri
1468 1408 1609 1463 Jesu
1655 1406 1892 1472 Christi,
1927 1411 1985 1462 et
2032 1405 2343 1478 periclysin
2395 1407 2467 1462 de
2513 1405 2766 1461 blatthiu
2816 1406 3120 1478 Byzantea,
3154 1403 3550 1477 pulcherrime
3600 1420 3775 1461 com-

478 1508 664 1577 ptam.
694 1504 909 1560 Verum
941 1503 1235 1561 enimvero
1261 1504 1482 1561 sanctis
1528 1504 1748 1560 eisdem
1796 1503 1924 1560 vela
1976 1503 2320 1572 ho’loserica,
2357 1520 2495 1559 cum
2525 1502 2793 1576 periclysi
2846 1503 2920 1559 de
2966 1500 3354 1575 quadrapulo,
3397 1505 3459 1558 el
3506 1500 3777 1558 blatthin

481 1604 771 1676 Byzantea
815 1601 1030 1659 obtulit
1078 1619 1321 1658 numero
1369 1619 1595 1658 novem.
1629 1602 1734 1658 Ubi
1762 1605 1820 1658 et
1850 1618 2032 1675 supra
2058 1601 2194 1658 fecit
2221 1600 2348 1657 vela
2378 1617 2555 1674 parva
2587 1601 2659 1658 de
2685 1600 2878 1675 Tyrio,
2910 1616 3045 1656 cum
3079 1598 3349 1673 periclysi
3379 1600 3452 1655 de
3492 1599 3772 1673 fundato,

375 1703 443 1758 10
481 1717 726 1757 numero
758 1716 877 1757 sex.
911 1698 1306 1756 Thuribulum
1335 1700 1406 1755 de
1437 1703 1677 1773 argento
1708 1704 1982 1756 exaurato
2013 1698 2866 1771 mirifice,pens.libr.unam.ln
2896 1697 3148 1755 oratorio
3169 1701 3369 1755 autem
3387 1697 3777 1755 beatissimo'

481 1814 611 1854 rum
645 1802 969 1870 martyrum
1000 1796 1143 1853 Sixti
1172 1802 1231 1853 et
1262 1796 1498 1853 Fabiani
1523 1798 1651 1868 jam
1683 1797 2025 1853 nominatus
2055 1796 2311 1869 pontifex
2342 1796 2478 1852 fecit
2504 1795 2790 1869 gabathas
2820 1812 2890 1852 ex
2918 1799 3158 1868 argento
3205 1799 3326 1851 tres
3371 1811 3542 1868 pons.
3582 1794 3774 1852 libras

480 1895 743 1969 quinque
771 1899 828 1951 et
858 1894 1061 1951 uncias
1092 1911 1213 1951 sex.
1244 1896 1391 1951 Ante
1419 1894 1736 1968 imaginem
1769 1910 2004 1967 quoque
2033 1882 2221 1967 ipsius
2268 1893 2507 1950 oratorii
2555 1893 2693 1949 fecit
2737 1892 2932 1948 velum
2968 1893 3040 1949 de
3087 1890 3484 1966 chrysoclavo,
3517 1892 3775 1950 miriﬁce

479 1995 836 2050 decoratum.
866 1993 1056 2065 Supra
1085 2008 1288 2049 eorum
1318 1991 1647 2048 venerabile
1677 1991 1859 2048 altare
1890 1991 2025 2047 fecit
2051 1995 2271 2047 vestem
2304 1991 2375 2047 de
2406 1989 2688 2063 alithyno,
2720 1990 3032 2047 habentem
3082 1989 3143 2045 in
3188 1989 3381 2046 medio
3424 2006 3670 2047 crucem
3699 1991 3773 2048 de

479 2089 729 2147 blatthin
760 2091 1065 2163 Byzantea,
1095 2094 1155 2146 et
1184 2088 1494 2162 periclysin
1539 2088 1810 2145 similiter
1857 2090 1928 2145 de
1976 2087 2251 2145 blatthin.
2303 2087 2492 2145 Simili
2540 2088 2714 2144 modo
2760 2086 2820 2142 in
2863 2087 2992 2159 jam
3040 2085 3195 2144 dicto
3243 2085 3497 2144 oratorio
3547 2086 3774 2144 obtulit

376 2191 444 2246 15
480 2187 825 2260 εωρθάἰοιιιε
856 2187 1116 2259 pontifex
1144 2191 1363 2242 vestem
1394 2185 2119 2252 holosericam,habentem
2148 2186 2207 2241 in
2240 2185 2431 2242 medio
2462 2202 2665 2242 cruces
2695 2185 2767 2241 de
2794 2184 3165 2258 chrysoclavo
3186 2185 3420 2253 duas,et
3446 2183 3770 2258 periclysin

480 2285 553 2341 de
581 2283 840 2340 stauraci
872 2283 1115 2339 diversis
1146 2282 1481 2356 margaritis
1503 2282 2020 2339 ornatam.lbidem
2042 2282 2168 2355 ipse
2189 2283 2327 2340 fecit
2351 2282 2528 2339 aliam
2549 2286 2769 2339 vestem
2791 2282 2864 2340 de
2882 2280 3467 2350 fundato,habentem
3486 2280 3551 2337 in
3572 2281 3769 2339 medio

478 2398 711 2438 crucem
743 2381 814 2436 de
839 2380 1278 2436 blatthin.Fecit
1305 2380 1482 2436 etiam
1514 2381 1586 2435 ad
1618 2384 1890 2436 ornatum
1922 2381 2182 2453 prwdicti
2213 2379 2453 2437 oratorii
2482 2379 2609 2437 vela
2637 2381 2709 2436 de
2738 2379 3025 2453 alitbyno,
3057 2396 3191 2436 cum
3222 2377 3492 2453 periclysi
3515 2383 3591 2436 de
3611 2378 3767 2436 blat-

482 2478 610 2533 thin
642 2480 929 2551 Byzantea
957 2494 1201 2533 numero
1232 2482 1507 2549 quatuor.
1541 2476 1844 2550 Simulque
1872 2477 1997 2534 velo
2030 2477 2373 2548 holoserica,
2394 2495 2527 2534 eum
2561 2476 2832 2551 periclysi
2861 2477 2932 2533 de
2957 2475 3323 2550 quadrapulo
3353 2480 3411 2534 et
3438 2477 3514 2533 de
3535 2476 3767 2535 olovero

482 2593 728 2634 numero
760 2581 1033 2649 quatuor.

552 2678 707 2731 444
737 2674 841 2730 Hic
871 2672 1335 2747 benignissimus
1366 2672 1579 2746 praesul
1611 2672 1747 2729 fecit
1775 2673 1834 2729 in
1867 2672 2111 2730 ecclesia
2141 2674 2444 2731 beatorum
2495 2677 2821 2747 martyrum
2870 2673 3093 2730 Cosmaa
3142 2676 3200 2729 et
3245 2672 3539 2741 Damiani,
3574 2672 3636 2729 in
3675 2673 3768 2730 via

481 2771 679 2838 Sacra,
709 2774 932 2828 vestem
963 2771 1034 2826 de
1065 2770 1214 2844 tyrio
1243 2770 1557 2827 habentem
1588 2770 1646 2826 in
1681 2771 1872 2827 medio
1901 2770 2162 2827 tabulam
2212 2772 2284 2828 de
2334 2770 2728 2842 chrysoclavo,
2761 2787 2895 2827 cum
2935 2769 3101 2828 vultu
3136 2769 3363 2827 Domini
3402 2771 3594 2827 nostri
3623 2770 3765 2828 Jesu

482 2868 720 2938 Christi,
772 2872 947 2941 atque
994 2868 1297 2924 beatorum
1348 2873 1672 2942 martyrum
1720 2872 1938 2925 Cosme)
1985 2874 2043 2926 et
2088 2868 2379 2939 Damiani,
2433 2885 2569 2925 cum
2616 2868 2748 2926 aliis
2797 2868 3098 2936 fratribus,
3131 2884 3267 2924 cum
3296 2884 3472 2924 cruce
3502 2869 3582 2925 de
3620 2885 3765 2926 auro

483 2970 660 3036 texto,
692 2971 751 3022 et
781 2965 1093 3039 periclysin
1120 2967 1192 3023 de
1220 2965 1447 3022 olovero
1481 2965 1876 3039 pulcherrime
1903 2970 2197 3038 comptam
2229 2970 2404 3040 atque
2432 2966 2784 3023 decoratam.
2818 2967 3010 3039 Supra
3036 2982 3239 3022 eorum
3271 2965 3529 3039 denique
3559 2970 3764 3023 sancto

409 3065 447 3120 5
482 3063 653 3121 altari
685 3063 898 3121 obtulit
925 3064 1357 3136 coopertorium
1388 3063 1460 3121 de
1489 3063 1912 3137 tyrio,miritice
1942 3063 2433 3120 decoratum.lmo
2460 3079 2594 3120 vero
2624 3067 2760 3119 ante
2786 3062 3141 3121 vestibulum
3178 3062 3367 3136 ipsius
3397 3062 3605 3121 altaris
3629 3064 3767 3121 fecit

480 3162 608 3219 vela
636 3163 948 3236 tyria,cum
979 3162 1249 3235 periclysi
1280 3163 1351 3217 de
1381 3161 1635 3218 blatthin
1665 3161 1965 3235 byzantea,
1999 3177 2241 3217 numero
2270 3159 2768 3218 tria.Venerabilis
2800 3160 2976 3217 etiam
3007 3160 3267 3232 pontifex
3303 3160 3443 3217 fecit
3464 3160 3526 3216 in
3550 3177 3764 3218 mona-

480 3259 657 3317 sterio
684 3260 998 3318 Salvatoris
1030 3259 1257 3316 Domini
1290 3259 1473 3316 nostri
1502 3259 1643 3315 Jesu
1673 3258 1910 3330 Christi,
1943 3258 2055 3315 sito
2086 3259 2147 3314 in
2177 3258 2466 3315 territorio
2499 3258 2763 3326 Reatino,
2795 3263 3019 3315 vestem
3071 3259 3144 3314 de
3190 3257 3593 3331 chrysoclavo,
3625 3275 3762 3316 cum

478 3358 724 3415 historia
753 3358 1007 3430 qualiter
1037 3358 1191 3413 idem
1222 3356 1507 3413 Dominus
1530 3360 1728 3412 noster
1751 3357 1925 3413 Jesus
1956 3356 2227 3413 Christus
2256 3373 2392 3413 cum
2423 3355 2790 3430 archangelis
2810 3360 2867 3412 et
2887 3354 3170 3429 apostolis
3191 3354 3253 3411 in
3276 3354 3416 3411 caelo
3464 3361 3762 3424 coruscat,

479 3455 632 3510 mira
655 3453 1093 3527 pulchritudine
1123 3453 1369 3510 diversis
1400 3458 1667 3510 ornatam
1690 3453 2196 3526 margaritis.ltem
2218 3453 2278 3508 in
2292 3454 2419 3525 jam
2442 3453 2597 3509 dicto
2619 3452 2974 3509 monasterio
2996 3452 3069 3509 ad
3089 3455 3361 3509 ornatum
3386 3452 3544 3508 sacri
3559 3452 3762 3511 altaris

374 3553 442 3607 10
478 3551 656 3607 aliam
690 3551 903 3607 obtulit
925 3555 1145 3607 vestem
1178 3552 1249 3607 de
1280 3551 1862 3619 fundato,habentem
1894 3567 2096 3607 cruces
2122 3552 2194 3607 de
2224 3551 2477 3607 blatthin
2510 3551 2877 3624 byzantea,et
2898 3548 3229 3624 periclysim
3257 3550 3329 3607 de
3359 3550 3759 3625 chrysoclavo,

478 3647 725 3703 miriﬁce
754 3652 1112 3704 «ornatam.
1145 3647 1274 3704 Pari
1305 3649 1479 3704 modo
1509 3647 1569 3703 in
1600 3646 1846 3704 ecclesia
1875 3648 2031 3704 beati
2053 3651 2271 3704 Mennaa
2302 3648 2578 3721 martyris
2625 3647 2762 3703 fecit
2810 3651 3031 3704 vestem
3073 3647 3146 3704 de
3188 3646 3579 3721 quadrapulo,
3623 3664 3759 3706 cum

476 3744 747 3819 periclysi
776 3746 849 3802 de
878 3744 1132 3802 blatthin
1162 3746 1462 3816 byzantea.
1497 3746 1601 3801 Hic
1632 3745 2044 3802 sanctissimus
2075 3750 2134 3802 et
2162 3745 2535 3819 coangelicus
2563 3744 2776 3818 praesul
2806 3744 3022 3802 obtulit
3048 3744 3109 3801 in
3146 3744 3393 3802 ecclesia
3420 3745 3580 3803 beati
3610 3745 3759 3804 Petri

476 3841 723 3915 apostoli
740 3842 800 3898 in
817 3841 1229 3899 Centumcellis
1246 3842 1485 3898 calicem
1504 3847 1562 3898 et
1574 3846 1845 3915 patenam
1869 3859 1938 3899 ex
1956 3847 2198 3916 argento
2216 3842 3024 3915 deauratas,pensans.libras
3046 3847 3299 3916 quatuor
3312 3846 3371 3899 et
3386 3843 3597 3901 uncias
3616 3847 3754 3901 tres.

546 3939 698 3997 445
730 3940 1038 3997 Enimvero
1067 3945 1125 3996 et
1151 3940 1210 3996 in
1242 3940 1486 3997 ecclesia
1516 3939 1672 3996 beati
1705 3939 1855 3996 Petri
1883 3938 2132 4013 apostoli
2173 3939 2420 3997 tautoris
2470 3940 2563 3997 sui
2608 3941 2746 3997 fecit
2793 3940 3159 4014 evangelium
3201 3957 3337 3997 cum
3386 3940 3642 3998 blatthin
3687 3958 3757 3999 ex

473 4041 735 4111 argento,
769 4054 1013 4110 pensan.
1045 4037 1227 4095 libras
1258 4041 1386 4094 octo
1416 4041 1474 4094 et
1504 4037 1710 4093 uncias
1738 4041 1886 4093 octo.
1923 4037 2386 4111 Benignissimus
2418 4054 2654 4110 quoque
2683 4039 2898 4111 praesul
2927 4038 3066 4095 fecit
3102 4037 3162 4095 in
3198 4039 3559 4095 monasterio
3601 4038 3755 4096 beati

472 4135 751 4208 Stephani
782 4135 1228 4209 protomartyris
1246 4136 1316 4191 ad
1336 4140 1606 4191 sanctum
1638 4135 1873 4191 Petrum
1889 4140 2079 4192 vestes
2096 4136 2259 4193 albas
2275 4136 2629 4193 holosericas
2647 4135 3209 4209 quatuor,habentes
3225 4134 3286 4191 in
3308 4135 3501 4192 medio
3521 4152 3751 4193 crucem

466 4233 541 4288 de
569 4250 712 4290 auro
745 4236 919 4301 texto,
953 4249 1088 4289 cum
1121 4232 1366 4289 diversis
1415 4232 1769 4305 margaritis,
1816 4237 1875 4289 et
1924 4232 2191 4307 periclysi
2225 4234 2296 4290 de
2325 4234 2600 4303 blatthin,
2633 4233 2879 4290 miriﬁce
2907 4234 3231 4290 decoratas.
3265 4234 3413 4289 Item
3444 4232 3549 4290 ubi
3576 4250 3754 4307 supra

395 4330 433 4384 5
469 4328 685 4385 obtulit
712 4330 1171 4402 praenominatus
1201 4329 1461 4402 pontifex
1488 4334 1708 4386 vestem
1738 4330 1809 4386 de
1837 4330 2102 4399 fundato,
2129 4331 2443 4388 habentem
2491 4331 2551 4386 in
2598 4330 2791 4387 medio
2840 4346 3074 4387 crucem
3126 4347 3196 4387 ex
3242 4346 3385 4386 auro
3427 4335 3667 4398 textam,
3697 4346 3756 4399 et

471 4427 781 4499 periclysin
813 4428 884 4484 de
914 4426 1671 4500 chrysoclavo.Smpedictus
1694 4426 1947 4500 denique
1968 4427 2180 4500 prmsul
2204 4427 2337 4484 fecit
2357 4428 2416 4483 in
2440 4430 2568 4500 jam
2590 4428 2744 4485 dicto
2763 4427 3116 4485 monasterio
3136 4432 3357 4485 vestem
3381 4428 3454 4484 de
3486 4428 3747 4489 fundato.

470 4523 787 4580 habentem
816 4524 876 4580 in
909 4524 1098 4580 medio
1129 4522 1392 4580 tabulam
1423 4525 1494 4579 de
1523 4523 1916 4597 chrysoclavo,
1949 4541 2085 4581 cum
2134 4525 2299 4582 vultu
2348 4530 2563 4582 sanctis
2599 4526 2694 4581 Dei
2725 4524 2982 4582 Genitris
3024 4530 3082 4582 et
3129 4530 3471 4582 sanctorum
3522 4531 3748 4599 aposto-

469 4620 661 4678 lorum
689 4622 841 4677 Petri
875 4626 932 4678 et
960 4621 1142 4689 Pauli,
1175 4625 1234 4677 et
1263 4620 1576 4694 periclysin
1597 4622 1669 4677 de
1697 4621 1969 4678 blatthin.
2005 4621 2230 4678 Obtulit
2256 4622 2476 4678 ibidem
2509 4622 2635 4696 ipse
2661 4627 2852 4679 vestes
2881 4622 2952 4679 de
2982 4622 3237 4679 stauraci
3266 4623 3439 4691 duas,
3472 4622 3749 4681 habentes

469 4718 531 4775 in
562 4719 754 4776 medio
783 4736 987 4775 cruces
1017 4720 1088 4775 de
1117 4718 1577 4791 chrysoclavo,et
1607 4718 1918 4791 periclysin
1940 4720 2013 4776 de
2034 4718 2474 4776 blatthin.Fecit
2494 4720 2672 4776 etiam
2692 4720 2766 4776 ad
2794 4725 3066 4776 ornatum
3088 4718 3278 4793 ipsius
3299 4719 3539 4778 oratorii
3560 4719 3747 4778 velum

363 4814 434 4871 40
470 4816 665 4888 majus
696 4817 766 4872 de
797 4816 1416 4889 quadrapulo,habens
1441 4815 1501 4871 in
1530 4816 1722 4871 medio
1752 4832 1955 4872 cruces
1976 4817 2047 4873 de
2066 4834 2209 4873 auro
2230 4821 2417 4874 textas
2438 4821 2558 4874 tres
2579 4820 2637 4874 et
2664 4816 2975 4890 periclysin
3006 4818 3078 4873 de
3108 4816 3461 4873 blatthian
3483 4817 3749 4875 diaconia

470 4914 625 4971 beati
658 4914 993 4987 archangeli
1023 4914 1237 4971 obtulit
1258 4915 1386 4986 jam
1414 4905 1609 4970 dictus
1638 4914 1897 4986 pontifex
1924 4920 2143 4971 vestem
2173 4915 2244 4971 de
2274 4914 2529 4971 blatthin
2560 4913 3190 4988 Byzantea,habentem
3219 4913 3279 4970 in
3301 4915 3499 4971 medio
3520 4931 3747 4973 crucem

469 5012 540 5067 de
567 5011 962 5084 chrysoclavo,
994 5016 1051 5068 et
1080 5011 1392 5085 periclysin
1424 5012 1494 5069 de
1527 5011 1923 5085 chrysoclavo,
1956 5011 2350 5085 pulcherrime
2378 5017 2695 5085 comptam.

540 5110 696 5165 440
726 5109 1031 5165 Enimvero
1061 5112 1114 5165 et
1143 5108 1203 5165 in
1234 5108 1480 5166 ecclesia
1508 5109 1689 5165 beatae
1719 5108 1957 5165 Caeciliae
1988 5110 2264 5182 martyris
2295 5110 2431 5167 fecit
2457 5110 2743 5167 concham
2771 5127 2842 5167 ex
2872 5114 3136 5184 argento,
3169 5109 3273 5167 ubi
3323 5113 3382 5166 et
3429 5110 3744 5183 pretiosum

467 5206 732 5277 ejusdem
777 5207 1023 5280 virginis
1052 5211 1228 5278 caput
1256 5206 1537 5274 condidit,
1590 5224 1833 5279 pensan.
1887 5206 2069 5263 libras
2115 5211 2246 5264 octo
2294 5211 2352 5264 et
2398 5207 2600 5263 semis.
2634 5206 2827 5263 Simili
2878 5208 3051 5264 modo
3106 5211 3166 5263 et
3208 5206 3269 5262 in
3322 5205 3571 5264 ecclesia
3596 5206 3745 5263 beati

466 5302 721 5370 Quiriaci
751 5302 1022 5377 martyris
1051 5303 1110 5359 in
1142 5303 1645 5369 Thermis,obtulit
1673 5303 1987 5377 praedictus
2017 5303 2231 5377 praesul
2260 5304 2388 5361 vela
2416 5305 2489 5360 de
2518 5304 2762 5361 fundato
2793 5321 3039 5362 numero
3070 5304 3331 5362 octo.Hic
3363 5321 3399 5361 a
3427 5304 3548 5362 Deo
3567 5303 3745 5361 fultus

459 5400 588 5470 jam
619 5400 960 5456 nominatus
989 5400 1245 5473 pontifex
1273 5401 1408 5458 fecit
1437 5401 1497 5456 in
1530 5401 1780 5458 oratorio
1809 5402 1998 5458 sancti
2026 5400 2375 5475 Archangeli
2397 5402 2552 5473 quod
2575 5403 2876 5475 quondam
2907 5402 3301 5475 praedecessor
3330 5402 3464 5474 ejus
3495 5402 3745 5459 domnus

395 5495 429 5549 5
467 5496 581 5553 Leo
610 5512 761 5569 papa
791 5497 1096 5554 constituit
1126 5502 1300 5571 atque
1329 5498 1675 5567 construxit,
1707 5504 1929 5555 vestem
1960 5499 2154 5556 albam
2203 5498 2613 5565 holosericam,
2644 5499 2958 5556 habentem
3009 5500 3070 5556 in
3119 5499 3313 5556 medio
3366 5498 3634 5557 tabulam
3674 5498 3745 5557 de

468 5592 862 5665 chrysoclavo,
915 5610 1049 5649 cum
1095 5595 1337 5651 historia
1384 5595 1697 5652 Dominicm
1747 5596 2190 5652 resurrectionis
2237 5596 2468 5651 Domini
2520 5597 2704 5652 nostri
2750 5596 2890 5652 Jesu
2942 5595 3179 5665 Christi,
3231 5600 3289 5652 et
3337 5596 3648 5670 periclysin
3674 5597 3744 5655 de

469 5688 861 5761 chrysoclavo,
894 5690 1138 5747 mirifice
1169 5692 1522 5747 decoratam.
1554 5691 1695 5747 ltem
1727 5692 1807 5748 ibi
1840 5694 2052 5749 obtulit
2082 5693 2258 5749 aliam
2289 5697 2509 5749 vestem
2541 5695 2612 5750 dc
2639 5694 3043 5763 fundato,cum
3072 5693 3348 5768 periclysi
3379 5695 3455 5751 de
3496 5693 3743 5752 blatthin

469 5786 774 5858 Byzantea.
786 5786 944 5842 Fecit
973 5786 1147 5843 etiam
1170 5789 1297 5860 jam
1327 5786 1520 5842 dictus
1551 5788 1807 5857 pontifex
1833 5789 1893 5844 in
1924 5790 2261 5862 supradicto
2282 5791 2532 5848 oratorio
2558 5795 2777 5849 vestem
2801 5791 2978 5850 aliam
3005 5793 3077 5850 de
3107 5790 3745 5865 quadrapulo,ciroum‘

473 5884 694 5945 sutam,
725 5897 859 5938 cum
890 5881 1134 5939 historia
1161 5884 1263 5940 Dei
1295 5881 1626 5952 Genitricis,
1661 5883 2051 5956 pulcherrime
2083 5890 2377 5959 comptam
2408 5891 2584 5960 atque
2615 5889 2968 5949 decoratam.
