3934 6202
174 310 338 374 1269
945 310 1313 372 HISTORIA
1357 309 1459 371 DE
1501 308 1702 372 VITIS
1747 309 1938 372 ROM.
1985 310 2212 372 PONT.
2256 343 2333 355 —-
2370 307 2824 371 PASCHALIS.
3433 303 3592 371 1270

390 445 538 502 441
585 442 866 500 Preterea
889 441 1043 499 idem
1077 459 1349 498 summus
1372 441 1626 514 pontifex
1649 446 1704 497 et
1725 441 2100 509 orthodoxus,
2117 441 2314 497 divina
2336 440 2714 514 inspiratione
2737 439 3023 514 pulsatus,
3049 439 3354 500 ecclesiam
3374 446 3589 500 sanctas

318 549 377 601 et
405 544 763 599 intemeratze
792 541 1048 614 Virginis
1081 540 1273 596 Maria:
1306 540 1554 595 dominre
1587 545 1797 595 nostra:
1815 541 1884 595 ad
1903 541 2160 611 Prmsepe
2183 556 2425 595 cernens
2449 540 2745 612 quondam
2775 539 2876 595 tali
2907 556 3065 595 more
3095 542 3595 609 constructam,ut

318 648 455 716 post
487 642 684 697 sedem
716 639 1011 712 pontificis
1041 639 1317 693 mulieres
1349 639 1418 693 ad
1455 655 1620 693 sacra
1649 638 1965 694 missarum
1999 637 2285 692 solemnia
2315 641 2537 692 stantes
2568 653 2745 709 prope
2777 636 3054 693 assistere
3067 638 3236 709 juxta
3259 637 3594 709 pontificem

315 737 770 803 viderentur,ita
791 742 855 792 ut
881 737 930 792 si
953 736 1173 808 aliquid
1201 735 1451 808 colloqui
1477 736 1733 808 pontifex
1753 753 1886 791 cum
1907 735 2317 791 assistentibus
2332 735 2714 803 voluisset,ex
2736 737 3066 808 propinqua
3089 735 3254 792 valde
3277 735 3592 791 mulierum

246 839 286 894 5
325 835 794 910 frequentatione
824 851 1195 907 nequaquam
1217 834 1266 889 ei
1292 834 1417 889 sine
1439 833 1671 889 illarum
1695 834 2114 889 interventione
2143 834 2341 889 liceret
2367 851 2379 889 :
2406 834 2635 906 largum
2656 835 2871 890 ibidem
2900 834 3091 890 locum
3115 834 3597 906 inesse,qualiter

319 936 459 991 inde
493 935 691 990 sedem
723 938 950 989 mutare
978 931 1645 1000 valeret,cumcerneret,
1671 932 1804 986 dato
1837 932 2030 1003 operis
2061 932 2254 987 studio
2281 931 2457 1004 coepit
2486 931 2883 988 indesinenter
2911 949 3081 1004 agere
3113 933 3312 988 sedem
3342 931 3592 988 inferius

319 1033 575 1106 positam
608 1048 846 1088 sursum
877 1047 1113 1103 ponere,
1147 1035 1213 1085 ut
1240 1047 1305 1086 eo
1337 1028 1683 1085 familiarius
1715 1029 1960 1085 Domino
1994 1045 2192 1102 preces
2225 1030 2464 1085 fundere
2497 1034 2714 1101 posset,
2749 1047 2863 1102 quo
2895 1029 3190 1086 consortia
3233 1030 3588 1103 populorum

321 1131 588 1186 modeste
617 1129 909 1185 declinare
939 1127 1246 1200 potuisset.
1280 1127 1540 1199 Denique
1571 1128 1770 1183 sedem
1805 1127 2022 1199 optime
2054 1143 2231 1199 quam
2264 1128 2488 1182 dudum
2522 1128 2709 1183 fuerat
2739 1127 3153 1200 pulcherrimis
3193 1127 3591 1184 marmoribus

319 1229 655 1284 decoratam
687 1225 967 1292 condidit,
992 1230 1047 1280 et
1079 1224 1336 1297 undique
1363 1241 1642 1280 ascensus
1673 1223 1889 1296 quibus
1911 1225 1982 1279 ad
1997 1241 2126 1279 eam
2158 1225 2462 1296 gradiatur
2491 1224 2832 1292 construxit,
2852 1225 3370 1297 pavimentumque
3384 1224 3586 1280 altaris

202 1326 280 1384 40
318 1325 551 1398 erigens
581 1323 1025 1397 pretiosissimis
1055 1323 1449 1379 marmoribus
1479 1323 1703 1378 stravit.
1741 1322 1931 1377 Erexit
1978 1338 2118 1376 sane
2168 1338 2268 1377 sex
2315 1322 2460 1376 inibi
2511 1326 2644 1377 ante
2702 1322 3131 1378 confessionem
3181 1323 3328 1379 sacri
3383 1321 3586 1378 altaris

319 1440 616 1496 purpureo
644 1421 834 1478 colore
865 1421 1352 1493 columnas,quas
1383 1437 1561 1493 super
1590 1425 1646 1475 et
1664 1419 1895 1476 candidi
1926 1419 2236 1475 marmoris
2265 1420 2492 1476 trabem
2524 1419 3066 1492 posuit,purpureis
3099 1421 3300 1477 dextra
3327 1419 3584 1492 laevaque

319 1519 718 1576 marmoribus
753 1524 987 1574 nectens
1019 1518 1150 1574 illas
1181 1518 1419 1583 scilicet,
1454 1517 1858 1589 cazlaturisque
1910 1534 2198 1572 exornans
2247 1517 2391 1572 satis
2449 1517 2753 1573 commode
2810 1519 3123 1574 decoravit.
3158 1516 3586 1590 Presbyterium

318 1635 554 1690 quoque
584 1617 771 1690 ipsius
794 1617 1048 1673 ecclesia:
1071 1617 1314 1671 diversis
1341 1616 1753 1680 marmoribus,
1778 1633 1955 1687 quam
1980 1615 2200 1686 pridem
2227 1616 2434 1679 fuerat,
2462 1614 2519 1669 in
2544 1615 2753 1672 melius
2784 1617 3092 1688 reparavit.
3112 1614 3584 1688 Propitiatorium

315 1733 452 1771 vero
483 1717 632 1770 sacri
665 1715 884 1782 altaris,
910 1732 1012 1770 seu
1046 1713 1752 1781 confessionem,interius
1783 1714 2150 1785 exteriusque
2180 1730 2312 1768 cum
2346 1712 2573 1786 rugulis
2603 1713 2726 1769 suis
2757 1731 2976 1769 exauro
3009 1713 3326 1786 purissimo
3341 1712 3584 1768 mirifice

201 1815 278 1871 45
317 1813 633 1879 decoravit,
659 1830 901 1885 pensan.
928 1812 1108 1868 libras
1131 1817 1365 1867 centum
1390 1812 1761 1884 septuaginta
1782 1817 2033 1883 quatuor
2055 1816 2111 1866 et
2135 1811 2338 1866 uncias
2361 1829 2479 1866 sex.
2508 1810 2788 1866 Similiter
2809 1817 2863 1867 et
2896 1812 3076 1868 altare
3117 1811 3302 1883 ipsius
3329 1809 3584 1866 basilicae

317 1929 388 1968 ex
416 1911 708 1984 argenteis
737 1910 996 1976 laminis,
1046 1927 1179 1965 cum
1229 1910 1490 1966 historiis
1543 1909 1788 1965 diversis
1841 1909 2232 1980 pulcherrime
2277 1909 2529 1981 compsit
2567 1913 2743 1981 atque
2775 1910 3093 1977 deauravit,
3126 1927 3368 1982 pensan.
3401 1909 3584 1964 libras

308 2013 602 2066 trecentas
633 2009 972 2081 octuaginta
1003 2011 1058 2064 et
1087 2007 1366 2080 quinque.
1401 2007 1869 2080 Benignissimus
1898 2006 2073 2062 etiam
2104 2006 2536 2079 praeclarusque
2585 2007 2797 2079 praesul
2843 2008 3055 2063 obtulit
3083 2008 3166 2063 ibi
3197 2006 3483 2079 gabathas
3513 2023 3583 2062 ex

315 2124 460 2164 auro
490 2105 828 2179 purissimo,
861 2122 995 2161 cum
1045 2105 1290 2160 diversis
1337 2105 1586 2177 gemmis
1631 2121 1872 2160 numero
1923 2122 2040 2172 sex,
2075 2122 2317 2176 pensan.
2351 2105 2533 2161 libras
2589 2105 2798 2178 viginti
2857 2111 2911 2161 et
2960 2106 3164 2162 uncias
3217 2123 3336 2162 sex.
3369 2106 3440 2160 Et
3471 2103 3580 2159 hoc

315 2205 644 2272 constituit,
664 2208 732 2258 ut
753 2220 983 2275 semper
1012 2203 1218 2258 diebus
1245 2220 1310 2258 ac
1332 2203 1602 2258 noctibus
1625 2207 1757 2258 ante
1780 2207 2220 2258 sacrosanctum
2243 2202 2424 2258 altare
2453 2202 2702 2258 lucerna:
2735 2205 2936 2259 ardere
2968 2205 3234 2260 debeant.
3260 2203 3362 2258 Hic
3385 2202 3580 2257 divina

195 2305 274 2359 20
310 2301 698 2375 inspiratione
719 2299 1141 2367 fultus,ohtulit
1162 2301 1218 2354 in
1235 2301 1360 2371 jam
1382 2301 1539 2355 dicta
1557 2300 1797 2355 basilica
1817 2317 1988 2355 arcus
2010 2318 2077 2355 ex
2097 2305 2340 2372 argento
2361 2317 2605 2355 numero
2628 2305 2920 2366 octo,cum
2943 2301 3234 2357 columnis
3259 2298 3576 2365 sexdecim,

313 2417 560 2473 pensan.
590 2398 831 2454 insimul
861 2398 1041 2454 libras
1071 2399 1352 2453 ducentas
1382 2399 1580 2453 decem
1613 2402 1669 2452 et
1697 2402 1826 2452 octo
1858 2403 1914 2451 et
1944 2397 2148 2452 uncias
2177 2403 2326 2452 octo.
2359 2398 2514 2453 Fecit
2541 2398 2718 2452 etiam
2749 2403 2806 2453 et
2837 2403 2970 2454 ante
3000 2397 3356 2454 vestibulum
3378 2395 3582 2452 altaris

312 2515 496 2570 rugas
526 2497 777 2568 majores
807 2513 876 2552 ex
905 2501 1167 2568 argento,
1201 2512 1444 2568 pensan.
1480 2494 1659 2550 libras
1690 2493 2062 2567 septuaginta
2088 2499 2146 2550 et
2175 2495 2566 2550 octo.0btulit
2593 2495 2769 2551 etiam
2800 2499 2856 2551 et
2886 2496 3166 2551 canthara
3189 2495 3286 2550 ubi
3319 2511 3500 2566 supra
3515 2510 3585 2550 ex

315 2599 557 2667 argento
588 2611 832 2650 numero
865 2609 984 2664 sex,
1018 2610 1257 2665 pensan.
1297 2593 1537 2648 insimul
1569 2592 1746 2648 libras
1776 2593 2077 2664 sexaginta
2107 2597 2164 2648 et
2195 2593 2393 2648 semis.
2429 2593 2555 2648 Pari
2614 2594 2786 2648 modo
2846 2598 2904 2649 et
2960 2611 3063 2665 per
3112 2611 3282 2648 arcus
3333 2593 3585 2663 majores

313 2693 637 2764 saepedictee
660 2690 913 2746 ecclesia:
935 2690 1069 2746 fecit
1089 2690 1296 2746 calices
1319 2691 1568 2762 majores
1591 2706 1658 2744 ex
1679 2695 1918 2761 argento
1951 2691 2272 2761 pendentes
2303 2707 2544 2746 numero
2575 2691 2963 2762 quadraginta
2984 2697 3039 2746 et
3061 2693 3231 2759 duos,
3254 2689 3355 2762 qui
3378 2707 3583 2770 omnes

197 2793 275 2847 25
314 2789 559 2846 insimul
591 2806 758 2862 pens.
789 2788 970 2844 libras
1001 2789 1282 2844 ducentas
1312 2788 1651 2860 octuaginta
1681 2792 1737 2842 et
1767 2804 1969 2843 unam.
2003 2787 2368 2844 Venerabilis
2407 2789 2620 2844 etenim
2673 2789 2881 2860 praesul
2915 2789 2987 2844 ob
3019 2806 3278 2846 amorem
3312 2775 3578 2860 ejusdem

312 2887 572 2960 Virginis
601 2886 849 2942 domina:
881 2889 1089 2942 nostra:
1121 2885 1333 2942 obtulit
1363 2885 1580 2940 ibidem
1611 2902 1856 2940 coronas
1888 2902 1956 2941 ex
1985 2890 2223 2957 argento
2255 2903 2498 2941 numero
2517 2892 2785 2958 quatuor,
2810 2904 3051 2959 pensan.
3073 2887 3254 2943 libras
3275 2885 3578 2959 sexaginta

312 2991 372 3042 et
400 2985 549 3040 duas
579 2989 636 3040 et
664 2984 863 3052 semis,
897 2988 953 3039 et
983 2984 1188 3038 uncias
1219 2987 1336 3038 tres
1369 2999 1382 3038 :
1411 2982 1548 3038 item
1581 2982 1680 3038 ubi
1724 3000 1902 3055 supra
1950 2982 2208 3039 canistra
2255 3000 2323 3039 ex
2365 2989 2603 3056 argento
2656 3001 2896 3040 numero
2947 2985 3082 3054 duo,
3117 3001 3360 3057 pensan.
3394 2983 3577 3040 libras

311 3082 616 3138 tredecim.
632 3083 789 3137 Fecit
808 3081 984 3136 etiam
1006 3081 1223 3136 ibidem
1246 3080 1563 3152 imaginem
1587 3097 1654 3136 ex
1677 3085 1914 3152 argento
1936 3081 2297 3149 deauratam,
2323 3098 2457 3136 cum
2481 3081 2644 3136 vultu
2677 3082 2857 3137 beatae
2889 3083 2989 3138 Dei
3011 3081 3324 3139 Genitricis
3358 3083 3575 3153 Maria,

314 3196 560 3252 pensan.
586 3178 768 3234 libras
797 3179 997 3234 decem
1021 3182 1078 3234 et
1099 3183 1324 3249 septem
1350 3181 1406 3232 et
1428 3177 1631 3233 uncias
1651 3181 1790 3233 tres.
1815 3177 2028 3233 Christi
2052 3194 2286 3250 quoque
2306 3179 2726 3250 omnipotentis
2749 3179 2979 3235 Domini
3004 3179 3262 3236 famulus
3284 3180 3498 3236 obtulit
3516 3181 3579 3237 in

191 3279 270 3334 30
308 3280 683 3335 sacrosancto
733 3275 904 3331 altari
962 3275 1282 3348 saapedictaa
1322 3274 1575 3331 basilicae
1623 3280 1814 3331 vestes
1866 3276 1935 3330 de
1985 3275 2358 3348 chrysoclavo
2407 3277 2575 3343 duas,
2610 3277 2889 3333 habentes
2920 3278 3228 3334 historiam
3259 3278 3571 3335 Dominicaa

310 3373 636 3430 nativitatis
657 3373 890 3429 Domini
911 3374 1096 3429 nostri
1117 3373 1255 3429 Jesu
1279 3372 1654 3441 Christi,cum
1682 3372 2222 3446 periclysi,diversis
2245 3377 2480 3430 ornatas
2502 3375 2754 3448 gemmis
2778 3380 2952 3448 atque
2975 3376 3580 3450 margaritis,mirifice

313 3473 640 3529 decoratas.

383 3570 540 3627 448
580 3568 804 3626 Obtulit
824 3569 999 3625 etiam
1021 3568 1102 3623 ibi
1125 3569 1247 3640 ipse
1261 3568 1435 3624 aliam
1448 3572 1665 3624 vestem
1679 3569 1750 3624 de
1763 3568 2472 3641 chrysoclavo,hahentem
2487 3569 2795 3627 historiam
2819 3573 2976 3644 quali
2987 3577 3072 3628 ter
3087 3573 3367 3630 Dominus
3380 3577 3578 3631 noster

310 3669 488 3725 Jesus
518 3665 784 3723 Christus
807 3666 1082 3722 aJoanne
1105 3666 1164 3720 in
1186 3667 1438 3721 Jordane
1462 3666 1790 3738 baptizatus
1821 3671 2068 3733 est,cum
2104 3667 2368 3739 periclysi
2401 3668 2471 3722 de
2503 3669 2897 3740 chrysoclavo,
2937 3671 3182 3727 mirifice
3213 3676 3576 3728 exornatam.

314 3767 463 3821 Item
492 3763 594 3820 ubi
626 3781 804 3836 supra
833 3764 1083 3835 compsit
1113 3768 1330 3819 vestem
1362 3763 1433 3818 de
1463 3762 1852 3835 chrysoclave,
1875 3763 2183 3820 habentem
2217 3764 2518 3821 historiam
2543 3765 2856 3821 Dominicaa
2883 3769 3328 3824 resurrectionis
3346 3768 3579 3825 Domini

304 3862 493 3918 nostri
518 3862 548 3917 J
556 3878 659 3917 esu
691 3860 1077 3930 Christi,cum
1103 3860 1371 3932 periclysi
1392 3861 1462 3915 de
1484 3859 1875 3932 chrysoclavo,
1894 3860 2137 3917 diversis
2154 3866 2418 3917 ornatam
2451 3861 2802 3934 margaritis.
2831 3864 3235 3931 Beatissimus,
3261 3869 3316 3920 et
3337 3882 3577 3922 venera-

227 3962 266 4017 5
304 3960 447 4017 bilis
470 3959 928 4032 przenominatus
949 3959 1205 4031 pontifex
1225 3959 1420 4013 divino
1443 3974 1639 4013 amore
1661 3958 1873 4014 ductus
1897 3958 2029 4013 fecit
2058 3959 2275 4015 ibidem
2301 3961 2356 4014 in
2373 3961 2497 4031 jam
2522 3961 2757 4032 praefato
2780 3959 2948 4016 altari
2972 3967 3189 4018 vestem
3212 3962 3483 4036 similiter
3505 3965 3577 4020 de

302 4056 699 4130 chrysoclavo,
723 4055 1036 4111 habentem
1057 4055 1362 4110 historiam
1385 4053 1636 4126 qualiter
1653 4055 1822 4110 beata
1843 4055 1940 4110 Dei
1962 4056 2221 4111 Genitrix
2235 4057 2417 4113 Maria
2437 4074 2676 4130 corpore
2698 4062 2786 4113 est
2807 4066 3276 4131 assumpta,cum
3300 4059 3573 4133 periclysi

299 4156 376 4210 de
397 4152 901 4226 chrysoclavo,seu
925 4152 1169 4208 diversis
1191 4151 1523 4225 margaritis
1546 4156 1840 4223 comptam
1861 4156 2035 4224 atque
2056 4154 2573 4211 decoratam.Fecit
2593 4155 2749 4211 enim
2772 4155 3234 4228 benignissimus
3258 4157 3468 4230 praesul
3489 4159 3573 4214 ibi

299 4253 430 4324 ipse
461 4249 637 4306 aliam
665 4255 886 4306 vestem
919 4251 990 4305 de
1019 4250 1412 4322 chrysoclavo,
1446 4249 1758 4304 habentem
1791 4249 2097 4305 historiam
2130 4252 2446 4307 Dominica:
2478 4253 2836 4309 ascensionis
2858 4253 3072 4310 Christi
3098 4254 3331 4310 Domini
3361 4256 3569 4325 nostri,

300 4349 414 4404 rite
444 4349 797 4404 decoratam.
824 4347 966 4403 Item
989 4347 1089 4402 ubi
1111 4365 1310 4420 supra,
1334 4348 1406 4402 ob
1429 4363 1687 4402 amorem
1707 4347 1972 4417 ejusdem
1995 4347 2273 4418 Virginis,
2290 4351 2617 4406 construxit
2642 4351 2816 4407 aliam
2839 4357 3056 4408 vestem
3080 4353 3150 4408 de
3172 4351 3566 4425 chrysoclavo,

188 4447 260 4502 10
299 4446 617 4502 habentem
648 4445 955 4502 historiam
985 4444 1239 4516 qualiter
1269 4444 1521 4516 Spiritus
1552 4448 1790 4500 sanctus
1820 4445 1978 4502 venit
2007 4461 2182 4515 super
2213 4447 2529 4518 apostolos,
2565 4449 2809 4505 diversis
2852 4455 3117 4506 ornatam
3148 4451 3482 4524 margaritis
3513 4459 3572 4510 et

298 4545 657 4599 decoratam.
695 4543 816 4598 Imo
848 4543 1064 4599 ibidem
1100 4542 1274 4598 aliam
1325 4541 1576 4597 munivit
1621 4546 1838 4597 vestem
1870 4543 1941 4598 de
1972 4542 2364 4613 chrysoclavo,
2399 4560 2533 4600 cum
2595 4545 2841 4604 historia
2896 4537 3249 4622 palmarum,
3309 4550 3569 4608 modeste

294 4645 597 4713 comptam
628 4645 806 4711 atque
838 4641 1196 4696 decoratam.

374 4740 529 4794 449
569 4738 804 4793 Necnon
827 4743 884 4792 et
905 4737 1003 4792 ubi
1026 4754 1205 4808 supra
1235 4737 1409 4793 aliam
1443 4737 1694 4810 compsit
1717 4739 1841 4810 jam
1877 4737 2214 4792 nominatus
2236 4737 2492 4808 pontifex
2515 4745 2735 4796 vestem
2757 4744 2826 4797 de
2850 4743 3101 4816 olovero,
3129 4763 3263 4801 cum
3297 4745 3567 4819 periclysi

295 4837 371 4891 de
394 4835 658 4890 fundato.
687 4834 908 4889 Pariter
928 4851 1160 4906 quoque
1183 4839 1238 4889 et
1257 4852 1359 4906 pro
1383 4835 1743 4907 quotidianis
1773 4835 1979 4890 diebus
2019 4833 2233 4888 obtulit
2268 4838 2457 4889 vestes
2479 4835 2548 4891 de
2571 4837 2812 4892 fundato
2836 4841 3004 4909 duas,
3032 4860 3165 4898 cum
3192 4843 3460 4917 periclysi
3495 4844 3568 4900 de

295 4931 689 5005 quadrapulo,
723 4931 1114 5002 pulcherrime
1139 4937 1466 4988 exornatas.
1496 4933 1597 4988 Hic
1630 4933 1824 4988 divina
1855 4930 2234 5003 inspiratione
2266 4931 2553 5002 pulsatus,
2582 4933 2715 4988 fecit
2753 4935 2878 5006 ipso
2901 4940 3314 4997 sanctissimus
3355 4941 3566 5014 praesul

291 5047 400 5102 per
423 5045 594 5084 arcus
617 5029 870 5098 majores
891 5031 1010 5100 iam
1036 5029 1284 5100 praefatae
1307 5029 1559 5085 basilicae
1581 5030 1706 5086 vela
1726 5031 1797 5085 de
1819 5031 2056 5085 fundato
2071 5027 2597 5099 quatuordecim,et
2615 5030 2685 5085 de
2707 5032 3072 5104 quadrapulo
3097 5039 3563 5107 quatuordecim,

213 5127 252 5182 5
290 5124 569 5182 similiter
598 5130 656 5181 et
687 5126 758 5180 de
791 5125 1005 5181 imizilo
1038 5126 1500 5196 quatuordecim.
1526 5127 1756 5182 Domini
1781 5127 1962 5182 nostri
1990 5127 2127 5182 Jesu
2161 5125 2372 5181 Christi
2407 5125 2664 5182 famulus
2696 5128 2767 5182 ob
2799 5145 3058 5185 amorem
3091 5132 3280 5188 eidem
3314 5135 3565 5192 domina:

291 5228 508 5278 nostrae
531 5239 635 5294 per
657 5239 831 5278 arcus
858 5223 1202 5294 presbyterii
1215 5225 1340 5294 jam
1364 5224 1530 5278 dictae
1552 5225 1808 5280 ecclesiae
1831 5225 1966 5280 fecit
1983 5223 2111 5278 vela
2131 5225 2200 5279 de
2223 5223 2614 5295 ohrysoclavo,
2639 5224 2952 5280 habentem
2993 5227 3300 5284 historiam
3330 5233 3563 5289 Domini

289 5320 478 5376 nostri
506 5320 648 5376 Jesu
681 5319 915 5386 Christi,
934 5324 1107 5390 atque
1129 5319 1500 5375 Nativitatem
1526 5338 1628 5376 seu
1650 5322 2129 5395 Assumptionem
2161 5321 2423 5393 ejusdem
2457 5321 2812 5377 intemeratae
2827 5321 3086 5394 Virginis
3104 5343 3346 5383 numero
3359 5329 3564 5401 viginti

293 5423 352 5473 et
381 5435 502 5473 sex.
529 5415 753 5472 Pariter
783 5420 841 5471 et
867 5433 966 5487 per
994 5416 1154 5487 ipsos
1185 5434 1357 5472 arcus
1388 5418 1602 5473 obtulit
1631 5419 1757 5474 vela
1789 5421 1858 5476 de
1888 5419 2273 5491 quadrapulo,
2304 5417 2547 5475 diversis
2592 5419 2851 5474 historiis
2897 5421 3279 5491 circumsuta,
3315 5441 3560 5482 numero

287 5514 499 5588 viginti
552 5517 824 5585 quatuor.
860 5512 1071 5567 Christi
1099 5530 1353 5584 namque
1385 5515 1804 5586 omnipotentis
1830 5515 2084 5571 famulus
2118 5516 2330 5571 obtulit
2359 5534 2599 5572 sursum
2631 5518 2689 5572 in
2735 5523 2971 5589 aspectu
3021 5519 3238 5574 absidaz
3298 5538 3558 5593 pannum

182 5614 252 5668 10
288 5611 756 5668 Alexandrinum
790 5609 1034 5664 mirifice
1064 5611 1664 5666 decoratum.0btulit
1696 5614 1870 5668 etiam
1904 5613 1960 5666 in
1996 5615 2220 5668 trabem
2256 5616 2536 5686 majorem
2569 5617 2754 5689 ipsius
2787 5615 3036 5672 basilicae
3055 5616 3246 5674 velum
3279 5620 3473 5690 majus
3491 5621 3563 5678 de

286 5709 554 5774 fundato,
589 5707 815 5761 habens
846 5706 1041 5762 trabes
1066 5708 1136 5761 de
1168 5707 1539 5778 chrysoclavo
1568 5716 1816 5780 septem,
1853 5715 1909 5764 et
1940 5709 2253 5782 periclysin
2307 5713 2376 5767 de
2433 5712 2684 5770 blatthin
2746 5716 3050 5787 Byzantea.
3085 5717 3241 5772 Fecit
3280 5717 3458 5775 etiam
3491 5722 3563 5777 ad

291 5810 566 5861 ornatum
589 5803 778 5874 ipsius
802 5801 1055 5857 basilicae
1079 5804 1136 5856 in
1169 5805 1355 5874 ipsam
1388 5805 1612 5859 trabem
1648 5807 1771 5862 Vola
1797 5808 1866 5862 de
1896 5807 2261 5878 quadrapulo
2297 5828 2542 5868 numero
2575 5832 2693 5884 sex,
2728 5819 2785 5869 et
2815 5815 2884 5869 (le
2917 5814 3131 5871 imizilo
3163 5814 3289 5870 vela
3319 5834 3566 5876 numero

291 5901 717 5975 quatuor..lpse
748 5915 978 5970 quoque
1008 5898 1266 5971 pontifex
1301 5900 1433 5954 fecit
1454 5900 1627 5970 juxta
1657 5903 2011 5959 vestibulum
2045 5903 2249 5961 altaris
2282 5907 2340 5961 in
2373 5909 2640 5968 absidam
2668 5914 2794 5970 vela
2824 5915 2893 5971 de
2923 5913 3285 5987 quadrapulo
3317 5933 3564 5977 numero

287 5998 604 6060 duodecim
630 6013 642 6052 :
669 5995 886 6052 ibidem
909 5997 980 6054 de
1003 5996 1254 6055 blatthin
1274 5996 1397 6052 vela
1427 6014 1671 6054 numero
1694 6017 1814 6058 sex.
1838 6000 2198 6058 Venerabilis
2231 6021 2468 6077 quoque
2494 6013 2705 6082 praesul
2727 6014 2860 6071 fecit
2881 6014 2940 6072 in
2964 6013 3229 6088 ingressu
3244 6015 3371 6086 jam
3393 6017 3562 6077 dictae
