3934 6202
192 265 358 329 127⁸1
885 267 1257 329 HISTORIA
1303 267 1406 328 DE
1446 267 1648 329 VlTIS
1696 265 1885 328 ROM.
1934 267 2262 327 PONT.——
2293 262 2792 326 VALENTINUS
2836 261 2915 322 II.
3449 255 3605 320 1278

341 399 402 455 in
417 398 693 455 manibus
709 399 976 472 gestabat
993 400 1286 467 ardentes,
1310 401 1482 456 verbo
1506 400 1724 456 scilicet
1743 399 2070 456 luculenter
2095 398 2410 471 refulgens,
2439 401 2496 452 et
2513 403 2647 452 actu
2674 394 2947 450 doctrina:
2971 391 3186 465 pariter
3207 409 3446 448 munere
3467 408 3602 448 cum

225 497 303 554 15
341 497 656 571 magnifico
687 497 950 569 exemplo
980 497 1292 554 laudabilis
1325 499 1539 554 indicio
1570 500 1934 569 coruscabat,

413 596 568 652 454
599 595 864 667 Superua
888 611 1120 667 quoque
1152 596 1251 652 Dei
1284 595 1598 652 auxiliante
1619 597 1850 662 virtute,
1875 613 2010 652 cum
2035 597 2160 667 jam
2187 596 2447 666 perfecta
2475 593 2708 648 initium
2737 590 3088 662 sumpsisset
3109 587 3313 651 atatis,
3338 591 3394 642 et
3417 586 3601 658 ipsius

338 693 621 748 bonitatis
650 697 823 764 atque
854 693 1192 765 sagacitatis
1221 694 1379 749 favor
1411 693 1580 766 longe
1608 693 1838 765 lateque
1871 695 2063 749 thuris
2092 692 2360 748 odoriferi
2411 692 2598 746 instar
2629 692 2933 762 fragraret,
2985 692 3043 741 et
3075 703 3244 741 aures
3276 683 3603 739 beatissimi

335 789 606 862 prasulis
627 790 733 861 pia
756 791 1047 846 memoria
1078 791 1277 846 domui
1311 790 1606 846 Paschalis
1635 808 1701 846 ex
1733 791 1992 846 fidelium
2016 790 2198 846 relatu
2220 789 2470 845 veridico
2494 787 2867 844 euucleauter
2902 783 3214 857 pulsasset,
3239 797 3508 854 eumque,
3539 784 3605 836 ut

335 886 591 959 populus
622 886 1012 958 collaudabat,
1047 888 1166 943 fore
1197 888 1254 942 iu
1286 887 1562 943 omnibus
1593 887 1878 943 illustrem
1911 893 1968 943 et
1998 887 2282 960 inclytum
2303 886 2582 942 veraciter
2601 883 2930 940 didicisset:
2958 897 3092 936 mox
3116 879 3282 934 illum
3303 895 3404 950 per
3424 876 3606 934 eccle-

258 985 298 1040 5
336 984 607 1042 siasticos
638 985 856 1058 gradus
887 985 960 1040 ad
991 985 1451 1041 subdiacouatus
1480 986 1757 1042 honorem
1794 985 2053 1058 provexit
2071 1002 2138 1040 ex
2158 983 2530 1040 Lateranensi
2553 981 2766 1056 palatio
2789 985 2846 1036 et
2867 978 2977 1035 sibi
3001 976 3290 1033 deservire
3309 973 3602 1048 pracepit.

334 1082 520 1154 Cujus
544 1082 1000 1138 conversationis
1023 1087 1080 1138 et
1111 1083 1402 1154 patientia
1435 1083 1612 1138 vitam
1645 1101 1710 1138 ac
1743 1100 1934 1139 mores
1966 1085 2089 1155 ipse
2119 1099 2466 1155 agnoscens,
2495 1081 2661 1136 valde
2691 1079 2859 1134 illum
2896 1094 3009 1150 pra
3043 1075 3265 1131 caeteris
3299 1073 3601 1146 diligebat.

339 1180 660 1236 Pradictus
692 1184 888 1236 autem
919 1179 1024 1248 vir,
1059 1181 1246 1252 gratia
1277 1181 1528 1253 desuper
1556 1181 1753 1237 divina
1782 1182 2008 1236 favente
2040 1180 2134 1236 cui
2165 1197 2226 1236 se
2257 1184 2376 1235 tota
2423 1179 2638 1234 mentis
2669 1176 2971 1232 devotione
3021 1175 3360 1245 integraque
3389 1170 3604 1225 virtute

337 1277 661 1346 devoverat,
694 1276 953 1333 veritatis
983 1281 1040 1333 et
1070 1277 1367 1350 sapientia
1397 1278 1606 1350 plenus
1638 1279 1858 1334 lumine
1890 1279 2252 1334 coruscabat.
2286 1279 2420 1332 Erat
2446 1275 2600 1332 enim
2625 1291 2891 1331 sermone
2915 1270 3185 1336 affabilis,
3210 1269 3476 1324 doctrina
3492 1266 3604 1322 cla-

337 1391 462 1441 rus,
494 1373 656 1430 vultu
690 1374 1064 1446 conspicuus,
1097 1381 1153 1430 et
1183 1375 1334 1430 inter
1363 1376 1570 1432 fratres
1602 1377 1697 1448 pia
1728 1376 2031 1432 devotione
2062 1376 2360 1430 modestus
2385 1373 2778 1446 proximisque
2797 1370 3008 1425 fidelis.
3032 1368 3220 1423 Nullis
3240 1383 3372 1422 vero
3395 1382 3457 1420 se
3478 1363 3603 1436 qui-

223 1471 296 1527 10
336 1472 449 1527 bus
482 1471 694 1544 aliquis
725 1472 812 1527 vel
845 1471 1046 1528 leviter
1078 1473 1544 1541 contristaretur,
1575 1473 1768 1545 sagaci
1801 1479 2030 1544 pectore
2059 1472 2262 1537 fultus,
2300 1471 2545 1543 negotiis
2577 1469 2936 1542 implicabat.
2978 1466 3123 1521 Cum
3157 1465 3436 1537 pratérea
3464 1477 3599 1518 eum

335 1574 426 1625 tot
444 1568 614 1626 bonis
631 1569 928 1641 tantisque
943 1586 1186 1642 operum
1210 1571 1433 1627 meritis
1452 1571 1784 1644 prastautis
1798 1571 2058 1642 corporis
2073 1570 2320 1626 formam
2339 1568 2659 1640 elegantem
2673 1569 2797 1639 jam
2817 1567 3006 1621 dictus
3031 1563 3285 1637 pontifex
3305 1564 3601 1617 ornatum-

334 1682 451 1738 que
482 1666 811 1738 inspiceret,
846 1666 1079 1722 levitam
1111 1667 1268 1724 sedis
1301 1685 1418 1723 sua
1449 1669 1777 1741 apostolica
1811 1668 2186 1724 consecravit.
2219 1666 2319 1721 Cui
2352 1667 2424 1721 ob
2457 1683 2572 1722 sua
2621 1665 2748 1720 vita
2782 1664 3079 1729 meritum,
3129 1677 3244 1733 quo
3295 1657 3600 1731 splendide

335 1763 632 1830 rutilabat,
668 1769 724 1819 et
753 1765 824 1820 ab
847 1765 1006 1820 omni
1028 1763 1293 1821 Ecclesia
1317 1765 1504 1838 plebe,
1527 1771 1700 1838 atque
1719 1765 1930 1839 inclyto
1949 1766 2342 1821 Romanorum
2361 1763 2574 1836 populo
2593 1767 2743 1818 catu
2761 1761 2982 1834 ingenti
3009 1759 3597 1831 diligebaturamore,

333 1860 489 1916 bona
516 1865 573 1916 et
602 1861 882 1916 beneficia
910 1861 1097 1918 multa
1126 1861 1391 1936 largiﬂue
1423 1863 1691 1929 contulit,
1723 1881 1976 1935 eumque
2002 1863 2378 1936 postmodum
2409 1861 2823 1918 archiaconum
2855 1858 3005 1914 fecit.
3033 1860 3155 1923 Quo
3185 1871 3325 1912 sane
3353 1850 3599 1925 prasule

226 1959 296 2014 15
335 1957 566 2013 Christo
589 1957 834 2029 jubente
865 1958 1125 2016 culmina
1155 1961 1469 2017 scandente
1501 1960 1778 2017 calcstia.
1811 1961 2108 2034 Eugenius
2132 1965 2273 2016 tunc
2295 1958 2611 2032 po’ntificali
2644 1962 2733 2013 est
2753 1959 2822 2012 ab
2847 1956 3120 2011 omnibus
3140 1953 3398 2008 elevatus
3422 1951 3478 2004 in
3503 1949 3603 2004 ho-

336 2071 500 2126 nore,
531 2059 588 2111 et
614 2056 841 2128 positus
871 2055 931 2111 in
963 2057 1098 2114 sede
1129 2058 1467 2130 apostolica.
1502 2059 1605 2126 Qui
1635 2076 1768 2114 eum
1799 2059 2048 2127 cunctis,
2083 2075 2208 2130 qua
2234 2057 2508 2124 diximus,
2535 2056 2703 2112 bonis
2726 2056 3062 2110 decoratum
3084 2049 3408 2106 luculenter
3427 2063 3600 2120 agno-

334 2169 527 2221 scens,
561 2154 718 2208 omni
750 2153 879 2208 vita
909 2171 1028 2210 sua
1059 2159 1318 2228 tempore
1348 2156 1829 2213 charissimorum
1858 2157 1980 2212 vice
2013 2156 2274 2221 retinuit,
2297 2161 2354 2211 et
2371 2155 2527 2210 velut
2556 2158 2722 2226 pater
2743 2151 2974 2224 proprio
3002 2149 3120 2204 filio
3140 2148 3311 2203 eorde
3339 2161 3598 2217 congau-

333 2249 511 2306 debat
542 2249 742 2318 alacri,
777 2251 1020 2324 suisque
1053 2253 1386 2325 aspectibus
1424 2254 1588 2309 illum
1621 2254 1856 2311 assidue
1886 2254 2204 2310 consistere
2255 2253 2547 2324 cupiebat.
2602 2253 2836 2306 Peracto
2867 2266 2998 2303 vero
3029 2264 3094 2302 ac
3126 2244 3405 2301 divinitus
3433 2242 3598 2297 finito

331 2347 514 2419 hujus
545 2348 812 2420 prasulis
844 2349 994 2405 lucis
1027 2351 1389 2406 transeuntis
1422 2353 1692 2419 termino,
1728 2353 1798 2407 ad
1832 2370 2007 2408 sacra
2043 2352 2198 2407 sedis
2229 2350 2489 2406 culmina
2520 2349 2711 2404 omnis
2745 2349 3140 2401 Romanorum
3165 2347 3348 2398 catus
3379 2338 3598 2395 crebris

217 2446 292 2500 2O
332 2444 648 2501 Dominum
670 2445 916 2518 jejuniis
945 2450 1002 2502 et
1029 2447 1390 2503 orationibus
1421 2449 1760 2521 deprecans,
1785 2454 1851 2505 ut
1880 2449 2014 2521 quis
2045 2453 2216 2503 tanta
2246 2447 2403 2503 sedis
2435 2447 2653 2500 honore
2685 2443 2900 2515 dignus
2933 2444 3078 2497 foret
3100 2455 3302 2496 eorum
3325 2436 3598 2492 sensibus

333 2541 585 2598 revelare
615 2542 974 2616 dignaretur.
1009 2545 1118 2600 Sed
1153 2544 1349 2601 divina
1387 2547 1610 2617 placata
1643 2549 1940 2618 majestas,
1975 2563 2149 2618 quem
2181 2563 2248 2601 ex
2277 2542 2620 2600 sacerdotali
2646 2542 2729 2597 eis
2751 2541 3011 2613 catalogo
3033 2537 3368 2611 eligendum
3387 2550 3598 2590 arcano

325 2657 446 2695 sua
479 2641 744 2713 potentia
777 2647 921 2697 nutu
954 2642 1302 2711 ostenderet,
1336 2644 1447 2699 nisi
1469 2662 1625 2712 eum,
1650 2662 1826 2716 quem
1843 2646 1914 2700 ab
1936 2645 2080 2717 ipsis
2099 2644 2302 2699 matris
2323 2641 2600 2697 uberibus
2622 2644 2705 2695 tot
2726 2637 3080 2711 supradictis
3103 2636 3388 2691 virtutum
3413 2631 3596 2703 copiis

330 2742 388 2793 et
419 2737 814 2810 pulcherrimo
847 2740 1244 2796 doctrinarum
1278 2741 1416 2797 ﬂore
1447 2747 1770 2814 ornaverat,
1803 2747 1976 2814 atque
2007 2746 2372 2798 constantem
2405 2744 2461 2795 et
2489 2738 2717 2794 ﬁdelem
2749 2737 2806 2792 in
2837 2735 3114 2792 omnibus
3143 2732 3254 2789 sibi
3289 2730 3594 2787 alumnum

330 2835 640 2903 nutrierat,
672 2837 1082 2894 sacratissima
1115 2837 1268 2894 sedis
1300 2844 1579 2896 rectorem
1611 2839 1928 2896 tribueret?

402 2933 555 2990 455
585 2933 854 2991 Collectis
889 2935 1067 3008 igitur
1083 2935 1139 2990 in
1161 2953 1345 2992 unum
1371 2936 1796 2992 venerabilibus
1816 2937 2126 3009 episcopis,
2159 2941 2217 2992 et
2234 2935 2504 3008 gloriosis
2521 2935 2913 2990 Romanorum
2933 2928 3290 3002 proceribus,
3314 2924 3594 2996 omnique

327 3030 536 3104 ampla
569 3031 740 3088 Urbis
771 3031 984 3106 populo
1017 3034 1075 3088 in
1107 3033 1322 3106 palatio
1347 3034 1742 3104 Lateranensi,
1765 3039 1830 3090 ut
1855 3035 2010 3106 quod
2023 3035 2149 3105 jam
2173 3034 2332 3090 cordi
2355 3033 2584 3089 calitus
2611 3030 2926 3087 revelatum
2948 3026 3191 3100 aquiter
3211 3040 3413 3081 omnes
3433 3026 3592 3078 tene-

331 3129 477 3184 bant
506 3128 562 3184 in
582 3146 699 3186 uno
715 3129 1031 3186 multorum
1051 3131 1247 3187 sonitu
1265 3137 1581 3198 resonaret,
1597 3132 1774 3187 unius
1791 3131 2106 3188 voluntatis
2126 3129 2656 3187 consensufortiter
2671 3127 3056 3184 acclamatum
3080 3127 3190 3192 est,
3209 3120 3592 3178 Valentinum

331 3225 772 3283 sanctissimum
790 3227 1267 3284 archidiaconum
1281 3228 1435 3284 sedis
1448 3228 1773 3302 apostolica
1787 3229 2030 3302 dignum
2051 3229 2063 3284 l
2089 3229 2464 3284 Valentinum
2483 3226 2700 3284 summi
2717 3224 3081 3298 pontiﬁcatos
3104 3219 3292 3276 infula
3311 3219 3591 3274 decoran-

255 3325 292 3378 5
332 3323 506 3380 dum!
542 3325 643 3381 His
675 3329 871 3398 itaque
900 3325 1176 3382 mellitlue
1197 3326 1390 3393 dictis,
1424 3344 1540 3382 una
1553 3343 1686 3382 mox
1698 3343 1900 3382 omnes
1912 3327 2073 3399 pacis
2089 3328 2216 3397 conj
2228 3325 2499 3382 unctione
2517 3329 2821 3380 manentes
2837 3323 2908 3378 ad
2926 3319 3230 3377 ecclesiam
3254 3320 3468 3373 sancta
3486 3313 3589 3369 Dei

330 3420 641 3478 Geuitricis
669 3438 1016 3496 semperque
1044 3423 1302 3497 Virginis
1325 3423 1518 3479 Maria
1540 3424 1788 3480 domina
1803 3428 2010 3480 nostra
2026 3441 2188 3480 sacer
2204 3423 2568 3494 clericorum,
2587 3427 2644 3479 et
2667 3422 3060 3477 Romanorum
3086 3431 3352 3490 proceres
3373 3411 3594 3484 pariter

329 3535 466 3574 cum
496 3519 710 3591 populo
737 3525 1132 3593 properantes,
1168 3521 1520 3594 multiplices
1543 3538 1676 3578 eum
1701 3522 1946 3578 Domino
1965 3528 2158 3596 grates
2181 3539 2246 3578 ac
2271 3522 2474 3578 laudes
2496 3521 2833 3577 reddentem
2853 3535 3012 3573 more
3024 3516 3196 3573 solito
3222 3512 3588 3569 invenerunt.

329 3617 513 3682 Quem
542 3616 694 3673 illico
724 3618 975 3674 multum
1008 3635 1074 3674 ac
1096 3619 1322 3674 diutius
1345 3620 1714 3687 renitentem,
1741 3637 1918 3692 seque
1939 3621 2085 3674 tanti
2109 3619 2409 3691 regiminis
2432 3620 2551 3674 fore
2576 3619 2966 3690 incongruum
2987 3631 3122 3671 voce
3145 3617 3384 3669 strenua
3405 3607 3592 3681 profe-

327 3717 573 3782 rentem,
604 3713 771 3771 alma
802 3714 1009 3788 plebis,
1044 3719 1102 3771 et
1129 3715 1276 3771 latis
1307 3715 1613 3788 utriusque
1644 3716 1864 3772 militia
1897 3717 2294 3772 Romanorum
2327 3716 2552 3771 electua
2582 3719 2670 3771 est
2699 3714 2938 3769 vocibus
2965 3712 3024 3767 in
3058 3711 3194 3767 sede
3225 3707 3591 3782 pontificum.

221 3811 290 3866 10
324 3812 406 3866 Ac
435 3810 643 3868 deinde
673 3812 980 3885 condignis
1004 3813 1196 3886 gloria
1229 3813 1505 3869 laudibus
1535 3818 1592 3870 et
1634 3814 1872 3870 honoris
1925 3813 2313 3886 amplitudine
2346 3815 2416 3869 ad
2449 3815 2838 3868 Lateranense
2887 3807 3306 3882 patriarchium
3340 3806 3411 3860 ab
3448 3803 3596 3876 ipsis

328 3908 636 3978 deductus,
668 3913 725 3966 et
752 3909 812 3965 in
843 3909 1159 3983 pontificali
1191 3915 1280 3967 est
1310 3911 1537 3983 positus
1587 3911 1816 3967 throno.
1850 3911 2030 3982 Cujus
2060 3915 2298 3966 ovanter
2328 3911 2399 3966 ab
2444 3909 2600 3964 omni
2659 3910 3056 3964 Romanorum
3087 3907 3294 3960 senatu
3345 3901 3594 3974 pedibus

328 4004 630 4075 osculatis,
662 4011 721 4063 et
751 4008 1027 4064 omnibus
1057 4025 1185 4080 qua
1204 4008 1488 4081 explenda
1518 4012 1683 4064 erant
1711 4009 1818 4064 rite
1849 4025 1914 4064 ac
1942 4013 2283 4063 veneranter
2311 4006 2581 4080 peractis,
2619 4021 2832 4078 magna
2852 4002 3155 4065 sobrietas,
3181 4015 3391 4070 magna
3417 3997 3477 4051 in
3502 4001 3591 4052 to-

325 4101 446 4158 tius
477 4121 650 4160 sexus
671 4109 730 4160 et
759 4105 947 4162 atatis
976 4105 1191 4179 populo
1223 4105 1422 4162 latitia
1451 4105 1691 4162 mansit.
1724 4105 1982 4178 Ejusquc
2026 4103 2480 4161 consecrationis
2512 4103 2603 4158 die
2633 4118 2835 4158 sereno
2873 4101 3000 4170 jam
3030 4097 3421 4161 illucescente,
3454 4110 3590 4149 cum

326 4198 553 4258 lumine
573 4203 702 4274 jam
730 4202 952 4258 dictum
983 4203 1304 4260 antistitem
1338 4204 1412 4259 ab
1436 4204 1588 4259 beati
1608 4203 1756 4260 Petri
1779 4203 2172 4274 apostolorum
2194 4201 2472 4274 principis
2496 4200 2801 4256 ecclesiam
2823 4213 3025 4253 omnes
3047 4193 3264 4268 pariter
3285 4191 3532 4248 Romani
3556 4207 3592 4248 a

220 4298 290 4354 15
325 4297 543 4374 palatio
564 4300 918 4356 deducentes
938 4318 1094 4368 eum,
1119 4302 1425 4373 majestate
1450 4300 1646 4357 divina
1664 4300 2001 4365 auxiliante,
2023 4299 2081 4354 in
2105 4299 2220 4355 alto
2244 4300 2450 4355 throno
2475 4315 2775 4354 summum
2800 4308 3206 4352 consecravere
3228 4289 3586 4363 pontificem.

398 4395 554 4453 450
584 4397 691 4464 Qui
722 4414 856 4454 mox
884 4397 1148 4454 almiﬁca
1180 4399 1338 4455 sedis
1367 4399 1628 4454 culmina
1656 4399 1944 4454 scandens
1967 4396 2120 4452 beati
2143 4397 2290 4452 Petri
2323 4396 2569 4469 apostoli
2594 4401 2651 4452 et
2675 4394 2926 4451 calestis
2951 4391 3111 4464 regni
3134 4385 3424 4461 clavigeri,
3449 4384 3589 4439 divi-

326 4492 420 4549 nis
451 4493 568 4550 Deo
599 4494 874 4551 laudibus
904 4499 962 4552 et
989 4495 1290 4552 sacrificiis
1323 4496 1414 4568 pie
1445 4496 1676 4563 oblatis,
1711 4495 1904 4568 amplo
1934 4499 1991 4550 et
2008 4494 2317 4568 magnifico
2341 4495 2736 4550 Romanorum
2757 4497 2907 4548 catu
2936 4491 3006 4546 ad
3035 4487 3317 4561 palatium
3341 4500 3473 4542 cum
3499 4482 3588 4538 in-

324 4590 484 4664 genti
495 4591 707 4664 gaudio
719 4592 1022 4661 remeavit;
1049 4598 1222 4666 atque
1242 4593 1591 4651 lautissimis
1612 4594 1785 4666 dapid
1795 4611 1862 4650 us
1875 4592 2150 4665 sumptis,
2165 4592 2707 4648 amantissimorum
2722 4589 2925 4644 multis
2935 4592 2992 4643 et
3004 4587 3248 4642 diversis
3272 4597 3585 4638 munerum

324 4687 497 4744 donis
528 4705 756 4746 sacram
788 4689 1019 4762 plebom
1047 4695 1104 4746 et
1133 4696 1402 4747 senatum
1435 4691 1836 4764 populumque
1867 4692 2195 4746 Romanum
2229 4689 2444 4761 optime
2475 4691 2552 4759 (a)
2585 4687 2806 4742 ditavit.
2841 4687 2978 4741 Erat
3006 4683 3222 4755 quippe
3251 4677 3586 4752 dapsilitate

250 4785 288 4840 5
325 4783 600 4857 inclytus,
635 4786 860 4844 actione
889 4788 1240 4860 pracipuus,
1275 4805 1542 4845 sermone
1575 4789 1926 4856 luculentus,
1959 4787 2234 4843 omnibus
2263 4785 2665 4859 compassione
2696 4781 3013 4855 proximus,
3048 4785 3103 4835 et
3125 4778 3380 4850 inOpiam
3404 4775 3586 4832 susti-

322 4881 600 4938 nentibus
631 4888 1026 4956 opportunum
1081 4883 1369 4940 instanter
1398 4885 1672 4942 solatium
1695 4863 1988 4958 'prabens.
2023 4886 2245 4952 Quibus
2277 4882 2704 4956 multiplicibus
2733 4880 2902 4936 bouis
2928 4882 3190 4943 ornatus,
3225 4876 3295 4930 ad
3329 4873 3586 4929 caelestia

323 4977 552 5034 Christo
583 4984 822 5037 vocante
851 4981 1110 5053 corporis
1151 4998 1470 5053 oppressus
1519 4983 1785 5039 molestia
1821 4983 1975 5039 exitu
2005 4983 2256 5054 pretioso
2310 4979 2597 5045 transivit,
2647 4982 2821 5049 atque
2868 4991 3002 5031 cum
3043 4971 3412 5029 desiderabili
3444 4971 3582 5027 bea-

322 5075 658 5148 tissimique
689 5077 882 5152 operis
911 5079 1105 5133 fructu
1137 5079 1208 5133 ad
1241 5085 1620 5154 conspectum
1653 5098 1897 5136 summa
1927 5079 2254 5151 majestatis
2288 5079 2454 5136 latus
2489 5075 2768 5142 ascendit,
2804 5075 3006 5129 latans
3039 5075 3095 5126 et
3123 5069 3421 5126 exsultans
3445 5084 3581 5124 eum

323 5171 571 5229 Domino
602 5191 851 5248 semper.

1368 5309 1618 5357 NOTULE
1660 5312 2046 5358 MARGINALES
2089 5311 2382 5357 FABROTTI
2393 5340 2405 5353 .

269 5395 354 5462 a)‘
383 5393 596 5462 opime.

250 5393 354 5465 (a)'
383 5393 596 5466 opime.

1526 5495 1768 5554 VARI/ﬁ
1807 5499 2224 5554 LECTIONES.

461 5615 615 5686 Apud
643 5617 955 5671 Fabrottum
986 5630 1056 5669 ex
1083 5613 1263 5669 codice
1293 5619 1539 5674 Freherz'.
1855 5625 1905 5689 Α
1939 5639 2097 5677 more
2145 5622 2350 5693 nobili.
2386 5622 2474 5680 lin
2520 5625 2574 5693 8,
2609 5616 3006 5693 inspirationis
3053 5619 3302 5670 nectare.
3349 5615 3436 5672 (in
3492 5616 3578 5687 15,

248 5703 392 5756 Num
436 5703 559 5770 453,
615 5703 694 5757 lin
744 5704 794 5768 1,
847 5706 1008 5774 patre
1049 5701 1321 5774 Leontio,
1357 5707 1507 5760 sedit
1563 5723 1824 5764 mensem
1936 5692 2202 5763 exempli-

181 5785 383 5839 unum,
415 5774 539 5831 dies
574 5775 660 5842 10,
694 5775 778 5829 lin
807 5771 864 5841 5,
896 5771 1240 5840 rimabatur,
1275 5781 1332 5830 et
1367 5776 1609 5850 ingenti.
1650 5777 1736 5834 [in
1765 5782 1819 5847 6,
2002 5783 2149 5835 Num
2178 5781 2302 5851 454,
2337 5781 2418 5838 lin
2434 5782 2490 5849 9,
2522 5781 2846 5838 intentione
2880 5780 3198 5838 modestus.
