3934 6202
166 181 292 248 1281
831 174 1202 237 HISTORIA
1247 175 1348 236 DE
1392 175 1594 237 VITIS
1643 174 1833 237 ROM.
1885 175 2208 236 PONT.—
2239 176 2684 240 GltEGORlUS
2731 179 2830 240 IV.
3377 185 3533 246 1282

289 323 654 381 summopere
686 307 861 380 cmpit
890 307 1207 366 attendere.
1249 307 1319 363 Et
1347 305 1625 378 quoniam
1659 310 1798 362 tunc
1828 306 2024 361 divino
2054 306 2208 378 ignis
2239 323 2436 363 amore
2474 325 2793 364 succensus
2820 325 3032 382 corpus
3075 312 3225 368 beati
3275 315 3535 388 Gregorii

195 412 255 467 10
289 410 462 480 hujus
485 404 829 463 universalis
861 404 1128 461 Ecclesiae
1148 403 1437 477 praesulis,
1452 421 1552 476 per
1572 421 1744 475 quem
1769 403 1955 458 sancti
1982 404 2234 476 Spiritus
2251 405 2438 475 gratia
2457 410 2576 461 toto
2598 407 2736 462 orbe
2758 412 3042 464 terrarum
3062 410 3534 485 inexstinguibile

293 504 581 580 sapientia:
614 520 833 558 munus
865 502 1198 571 induxit,ex
1227 501 1351 558 loco
1373 501 1639 574 sepultus
1671 518 1787 572 quo
1818 501 1981 573 prius
2014 502 2200 558 fuerat
2227 503 2379 570 tulit,
2399 508 2458 558 ct
2488 521 2598 558 non
2631 504 2800 578 longe
2831 507 2904 560 ab
2935 524 3000 562 eo
3023 508 3079 562 in
3115 508 3293 564 alium
3319 512 3538 568 noviter

288 606 684 660 constructum
708 601 860 657 infra
875 600 1180 658 ecclesiam
1204 600 1355 656 beati
1382 600 1528 656 Petri
1549 599 1794 671 apostoli
1813 616 2048 656 summo
2071 599 2289 656 honore
2302 602 2589 672 perduxit.
2611 603 2868 675 Ejusque
2889 621 3119 660 sacrum
3143 606 3322 662 altare
3342 623 3541 681 argen-

285 701 393 757 teis
428 699 645 758 tabulis
677 698 935 771 undique
958 698 1308 770 perornavit,
1339 701 1395 753 et
1421 697 1740 753 oratorium
1764 713 1870 752 suo
1894 702 2096 753 sancto
2120 697 2356 754 nomine
2377 698 3061 774 titulavit.Absidamque
3081 705 3344 776 ejusdem
3369 686 3544 780 super

289 803 487 856 aurato
516 797 744 854 musivo
777 795 1056 868 depinxit.
1091 797 1152 852 In
1177 812 1292 867 quo
1323 795 1543 852 scilicet
1573 795 1822 851 oratorio
1855 799 2192 851 sanctorum
2221 812 2466 868 corpora
2495 797 2798 853 beatorum
2832 805 3155 873 martyrum
3191 807 3542 881 Sebastiani,

196 901 256 955 15
283 895 551 972 Gorgonii
582 912 648 951 ac
679 893 930 951 Tiburtii
955 911 1023 950 ex
1053 892 1492 958 cmmeteriis,in
1527 893 1744 964 quibus
1775 896 1908 949 ante
1932 893 2605 966 jacebant,perduxit.Et
2622 901 3084 977 unumquodque
3105 919 3549 980 eornmsepara-

290 996 362 1051 tis
392 994 677 1050 altaribus
706 990 1145 1066 eollocavit,pro
1178 991 1393 1062 quibus
1424 989 1674 1062 denique
1705 989 2077 1062 pontificatus
2109 991 2200 1046 sui
2231 995 2492 1063 tempore
2523 993 2773 1049 decrevit
2806 1000 2870 1050 ut
2901 999 3311 1074 monachi,qui
3333 1006 3404 1060 ad
3427 1007 3550 1061 offi-

289 1093 444 1148 cium
472 1089 920 1165 persolvendum
952 1088 1010 1143 in
1042 1086 1288 1144 ecclesia
1318 1087 1469 1143 beati
1503 1087 1652 1143 Petri
1675 1086 1922 1159 apostoli
1944 1091 2084 1143 sunt
2106 1087 2721 1157 constituti,omnibus
2743 1091 2948 1147 diebus
2969 1093 3183 1151 ibidem
3208 1097 3412 1156 laudes
3429 1118 3550 1157 om-

290 1188 571 1262 nipotenti
603 1186 850 1243 Domino
881 1202 1087 1242 canere
1117 1203 1231 1241 non
1254 1184 1560 1241 desistant.
1577 1183 1800 1240 Obtulit
1819 1188 2013 1240 autem
2039 1185 2097 1240 in
2115 1186 2316 1241 eodem
2335 1187 2586 1242 oratorio
2603 1187 2729 1242 vela
2745 1190 2986 1260 majora,
3008 1193 3090 1247 vel
3113 1195 3341 1252 modica
3363 1199 3550 1255 serica

215 1278 223 1286 ’
291 1289 486 1343 decem
519 1289 574 1342 et
603 1289 752 1340 octo.
784 1283 988 1340 Vestes
1019 1300 1196 1356 super
1224 1282 1426 1350 altare,
1462 1282 1571 1339 sub
1603 1299 1719 1354 quo
1748 1281 2104 1338 sanctissimi
2137 1283 2394 1355 Gregorii
2425 1301 2588 1357 papa:
2633 1302 2844 1358 corpus
2883 1289 3155 1363 quiescit,
3187 1297 3326 1350 tres.
3362 1296 3550 1355 Unam

196 1390 256 1441 20
292 1402 421 1441 cum
470 1381 866 1456 chrysoclavo,
899 1381 1212 1438 habentem
1245 1379 1713 1436 historiam.......
1749 1384 1807 1436 et
1837 1396 2016 1451 super
2040 1382 2503 1453 unumquodque
2533 1382 2714 1438 altare
2761 1386 3169 1456 praadictorum
3221 1399 3546 1468 martyrum

293 1487 508 1540 vestem
541 1483 611 1538 de
634 1480 874 1536 fundato
899 1495 1097 1534 unam.
1115 1478 1404 1551 Imagines
1421 1477 1672 1549 denique
1693 1478 1941 1549 desuper
1960 1477 2388 1550 deargentatas,
2410 1497 2632 1535 necnon
2658 1498 2798 1536 auro
2821 1485 3090 1554 perfusas
3116 1492 3255 1545 tres.
3273 1491 3553 1552 habentes

295 1580 522 1636 vultum
555 1577 882 1646 Domini,et
912 1593 1114 1632 eorum
1148 1576 1428 1649 depictos,
1449 1591 1700 1647 quorum
1732 1574 2008 1648 specialia
2039 1575 2256 1631 ibidem
2288 1593 2530 1648 corpora
2559 1577 2800 1636 humata
2827 1581 3129 1641 miraculis
3151 1603 3217 1642 ac
3241 1589 3554 1650 virtutibus

296 1678 535 1752 pollent.

365 1777 524 1832 460
565 1775 666 1832 His
685 1773 866 1846 igitur
890 1771 1158 1844 perfectis
1181 1771 1476 1843 operibus,
1491 1772 1562 1826 ad
1587 1771 1701 1826 alia
1721 1773 1955 1843 repente
1975 1769 2322 1827 venerabilis
2336 1772 2594 1842 pontifex
2614 1775 2877 1832 animum
2897 1783 2954 1834 et
2972 1789 3226 1841 mentem
3251 1797 3551 1853 convertit.

298 1875 440 1932 Nam
471 1871 779 1930 ecclesiam
811 1874 949 1926 tunc
977 1869 1129 1927 beati
1161 1869 1338 1926 Marci
1369 1869 1718 1926 confessoris
1748 1875 1922 1939 atque
1952 1867 2459 1940 pontiﬁcis,quam
2491 1875 2750 1945 tempore
2778 1879 3086 1936 sacerdotii
3119 1885 3209 1940 sui
3242 1893 3557 1962 regendam

227 1960 229 1962 l
301 1974 658 2045 susceperat,
693 1974 750 2026 et
781 1985 1084 2040 usquequo
1116 1968 1188 2024 ad
1220 1967 1592 2039 pontificatus
1625 1965 1883 2038 pervenit
1913 1966 2187 2038 gratiam,
2220 1966 2278 2020 in
2312 1984 2416 2023 suo
2440 1969 2594 2040 jure,
2628 1987 2694 2026 ac
2725 1973 2945 2030 ditione
2978 1960 3329 2055 permansit,
3337 2005 3464 2060 quae
3486 1993 3560 2050 ob

302 2071 550 2128 nimiam
584 2067 926 2124 vetustafem
959 2065 1162 2121 crebro
1191 2081 1401 2120 casura
1427 2081 1555 2120 esse
1585 2064 1910 2134 videbatur,
1944 2080 2078 2118 cum
2110 2064 2527 2136 omnipotentis
2558 2067 2658 2122 Dei
2688 2070 3070 2142 opitulatione
3101 2095 3134 2133 a
3166 2081 3564 2148 fundamentis

235 2172 268 2227 5
301 2169 462 2244 prius
494 2165 687 2242 ejecit,
722 2167 776 2222 et
807 2164 1181 2238 postmodum
1213 2161 1375 2218 novis
1408 2161 1642 2217 fabricis
1686 2165 1866 2217 totam
1898 2161 1971 2217 ad
2003 2160 2301 2217 meliorem
2333 2163 2557 2218 cultum
2589 2170 2764 2238 atque
2795 2170 3060 2227 decorem
3092 2180 3380 2249 perduxit,
3404 2186 3567 2243 absi-

279 2269 559 2342 ,damque
597 2263 785 2338 ipsius
816 2259 1248 2335 pramominataa
1278 2259 1530 2315 hasilieze
1555 2259 1780 2314 musivo
1802 2259 1994 2314 aureis
2015 2259 2432 2331 superindueto
2455 2261 2748 2320 coloribus
2767 2283 2902 2322 cum
2926 2287 3160 2328 summa
3179 2279 3568 2347 gratulatione

305 2362 586 2438 depinxit.
622 2359 778 2418 Fecit
806 2375 938 2414 vero
972 2362 1128 2414 sarta
1158 2361 1309 2414 tecta
1341 2358 1468 2429 ejus
1499 2357 1696 2413 omnia
1727 2373 1911 2425 nova;
1942 2361 1997 2412 et
2023 2356 2309 2428 quidquid
2341 2358 2400 2413 in
2432 2374 2500 2413 ea
2530 2364 2664 2416 ante
2693 2362 2807 2418 vile
2846 2375 3210 2442 cognoverat,
3247 2377 3568 2446 pretiosum

307 2467 510 2537 postea
543 2475 672 2516 esse
704 2455 930 2512 maluit.

375 2561 530 2617 46]
569 2555 753 2630 Igitur
781 2553 1206 2611 consummatis
1237 2553 1513 2608 omnibus
1538 2551 1633 2607 his
1666 2569 1768 2624 pro
1802 2552 2056 2607 remedio
2088 2556 2145 2606 et
2176 2553 2374 2608 futura
2406 2554 2786 2612 retributione
2824 2559 3032 2616 animae
3081 2582 3219 2636 suae,
3255 2570 3466 2629 obtulit
3513 2575 3572 2632 in

301 2662 424 2734 jam
457 2672 616 2729 saepe
647 2653 945 2710 nominata
970 2651 1216 2708 ecclesia
1237 2651 1451 2707 futuris
1475 2651 1837 2722 temporibus
1866 2651 2256 2722 permanenda
2274 2650 2703 2724 haeczl‘tegnum
2729 2673 2970 2713 aureum
2997 2669 3361 2736 unum,quod
3389 2688 3574 2746 usque

310 2756 484 2814 hodie
515 2769 695 2826 super
751 2749 933 2806 altare
983 2749 1290 2820 dependet,
1322 2765 1458 2804 cum
1509 2748 1761 2820 gemmis
1809 2747 1975 2803 valde
2021 2747 2279 2818 optimis,
2313 2748 2535 2804 habens
2565 2749 2625 2804 in
2659 2753 2851 2809 medio
2883 2771 3116 2814 auream
3151 2777 3402 2834 crucem,
3437 2784 3572 2826 cum

312 2852 570 2931 gemmis
621 2848 836 2922 pariter
866 2845 1174 2920 pretiosis;
1207 2845 1346 2900 item
1401 2844 1687 2918 gabathas
1717 2861 1785 2902 ex
1816 2861 1956 2900 auro
2006 2844 2322 2916 purissimo
2367 2849 2507 2914 tres,
2538 2849 2856 2918 pendentes
2912 2858 3046 2909 ante
3085 2862 3575 2928 praenominatum

245 2957 279 3012 5
312 2953 529 3019 altare;
553 2953 611 3004 et
639 2946 922 3020 gabathas
952 2942 1311 3000 interrasiles
1340 2943 1410 2999 de
1442 2941 2023 3015 argento,duodecim
2054 2941 2394 3014 angelorum
2426 2960 2598 3015 opere
2628 2953 3020 3018 consrtuctas;
3045 2957 3102 3008 et
3131 2953 3276 3012 alias
3291 2960 3577 3030 gabathas

313 3045 676 3108 interrasiles
694 3043 1122 3118 quinque,cum
1141 3039 1390 3113 pedibus
1408 3039 1552 3096 suis.
1568 3044 1712 3095 Item
1732 3038 1830 3096 ubi
1848 3055 2026 3110 supra
2057 3039 2267 3094 obtulit
2288 3039 2761 3110 thymiamateria
2782 3061 2955 3103 aureo
2977 3047 3166 3106 colore
3186 3055 3421 3126 perfusa
3444 3060 3576 3129 tria,

315 3147 582 3205 canistra
613 3142 681 3197 de
711 3143 952 3213 argento
982 3136 1290 3194 duodecim
1319 3153 1334 3204 ;
1367 3153 1611 3192 coronas
1643 3141 1948 3208 argenteas
1980 3136 2232 3206 majores
2263 3140 2320 3191 et
2349 3136 2603 3194 minores
2625 3157 3068 3210 novem,cruces
3091 3148 3161 3203 de
3179 3157 3416 3223 argento
3437 3159 3577 3225 tres,

315 3250 371 3303 et
402 3254 777 3312 unaquaeque
807 3236 982 3294 habet
997 3233 1177 3289 libras
1199 3250 1406 3301 unam;
1431 3237 1750 3289 cerostatas
1772 3233 2022 3305 desuper
2043 3238 2377 3305 argentatas
2399 3241 2671 3306 quatuor.
2689 3239 2844 3294 Fecit
2863 3245 2917 3296 et
2941 3241 3224 3301 ciborium
3250 3248 3322 3302 ad
3344 3247 3581 3309 laudem

317 3349 495 3416 atque
533 3339 799 3394 decorem
832 3331 1181 3390 confessoris
1202 3332 1329 3403 jam
1359 3330 1572 3403 sapius
1604 3330 1740 3386 dicti
1773 3348 1841 3388 ex
1871 3336 2109 3404 argento
2139 3331 2481 3404 purissimo,
2516 3351 2675 3407 pens.
2713 3336 2893 3395 libras
2923 3340 3100 3398 mille.
3136 3343 3322 3400 Altare
3353 3363 3586 3422 quoque

223 3445 284 3500 ιο
318 3439 594 3516 ejusdem
634 3429 927 3505 argenteis
958 3428 1226 3486 similiter
1254 3426 1472 3485 tabulis
1502 3429 2078 3501 exornavit,cupiens
2108 3446 2212 3501 per
2241 3446 2434 3485 rerum
2459 3433 2873 3505 temporalium
2903 3438 3176 3495 exercitia
3203 3447 3416 3500 aeterna
3445 3446 3587 3504 cmlo

325 3534 574 3614 praemia
605 3529 872 3603 adipisci.
909 3527 1225 3586 Przsdictus
1255 3527 1431 3582 etiam
1462 3526 1832 3584 venerabiliis
1859 3526 2120 3599 pontifex
2149 3527 2360 3582 obtulit
2387 3529 2487 3583 ubi
2521 3548 2700 3603 supra
2747 3537 2964 3590 vestem
2997 3536 3067 3593 de
3096 3537 3336 3597 fundato
3387 3559 3588 3614 unam,

323 3638 647 3694 habentem
679 3643 993 3685 mucrones
1022 3642 1126 3698 per
1153 3623 1487 3680 circuitum.
1522 3623 1678 3680 Feeit
1707 3629 1765 3679 et
1793 3623 1968 3680 aliam
1999 3630 2217 3680 vestem
2251 3626 2320 3680 de
2351 3626 2580 3683 olovero
2610 3632 2689 3698 (α)
2722 3648 2921 3698 unam,
2954 3633 3264 3693 habentem
3295 3638 3353 3694 in
3405 3642 3594 3699 medio

323 3747 597 3810 gemmas
625 3732 681 3784 et
709 3724 866 3782 mala
895 3726 1162 3789 aurea,et
1185 3739 1287 3794 per
1308 3720 1620 3777 circuitum
1650 3737 1856 3776 zonam
1889 3722 1959 3777 de
1981 3721 2374 3794 chrysoclavo.
2397 3725 2518 3780 lmo
2548 3742 2682 3781 vero
2713 3728 2925 3784 obtulit
2946 3734 3360 3791 sanctissimus
3380 3739 3594 3809 prmsul

321 3837 551 3889 vestem
587 3827 656 3881 de
677 3824 924 3889 olovero,
941 3838 1074 3876 cum
1101 3818 1340 3892 gryphis
1363 3822 1420 3873 et
1441 3817 2087 3874 unicornibus.Vestem
2116 3835 2347 3889 quoque
2375 3819 2572 3888 aliam,
2588 3840 2721 3878 cum
2745 3825 3118 3898 chrysoclavo
3140 3849 3244 3902 per
3259 3833 3591 3906 circuitum,

227 3935 290 3990 15
325 3929 647 3988 habentem
678 3923 737 3977 in
772 3919 964 3977 medio
995 3915 1478 3974 resurrectionem
1510 3913 1741 3970 Domini
1763 3915 1946 3970 nostri
1978 3915 2116 3970 Jesu
2149 3915 2387 3971 Christi.

395 4026 558 4084 462
599 4023 762 4093 Saepe
784 4019 908 4091 jam
939 4017 1134 4073 dictus
1163 4012 1510 4071 venerabilis
1541 4028 1692 4084 papa
1723 4011 1937 4067 obtulit
1968 4012 2027 4067 in
2061 4013 2487 4083 praenominata
2517 4015 2762 4071 ecclesia
2799 4023 3017 4074 vestem
3063 4038 3197 4077 cum
3249 4025 3510 4096 gryphis,
3545 4033 3603 4084 et

329 4120 710 4198 chrysoclavo
744 4134 846 4191 per
873 4114 1206 4184 circuitum,
1238 4112 1549 4167 habentem
1581 4109 1640 4164 in
1672 4109 1864 4165 medio
1895 4109 2260 4165 nativitatem
2295 4110 2525 4167 Domini
2552 4115 2734 4170 nostri
2765 4117 2903 4172 Jesu
2935 4117 3177 4176 Christi:
3214 4121 3350 4177 item
3380 4128 3601 4181 vestem

327 4225 511 4281 aliam
545 4233 683 4274 cum
715 4213 1107 4289 chrysoclavo,
1141 4211 1452 4266 habentem
1485 4225 1587 4281 per
1617 4207 1875 4264 medium
1907 4210 2063 4262 rotas
2092 4207 2162 4262 de
2193 4207 2566 4280 chrysoclavo
2609 4217 2879 4284 quatuor,
2913 4218 2969 4269 et
3018 4217 3379 4274 nativitatem
3428 4225 3605 4294 atque

328 4317 700 4394 baptismum
721 4308 950 4367 Domini
970 4307 1151 4364 nostri
1169 4308 1308 4363 Jesu
1327 4304 1560 4362 Christi.
1578 4303 1802 4360 Obtulit
1816 4321 1949 4359 vero
1968 4304 2428 4376 praznominatus
2450 4307 2708 4377 pontifex
2723 4313 2940 4365 vestem
2957 4310 3133 4369 aliam
3155 4331 3287 4370 cum
3311 4313 3603 4389 leonibus,

258 4423 293 4477 5
330 4417 655 4475 habentem
687 4406 1166 4465 resurrectionem
1202 4403 1432 4459 Domini
1479 4403 1550 4458 de
1578 4400 1969 4474 chrysoclavo.
1998 4401 2201 4456 Vestes
2247 4401 2316 4455 de
2367 4403 2608 4459 fundato
2659 4406 2915 4464 minores
2964 4414 3112 4478 octo,
3147 4428 3273 4483 quae
3323 4411 3606 4471 altaribus

332 4511 844 4588 superponuntur,
860 4521 986 4578 qua:
1017 4520 1120 4576 per
1151 4501 1460 4556 circuitum
1493 4500 1755 4572 ejusdem
1786 4498 2041 4555 ecelesiae
2072 4514 2201 4553 esse
2232 4504 2572 4556 noscuntur.
2591 4501 2732 4557 Vela
2753 4503 2887 4559 alba
2903 4504 3086 4560 serica
3109 4509 3358 4574 4,unum
3382 4509 3605 4566 habens

333 4612 607 4682 undique
638 4604 878 4679 Tyrium
910 4605 968 4657 et
998 4601 1057 4656 in
1090 4598 1278 4654 medio
1295 4614 1546 4666 crucem,
1562 4601 1618 4654 et
1636 4595 1998 4669 gammadias
2020 4596 2090 4651 de
2103 4595 2502 4666 chrysoelavo;
2527 4597 2687 4653 aliud
2707 4599 2777 4655 de
2799 4601 3312 4666 stauraci,habens
3330 4605 3388 4660 in
3413 4607 3606 4662 medio

334 4721 581 4768 crucem
613 4704 682 4759 de
713 4700 940 4758 olovero
970 4702 1027 4754 et
1063 4695 1431 4770 gammadias
1461 4695 1532 4750 de
1561 4693 1784 4750 olovero
1830 4693 2048 4765 Tyreo;
2081 4691 2318 4747 tertium
2350 4696 2407 4747 et
2435 4699 2712 4764 quartum
2767 4696 3054 4754 similiter.
3093 4699 3234 4755 Vela
3283 4701 3354 4756 de
3404 4702 3607 4759 rodino

333 4810 620 4883 quatuor,
653 4816 801 4871 quae,
827 4813 1059 4853 sacrum
1091 4793 1274 4850 altare
1305 4793 1690 4860 circumdant,
1707 4809 1776 4848 ex
1805 4789 2021 4863 quibus
2053 4808 2237 4846 unum
2266 4790 2442 4846 habet
2463 4807 2695 4847 crucem
2719 4794 2790 4849 de
2811 4794 3358 4867 chrysoclavo.Vela
3379 4799 3450 4854 de
3470 4799 3611 4872 fun-

230 4909 296 4964 10
335 4901 681 4970 dato,26,et
711 4897 868 4952 linea
896 4893 1331 4964 similiter,quae
1363 4892 1617 4964 pendent
1648 4907 1752 4963 per
1780 4906 1951 4946 arcus
1980 4887 2410 4944 ecclesiae.Vela
2437 4889 2829 4948 Alexandrina
2857 4893 2970 4948 tria
2985 4897 3118 4950 ante
3141 4899 3337 4966 portas
3356 4897 3610 4966 majores

335 4997 682 5078 pendentia,
710 4991 988 5050 habentia
1015 4989 1284 5048 homines
1313 4994 1372 5046 et
1402 4988 1678 5046 caballos.
1711 4987 2005 5044 Cortinam
2034 4985 2481 5042 Alexandrinam
2516 4989 2818 5056 unam,vel
2849 4989 2962 5046 alia
2992 4989 3270 5047 habentia
3301 5009 3610 5050 mucrones

335 5103 409 5158 de
440 5095 694 5155 fundato
727 5093 780 5148 4.
797 5090 1006 5146 Velum
1039 5090 1110 5145 de
1138 5087 1406 5160 octapulo
1441 5085 1800 5143 unum.Vela
1829 5083 1944 5141 alia
1973 5085 2044 5140 de
2075 5084 2320 5140 fundato
2359 5085 2801 5155 octo,habentia
2831 5104 2934 5160 per
2961 5086 3270 5143 circuitum
3301 5087 3611 5161 periclysin

337 5200 412 5254 de
445 5191 730 5252 blatthin.
761 5189 832 5245 Et
859 5187 974 5244 alia
999 5186 1127 5243 vela
1155 5202 1256 5242 sex
1284 5202 1419 5241 cum
1450 5183 1684 5257 aquilis,
1717 5183 1995 5240 habentia
2025 5199 2127 5254 per
2155 5181 2463 5237 circuitum
2498 5182 2806 5256 periclysin
2840 5185 2908 5240 de
2937 5182 3128 5256 Tyrio.
3155 5183 3296 5240 Vela
3318 5183 3614 5257 simulque

339 5294 460 5353 alia
493 5293 568 5347 de
599 5288 842 5345 fundato
869 5285 1148 5358 quinque,
1181 5282 1459 5338 habentia
1487 5281 1706 5350 leones,
1740 5286 1797 5337 et
1826 5280 2136 5354 periclysin
2167 5280 2238 5336 de
2269 5279 2460 5352 Tyrio.
2493 5279 2634 5336 Vela
2684 5281 2798 5338 alia
2841 5280 3249 5350 Alexandrina,
3284 5299 3352 5337 ex
3397 5281 3614 5354 quibus

236 5395 303 5450 15
341 5406 541 5449 unum
572 5387 800 5444 habens
821 5384 1062 5449 rotas,et
1087 5395 1252 5435 rosas
1282 5379 1340 5435 in
1375 5378 1653 5446 medio,et
1684 5378 1841 5436 aliud
1873 5380 2195 5447 arhores,et
2224 5381 2380 5434 rotas
2405 5379 2714 5451 pendentia
2747 5384 2880 5436 ante
2908 5378 3101 5435 valvas
3130 5378 3318 5451 ipsius
3337 5379 3612 5436 ecclesias.

342 5492 496 5548 Item
528 5485 726 5542 velum
756 5480 1052 5537 modicum
1083 5478 1153 5533 de
1183 5474 1672 5545 olovero,habens
1702 5476 1761 5533 in
1793 5477 1986 5533 medio
2015 5477 2314 5534 hominem
2345 5493 2479 5533 cum
2513 5475 2913 5534 caballo.Vela
2929 5493 3062 5533 cum
3080 5480 3318 5548 argento
3343 5475 3614 5548 spanisco

341 5562 781 5663 quaterdecim.
813 5577 954 5633 Vela
1001 5573 1234 5632 modica
1280 5573 1380 5630 ubi
1431 5590 1610 5646 supra
1640 5574 1710 5629 de
1740 5573 1966 5630 olovero
2008 5575 2230 5643 decem,
2263 5575 2484 5630 habens
2515 5575 2974 5647 unumquodque
3013 5589 3214 5628 eorum
3264 5577 3486 5631 anates.
3514 5572 3618 5630 Hic

335 5685 548 5742 divina
573 5675 958 5750 inspiratione
990 5673 1284 5746 protectus
1304 5669 1515 5726 obtulit
1547 5670 1606 5725 in
1630 5671 1758 5742 jam
1780 5671 1934 5728 dicta
1965 5672 2208 5729 basilica
2227 5672 2612 5745 aquaemanile
2643 5675 2713 5731 de
2743 5675 2978 5748 argento
3009 5686 3214 5727 unum.

1403 5882 1652 5933 NOTULB
1692 5883 2076 5933 MARGINALES
2116 5886 2438 5936 FABROTTI.

271 6005 370 6081 (α)
391 6010 465 6073 Β,
499 5992 851 6060 hoioserico.
