3934 6202
291 173 445 236 1283
1432 164 1842 227 ANASTASII

2142 163 2538 228 lTHECARlI.
3541 172 3695 238 1284

503 301 657 359 46³
697 300 914 355 Verum
940 297 1115 353 etiam
1148 297 1281 353 fecit
1310 299 1367 352 et
1396 297 1453 351 in
1486 296 1731 352 ecclesia
1762 295 1913 351 beati
1936 295 2157 353 Cosmas
2174 302 2232 353 e‘t
2253 297 2519 354 Damiaui
2543 302 2867 372 martyrum
2888 304 3109 357 vestem
3131 300 3203 358 de
3225 303 3471 361 fundato
3493 321 3694 378 unam,

433 402 745 457 habentem
776 400 835 453 in
869 397 1059 453 medio
1089 395 1396 451 historiam
1428 395 1741 466 depictam.
1776 411 1912 450 cum
1953 395 2347 468 chrysoclavo.
2378 396 2440 451 In
2463 396 2711 453 ecclesia
2733 397 2885 453 beati
2915 398 3418 474 Abbacyri,atque
3444 403 3700 463 Archan—

432 516 483 571 gc
506 498 545 552 li
578 497 651 553 ad
682 492 1144 552 alefantum.Hic
1175 510 1209 548 a
1238 493 1354 548 Deo
1384 490 1604 548 electus
1635 497 1691 547 et
1720 491 2035 564 praeclarus
2055 492 2320 560 antistes,
2335 492 2548 548 obtulit
2572 492 2633 548 in
2660 493 2903 550 basilica
2926 495 3080 551 beati
3097 497 3396 553 Eustachii
3420 501 3697 574 martyris

428 600 651 654 vestem
683 595 754 649 de
783 593 1023 648 fundato
1055 607 1255 660 unam,
1274 590 1587 646 habentem
1618 588 1679 644 in
1708 588 1900 645 medio
1928 588 2233 645 historiam
2262 591 2333 645 de
2364 589 2755 663 chrysoclavo.
2778 592 2937 648 Fecit
2956 592 3086 664 jam
3118 594 3334 667 saepius
3355 595 3697 657 nominatus

357 695 396 752 5
430 691 645 767 praesul
676 690 850 746 aliam
880 693 1101 745 vestem
1132 687 1191 743 in
1223 686 1469 744 ecclesia
1498 687 1802 743 beatorum
1834 690 2159 757 martyrum
2189 686 2370 760 Sergii
2400 691 2457 743 et
2487 687 2698 744 Bacchi
2734 689 2804 745 de
2828 689 3072 746 fundato
3104 707 3306 749 uuam.
3329 701 3333 704 '
3358 693 3488 751 Pari
3520 696 3695 753 modo

429 808 565 848 vero
616 788 750 846 fecit
796 790 853 843 et
896 785 1070 842 aliam
1120 789 1340 840 vestem
1372 785 1444 840 de
1483 785 1727 840 fundato
1758 783 1818 838 in
1861 782 2103 839 ecclesia
2133 784 2321 840 sancti
2360 783 2645 851 Silvestri,
2678 785 2867 858 posita
2909 785 2972 843 in
3024 792 3224 845 monte
3271 789 3518 847 Soracti.
3557 791 3696 850 Post

432 886 721 959 completa
747 900 880 940 vero
909 883 1030 938 hac
1065 880 1261 938 omnia
1289 885 1348 938 et
1376 881 1688 954 diligenter
1708 881 2103 953 peracta,fecit
2128 880 2189 936 in
2221 880 2466 937 ecclesia
2493 881 2649 938 beati
2677 882 2832 939 Petri
2861 883 3109 957 apostoli
3137 884 3266 943 vela
3288 902 3423 943 cum
3454 887 3695 962 chryso-

430 985 590 1041 clavo
620 997 862 1038 numero
894 979 1360 1053 quatuordecim,
1392 978 1670 1035 habentia
1697 979 1955 1035 diversas
1986 978 2264 1035 historias
2287 979 2753 1053 Evangeliorum,
2788 985 2845 1037 et
2890 982 3192 1054 passiones
3222 984 3375 1041 beati
3427 987 3578 1043 Petri
3624 1003 3692 1046 ac

428 1082 840 1147 Pauli,uocuon
859 1079 1102 1134 Andreae
1135 1076 1537 1149 apostoli,quaa
1569 1077 1901 1148 dependent
1924 1076 2077 1131 inter
2103 1076 2389 1150 imagines
2420 1094 2561 1134 auro
2587 1082 2941 1152 argentoque
2964 1080 3128 1139 fusas
3158 1080 3218 1137 in
3246 1083 3412 1140 trabe
3439 1084 3696 1157 desuper

326 1184 392 1239 10
430 1183 754 1254 argentata,
800 1182 1113 1249 antequam
1145 1176 1321 1232 adeas
1352 1191 1578 1233 sacram
1610 1175 2059 1243 confessionem,
2092 1175 2355 1248 speciosa
2384 1175 2550 1232 valde
2578 1176 2802 1233 visibus
2832 1177 3111 1236 humanis
3159 1183 3334 1252 atque
3370 1181 3690 1256 praecipua.

500 1280 657 1336 404
697 1276 852 1333 Fecit
880 1280 1075 1331 autem
1096 1274 1233 1330 etin
1254 1273 1498 1353 ecclesia
1518 1273 1671 1329 beati
1695 1272 1910 1327 Christi
1932 1272 2204 1345 martyris
2226 1273 2460 1346 Georgii
2482 1274 2833 1347 magnificus
2852 1276 3066 1349 praesul
3087 1276 3224 1334 hinc
3243 1276 3381 1334 inde
3400 1279 3695 1352 porticus,

428 1394 577 1451 quas
606 1375 781 1432 etiam
812 1374 885 1429 ad
917 1373 1282 1428 decessorem
1320 1370 1508 1444 ipsius
1538 1369 1793 1426 basilicae
1824 1369 1999 1425 variis
2019 1371 2245 1425 ornavit
2275 1371 2540 1444 picturis.
2573 1372 2852 1429 Absidam
2882 1390 3016 1431 vero
3056 1375 3324 1446 ejusdem
3346 1376 3632 1434 diaconia;
3660 1395 3698 1434 a

429 1471 851 1539 fundamentis,
866 1471 1180 1527 auxiliante
1198 1469 1460 1537 Domino,
1476 1485 1610 1524 cum
1623 1483 1857 1524 summo
1870 1466 2064 1523 studio
2082 1469 2349 1541 compsit.
2368 1469 2472 1525 Hic
2488 1470 2631 1525 adeo
2648 1470 2919 1528 amabilis
2935 1471 3193 1544 pontifex
3212 1473 3355 1530 dum
3373 1473 3697 1549 diligenter

428 1574 689 1630 cerneret
716 1570 872 1642 quod
904 1568 1169 1639 ejusdem
1198 1566 1543 1624 venerabilis
1566 1564 1843 1621 diaconiae
1866 1564 2242 1621 secretarium
2276 1581 2391 1639 prae
2422 1566 2608 1623 nimia
2627 1571 2957 1641 temporum
2978 1572 3261 1627 vetustate
3283 1575 3693 1640 marcesceret,

352 1674 390 1728 5
427 1668 650 1726 uoviter
678 1683 781 1739 pro
810 1666 999 1737 ipsius
1027 1681 1224 1720 amore
1248 1663 1337 1718 vel
1369 1662 1557 1735 gratia
1586 1662 1835 1718 aliorum
1867 1662 1938 1717 ad
1962 1661 2262 1719 meliorem
2283 1663 2464 1719 erexit
2483 1663 2787 1721 honorem.
2805 1664 3032 1721 Obtulit
3053 1665 3249 1738 itaque
3269 1665 3692 1725 sanctissimus

426 1782 579 1840 papa
607 1763 707 1819 ubi
733 1780 912 1835 supra
932 1762 1054 1817 haec
1073 1760 1500 1817 dona:Vestem
1520 1761 1592 1816 de
1616 1760 1856 1815 fundato
1885 1776 2236 1824 unam,cum
2263 1759 2639 1833 choysoclavo
2665 1761 2978 1818 habentem
3001 1761 3318 1835 imaginem
3341 1762 3688 1835 Salvatoris,

427 1868 486 1919 et
516 1861 788 1933 martyris
810 1858 1136 1917 Sebastiani
1166 1863 1343 1930 atque
1373 1858 1601 1930 Georgii
1626 1875 1639 1926 ;
1670 1856 1796 1913 vela
1828 1857 1899 1911 de
1929 1856 2171 1913 fundato
2197 1858 2423 1930 majora
2446 1857 2816 1928 duo,minora
2837 1859 3039 1915 decem
3067 1864 3125 1916 et
3153 1859 3467 1917 octo.Fecit
3486 1865 3690 1918 autem

425 1960 485 2014 in
516 1957 878 2014 confessione
908 1955 1096 2028 ipsius
1126 1954 1377 2010 basilicae
1409 1971 1586 2027 rugas
1617 1953 1688 2009 de
1719 1958 1959 2026 argento
1989 1970 2057 2008 ex
2087 1970 2230 2010 auro
2260 1954 2692 2027 perfusas.Pari
2711 1958 2883 2013 modo
2904 1974 3040 2014 vero
3061 1961 3220 2014 sarta
3240 1961 3394 2015 tecta
3408 1958 3680 2016 basilica

425 2055 577 2112 beati
610 2053 847 2109 Adriani
878 2052 1170 2125 martyris,
1187 2052 1378 2124 posita
1400 2052 1460 2107 in
1489 2052 1583 2107 via
1614 2052 1810 2114 Sacra.
1835 2068 1959 2122 qua:
1992 2068 2108 2123 prae
2136 2051 2322 2107 nimia
2348 2056 2640 2109 vetustate
2666 2053 3296 2121 marcuerant,noviter
3316 2055 3689 2113 restauravit.

496 2152 648 2208 405
690 2152 900 2208 Verum
957 2149 1132 2206 etiam
1192 2150 1325 2204 fecit
1369 2149 1426 2204 in
1479 2148 1831 2221 patriarchio
1894 2148 2272 2205 Lateranensi
2325 2149 2649 2206 triclinium
2707 2151 2866 2206 mirae
2918 2151 3302 2225 magnitudis,
3342 2152 3689 2209 decoratum

422 2267 557 2307 cum
604 2248 809 2304 absida
861 2248 930 2303 de
974 2246 1201 2301 musivo
1234 2262 1248 2301 :
1283 2247 1383 2302 sed
1414 2250 1470 2301 et
1516 2246 1660 2301 alias
1713 2246 1948 2302 absidas
1996 2247 2144 2302 duas
2193 2247 2396 2303 dextra
2440 2246 2698 2320 laevaque
2747 2247 2969 2321 positas
3014 2248 3167 2304 infra
3212 2247 3687 2320 paracellarium,

420 2347 600 2404 variis
627 2345 889 2401 historiis
927 2344 1238 2416 deepictas.
1272 2342 1428 2398 Fecit
1455 2344 1628 2399 etiam
1661 2343 2072 2399 sanctissimus
2104 2360 2254 2415 papa
2281 2348 2339 2399 et
2380 2343 2440 2398 in
2470 2344 2719 2401 ecclesia
2764 2345 2916 2401 beati
2965 2345 3281 2402 Clementis
3331 2346 3693 2405 confessoris

424 2450 645 2501 vestem
678 2444 749 2497 de
789 2442 1029 2497 fundato
1078 2457 1213 2494 cum
1263 2439 1552 2507 leonibus,
1605 2445 1660 2495 et
1709 2438 2019 2512 periclysiu
2069 2440 2140 2494 de
2189 2440 2479 2512 octapulo.
2515 2439 2745 2496 Simimi
2793 2441 2964 2497 modo
3010 2441 3165 2497 etin
3216 2441 3488 2498 diaconia
3532 2443 3688 2499 beati

352 2546 389 2599 5
425 2540 709 2597 Theodori
743 2538 1014 2611 martyris
1066 2541 1285 2592 vestem
1334 2538 1405 2591 de
1455 2538 1714 2604 fundato,
1748 2538 1945 2592 leones
1993 2537 2329 2602 habentem,
2363 2554 2495 2592 cum
2548 2537 2817 2611 periclysi
2863 2539 2935 2595 de
2969 2538 3260 2611 octapulo.
3295 2539 3455 2595 Fecit
3486 2544 3686 2596 autem

425 2640 485 2696 in
535 2637 778 2695 ecclesia
823 2635 978 2692 beati
1028 2634 1239 2690 Christi
1292 2635 1565 2707 martyris
1617 2635 1927 2702 Laurentii,
1961 2651 2089 2705 quae
2121 2634 2359 2707 ponitur
2406 2635 2547 2690 foris
2579 2652 2800 2704 muros,
2830 2641 3050 2691 vestem
3082 2636 3544 2709 chrysoclavam,
3575 2636 3683 2693 ha-

424 2738 658 2794 bentem
709 2733 1016 2789 historiam
1064 2730 1306 2787 Zachaai.
1353 2731 1511 2787 Fecit
1561 2735 1619 2786 et
1665 2730 1841 2786 aliam
1888 2736 2110 2787 vestem
2158 2732 2485 2801 fundatam,
2536 2750 2671 2788 cum
2720 2732 2982 2806 gryphis,
3028 2733 3089 2788 in
3128 2733 3410 2790 honorem
3464 2740 3682 2790 sancte

421 2833 524 2891 Dei
572 2829 872 2906 genitricis
917 2830 988 2885 ad
1040 2833 1346 2901 martyres.
1381 2829 1615 2885 Necnon
1644 2834 1703 2885 et
1749 2829 1810 2883 in
1859 2828 2102 2885 basilica
2148 2830 2302 2886 beati
2352 2831 2632 2904 Stephani
2674 2832 3119 2905 protomartyris
3168 2831 3229 2886 in
3270 2830 3448 2889 Coelio
3481 2836 3680 2888 monte

417 2934 638 2988 vestem
668 2928 738 2983 de
769 2927 1031 2995 fundato,
1067 2943 1202 2982 cum
1254 2926 1626 3000 gammadiis.
1658 2925 1871 2982 Verum
1903 2926 2077 2983 etiam
2107 2930 2165 2982 et
2196 2927 2256 2982 in
2289 2927 2556 2984 diaconia
2584 2929 2764 2984 beatae
2797 2929 2896 2984 Dei
2943 2929 3255 2985 Genitricis
3286 2929 3344 2984 in
3392 2930 3491 2985 via
3538 2931 3681 2987 Lata

319 3033 384 3088 10
421 3029 556 3086 fecit
592 3030 813 3083 vestem
857 3025 927 3082 de
977 3024 1253 3092 stauraci,
1286 3042 1421 3080 cum
1469 3023 1739 3098 periclysi
1791 3025 1862 3081 de
1910 3024 2141 3082 blattin.
2177 3026 2366 3081 Simili
2420 3029 2594 3083 modo
2644 3033 2701 3082 et
2745 3027 2806 3083 in
2854 3026 3099 3083 ecclesia
3136 3028 3317 3084 beatae
3367 3027 3473 3084 Dei
3511 3029 3679 3101 geni-

418 3125 583 3184 tricis
612 3140 958 3196 semperque
985 3117 1245 3195 Virgiuis
1274 3122 1467 3178 Mariae
1496 3123 1744 3178 dominre
1797 3127 2006 3179 nostra:
2054 3124 2127 3179 ad
2175 3128 2439 3197 Praesepe
2485 3124 2621 3181 fecit
2668 3129 2887 3181 vestem
2937 3142 3079 3181 auro
3135 3124 3415 3193 textilem,
3451 3125 3681 3183 haben-

416 3230 535 3281 tem
580 3221 967 3288 nativitatem,
998 3220 1381 3293 baptismum,
1414 3220 1918 3292 praaseutatiouem
1947 3225 2004 3276 et
2051 3223 2535 3278 resurrectionem
2570 3239 2583 3278 :
2616 3222 2929 3279 habentem
2959 3222 3021 3278 iu
3051 3222 3239 3296 capite
3269 3222 3458 3296 ipsius
3489 3222 3679 3281 histo-

418 3323 515 3379 riae
562 3336 826 3394 gemmas
875 3318 1038 3374 albas
1087 3321 1375 3374 trecentas
1422 3321 1479 3373 et
1519 3318 1876 3391 octuaginta,
1909 3318 2320 3391 hyacinthinas
2362 3318 2814 3393 quinquaginta,
2845 3319 3114 3393 prasinae
3162 3319 3370 3394 viginti
3416 3320 3591 3393 duas,
3620 3324 3682 3376 et

414 3426 473 3482 in
523 3423 772 3481 circuitu
831 3417 1114 3474 alvaviras
1162 3415 1387 3488 legente
1416 3416 1486 3471 de
1513 3416 1747 3472 nomine
1795 3415 1997 3472 domui
2045 3417 2304 3490 Gregorii
2354 3417 2547 3489 quarti
2600 3433 2783 3490 papm.
2818 3418 2962 3474 Item
3011 3417 3147 3474 fecit
3189 3420 3247 3473 et
3293 3417 3354 3473 in
3404 3416 3682 3474 diaconia

311 3527 380 3581 15
416 3522 570 3579 beati
599 3516 837 3576 Adriani
869 3513 1142 3586 martyris
1172 3512 1230 3567 iu
1260 3512 1452 3569 tribus
1499 3512 1635 3568 fatis
1682 3517 1903 3569 vestem
1935 3513 2007 3568 de
2033 3513 2295 3570 fundato.
2332 3514 2489 3570 Fecit
2529 3518 2727 3570 autem
2772 3514 3050 3587 praefatus
3093 3514 3306 3588 praesul
3335 3514 3397 3570 in
3429 3513 3680 3572 ecclesia

414 3622 720 3677 beatorum
769 3610 1164 3685 apostolorum
1220 3610 1292 3665 ad
1344 3609 1592 3665 Vincula
1636 3613 1855 3666 vestem
1905 3611 1977 3665 dc
2024 3611 2290 3680 fundato,
2322 3611 2633 3667 habentem
2686 3611 2883 3669 leones
2932 3628 3066 3668 cum
3112 3611 3377 3686 gryphis.
3412 3612 3574 3669 Fecit
3618 3616 3681 3669 et

415 3717 592 3775 aliam
621 3716 839 3770 vestem
870 3710 941 3765 de
970 3709 1212 3764 fundato
1243 3707 1302 3763 in
1332 3707 1576 3765 ecclesia
1604 3707 1757 3764 beati
1784 3708 2018 3763 Martini
2049 3709 2399 3766 confessoris
2430 3713 2603 3782 atque
2633 3708 2947 3782 pontificis,
2971 3708 3285 3766 habentem
3314 3709 3518 3766 leones
3536 3725 3676 3766 cum

411 3813 740 3872 arboribus.
3404 3872 3411 3877 _

479 3912 633 3968 406
674 3909 908 3965 Necnon
939 3904 1069 3961 etin
1087 3902 1330 3960 basilica
1345 3902 1498 3959 beati
1518 3903 1750 3959 Eusebii
1774 3904 2048 3977 martyris
2067 3907 2285 3961 vestem
2303 3904 2374 3960 de
2390 3902 2637 3971 olovero,
2651 3903 2963 3961 habentem
2979 3903 3226 3977 aquilas,
3243 3921 3379 3960 cum
3397 3903 3676 3979 periclysi

409 4013 479 4068 de
509 4002 1130 4083 quadrapulo.0btulit
1162 4002 1337 4058 etiam
1369 4001 1680 4073 praedictus
1706 4000 1918 4074 prmsul
1939 4000 1999 4055 in
2022 4000 2265 4057 basilica
2292 4001 2473 4057 beatas
2499 4001 2596 4058 Dei
2637 4001 2948 4059 Genitricis
2977 4002 3170 4058 Mariis
3212 4005 3379 4058 trans
3409 4001 3676 4060 Tiberim

406 4112 627 4164 vestem
660 4105 731 4160 de
769 4101 962 4175 Tyrio,
993 4100 1305 4155 habentem
1336 4097 1642 4155 historiam
1673 4098 1987 4154 Dominicaa
2018 4096 2337 4154 nativitatis
2368 4102 2544 4171 atque
2573 4098 3014 4155 resurrectionis
3044 4098 3277 4155 Domini
3313 4099 3503 4154 nostri
3530 4099 3677 4156 Jesu

408 4203 640 4263 Christi.
676 4202 798 4257 Imo
829 4204 886 4254 et
912 4199 973 4252 in
1005 4197 1273 4252 diaconia
1298 4190 1449 4267 quae
1496 4200 1739 4251 vocatur
1786 4199 1948 4269 Cyro,
1984 4194 2161 4251 simili
2214 4197 2386 4252 modo
2435 4195 2649 4253 obtulit
2696 4201 2916 4254 vestem
2948 4196 3021 4253 de
3049 4196 3314 4253 fundato.
3348 4195 3475 4252 Imo
3524 4200 3583 4253 et
3608 4197 3677 4254 iu

331 4307 369 4362 5
404 4300 672 4359 diaconia
722 4298 903 4353 beatas
952 4294 1147 4350 Mariae
1197 4293 1256 4348 in
1301 4292 1397 4348 via
1443 4293 1585 4348 Lata
1636 4294 1839 4349 eodem
1898 4293 2072 4349 modo
2118 4296 2337 4349 vestem
2387 4294 2460 4350 de
2507 4294 2751 4350 fundato
2808 4292 3043 4350 obtulit.
3099 4289 3202 4350 Hic
3248 4272 3570 4367 praeclarus
3615 4300 3681 4353 et

396 4395 769 4458 venerabiliis
800 4391 1058 4467 pontifex
1106 4391 1301 4447 divina
1347 4389 1737 4463 inspiratione
1785 4390 1973 4446 fretus
2028 4390 2165 4446 fecit
2213 4391 2273 4446 in
2322 4390 2570 4448 ecclesia
2619 4390 2775 4448 beati
2830 4390 3010 4448 Marci
3055 4391 3409 4448 confessoris
3454 4390 3677 4447 Christi

408 4502 583 4570 atque
630 4489 929 4567 pontificis
976 4492 1248 4562 patenum
1297 4487 1564 4561 octogoni
1610 4491 1967 4557 exauratam,
2018 4487 2331 4544 habentem
2379 4487 2440 4543 in
2489 4488 2682 4545 medio
2727 4488 2955 4545 vultum
3002 4488 3234 4546 Domini
3281 4488 3493 4557 nostri,
3534 4490 3593 4545 et
3640 4506 3678 4545 a

401 4595 634 4653 duobus
688 4589 969 4646 lateribus
1016 4586 1241 4643 vultum
1291 4584 1480 4658 ipsius
1529 4584 1685 4641 beati
1731 4585 1913 4641 Marci
1972 4589 2148 4658 atque
2199 4586 2464 4657 ejusdem
2514 4585 2803 4659 prmsulis,
2852 4602 3022 4659 pens,
3069 4585 3251 4642 libras
3300 4602 3424 4642 sex.
3476 4584 3675 4643 Simili

402 4693 575 4751 modo
627 4692 685 4747 et
732 4685 974 4743 calicem
1024 4681 1292 4757 octogeni
1339 4682 1647 4738 fundatum
1697 4699 1831 4738 cum
1881 4682 2037 4739 foliis
2092 4686 2436 4739 exauratum
2466 4682 2685 4739 ibidem
2715 4682 3325 4756 obtulit,peus.libras
3353 4698 3460 4739 sex
3492 4700 3508 4753 ;
3540 4699 3673 4757 scy-

299 4793 366 4848 10
403 4790 588 4864 phum
637 4800 870 4859 quoque
916 4784 1259 4855 argenteum
1312 4778 1432 4834 illic
1476 4778 1668 4835 offerri
1717 4778 1962 4847 curavit,
1994 4795 2240 4851 pensau.
2290 4778 2474 4837 libras
2511 4796 2631 4837 sex.
2664 4780 2889 4837 Obtulit
2915 4780 3091 4837 etiam
3121 4778 3248 4853 ipse
3274 4780 3673 4852 prmuomiua-

402 4893 500 4944 tus
556 4883 816 4959 pontifex
853 4879 1112 4936 canistra
1157 4876 1469 4934 euuafodia
1516 4877 1656 4946 duo,
1689 4893 1933 4950 qeusan.
1967 4876 2211 4934 insimul
2258 4877 2439 4935 libras
2490 4878 2955 4951 quatuordeeim.
2985 4877 3202 4933 Verum
3252 4877 3553 4934 enimvero
3608 4876 3674 4934 in

401 4982 649 5043 ecclesia
704 4978 957 5037 doctoris
1001 4976 1265 5051 gentium
1297 4974 1453 5033 beati
1501 4973 1664 5032 Pauli
1695 4973 1944 5047 apostoli
1972 4973 2187 5031 obtulit
2216 4992 2367 5048 saepe
2397 4975 2591 5031 dictus
2620 4975 2878 5048 pontifex
2905 4978 3125 5031 vestem
3155 4975 3226 5031 de
3255 4973 3672 5049 Cbrysoclavo,

399 5082 713 5140 habentem
762 5071 1069 5133 historiam
1123 5073 1355 5130 Domini
1406 5072 1509 5129 Dei
1563 5071 1769 5142 nostri,
1804 5075 1862 5127 et
1901 5072 1961 5126 in
2014 5072 2144 5144 ejus
2189 5072 2471 5145 obsequio
2503 5090 2538 5129 a
2567 5071 2787 5129 dextris
2831 5072 2921 5129 vel
2979 5070 3234 5129 sinistris
3281 5070 3672 5147 archangelo-

399 5197 554 5248 rum,
577 5195 681 5236 seu
712 5173 1133 5249 apostolorum,
1153 5171 1435 5228 laudabili
1466 5169 1909 5240 uumero,miras
1940 5169 2366 5243 magnitudinis
2395 5174 2569 5244 atque
2597 5168 3339 5243 pulchritudinis,diversis
3366 5168 3670 5243 lapidibus

294 5278 360 5333 15
395 5276 483 5335 vel
513 5272 818 5351 magaritis
847 5274 1112 5327 ornatam
1138 5268 1614 5343 pulcherrimque
1646 5271 1997 5324 contextam.

472 5375 619 5430 467
665 5372 769 5428 Hic
817 5367 1282 5442 benignissimus
1337 5370 1396 5424 et
1443 5365 1761 5439 praeclarus
1809 5364 2089 5438 pontifex,
2122 5365 2265 5421 dum
2298 5364 2489 5422 bonus
2519 5368 2577 5423 et
2605 5382 2779 5423 verus
2809 5368 3012 5439 pastqr
3042 5381 3146 5438 pro
3177 5367 3395 5422 sancta
3426 5363 3532 5422 Dei
3559 5366 3671 5423 Ec-

396 5471 585 5529 clesiae
633 5474 790 5527 statu
823 5465 1143 5523 maximam
1190 5465 1453 5538 undique
1483 5480 1685 5521 curam
1718 5479 1784 5518 ac
1812 5461 2176 5536 vigilantiam
2209 5467 2456 5536 gereret,
2488 5462 2866 5520 considerans
2897 5463 3297 5520 Romanorum
3328 5462 3666 5535 penuriam.

395 5569 551 5643 quod
601 5567 703 5624 ubi
752 5564 1013 5622 triticum
1062 5563 1135 5620 ad
1175 5562 1466 5620 edendum
1511 5559 1795 5617 molerent
1823 5558 1985 5616 nullo
2017 5561 2191 5616 modo
2230 5559 2534 5630 haberent,
2565 5560 2758 5618 divino
2788 5560 2973 5617 fretus
3004 5558 3217 5617 auxilio
3246 5559 3505 5617 formam
3535 5577 3668 5634 quas

395 5664 717 5724 Sabbatina
762 5665 1156 5733 nuncupatur,
1213 5677 1339 5732 qua
1386 5660 1514 5732 jam
1563 5676 1667 5732 per
1713 5656 2001 5730 plurimos
2049 5675 2237 5715 annos
2277 5650 2574 5714 confracta
2617 5661 2793 5730 atque
2836 5657 3107 5731 disrupta
3152 5672 3281 5715 esse
3328 5656 3665 5727 videbatur,

320 5765 358 5822 5
393 5766 530 5823 dato
584 5761 779 5835 operis
825 5759 1044 5827 studio,
1073 5759 1228 5817 sicut
1253 5775 1289 5816 a
1315 5757 1525 5831 priscis
1574 5757 1763 5813 fuerat
1807 5755 2096 5812 aadificata
2124 5755 2511 5829 temporibus,
2543 5756 2628 5812 ita
2656 5772 2889 5830 quoque
2916 5772 3048 5814 eam
3078 5769 3380 5830 praesagus
3408 5756 3664 5815 antistes

392 5860 622 5920 uoviter
662 5856 949 5913 aediﬁcare
995 5857 1171 5930 atque
1219 5857 1557 5912 construere
1597 5852 1766 5909 uisus
1821 5850 1975 5908 fuit:
2027 5851 2112 5909 ita
2156 5856 2224 5911 ut
2263 5853 2339 5910 ad
2385 5851 2692 5912 ecclesiam
2740 5853 2899 5912 beati
2947 5853 3102 5912 Petri
3145 5850 3423 5928 apostoli.
3482 5856 3625 5927 atqa

394 5955 469 6017 ad
512 5949 852 6017 Janiculum
895 5950 1050 6011 sicut
1089 5949 1275 6030 prius,
1322 5948 1406 6010 ita
1450 5953 1508 6010 et
1554 5964 1713 6010 nunc
1775 5946 2177 6010 iudifﬂucnter
2228 5950 2521 6015 decurrat.
2578 5950 2737 6014 Fecit
2801 5950 2980 6014 etiam
3024 5949 3086 6012 in
3134 5948 3407 6018 diaconia
3468 5950 3661 6015 beata
