3934 6202
147 134 276 200 1285
825 134 1196 200 HISTORIA
1239 139 1341 200 DE
1384 138 1586 202 VITIS
1634 140 1820 203 ROM.
1867 139 2641 208 PONT.—-GBEGORIUS
2678 148 2778 209 IV.
3345 156 3501 217 1286

259 285 475 341 semper
505 266 762 341 Virginis
795 269 988 325 Maria
1020 271 1079 326 in
1109 271 1421 328 Cosmedin
1471 277 1692 329 vestem
1741 274 1811 329 de
1860 275 2052 347 Tyrio,
2085 275 2395 333 habentem
2455 277 2761 335 historiam
2808 281 3121 340 Dominica
3179 287 3501 347 nativitatis

257 372 418 439 atque
492 367 936 423 resurrectionis
1007 367 1218 424 Christi
1287 371 1404 426 veri
1485 370 1585 427 Dei
1652 371 1853 427 nostri.
1923 373 2009 427 Ad
2074 373 2351 430 honorem
2420 379 2476 430 et
2541 376 2788 448 gloriam
2853 378 3033 435 beata
3099 382 3199 437 Dei
3262 385 3502 458 virginis

169 468 225 523 10
257 467 524 521 Susanna
574 464 788 520 obtulit
838 465 1250 521 sanctissimus
1300 467 1532 540 prasul,
1565 468 1622 522 in
1673 469 1937 540 ejusdem
1988 469 2232 526 ecclesia
2279 476 2495 528 vestem
2547 473 2872 543 fundatam,
2907 494 3042 533 cum
3091 479 3400 552 periclysin
3433 485 3503 540 de

255 562 434 636 Tyrio.

317 660 464 717 408
496 660 651 716 Fecit
699 665 896 718 autem
957 661 1017 717 in
1074 661 1318 720 ecclesia
1372 663 1525 719 beati
1581 663 1802 736 Cyriaci
1861 664 2136 737 martyris
2195 671 2369 738 atque
2426 667 2656 723 diaconi
2714 674 2934 726 vestem
2986 672 3057 727 de
3107 673 3368 746 fundato,
3399 676 3507 732 ha-

253 760 476 816 bentem
525 758 836 832 periclysin
888 760 958 815 de
1007 759 1285 817 stauraci.
1334 761 1461 816 Pari
1521 763 1692 817 modo
1741 766 1797 818 et
1844 762 1904 816 in
1954 761 2199 819 ecclesia
2245 764 2425 820 beata
2478 767 2850 823 Pudentiana
2899 769 3142 842 virginis
3191 777 3407 828 vestem
3443 775 3510 830 de

254 857 505 925 fundato,
532 873 666 912 cum
726 856 995 930 periclysi
1055 857 1126 913 de
1182 857 1532 930 quadruplo.
1567 857 1792 915 Obtulit
1849 859 2016 914 beato
2078 860 2252 916 Vitali
2316 863 2554 935 martyri
2609 868 2826 920 vestem
2879 867 2950 920 de
3003 868 3267 937 fundato,
3301 870 3516 926 haben-

253 960 359 1011 tem
391 953 643 1028 aquilas,
675 960 732 1011 et
791 955 1100 1028 periclysin
1159 957 1230 1011 de
1273 956 1658 1028 quadrapulo.
1693 958 1972 1014 Prafatus
2028 975 2161 1014 vero
2221 959 2480 1030 pontifex
2536 961 2670 1016 fecit
2717 962 2776 1017 in
2827 963 3082 1019 ecclesia
3132 965 3315 1022 beata
3359 971 3513 1025 Ana-

193 1055 224 1108 5
256 1052 435 1109 stasia
495 1053 768 1125 martyris
825 1058 1043 1108 vestem
1101 1055 1171 1109 de
1227 1054 1490 1124 fundato,
1525 1054 1835 1111 habentem
1891 1055 2137 1128 aquilas,
2171 1061 2227 1111 et
2276 1057 2584 1130 periclysin
2639 1059 2709 1114 de
2767 1059 3011 1116 olovero.
3048 1062 3169 1118 Imo
3216 1080 3349 1118 vero
3406 1064 3512 1119 ob-

255 1149 378 1205 tulit
421 1150 548 1221 jam
608 1149 802 1205 dictus
859 1149 1070 1222 prasul
1130 1150 1189 1204 in
1247 1150 1489 1206 basilica
1547 1152 1724 1207 beata
1787 1152 1975 1207 Lucia
2035 1154 2327 1224 martyris,
2364 1170 2542 1224 quam
2601 1159 2809 1210 vocant
2866 1156 3116 1228 Orphea,
3168 1163 3388 1215 vestem
3443 1161 3512 1217 de

256 1249 512 1315 fundato,
547 1265 681 1303 cum
732 1247 1002 1320 periclysi
1051 1249 1122 1304 de
1172 1248 1459 1322 octapulo.
1514 1250 1936 1306 Sanctissimus
1987 1251 2238 1322 denique
2285 1253 2542 1323 pontifex
2580 1253 2714 1308 fecit
2758 1254 2814 1308 in
2863 1254 3032 1310 titulo
3065 1257 3216 1312 beati
3263 1258 3512 1330 Chryso-

253 1344 377 1418 goni
433 1343 705 1418 martyris
753 1348 971 1401 vestem
1036 1346 1106 1401 de
1173 1347 1364 1418 Tyrio,
1421 1347 1733 1403 habentem
1785 1348 2091 1404 historiam
2141 1347 2418 1417 Danielis,
2453 1366 2587 1406 cum
2637 1350 2906 1424 periclysi
2955 1353 3025 1408 de
3071 1355 3346 1410 stauraci.
3395 1356 3511 1411 0b-

253 1442 379 1498 tulit
407 1459 542 1498 vero
574 1442 952 1498 beatissimus
1001 1460 1153 1515 papa
1197 1443 1256 1498 in
1306 1443 1478 1509 titulo
1530 1445 1888 1500 Pammachii
1936 1451 2156 1501 vestem
2209 1446 2280 1500 dc
2331 1447 2606 1514 stauraci,
2640 1465 2773 1504 cum
2822 1448 3093 1522 periclysi
3141 1452 3212 1506 de
3261 1453 3514 1524 quadra-

169 1542 223 1596 10
255 1539 402 1614 pulo.
437 1539 653 1595 Verum
703 1539 876 1596 etiam
929 1539 1064 1595 fecit
1113 1544 1168 1595 et
1214 1540 1273 1596 in
1321 1540 1565 1597 ecclesia
1622 1542 1802 1598 beata
1859 1541 2082 1597 Cecilia
2143 1543 2414 1616 martyris
2470 1548 2686 1600 vestem
2747 1545 2818 1600 de
2880 1547 3141 1614 fundato,
3202 1547 3514 1616 habentem

257 1637 479 1709 aquilas
510 1642 566 1693 et
596 1637 872 1710 gryphos,
905 1655 1040 1693 cum
1092 1637 1358 1711 periclysi
1422 1639 1492 1694 de
1551 1638 1800 1694 olovero.
1838 1639 1963 1695 Pari
2024 1641 2196 1695 modo
2253 1645 2310 1695 et
2365 1640 2424 1695 in
2481 1641 2648 1698 titulo
2680 1642 2997 1698 [Emiliana
3049 1644 3260 1700 obtulit
3296 1652 3515 1702 vestem

259 1736 322 1790 de
352 1735 616 1803 fundato,
649 1735 960 1791 habentem
993 1735 1241 1808 aquilas,
1278 1739 1333 1791 et
1365 1735 1674 1808 periclysin
1708 1738 1777 1792 de
1809 1735 1993 1809 platta
2025 1738 2328 1810 Byzantea.
2365 1738 2669 1810 Simulque
2717 1743 2774 1794 et
2823 1740 2881 1795 in
2913 1740 3158 1798 ecclesia
3189 1743 3341 1798 beati
3375 1744 3518 1800 Sixti

260 1832 528 1904 martyris
559 1836 734 1904 atque
766 1831 1059 1904 pontiﬁcis
1109 1833 1244 1888 fecit
1287 1837 1506 1888 vestem
1558 1833 1629 1888 de
1676 1832 1867 1905 Tyrio,
1903 1833 2214 1890 habentem
2264 1833 2570 1891 historiam
2630 1836 3066 1905 Danielis,cum
3126 1839 3394 1913 periclysi
3449 1841 3518 1896 de

259 1929 501 1985 olovero.

325 2028 480 2083 469
514 2026 670 2083 Fecit
700 2026 758 2082 in
792 2027 1034 2083 basilica
1064 2028 1243 2083 beata
1276 2027 1550 2101 martyris
1571 2033 1787 2084 vestem
1820 2030 1891 2085 de
1922 2030 2184 2096 fundato,
2213 2047 2345 2086 cum
2379 2031 2648 2103 periclysi
2681 2031 2752 2087 de
2781 2031 3028 2088 olovero.
3055 2033 3209 2089 Fecit
3238 2038 3430 2089 autem
3461 2034 3520 2091 in

258 2123 428 2180 titulo
459 2124 694 2180 Damasi
727 2129 944 2180 vestem
978 2125 1048 2180 de
1079 2127 1352 2194 stauraci,
1386 2127 1698 2182 habentem
1730 2127 2038 2200 periclysin
2073 2129 2142 2183 de
2176 2127 2401 2183 blattha
2431 2130 2728 2200 Byzantea.
2764 2129 2919 2184 Fecit
2948 2129 3121 2186 etiam
3171 2131 3228 2186 in
3280 2131 3524 2188 ecclesia

263 2221 658 2295 apostolorum
684 2221 883 2278 Jacobi
916 2227 972 2277 et
996 2221 1249 2294 Philippi
1282 2228 1498 2278 vestem
1529 2224 1600 2278 de
1633 2224 1894 2280 fundato.
1931 2225 2071 2280 Item
2099 2225 2157 2279 in
2204 2224 2451 2280 ecclesia
2479 2225 2631 2280 beati
2661 2225 2914 2280 Marcelli
2963 2228 3314 2284 confessoris
3352 2234 3524 2300 atque

262 2319 555 2391 pontiﬁcis
586 2319 722 2374 fecit
744 2323 961 2374 vestem
997 2320 1067 2375 de
1099 2321 1361 2376 fundato.
1396 2320 1523 2375 Pari
1558 2322 1728 2376 modo
1761 2322 1820 2376 in
1853 2321 2095 2376 basilica
2120 2321 2273 2376 beati
2304 2321 2601 2376 Laurentii
2634 2322 2692 2375 in
2726 2323 2959 2379 Lucina
3009 2324 3142 2378 fecit
3187 2329 3406 2380 vestem
3457 2327 3528 2381 de

267 2416 540 2473 stauraci.
575 2417 718 2472 Item
751 2417 810 2472 in
834 2417 1080 2473 ecclesia
1109 2417 1296 2473 sancti
1325 2417 1618 2473 Valentini
1653 2419 1790 2474 fecit
1815 2425 2036 2474 vestem
2070 2419 2140 2474 de
2172 2419 2416 2473 fundato
2447 2423 2504 2473 et
2536 2420 2904 2491 gammadias
2936 2421 3006 2476 de
3033 2421 3322 2493 octapulo.

335 2516 493 2571 410
524 2519 783 2586 Cumque
814 2514 934 2569 hac
967 2515 1181 2581 omnia,
1218 2533 1344 2587 qua
1368 2517 1639 2587 superius
1672 2515 1892 2571 inserta
1920 2516 2216 2588 leguntur,
2247 2533 2280 2571 a
2328 2521 2535 2588 quarto
2586 2515 2765 2587 hujus
2814 2517 3171 2574 intemerata
3202 2519 3358 2575 sedis
3382 2537 3533 2592 papa

272 2611 546 2686 Gregorio
577 2611 692 2666 Deo
724 2611 948 2668 favente
976 2611 1216 2668 liberius
1258 2618 1668 2668 consummata
1714 2613 1964 2668 fuissent
2011 2617 2183 2685 atque
2231 2615 2503 2684 perfecta,
2538 2612 2703 2684 piger
2747 2630 2875 2669 esse
2923 2615 3261 2672 nullatenus
3310 2616 3530 2685 volens,

275 2711 444 2782 coepit
476 2709 874 2764 indifferenter
902 2695 1035 2782 pest
1066 2726 1266 2765 curam
1297 2727 1539 2783 gregum
1568 2711 1638 2766 de
1669 2710 1899 2766 cultura
1928 2710 2046 2766 sive
2077 2709 2579 2766 meliorationibus
2629 2711 3049 2766 venerabilium
3093 2717 3342 2768 tractare
3373 2713 3535 2768 loco-

273 2824 422 2875 rum,
458 2811 525 2861 ut
553 2805 678 2862 suis
709 2806 1070 2877 temporibus
1092 2823 1236 2861 novo
1267 2806 1506 2862 cultura
1539 2807 1791 2862 formatu
1841 2806 2201 2864 consolidata
2231 2811 2428 2863 essent
2461 2824 2473 2862 :
2509 2807 2661 2878 quod
2688 2806 3084 2864 intercedente
3129 2807 3529 2880 apostolorum

208 2904 240 2958 5
274 2904 537 2976 principe
569 2904 733 2959 Petro
756 2904 927 2975 juxta
953 2908 1152 2959 votum
1188 2903 1280 2960 sui
1311 2903 1580 2960 desiderii
1613 2903 1830 2959 factum
1862 2909 1969 2960 est.
2004 2905 2133 2960 Ideo
2164 2921 2299 2960 cum
2330 2904 2468 2960 talia
2499 2903 2843 2976 praesulatus
2874 2904 2965 2960 sui
3014 2906 3210 2962 animo
3258 2906 3530 2976 volveret,

273 3006 326 3057 et
353 3000 636 3057 hasitans
677 2999 990 3073 cogitaret,
1023 3005 1259 3074 repente
1307 3001 1379 3056 ad
1439 3000 1783 3056 memoriam
1839 3001 1928 3056 sui
1990 3007 2317 3069 recurrunt,
2351 3003 2506 3073 quod
2559 3002 2790 3072 justum
2842 3018 2957 3056 non
2989 3008 3162 3070 esset,
3194 3003 3243 3059 si
3275 3003 3531 3076 amplius

273 3099 518 3156 ecclesia
550 3101 760 3154 sancta
792 3098 893 3154 Dei
923 3098 1254 3166 Genitricis,
1288 3115 1415 3170 qua
1449 3114 1608 3153 more
1637 3103 1894 3152 veterum
1946 3115 2101 3152 nunc
2154 3115 2340 3169 usque
2391 3097 2593 3152 Calixti
2642 3101 2803 3152 trans
2834 3098 3090 3154 Tiberim
3141 3099 3375 3166 dicitur,
3406 3100 3534 3157 sine

274 3197 695 3254 monachorum
727 3197 917 3252 ofﬁcio
948 3195 1587 3262 constitisset,maxime
1617 3211 1750 3250 cum
1784 3195 1844 3249 in
1870 3212 1939 3250 ea
1970 3195 2272 3267 signorum
2305 3212 2419 3250 non
2456 3194 2696 3250 minima
2723 3196 3056 3267 frequenter
3085 3196 3230 3250 ﬁant
3250 3197 3537 3253 miracula

272 3299 325 3350 et
354 3296 604 3350 virtutes
636 3293 904 3362 diversa;
939 3311 1006 3350 ac
1035 3294 1273 3349 demum
1305 3292 1586 3348 divinitus
1619 3297 2012 3365 cumpunctus
2042 3293 2233 3360 corde,
2257 3297 2312 3348 et
2341 3293 2438 3348 Dei
2472 3293 2888 3365 omnipotentis
2919 3294 3224 3350 roboratus
3255 3311 3320 3350 ac
3352 3296 3536 3352 fretus

178 3388 238 3444 lO
265 3390 588 3461 juvamine.
615 3392 785 3462 juxta
815 3390 968 3446 latus
1003 3390 1434 3463 pranominata
1467 3390 1720 3447 basilica
1753 3391 2175 3447 monasterium
2207 3408 2241 3446 a
2280 3390 2680 3447 fundamentis
2729 3391 2950 3458 statuit,
2985 3396 3042 3447 et
3089 3392 3253 3448 novis
3299 3391 3538 3448 fabricis

273 3488 586 3545 decoravit.
621 3489 683 3544 In
716 3505 828 3560 quo
859 3488 1035 3544 etiam
1068 3488 1385 3544 monachos
1416 3487 1726 3544 canonicos
1760 3489 2111 3562 aggregavit,
2145 3489 2245 3560 qui
2280 3487 2422 3544 inibi
2455 3488 2714 3544 ofﬁcium
2750 3489 3026 3556 facerent,
3049 3493 3106 3544 et
3153 3489 3538 3562 omnipotenti

275 3585 523 3642 Domino
553 3591 747 3658 grates
776 3591 831 3642 et
862 3585 1066 3642 laudes
1099 3587 1305 3642 diebus
1339 3586 1588 3659 singulis
1617 3591 1674 3641 et
1704 3587 1973 3642 noctibus
1995 3586 2320 3658 prosecutis
2351 3586 2559 3642 intimo
2583 3586 2776 3642 cordis
2799 3586 3117 3658 spiramine
3135 3587 3540 3654 decantarent;

275 3684 430 3754 quod
465 3684 618 3740 sicut
646 3684 1171 3756 imprasentiarum
1204 3683 1519 3752 cernimus,
1554 3701 1766 3757 magno
1799 3684 2134 3750 certamine,
2169 3700 2498 3756 magnoque
2529 3684 2722 3740 studio
2754 3688 2956 3754 pastor
2984 3683 3231 3740 eximius
3262 3684 3370 3740 hoc
3395 3701 3545 3756 opus

273 3780 439 3837 valde
470 3781 880 3837 ﬁrmissimum
913 3780 1230 3853 ampliavit.
1265 3781 1410 3836 Nam
1441 3782 1540 3838 ubi
1589 3785 1722 3837 ante
1771 3781 1933 3836 nulla
1988 3785 2111 3836 erat
2160 3780 2388 3836 cultura
2437 3781 2748 3853 praecipua,
2783 3782 2956 3836 modo
3006 3783 3117 3837 Deo
3168 3780 3546 3853 dispensante

178 3876 242 3930 45
278 3877 526 3950 pulchra
557 3882 696 3934 sunt
725 3878 1058 3934 habitacula
1088 3878 1544 3946 monachorum;
1581 3882 1637 3934 et
1666 3877 1794 3934 loca
1824 3895 1950 3950 qua
1983 3895 2171 3950 nuper
2200 3878 2272 3933 ab
2305 3878 2643 3933 hominibus
2672 3876 3019 3933 videbantur
3037 3878 3310 3950 vepribus
3331 3876 3415 3933 vel
3440 3877 3551 3933 im-

279 3975 589 4032 munditiis
617 3975 808 4048 plena,
844 3993 999 4032 nunc
1029 3977 1089 4032 in
1121 3977 1204 4032 eis
1237 3975 1457 4032 cellula
1490 3979 1836 4032 constructa
1869 3980 2026 4042 sunt,
2056 3975 2272 4047 quibus
2304 3993 2436 4031 oves
2468 3974 2681 4031 Christi
2715 3992 2850 4030 cum
2900 3975 3023 4031 suis
3076 3974 3251 4032 simul
3287 3974 3551 4030 utilitati-

276 4074 387 4129 bus
417 4078 552 4146 post
585 4073 825 4129 laudum
857 4074 1049 4130 ofﬁcia
1077 4073 1408 4147 largissime
1438 4073 1777 4129 cohabitant
1825 4077 1883 4129 et
1930 4073 2250 4128 dormiunt.
2284 4073 2362 4128 Eo
2413 4071 2592 4144 igitur
2639 4077 2900 4144 tempore
2943 4073 3256 4144 sapedicta
3303 4072 3549 4128 ecclesia

277 4172 637 4243 quibusdam
670 4189 773 4244 per
800 4171 1108 4227 circuitum
1132 4171 1274 4227 locis
1304 4171 1475 4244 longo
1507 4170 1667 4226 senio
1698 4174 1821 4226 erat
1839 4174 2153 4242 prarupta,
2169 4170 2270 4226 sed
2301 4186 2429 4225 eam
2455 4168 2813 4224 firmissimis
2835 4169 3094 4241 undique
3119 4169 3549 4225 munitionibus

277 4269 653 4325 restauravit.
676 4269 746 4324 Et
774 4268 833 4323 in
865 4284 933 4324 ea
964 4273 1234 4325 sanctum
1267 4269 1402 4324 fecit
1440 4268 1792 4340 praesepium
1824 4269 1895 4322 ad
1927 4265 2374 4323 similitudinem
2405 4265 2671 4339 prasepii
2703 4272 2917 4322 sancta
2950 4267 3050 4322 Dei
3082 4265 3550 4338 Genitricis,qua

171 4365 241 4419 20
276 4365 608 4439 appellatur
638 4365 898 4438 Majoris,
919 4366 1073 4438 quod
1105 4365 1373 4422 videlicet
1399 4365 1636 4420 laminis
1668 4365 1860 4420 aureis
1891 4368 1947 4420 et
1979 4364 2271 4437 argenteis
2302 4363 2618 4420 adornavit.
2643 4367 2708 4417 In
2740 4380 2853 4434 quo
2880 4381 2983 4436 pro
3016 4363 3270 4420 remedio
3300 4381 3366 4419 ac
3384 4362 3554 4419 venia

280 4463 632 4519 delictorum
663 4462 785 4518 hac
816 4462 1028 4518 obtulit
1057 4463 1209 4518 dona
1241 4462 1598 4534 :imaginem
1630 4477 1889 4530 auream,
1924 4461 2235 4518 habentem
2268 4460 2572 4517 historiam
2607 4459 2857 4515 domina
2890 4463 3099 4516 nostra
3132 4477 3266 4516 cum
3307 4459 3552 4515 diversis

276 4564 334 4616 et
364 4560 640 4633 pretiosis
671 4560 941 4633 gemmis,
974 4559 1319 4632 hyacinthos
1342 4561 1594 4632 majores
1625 4576 1869 4616 numero
1901 4559 2198 4627 tredecim,
2233 4557 2500 4632 prasinae
2549 4558 2768 4622 decem,
2796 4555 2961 4613 albas
3012 4558 3264 4628 majores
3307 4575 3552 4614 numero

278 4657 492 4731 viginti
523 4662 580 4714 et
608 4675 836 4726 novem,
871 4657 1274 4714 alamandinas
1306 4658 1557 4729 majores
1589 4674 1834 4713 numero
1870 4656 2095 4730 viginti,
2132 4656 2296 4714 albas
2326 4656 2587 4712 modicas
2635 4654 2916 4709 habentes
2965 4654 3023 4708 in
3075 4654 3295 4709 circum
3346 4655 3555 4728 capitis

282 4773 566 4812 coronam
599 4757 823 4812 diverse
854 4755 1208 4828 philopares.

357 4856 510 4909 471
549 4859 623 4922 (a)
655 4853 892 4910 Cercelli
918 4853 1085 4926 paria
1114 4853 1229 4910 duo
1261 4853 1435 4909 habet
1464 4869 1728 4926 gemmas
1758 4851 2214 4926 pretiosissimas
2247 4850 2408 4907 albas
2460 4867 2702 4906 numero
2751 4851 2951 4906 decem
3001 4852 3058 4904 et
3103 4853 3254 4916 octo,
3284 4850 3556 4922 prasinae

281 4954 438 5020 octo,
473 4951 884 5024 hyacinthinas
915 4955 1185 5023 quatuor.
1222 4951 1364 5008 Item
1396 4951 1454 5006 in
1487 4953 1689 5007 eadem
1722 4951 1976 5023 imagine
2006 4949 2181 5005 habet
2206 4966 2482 5004 murenas
2514 4947 2837 5020 prasinales
2885 4945 3342 5019 pretiosissimas
3385 4947 3554 5016 duas,

282 5067 354 5104 ex
387 5049 606 5121 quibus
636 5049 812 5105 habet
840 5048 1125 5122 pendulas
1178 5067 1424 5104 numero
1475 5049 1766 5105 undecim.
1823 5049 1960 5104 ltern
2012 5064 2318 5103 murenam
2368 5045 2604 5101 triﬁlem
2637 5062 2898 5110 auream,
2931 5062 3058 5118 qua
3089 5043 3262 5098 habet
3291 5059 3558 5115 gemmas

283 5147 551 5203 diversas
611 5146 794 5214 albas,
823 5164 1066 5202 numero
1117 5147 1491 5219 septuaginta
1539 5151 1679 5216 tres,
1714 5151 1771 5203 et
1817 5145 2109 5202 buticnlas
2158 5145 2402 5217 triginta
2447 5147 2586 5199 tres.
2642 5143 2966 5211 Murenam,
3018 5142 3077 5196 in
3136 5157 3254 5212 qua
3302 5141 3560 5214 pendent

208 5244 244 5299 5
277 5260 532 5316 gemma
563 5243 951 5317 hyacinthina
981 5243 1281 5311 tredecim,
1311 5245 1526 5317 digitia
1558 5262 1744 5301 aurea
1776 5262 1979 5301 novem
2013 5244 2267 5316 pendent
2296 5243 2355 5297 in
2403 5241 2500 5297 ﬁlo
2531 5259 2725 5298 aureo.
2779 5242 2922 5298 Item
2972 5255 3278 5296 murenam
3313 5239 3558 5308 ﬁlatam,

280 5359 353 5397 ex
387 5357 508 5412 qua
538 5357 784 5414 gemma
811 5342 1064 5414 pendent
1094 5340 1483 5413 hyacinthina
1516 5325 1990 5414 quatuordecim.
2013 5341 2257 5412 Signnm
2297 5337 2511 5395 Christi
2558 5339 2735 5394 habet
2776 5336 3088 5394 navicellas
3119 5337 3288 5404 duas,
3321 5341 3378 5392 et
3427 5353 3562 5393 mu-

284 5455 468 5495 renas
497 5443 635 5495 tres.
670 5438 883 5495 Omnes
905 5454 1201 5506 murenas,
1235 5454 1370 5494 cum
1403 5439 1700 5511 petinante
1746 5456 1968 5495 earum.
2001 5437 2294 5494 Gabathas
2341 5453 2546 5493 aureas
2587 5436 2938 5510 purissimas
2977 5433 3335 5491 interrasiles
3367 5433 3563 5506 philo-

281 5547 482 5608 pares.
531 5535 780 5606 Signum
837 5535 1070 5605 Christi,
1114 5535 1464 5608 pendentem
1511 5536 1572 5591 in
1630 5536 1916 5592 catenulis
1961 5537 2150 5591 tribus
2193 5535 2334 5603 lilio,
2386 5539 2444 5604 et
2490 5551 2625 5591 uuc.
2662 5578 2674 5590 .
2709 5576 2721 5589 .
2753 5533 2980 5607 legente
3017 5533 3088 5588 de
3134 5531 3304 5588 donis
3345 5532 3469 5601 Dei,
3511 5537 3568 5590 et

289 5637 515 5690 sancta
573 5633 790 5703 Maria,
837 5633 993 5705 quod
1071 5635 1312 5689 vocatur
1390 5634 1651 5706 Prasepe
1723 5638 1886 5690 trans
1945 5633 2223 5701 Tiberim,
2251 5632 2474 5689 domini
2515 5631 2774 5709 Gregorii
2821 5648 2974 5706 papa
3019 5629 3234 5706 quarti,
3269 5629 3366 5706 qui
3420 5649 3568 5708 puro

1342 5836 1590 5888 NOTULE
1631 5837 2019 5886 κΑιιριιυιεε
2061 5837 2387 5890 ΓΑΒΒΟΤΤΙ.

211 5939 290 6017 (a)
324 5939 507 6004 Locus
537 5935 1005 5998 mendam-simus.
