3928 6210
339 164 491 227 1287
1478 162 1890 229 ANAS'I‘ASII

2213 165 2583 228 I‘HECARII.
3593 168 3764 233 I288

371 296 444 353 40
481 297 654 352 corde
681 296 898 352 obtulit
926 300 1044 352 tres
1075 297 1361 369 gabathas
1392 297 1933 370 saxiscas.Signum
1955 298 2165 354 Christi
2197 298 2374 354 habet
2404 297 2708 357 historiam
2740 297 2803 353 in
2834 298 3075 354 modum
3102 297 3293 356 leonis
3323 299 3761 375 incapillatam,

477 411 613 450 cum
645 394 888 451 diversis
920 394 1194 466 operibus
1225 395 1560 466 purissimis
1592 396 1805 462 aureis,
1829 396 2221 469 pendentibus
2269 397 2327 450 in
2383 395 2671 452 catenulis
2720 400 2994 469 quatuor,
3041 399 3099 452 et
3150 396 3366 455 uncino
3415 415 3553 457 uno.
3602 400 3760 458 Item

477 491 795 562 gabatham
827 491 1115 548 saxiseam
1148 492 1323 548 habet
1353 493 1412 547 in
1444 493 1686 549 modum
1720 494 1929 549 Leonis
1962 493 2204 563 1V,cum
2236 493 2482 549 diversis
2513 492 2775 550 historiis
2807 493 3263 566 serpentium,et
3290 494 3351 550 in
3382 496 3573 553 medio
3595 500 3765 553 stan-

476 594 594 645 tem
626 589 944 662 pineam,et
963 594 1218 661 quatuor
1244 589 1537 647 leunculis
1556 596 1914 658 exauratam,
1932 591 2032 663 qui
2063 591 2320 664 pendent
2347 590 2405 646 in
2437 590 2721 647 catenulis
2745 591 2780 646 3
2809 594 2867 647 et
2895 591 3109 648 uncino
3131 608 3269 648 uno.
3295 592 3438 649 Item
3458 593 3760 668 gabathas

474 686 752 744 saxiscas.
776 688 857 742 Ex
877 686 1093 758 quibus
1122 686 1300 743 habet
1330 686 1579 761 singulis
1610 687 1885 760 operibus
1914 687 2207 744 exauratis
2238 688 2558 760 pendentes
2589 687 2647 745 in
2679 684 2963 744 catenulis
2995 686 3189 745 tribus
3234 693 3292 744 et
3322 688 3569 749 uncinos
3600 708 3757 765 qua-

398 785 436 839 5
474 788 635 852 tuor;
662 799 732 839 ex
753 784 969 856 quibus
998 783 1176 839 habet
1205 800 1384 839 unam
1416 784 1667 858 gemmis
1696 785 1913 841 vitreis.
1948 787 2082 852 Quae
2114 785 2367 842 domnus
2397 786 2536 842 item
2580 785 2892 859 Gregorius
2941 790 3189 859 quartus
3234 786 3494 860 pontifex
3538 786 3758 846 libenti

472 880 685 936 obtulit
712 880 929 935 animo.

544 978 697 1035 412
725 978 844 1033 lmo
871 994 1004 1034 vero
1035 978 1248 1035 obtulit
1262 979 1389 1051 jam
1420 978 1615 1034 dictus
1646 978 1856 1051 praesul
1887 979 1946 1034 in
1969 977 2215 1035 ecclesia
2258 979 2514 1038 doctoris
2570 978 2834 1053 gentium
2877 980 3031 1036 beati
3077 979 3243 1037 Pauli
3290 981 3539 1055 apostoli
3567 982 3755 1039 corti-

473 1090 609 1130 nam
642 1075 946 1131 fundatam
979 1077 1331 1148 pendentem
1361 1076 1421 1132 in
1451 1093 1584 1132 arco
1614 1075 2055 1149 triumphalem,
2079 1077 2392 1133 habentem
2421 1077 2482 1133 in
2511 1078 2705 1134 medio
2736 1077 3247 1136 annuntiationem
3288 1085 3345 1135 et
3374 1078 3751 1137 nativitatem

471 1172 701 1227 Domini
736 1172 919 1229 nostri
948 1174 1088 1229 Jesu
1118 1174 1352 1230 Christi.
1391 1174 1533 1229 Item
1563 1173 1754 1230 velum
1788 1173 2086 1230 oloverum
2122 1192 2308 1230 unum
2349 1175 2610 1247 pendens
2647 1175 2709 1231 in
2748 1173 3078 1249 regularem
3127 1176 3238 1232 sub
3279 1175 3599 1250 imaginem
3648 1194 3750 1233 ar-

471 1273 759 1342 genteam,
792 1270 1017 1327 habens
1044 1271 1350 1327 historiam
1378 1270 1765 1344 imperatoris.
1802 1271 1886 1327 Ibi
1918 1272 2044 1344 ipse
2073 1270 2203 1327 fecit
2232 1276 2288 1328 et
2317 1272 2433 1328 alia
2463 1274 2577 1329 duo
2610 1273 2841 1329 modica
2868 1272 2956 1330 vel
3006 1273 3271 1343 fundata,
3302 1290 3430 1347 qua
3481 1275 3749 1348 pendent

397 1367 433 1421 5
470 1365 530 1422 in
562 1367 807 1423 circuitu
842 1367 1064 1435 altaris,
1096 1368 1429 1441 habentque
1460 1369 1583 1424 lora
1610 1368 1818 1441 viginti
1852 1368 2130 1441 quinque.
2155 1368 2295 1425 Vela
2342 1386 2470 1442 quae
2518 1371 2777 1444 pendent
2822 1370 2881 1426 in
2931 1371 3291 1445 presbyterio
3341 1388 3585 1428 numero
3613 1373 3690 1428 24
3722 1390 3741 1428 :

467 1464 596 1520 vela
624 1465 868 1521 fundata
898 1482 1025 1538 qua:
1056 1466 1312 1538 pendent
1340 1466 1412 1522 ad
1445 1482 1615 1523 arcus
1646 1468 1898 1538 majores
1927 1482 2172 1522 numero
2203 1466 2612 1540 quadraginta.
2650 1467 2711 1525 In
2744 1466 3029 1525 ciborium
3079 1466 3269 1542 ipsius
3311 1469 3568 1526 ecclesiae
3597 1470 3749 1526 fecit

467 1561 593 1618 vela
621 1567 889 1635 quatuor.
926 1563 1056 1618 Pari
1089 1564 1260 1619 modo
1293 1568 1349 1618 et
1379 1564 1437 1618 in
1477 1563 1723 1619 ecclesia
1775 1562 1928 1619 beati
1979 1562 2194 1619 Christi
2245 1564 2520 1638 martyris
2572 1564 2800 1639 Georgii
2849 1565 2985 1622 fecit
3033 1565 3160 1622 vela
3202 1567 3274 1623 de
3319 1566 3561 1623 fundato
3609 1582 3738 1635 sex,

468 1659 745 1716 habentia
774 1661 832 1715 in
864 1660 1111 1715 circuitu
1144 1660 1509 1732 gammadias
1535 1661 1605 1716 de
1635 1659 1924 1731 octapulo.
1959 1662 2090 1732 Ipse
2116 1677 2251 1717 vero
2281 1678 2315 1717 a
2344 1661 2460 1717 Deo
2493 1666 2789 1734 protectus
2839 1666 2896 1719 et
2942 1662 3257 1736 praeclarus
3302 1663 3564 1738 pontifex
3599 1663 3747 1720 fecit

466 1756 526 1811 in
558 1756 913 1813 monasterio
943 1757 1129 1813 sancti
1160 1758 1323 1813 Saba:
1351 1762 1569 1813 vestem
1600 1758 1671 1814 de
1698 1757 1925 1813 olovero
1956 1774 2091 1813 cum
2121 1757 2733 1827 leonibus,habentem
2764 1758 3076 1832 periclysin
3107 1761 3179 1816 de
3208 1759 3741 1833 octapulo.Verum

362 1854 430 1908 10
466 1854 641 1911 etiam
674 1859 728 1910 et
757 1854 817 1910 in
846 1855 1200 1911 monasterio
1230 1855 1416 1911 sancti
1446 1854 1739 1910 Anastasii
1771 1854 2043 1927 martyris
2073 1857 2276 1912 eodem
2302 1857 2474 1912 modo
2506 1857 2641 1913 fecit
2668 1860 2887 1913 vestem
2909 1856 2979 1914 de
3010 1857 3431 1926 stauraci,cum
3462 1857 3742 1932 periclysi

465 1952 536 2007 de
567 1952 950 2025 quadrapulo.
986 1952 1289 2025 Simulque
1320 1957 1377 2009 et
1399 1952 1459 2007 in
1490 1953 1844 2008 monasterio
1875 1952 2057 2008 ssncti
2086 1953 2349 2019 Andrem,
2382 1954 2537 2026 quod
2570 1953 2899 2028 appellatur
2926 1954 3147 2012 inclivo
3179 1955 3406 2023 Scauri,
3436 1955 3575 2015 fecit
3603 1972 3742 2012 ves-

463 2054 579 2105 tem
609 2050 680 2105 de
711 2051 987 2117 stauraci,
1019 2067 1153 2106 cum
1186 2048 1455 2122 periclysi
1489 2050 1559 2106 de
1590 2050 1858 2122 octapulo
1891 2067 2090 2105 unam.
2126 2050 2237 2106 Sed
2269 2055 2325 2106 et
2372 2050 2433 2106 in
2482 2050 2838 2108 monasterio
2887 2055 3102 2109 sanctae
3150 2052 3385 2127 Agathaa
3428 2052 3739 2126 martyris,

464 2163 590 2218 qua:
623 2147 861 2219 ponitur
889 2164 1066 2220 super
1092 2148 1438 2215 Saburram,
1472 2148 1607 2203 fecit
1639 2152 1858 2203 vestem
1892 2148 1961 2203 de
1991 2146 2240 2213 olovero,
2273 2165 2408 2204 cum
2442 2147 2712 2222 periclysi
2741 2149 2814 2204 de
2843 2148 3113 2223 octapulo
3162 2168 3364 2207 unam.
3392 2151 3635 2231 Necnon.
3674 2154 3740 2206 et

463 2248 521 2299 et
548 2244 607 2299 in
642 2244 995 2301 monasterio
1026 2244 1210 2300 sancti
1243 2244 1467 2300 Erasmi
1499 2244 1633 2299 fecit
1658 2248 1875 2300 vestem
1908 2245 1977 2299 de
2008 2244 2284 2313 stauraci,
2318 2262 2452 2301 cum
2484 2245 2754 2319 periclysi
2787 2247 2859 2303 de
2887 2246 3156 2321 octapulo
3185 2264 3390 2305 unam.
3419 2247 3733 2304 Enimvero

358 2340 433 2403 15
469 2349 526 2399 et
555 2345 614 2399 in
646 2342 915 2397 diaconia
943 2345 1159 2397 sanctae
1193 2341 1402 2407 Luciaa,
1435 2357 1562 2413 quae
1594 2341 1832 2414 ponitur
1858 2340 1918 2396 in
1950 2346 2174 2414 septem
2202 2341 2362 2411 Vias,
2394 2342 2531 2399 feeit
2558 2348 2777 2400 vestem
2808 2345 2879 2401 de
2910 2343 3158 2415 olovero,
3191 2362 3327 2402 cum
3360 2343 3630 2419 periclysi
3657 2345 3732 2400 de

464 2439 735 2513 octapulo
765 2454 964 2494 unam.
1000 2438 1157 2493 Fecit
1202 2441 1395 2493 autem
1427 2437 1483 2492 in
1518 2438 1768 2494 oratorio
1802 2442 2013 2495 sancta:
2047 2440 2256 2508 Luciae,
2291 2456 2418 2512 qua:
2451 2441 2688 2513 ponitur
2716 2442 2774 2496 in
2805 2442 3159 2499 monasterio
3185 2443 3256 2498 de
3288 2442 3573 2514 Serenati,
3603 2458 3735 2498 ves-

460 2544 580 2595 tem
611 2539 682 2593 de
711 2535 938 2592 olovero
966 2551 1102 2590 cum
1122 2534 1408 2603 leonibus,
1444 2533 1755 2591 habentem
1787 2535 2099 2609 periclysin
2130 2536 2201 2593 de
2232 2537 2522 2609 octapulo.
2547 2536 2736 2593 Simili
2769 2539 2941 2596 modo
2972 2543 3030 2596 et
3057 2538 3117 2595 in
3149 2538 3503 2597 monasierio
3534 2538 3727 2594 sancti

461 2633 722 2693 Silvestri
767 2631 901 2688 fecit
954 2636 1175 2687 vestem
1225 2632 1298 2687 de
1345 2631 1593 2701 olovero,
1627 2649 1761 2688 cum
1805 2631 2074 2706 periclysi
2125 2634 2197 2690 de
2228 2633 2516 2706 octapulo.
2549 2635 2737 2691 Simili
2769 2636 2942 2693 modo
2972 2641 3030 2692 et
3058 2636 3119 2694 in
3149 2636 3505 2694 monasterio
3536 2633 3730 2692 sancti

375 2752 408 2764 -
460 2730 723 2790 Silvestri
753 2729 889 2785 fecit
916 2733 1135 2785 vestem
1168 2728 1238 2784 de
1258 2728 1506 2798 olovero,
1540 2745 1675 2785 cum
1697 2728 2000 2803 periclysis
2030 2730 2102 2787 de
2131 2730 2401 2804 octapulo
2433 2748 2633 2788 unam.
2656 2730 2743 2789 Ibi
2772 2732 2899 2807 ipse
2927 2732 3064 2791 fecit
3087 2738 3310 2791 vestem
3359 2735 3433 2790 de
3482 2733 3731 2790 fundato

350 2833 422 2888 20
459 2846 596 2887 cum
627 2827 888 2902 gryphis,
921 2826 1233 2883 habentem
1266 2824 1578 2900 periclysin
1606 2827 1677 2882 de
1710 2825 1981 2883 blatthin.

529 2928 683 2984 413
715 2924 844 2981 Pari
876 2925 1050 2980 modo
1081 2929 1138 2979 et
1166 2924 1225 2979 in
1258 2924 1612 2981 monasterio
1645 2928 1859 2980 sanctae
1892 2925 2164 2983 Praxedis
2186 2926 2321 2982 fecit
2342 2931 2561 2983 vestem
2583 2928 2653 2983 de
2675 2927 2902 2985 olovero
2926 2945 3062 2986 cum
3086 2927 3358 3004 periclysi
3377 2930 3451 2987 de
3471 2927 3733 2986 stauraci

460 3041 660 3082 unam.
697 3024 825 3096 Ipse
852 3039 987 3079 vero
1019 3037 1053 3078 a
1082 3022 1197 3078 Deo
1220 3026 1515 3094 protectus
1547 3026 1604 3077 et
1629 3021 1945 3094 praeclarus
1976 3022 2235 3097 pontifex
2266 3023 2400 3080 fecit
2427 3023 2487 3080 in
2519 3024 2761 3081 basilica
2805 3026 3060 3083 doctoris
3108 3027 3316 3083 mundi
3360 3026 3519 3083 beati
3568 3024 3734 3082 Pauli

459 3121 708 3195 apostoli
743 3120 871 3177 vela
903 3121 972 3177 de
1004 3117 1374 3192 chrysoclavo
1397 3135 1501 3191 per
1528 3136 1700 3176 arcus
1729 3120 2377 3194 presbyterii,habentia
2401 3122 2711 3179 historiam
2732 3122 2920 3197 ipsius
2941 3123 3096 3180 beati
3125 3123 3289 3182 Pauli
3317 3122 3654 3198 apostoli,et
3673 3123 3735 3179 in

457 3220 707 3278 circuitu
737 3219 938 3275 listam
970 3234 1105 3273 cum
1137 3232 1559 3287 auro,numero
1590 3216 1794 3290 viginti
1822 3222 1881 3273 et
1906 3218 2269 3291 septem.Hic
2295 3236 2329 3274 a
2358 3219 2474 3276 Deo
2504 3218 2723 3276 electus
2754 3225 2812 3277 et
2829 3221 3144 3294 praeclarus
3165 3222 3410 3279 antistes
3432 3219 3651 3279 obtulit
3672 3219 3734 3275 in

383 3322 421 3375 5
456 3317 702 3375 ecclesia
720 3318 903 3373 beata:
926 3315 1027 3372 Dei
1049 3312 1358 3370 Genitricis
1389 3329 1737 3387 semperque
1755 3314 2015 3388 Virginis
2045 3316 2237 3372 Mariae
2262 3316 2511 3373 domina
2530 3321 2949 3391 nostrae,quam
2973 3336 3253 3376 vocamus
3270 3314 3475 3374 Calixti
3502 3322 3563 3375 et
3592 3317 3735 3375 Cor-

455 3415 868 3484 nelii,coronas
895 3416 1199 3486 argenteas
1222 3411 1499 3484 duas,per
1514 3429 1994 3485 unamquamque
2009 3413 2318 3486 delphinos
2334 3415 3164 3488 duodecim,pensan.insimul
3187 3416 3369 3473 libras
3390 3415 3732 3473 duodecim.

456 3511 766 3583 Simulque
794 3514 851 3567 et
880 3510 939 3565 in
970 3509 1238 3565 diaconia
1267 3508 1420 3565 beati
1450 3509 1665 3565 Christi
1697 3511 1969 3584 martyris
1998 3511 2227 3585 Georgii
2260 3513 2395 3569 fecit
2416 3530 2690 3571 coronam
2714 3515 2784 3572 de
2805 3520 3045 3589 argento
3063 3531 3406 3584 unam,cum
3430 3513 3733 3586 delphinis

457 3609 786 3676 duodecim,
821 3624 1063 3680 pensan.
1096 3605 1277 3664 libras
1307 3624 1426 3663 sex.
1460 3607 1587 3680 Ipse
1615 3625 1747 3664 vero
1780 3626 1814 3665 a
1845 3614 1953 3665 Deo
1980 3613 2278 3682 protectus
2308 3615 2365 3666 et
2392 3610 2705 3683 praeclarus
2734 3613 2993 3685 pontifex
3023 3611 3157 3669 fecit
3186 3612 3245 3668 in
3276 3611 3523 3669 basilica
3544 3611 3732 3668 beata:

457 3707 557 3762 Dei
590 3704 899 3762 Genitricis
928 3721 1273 3777 semperque
1294 3704 1551 3778 Virginis
1583 3705 1776 3761 Mariae
1807 3706 2056 3763 dominae
2082 3713 2315 3776 nostra,
2349 3725 2527 3780 quam
2558 3709 2811 3766 dicimus
2840 3708 3047 3766 Calixti
3077 3715 3135 3767 et
3162 3709 3437 3779 Cornelii,
3467 3710 3736 3766 canistra

348 3806 419 3863 40
456 3807 730 3876 argentea
760 3801 1271 3876 quatuor,legente
1300 3807 1503 3859 sancta
1533 3802 1631 3858 Dei
1650 3802 2235 3878 Genitrice,Gregorii
2266 3806 2456 3878 qnarti
2486 3805 3123 3880 papae,pensan.libras
3143 3807 3349 3880 viginti
3371 3811 3427 3863 et
3449 3811 3730 3880 quatuor.

276 3896 289 3901 ’
452 3903 525 3958 Et
553 3901 613 3956 in
645 3899 813 3957 altari
845 3917 1075 3973 quoque
1103 3901 1367 3972 ejusdem
1394 3899 1625 3956 tabulas
1643 3901 1714 3957 de
1742 3905 2003 3973 argento,
2033 3918 2275 3974 pensan.
2297 3901 2479 3960 libras
2499 3907 2736 3960 centum
2766 3909 2824 3961 et
2854 3905 3153 3961 tredecim.
3184 3904 3343 3961 Fecit
3371 3904 3530 3960 idem
3550 3921 3732 3962 vene-

453 3998 657 4055 rabilis
687 4015 837 4072 papa
868 3999 927 4053 in
957 3999 1160 4054 eodem
1190 4002 1392 4054 sancto
1422 3997 1547 4054 loco
1580 3998 1733 4054 infra
1763 3999 2052 4054 ambitum
2075 3999 2261 4072 ipsius
2301 4000 2556 4058 ecclesiae
2592 4019 2899 4075 operosam
2928 4003 3316 4075 decoramque
3344 4003 3734 4060 resurrectio-

452 4113 610 4153 nem.
636 4095 780 4153 Nam
812 4096 975 4169 prius
1008 4095 1187 4152 altare
1218 4095 1278 4150 in
1311 4095 1525 4151 humili
1557 4094 1683 4152 loco
1715 4096 1896 4152 situm
1928 4096 2116 4153 fuerat
2143 4114 2291 4170 pene
2320 4096 2380 4154 in
2413 4098 2609 4155 media
2637 4097 3110 4169 testudine,circa
3130 4100 3286 4173 quod
3319 4099 3487 4172 plebs
3504 4100 3736 4157 utrius-

460 4211 573 4268 que
604 4210 778 4250 sexus
809 4193 1179 4265 conveniens,
1212 4193 1468 4266 pontifex
1498 4209 1631 4249 cum
1662 4193 1813 4250 clero
1845 4194 1997 4267 plebi
2026 4196 2266 4253 confuse
2296 4195 2558 4253 immisto
2589 4214 2756 4253 sacra
2782 4197 3061 4271 mysteria
3086 4196 3436 4254 celebrabat.

521 4294 678 4348 474
707 4292 817 4347 Sed
849 4296 905 4347 et
935 4295 1139 4347 sancta
1169 4307 1411 4363 corpora
1440 4292 1748 4348 beatorum
1778 4292 1982 4348 Calixti
2012 4297 2070 4350 et
2098 4293 2345 4350 Cornelii
2398 4297 2457 4351 et
2500 4293 2793 4367 Calepodii
2838 4294 2899 4350 in
2944 4295 3217 4352 mediana
3263 4292 3439 4370 plaga
3467 4294 3737 4354 ecclesia

450 4388 742 4445 tumulata
772 4393 904 4462 post
931 4395 1161 4461 tergum
1195 4386 1393 4460 populi
1405 4389 1663 4460 jacentia
1683 4406 1801 4448 non
1825 4390 2111 4465 condigne
2132 4390 2691 4449 honoriﬁcabantur.
2707 4392 2869 4460 Quod
2892 4391 3373 4466 religiosissimus
3392 4392 3555 4451 idem
3576 4411 3739 4469 papa

450 4504 567 4543 non
598 4485 722 4542 leve
749 4484 907 4554 tulit,
935 4486 1037 4542 sed
1070 4485 1269 4542 solerti
1307 4484 1596 4559 solitoque
1626 4487 1818 4543 studio
1850 4504 1985 4544 cum
2018 4487 2225 4544 intima
2251 4488 2542 4545 industria
2582 4506 2820 4563 operam
2871 4489 3179 4560 adhibens,
3211 4490 3533 4548 mirificum
3578 4509 3739 4566 opus

447 4584 734 4641 inchoans
766 4584 985 4658 optime
1016 4583 1464 4640 consummavit.
1481 4584 1626 4640 Nam
1648 4586 1856 4642 effosso
1888 4585 2252 4643 clandestino
2282 4591 2450 4644 antro
2482 4603 2718 4643 summa
2747 4604 2882 4644 cum
2912 4587 3501 4661 reverentia,praafata
3521 4596 3740 4649 sancta

377 4683 415 4739 5
450 4700 693 4756 corpora
714 4681 943 4739 elevans
973 4681 1033 4737 in
1063 4680 1407 4738 occidentali
1436 4680 1609 4756 plaga
1636 4683 1900 4755 ejusdem
1925 4684 2317 4753 ecclesiae,boc
2348 4687 2439 4741 est
2463 4685 2522 4740 in
2551 4683 2776 4741 ambitu
2808 4683 3369 4755 absidaz,honoriflce
3384 4684 3741 4744 collocando

450 4779 724 4849 occuluit,
749 4780 905 4837 circa
933 4797 1178 4853 quaeque
1210 4779 1478 4836 maxima:
1508 4780 1681 4837 molis
1711 4797 2033 4855 aggravans
2049 4785 2659 4856 aggerem,comptum
2691 4781 2980 4839 ministris
3008 4779 3305 4855 lapidibus
3333 4782 3601 4842 tribunal
3623 4785 3743 4842 eri-

448 4895 592 4953 gens
621 4878 1234 4951 decoravit,supraque
1264 4877 1690 4935 confessionem
1720 4878 2128 4952 respicientem
2159 4880 2232 4937 ad
2261 4885 2455 4937 ortum
2479 4880 2620 4938 solis
2642 4879 2772 4937 miri
2792 4879 2987 4937 odoris
3009 4878 3315 4938 caelaturas
3336 4885 3550 4938 ornata
3568 4898 3735 4941 com-

448 4978 660 5052 pagine
689 4978 1168 5051 coaptavit.-Infra
1198 4982 1646 5052 consurgentem
1677 4978 1970 5051 siquidem
2000 4979 2169 5036 basin
2201 4978 2565 5050 altaris,miri
2588 4979 2851 5049 metri,et
2866 4983 3109 5037 ornatus
3131 4979 3368 5037 modulo
3388 4996 3462 5037 ex
3483 4988 3737 5055 argento

447 5076 758 5149 perspicue
784 5075 846 5133 in
877 5074 1159 5132 honorem
1191 5079 1404 5132 sanctae
1435 5075 1538 5132 Dei
1570 5076 1881 5134 Genitricis
1910 5094 2258 5151 semperque
2275 5076 2534 5152 Virginis
2565 5076 2781 5146 Mariae,
2801 5075 2955 5135 elata
2974 5076 3199 5135 scilicet
3215 5077 3421 5152 priori,
3438 5079 3629 5136 erexit
3648 5079 3739 5135 in-

343 5171 413 5229 lO
448 5176 538 5229 ter
565 5176 986 5248 consurgentes
1013 5172 1244 5247 pulchri
1275 5173 1468 5247 operis
1499 5175 1716 5249 gradus
1744 5178 1878 5231 ante
1917 5191 2097 5247 quam
2146 5174 2579 5249 presbyterium
2632 5174 2897 5249 amplum
2940 5174 3166 5249 operosi
3217 5174 3412 5249 operis
3454 5176 3737 5235 funditus

449 5270 795 5327 construxit.
829 5270 931 5328 Cui
962 5287 1030 5327 ex
1061 5270 1501 5343 septentrionali
1530 5272 1705 5346 plaga
1732 5272 2031 5346 lapidibus
2053 5272 2208 5331 circa
2236 5276 2468 5347 septum
2499 5277 2872 5331 matroneum
2892 5272 3187 5348 apposuit.
3220 5273 3334 5331 Sed
3363 5275 3425 5331 et
3453 5274 3732 5333 decorem

446 5366 617 5424 altari
650 5368 964 5435 addens,et
991 5369 1239 5426 Matrem
1275 5369 1503 5426 Domini
1530 5370 1756 5427 meritis
1785 5370 2079 5429 honorans
2107 5369 2625 5442 muneribus,fecit
2643 5369 2863 5428 ibidem
2883 5375 3104 5429 vestem
3127 5367 3569 5446 chrysoclavam
3590 5388 3731 5430 cum

444 5464 633 5522 blatta
662 5465 962 5539 byzantea,
993 5467 1305 5524 habentem
1334 5467 1642 5524 historiam
1672 5467 1996 5526 nativitatis
2024 5472 2084 5527 et
2113 5467 2557 5527 resurrectionis
2586 5466 2819 5527 Domini
2853 5468 3038 5527 nostri
3067 5469 3210 5528 Jesu
3239 5467 3459 5527 Christi
3492 5484 3509 5527 :
3543 5473 3605 5528 et
3637 5470 3730 5526 in-

446 5580 627 5636 super
654 5564 974 5638 imaginem
1005 5565 1185 5621 beatae
1215 5565 1316 5622 Dei
1345 5563 1653 5623 Genitricis
1681 5565 1871 5624 Mariae
1902 5566 2255 5624 refoventem
2284 5566 2604 5641 imaginem
2634 5566 2914 5625 oblatoris
2945 5565 3059 5625 sui.
3075 5569 3207 5643 Ipse
3233 5581 3369 5624 vero
3397 5583 3435 5624 a
3462 5566 3585 5626 Deo
3600 5584 3731 5642 pro-

344 5658 411 5716 15
447 5664 638 5719 tectus
667 5667 727 5720 et
745 5660 1058 5735 praeclarus
1078 5662 1337 5734 pontifex
1364 5664 1501 5720 fecit
1530 5681 1694 5722 amas
1718 5669 2024 5739 argenteas
2056 5682 2176 5736 sex,
2210 5682 2337 5739 qua;
2366 5666 2704 5738 prmcedunt
2729 5682 2834 5738 per
2879 5681 3085 5724 omnes
3124 5665 3433 5736 stationes,
3473 5681 3726 5739 pensan.

446 5758 631 5817 libras
660 5758 976 5817 tresdecim
1008 5776 1023 5817 ε
1056 5759 1307 5833 scyphos
1336 5761 1506 5832 duos,
1538 5779 1783 5835 pensan.
1816 5762 2036 5838 singuli
2066 5761 2248 5822 libras
2281 5762 2789 5837 10,gemmiliones
2819 5767 2969 5831 octo,
2992 5762 3523 5838 pensan.singulos
3543 5761 3728 5824 libras

448 5857 617 5914 duas.
1567 5862 1575 5871 ’

517 5950 672 6011 »ιη
704 5949 837 6011 Haec
868 5950 1120 6030 denique
1148 5956 1462 6029 postquam
1490 5953 1712 6028 omnia.
1733 5957 1850 6020 Deo
1882 5958 2128 6030 favente,
2160 5976 2195 6019 a
2223 5959 2534 6037 saepedicto
2563 5961 2839 6039 pontiﬁce
2883 5961 3156 6024 decenter
3197 5956 3431 6044 expleta
3455 5960 3626 6037 sunt,
3656 5972 3727 6022 ea
