3928 6210
392 142 546 202 1295
1552 137 1655 194 AN
1661 136 1707 194 A
1717 133 1943 194 STASI‘

2273 129 2639 192 THEGARII
3651 131 3824 194 1296

530 273 765 338 eretur;
801 271 972 340 cujus
1002 274 1132 341 post
1159 285 1382 336 casum,
1419 266 1687 323 Ecclesia:
1721 265 1945 337 apicem
1980 263 2239 336 suscepit
2268 263 2601 336 Gregorius.
2625 265 2670 318 A
2701 279 2816 336 quo
2847 279 2982 319 cum
3015 262 3362 337 diligentius
3393 263 3714 337 praedictus
3731 266 3795 321 vi

533 371 847 436 amaretur,
880 367 1446 439 archipresbyterqu
1479 382 1613 420 cum
1646 363 1702 418 in
1733 368 1936 419 sancta
1965 361 2258 417 ordinavit
2286 361 2560 417 Ecclesia.

606 468 752 523 48l
792 465 898 532 Qui
930 483 1062 520 vero
1086 482 1218 520 cum
1243 481 1344 535 per
1363 463 1650 518 sexdecim
1676 460 2057 516 solertissime
2081 460 2464 531 gubernasset
2485 458 2803 515 Ecclesiam
2827 476 3012 517 annos
3035 460 3108 515 ad
3130 463 3391 517 extrema
3410 459 3626 520 ductus
3647 477 3834 519 occu'

530 566 680 621 buit.
705 565 868 620 Tunc
889 581 1022 619 vero
1042 579 1175 618 cum
1201 578 1468 634 proceres
1490 565 1546 616 et
1568 561 1841 615 Romana:
1870 558 2030 613 urbis
2055 557 2386 630 optimates,
2402 557 2828 630 universusque
2848 557 3118 614 Ecclesiae
3142 557 3392 632 populus
3416 575 3520 632 pro
3541 559 3829 634 eligendo

533 661 806 734 pontifice
829 661 887 716 in
910 677 1095 716 unum
1127 659 1590 730 coissent,atque
1614 657 1764 712 alius
1797 658 1866 711 de
1899 655 2012 712 alio
2046 660 2109 710 ut
2140 654 2265 710 ﬁeri
2296 654 2442 711 solet
2461 655 2520 710 in
2543 654 2758 711 talibus
2789 655 3410 723 conclamaret,subito
3432 673 3536 730 per
3555 657 3660 714 Dei
3681 674 3830 730 pro-

537 759 856 816 videntiam
889 759 1082 814 divino
1114 762 1260 813 nutu
1291 755 1646 828 compuncti,
1681 756 1752 810 de
1783 753 2024 810 antefati
2057 752 2242 825 Sergii
2274 751 2760 827 archipresbyteri
2787 753 3066 827 religione
3095 753 3438 828 diligentius
3467 755 3832 812 confabulas

463 861 500 914 5
537 861 935 929 ceeperunt,ut
965 872 1167 910 omnes
1199 853 1805 924 conclamarent,quia
1836 852 2051 923 dignus
2083 854 2173 906 est
2201 849 2574 923 pontificatus
2605 850 2849 924 adipisci
2881 851 3163 923 regimen.
3183 852 3556 926 Firmatoque
3577 853 3836 910 ineum-

537 956 668 1010 dem
699 954 888 1010 virum
920 952 1162 1009 consilio
1197 951 1606 1024 unusquisque
1641 950 1696 1005 in
1729 967 1837 1006 sua
1865 966 2130 1004 reversus
2161 952 2268 1005 est.
2288 950 2450 1005 Tunc
2483 953 2720 1022 repente
2749 948 3033 1008 diaconus
3062 950 3303 1023 quidam
3332 951 3522 1024 ipsius
3542 951 3832 1018 Ecclesia

532 1054 787 1108 Joannes
816 1052 874 1108 in
897 1056 1127 1108 tantum
1149 1052 1415 1107 amentiae
1437 1049 1630 1122 erupit
1650 1054 1824 1122 atque
1848 1047 2111 1116 insaniae,
2139 1051 2203 1102 ut
2224 1064 2504 1118 persuaso
2537 1048 2792 1120 quodam
2815 1047 2956 1104 satis
2983 1047 3256 1122 imperito
3276 1054 3333 1105 et
3354 1050 3569 1123 agresti
3594 1049 3832 1124 populo

535 1151 776 1208 collecta
804 1149 1276 1207 turbulentorum
1308 1153 1364 1205 et
1395 1147 1803 1206 seditiosorum
1839 1164 2016 1202 manu
2049 1145 2105 1200 in
2140 1144 2564 1220 patriarchium
2613 1147 3002 1204 Laterancnse
3051 1164 3154 1221 per
3181 1149 3326 1218 vim,
3357 1149 3562 1205 fractis
3580 1149 3831 1234 januis,

536 1248 762 1305 bellicis
791 1248 923 1304 telis
953 1247 1376 1320 ingrederetur,
1409 1247 1555 1319 legis
1585 1251 1642 1302 et
1673 1245 1895 1302 ordinis
1927 1242 2297 1300 traditionem
2331 1246 2771 1318 transgressus:
2805 1261 2921 1317 quo
2968 1261 3042 1302 ex
3085 1246 3236 1306 facto
3283 1263 3489 1304 omnes
3519 1245 3626 1319 qui
3659 1246 3839 1305 intra

430 1347 500 1404 40
539 1346 875 1420 patriarchii
904 1345 1120 1402 moenia
1137 1347 1382 1402 aderant
1411 1349 1648 1417 stupore
1671 1348 1726 1400 et
1748 1348 1905 1399 metu
1930 1341 2130 1414 repleti
2151 1346 2309 1398 sunt.
2337 1341 2520 1414 Igitur
2539 1359 2673 1398 cum
2695 1359 2800 1416 per
2819 1342 2996 1400 unius
3021 1343 3171 1400 hora)
3195 1349 3558 1402 momentum
3582 1361 3730 1404 cum
3760 1362 3835 1402 eo

539 1445 640 1501 illa
670 1446 1064 1518 perdurasset,
1098 1443 1375 1517 ignobilis
1408 1443 1606 1516 p0puli
1638 1443 1838 1498 concio
1870 1441 2076 1496 timore
2107 1445 2394 1513 correpta,
2425 1458 2492 1496 eo
2521 1440 2719 1497 relicto
2751 1459 3046 1515 nusquam
3088 1443 3438 1516 comparuit.
3467 1443 3712 1524 Quibus
3741 1442 3835 1500 ita

541 1542 721 1616 gestis
745 1559 950 1598 omnes
971 1541 1262 1609 Quiritum
1285 1541 1576 1613 principes
1601 1539 1887 1612 indignati
1912 1543 2072 1607 sunt,
2095 1543 2151 1594 et
2170 1539 2468 1595 communi
2500 1538 2744 1595 consilio
2775 1538 3032 1597 universi
3053 1540 3271 1612 pariter
3293 1541 3354 1596 in
3375 1539 3626 1598 basilica
3657 1541 3831 1598 beati

540 1640 773 1696 Martini
797 1640 1146 1696 confessoris
1173 1645 1346 1712 atque
1371 1637 1660 1711 pontificis
1683 1637 1854 1692 celeri
1876 1654 2050 1693 cursu
2079 1653 2407 1710 magnoque
2430 1637 2693 1710 equitatu
2717 1642 2857 1694 sunt
2878 1637 3233 1713 congregati.
3249 1639 3608 1720 Eteumdem
3632 1638 3831 1696 archi-

541 1739 945 1812 presbyterum
969 1737 1234 1810 Sergium
1253 1737 1308 1792 in
1323 1736 1596 1792 omnibus
1619 1734 2099 1808 probatissimum
2123 1734 2437 1791 virtutibus
2459 1735 2748 1802 virum,de
2759 1753 2874 1808 quo
2888 1736 3160 1808 superius
3173 1737 3516 1794 memoriam
3540 1737 3828 1808 fecimus,

432 1835 504 1892 45
539 1835 906 1892 extrahentes
938 1836 1008 1892 de
1038 1835 1284 1892 ecclesia
1313 1851 1526 1907 magno
1558 1851 1692 1889 cum
1724 1834 1962 1898 honore,
1987 1849 2316 1906 magnaque
2346 1833 2546 1906 populi
2576 1833 2890 1890 comitante
2922 1838 3168 1902 caterva,
3183 1833 3514 1908 amplisque
3540 1851 3830 1892 resonano

541 1934 700 1989 tibus
731 1933 1027 2000 laudibus,
1053 1951 1186 1990 cum
1219 1931 1451 2006 hymnis
1472 1937 1530 1988 et
1550 1932 1796 1988 canticis
1818 1931 2182 2005 spiritalibus
2212 1933 2270 1987 in
2296 1932 2716 2005 patriarchium
2739 1933 3126 1990 Lateranense
3142 1932 3384 2008 electus,
3399 1937 3578 2006 atque
3599 1934 3832 2006 perdu-

542 2034 671 2086 ctus
703 2035 810 2086 est.
845 2031 1060 2087 Eodem
1090 2048 1224 2086 vero
1255 2029 1348 2086 die
1377 2034 1543 2086 tanta
1575 2029 1672 2085 nix
1701 2029 1762 2084 in
1795 2030 1937 2085 urbe
1967 2030 2152 2086 etl‘usa
2182 2034 2291 2098 est,
2325 2032 2390 2086 ut
2419 2029 2694 2086 omnibus
2725 2029 3038 2086 candidate
3065 2035 3419 2088 cerneretur.
3445 2031 3610 2098 Quod
3644 2030 3830 2088 multi

545 2128 746 2201 gaudii
775 2129 1066 2197 dicebant,
1101 2133 1159 2185 et
1187 2127 1474 2184 claritatis
1505 2145 1632 2184 esse
1664 2127 1968 2183 indicium.

611 2227 766 2283 482
798 2227 1143 2282 Praedictum
1190 2243 1324 2282 vero
1371 2226 1656 2282 Joannem
1707 2225 2011 2282 diaconem
2045 2227 2114 2281 de
2144 2225 2496 2298 patriarchio
2528 2242 2744 2298 magna
2770 2242 2906 2282 cum
2937 2225 3301 2300 turpitudine
3330 2225 3512 2299 hujus
3539 2226 3827 2284 Romana

544 2324 707 2379 urbis
733 2323 1026 2396 principes
1055 2323 1424 2395 expulerunt,
1458 2327 1516 2378 et
1546 2322 1763 2378 arctius
1791 2323 1851 2378 in
1885 2323 2140 2381 claustra
2189 2325 2299 2379 sub
2348 2323 2576 2380 cautela
2623 2324 2782 2381 trudi
2827 2329 3230 2399 praeceperunt
3268 2341 3372 2398 pro
3401 2326 3608 2382 eadem
3640 2329 3827 2382 tanta

543 2420 888 2476 temeritatis
918 2421 1100 2492 impia
1119 2424 1176 2476 et
1197 2421 1325 2476 dira
1345 2420 1819 2494 praesumptione,
1844 2438 2021 2493 quam
2045 2422 2356 2493 swpefatus
2375 2422 2630 2478 Joannes
2651 2421 2932 2479 diaconus
2953 2439 3136 2480 ausus
3161 2426 3249 2480 est
3267 2425 3823 2496 perpetrare.Quem

542 2517 716 2572 etiam
749 2517 993 2574 concilio
1024 2517 1357 2574 antistitum
1390 2518 1682 2591 principes
1713 2519 2252 2592 damnare,suoquc
2280 2519 2591 2576 voluerunt
2617 2519 2832 2592 privari
2861 2520 3096 2579 honore.
3115 2521 3350 2578 Necnon
3370 2525 3427 2578 et
3447 2520 3546 2578 alii
3565 2521 3821 2582 ensibus

467 2615 504 2668 5
539 2615 912 2670 membratim
945 2632 1078 2670 eum
1113 2614 1415 2683 dilaniare,
1452 2632 1519 2670 ac
1551 2615 1882 2672 interimere
1911 2616 2240 2673 voluerunt.
2279 2618 2389 2674 Sed
2421 2618 2529 2674 hoc
2561 2619 2683 2673 fieri
2715 2619 3007 2692 benignus
3036 2623 3095 2676 et
3123 2618 3547 2676 solertissimus
3569 2619 3818 2693 Sergius

541 2711 749 2784 pracsul
783 2713 1102 2784 prohibuit,
1136 2713 1338 2768 nolens
1370 2713 1589 2768 malum
1623 2731 1726 2786 pro
1761 2713 1913 2769 malo
1947 2716 2271 2771 secundum
2305 2715 2696 2788 evangelicum
2727 2717 3003 2790 cuiquam
3036 2717 3277 2774 reddere
3305 2733 3505 2774 vocem
3531 2717 3820 2789 (a).Tuno

538 2811 775 2866 demum
808 2811 1238 2867 exsultantibus
1260 2812 1535 2867 omnibus
1559 2812 1981 2882 sacerdotibus,
1998 2814 2338 2886 proceribus
2356 2818 2413 2870 et
2429 2815 2833 2887 optimatibus,
2848 2815 3242 2888 omnibusque
3261 2814 3531 2872 Ecclesiae
3552 2814 3814 2889 populis,

533 2909 688 2964 idem
720 2909 1132 2966 sanctissimus
1162 2909 1250 2964 vir
1278 2909 1336 2965 in
1369 2910 1687 2982 apostolica
1718 2910 1868 2966 beati
1903 2911 2052 2966 Petri
2086 2911 2487 2969 sacratissima
2517 2913 2654 2969 sede
2683 2913 2989 2970 ordinatus
3020 2917 3512 2986 consecratusque
3541 2915 3632 2969 est
3659 2929 3814 2986 pon—

537 3007 698 3063 tifex.

610 3105 764 3161 483
795 3105 932 3160 Erat
961 3106 1117 3161 enim
1149 3105 1370 3178 origine
1402 3105 1672 3178 insignis,
1697 3107 1811 3162 ﬁde
1833 3124 2038 3178 purus,
2065 3107 2474 3180 praedicatione
2503 3108 2757 3176 liberior,
2791 3109 2906 3166 Deo
2939 3108 3558 3180 humilis,hominibus
3590 3107 3816 3175 clarus,

537 3201 700 3258 vultu
732 3202 962 3272 alacris,
996 3208 1192 3259 mente
1224 3203 1488 3270 alacrior,
1522 3203 1912 3261 Ecclesiarum
1943 3206 2320 3277 gubernator,
2352 3205 2611 3278 plebium
2645 3206 2853 3274 cultor,
2889 3223 3214 3280 pauperum
3259 3207 3468 3275 fautor,
3497 3207 3818 3262 viduarum

538 3305 770 3372 tegmen
817 3306 873 3357 et
922 3307 1252 3357 consolator
1307 3301 1719 3375 indigentium,
1772 3301 2016 3374 largitor
2057 3303 2479 3376 dispersorum,
2530 3308 3015 3378 congregatarum
3065 3309 3482 3362 conservator:
3539 3304 3816 3360 inanium

537 3398 1022 3470 smculariumque
1055 3416 1248 3454 rerum
1281 3404 1666 3471 contemptor,
1700 3398 1840 3455 solis
1872 3399 1930 3454 in
1959 3401 2255 3474 sapientia:
2303 3401 2520 3458 divitiis
2573 3401 2777 3459 avidus
2807 3407 2863 3458 et
2892 3407 3138 3460 amator.
3171 3403 3360 3474 Hujus
3398 3401 3817 3459 sacratissimis

462 3497 499 3550 5
533 3495 990 3552 consecrationis
1021 3513 1154 3552 cum
1187 3497 1257 3552 ad
1291 3513 1460 3552 aures
1490 3496 1861 3552 invictissimi
1892 3499 2140 3572 Augusti
2174 3499 2432 3556 Lotharii
2465 3517 2668 3556 rumor
2697 3501 3056 3573 pervenisset
3076 3500 3817 3574 imperatoris,Drogonem

537 3591 804 3648 videlicet
835 3593 1110 3650 Metensis
1141 3594 1409 3650 Ecclesia:
1443 3594 1974 3668 archiepiscopum,
2004 3613 2139 3653 cum
2193 3596 2680 3655 excellentissimo
2736 3599 3027 3656 Ludovico
3085 3597 3206 3655 ﬁlio
3265 3616 3395 3666 suo,
3427 3615 3644 3672 magno
3673 3615 3813 3656 cum

543 3691 897 3747 Francorum
929 3691 1181 3748 exercitu
1215 3693 1459 3748 Romam
1491 3691 1700 3749 direxit
1733 3710 1745 3748 :
1779 3710 1913 3749 cum
1945 3693 2160 3766 quibus
2189 3695 2368 3751 etiam
2399 3695 2868 3770 archiepiscopos
2887 3695 3202 3770 pluresque
3223 3695 3815 3772 episcopos,abbates

539 3792 596 3844 et
617 3789 858 3845 comites
889 3789 1177 3862 proficisci
1210 3791 1502 3864 praecepit.
1528 3790 1646 3862 Ipsi
1668 3807 1819 3858 vero,
1845 3809 1878 3847 a
1899 3809 2014 3864 quo
2035 3792 2093 3847 in
2117 3810 2250 3849 oras
2273 3793 2542 3850 Bononiae
2565 3793 2814 3852 civitatis
2836 3811 2970 3852 cum
2995 3794 3290 3869 belligeris
3311 3794 3440 3852 suis
3458 3795 3817 3852 exercitibus

538 3891 678 3942 sunt
707 3885 978 3960 ingressi,
1011 3892 1205 3944 tantas
1237 3889 1420 3944 credes
1452 3892 1764 3960 tantasque
1795 3893 2021 3962 strages
2051 3889 2109 3944 in
2143 3889 2356 3963 populo
2387 3897 2735 3965 peregerunt
2763 3896 2829 3948 ut
2859 3892 2959 3966 qui
3002 3909 3106 3966 per
3149 3894 3324 3950 urbes
3356 3897 3413 3950 et
3441 3909 3616 3967 agros
3644 3899 3820 3950 erant

429 3985 497 4040 10
533 3985 836 4058 tyrannica
867 3985 1211 4042 crudelitate
1243 3985 1553 4058 perterriti,
1588 3985 1805 4042 relictis
1837 3985 2090 4060 propriis
2119 3986 2284 4056 locis,
2319 4005 2422 4061 per
2468 3987 2594 4045 loca
2642 3989 2843 4046 abdita
2887 3994 2946 4046 et
2983 3989 3238 4048 latebras
3267 4009 3330 4049 se
3359 3991 3815 4050 absconderant.

535 4083 680 4139 Cum
727 4101 860 4140 vero
909 4083 1031 4140 haee
1079 4101 1183 4156 per
1240 4100 1473 4140 omnem
1532 4083 1726 4139 locum
1784 4083 2164 4158 singulasque
2211 4103 2315 4159 per
2363 4087 2536 4143 urbes
2568 4091 2742 4160 atque
2771 4087 2929 4145 vicos
2957 4091 3015 4146 et
3045 4105 3217 4163 agros
3250 4107 3401 4146 saeva
3427 4094 3820 4162 operarentur

537 4182 816 4255 nequitia,
852 4183 924 4238 ad
954 4186 1190 4254 pontem
1223 4185 1609 4255 pervenerunt
1637 4181 1898 4254 Capellze.
1932 4184 2236 4256 Tantaque
2293 4189 2418 4240 erat
2462 4189 2603 4242 tunc
2651 4185 2777 4242 coeli
2818 4187 3103 4246 serenitas
3131 4191 3196 4244 ut
3223 4191 3342 4244 toto
3373 4187 3433 4244 in
3460 4204 3594 4246 aere
3621 4188 3816 4244 nubes

537 4285 639 4338 aut
667 4279 874 4352 pluvia:
905 4281 1139 4353 signum
1171 4280 1484 4352 quisquam
1513 4279 1709 4336 videre
1741 4298 1854 4336 non
1887 4281 2414 4354 potuissetzsubito
2443 4301 2574 4340 vero
2606 4288 2866 4340 atrarum
2885 4301 3000 4340 non
3019 4283 3250 4341 modica
3266 4285 3530 4342 densitas
3559 4285 3815 4342 nubium

537 4379 688 4434 facta
719 4383 826 4448 est,
862 4378 1266 4451 nimbosisque
1297 4379 1565 4452 procellis
1596 4384 1650 4436 et
1681 4380 2186 4437 coruscationibus
2217 4381 2582 4452 circumdati,
2609 4381 2848 4454 quidam
2880 4383 2951 4439 de
2980 4382 3336 4456 primatibus
3365 4383 3661 4457 Drogonis
3687 4401 3819 4442 con-

428 4477 499 4534 45
535 4475 740 4533 siliarii
770 4477 1035 4532 fulminis
1065 4476 1184 4532 ictu
1217 4478 1479 4550 percussi
1511 4495 1577 4533 ac
1607 4477 1940 4552 interempti
1973 4483 2131 4538 sunt.

607 4577 763 4632 484
795 4575 911 4631 Hoc
941 4574 1204 4632 videntes
1234 4575 1510 4632 horribile
1543 4575 1778 4650 signum
1831 4577 2010 4632 nimio
2060 4595 2264 4633 omnes
2306 4578 2515 4634 timore
2567 4577 2770 4634 Franci
2825 4578 3077 4652 correpti
3134 4581 3294 4636 sunt.
3327 4578 3441 4635 Sed
3471 4577 3819 4638 nullatenus

535 4674 748 4730 mentis
783 4673 1142 4730 ferocitatem
1173 4674 1530 4747 deponentes
1561 4674 1739 4730 atroci
1766 4675 2060 4731 voluntate
2091 4676 2162 4731 ad
2195 4675 2410 4732 Urbem
2440 4675 2712 4732 velociter
2739 4677 3152 4749 properabant.
3203 4678 3463 4744 Quorum
3489 4677 3816 4734 adventum

533 4773 863 4830 antedictus
893 4771 1272 4829 beatissimus
1303 4789 1455 4846 papa
1484 4773 1722 4846 Sergius
1756 4773 1877 4828 fieri
1911 4773 2153 4846 propius
2183 4791 2319 4829 cum
2349 4773 2733 4848 cognovisset,
2768 4773 2829 4830 in
2859 4775 2988 4846 ejus
3017 4773 3496 4832 excellentissimi
3528 4775 3814 4834 Ludovici

534 4871 686 4944 regis
717 4889 1026 4928 occursum
1059 4871 1358 4928 universos
1379 4871 1612 4944 judices
1643 4871 1716 4927 ad
1748 4873 1864 4928 fere
1894 4889 2100 4928 novem
2151 4871 2426 4928 milliaria
2473 4873 2545 4929 ab
2586 4873 2696 4928 hac
2725 4873 2988 4929 Romana
3017 4872 3161 4929 urbe
3192 4871 3419 4929 direxit.
3454 4875 3645 4940 Quem
3678 4890 3814 4931 cum

457 4972 492 5026 5
529 4970 715 5044 signis
745 4973 800 5026 ct
833 4970 1063 5044 magnis
1094 4970 1506 5028 resonantibus
1526 4970 1800 5026 laudibus
1833 4971 2320 5043 susceperunt.Et
2349 4971 2492 5026 dum
2524 4970 2662 5028 Urbi
2694 4987 2840 5043 pene
2870 4971 3050 5028 unius
3081 4969 3342 5027 milliarii
3373 4970 3567 5044 spatio
3597 4988 3813 5047 appro-

528 5069 895 5142 pinquasset,
920 5069 1221 5125 universas
1252 5069 1475 5124 militiae
1507 5069 1740 5126 scholas
1763 5087 1878 5124 una
1899 5087 2033 5124 cum
2065 5069 2326 5142 patronis
2357 5069 2586 5125 direxit.
2611 5068 2830 5142 Dignas
2851 5067 3216 5126 nobilissimo
3240 5068 3362 5141 regi
3379 5067 3589 5128 laudes
3606 5085 3813 5126 omnes

529 5170 824 5238 canentes,
859 5167 1119 5240 aliosque
1176 5167 1395 5222 militia:
1453 5168 1827 5224 doctissimos
1884 5169 2110 5224 Graecos
2165 5167 2576 5240 imperatorias
2624 5165 2830 5224 laudes
2879 5167 3279 5236 decantantes,
3312 5183 3448 5224 cum
3482 5166 3812 5227 dulcisonis

528 5265 869 5321 earumdem
901 5264 1142 5321 laudum
1173 5266 1414 5322 vocibus
1460 5266 1657 5338 ipsum
1709 5283 1902 5339 regem
1951 5265 2202 5338 gloriose
2249 5269 2653 5338 susceperunt.
2687 5264 2928 5322 Obviam
2959 5263 3044 5320 illi
3075 5265 3203 5337 ejus
3233 5266 3517 5322 sanctitas
3549 5266 3810 5341 dirigens

527 5365 889 5420 venerandae
922 5380 1146 5436 cruces,
1173 5365 1311 5420 item
1334 5364 1521 5438 signa,
1548 5365 1701 5421 sicut
1732 5381 1858 5420 mos
1890 5369 1979 5420 est
2009 5365 2421 5438 imperatorem
2453 5368 2556 5420 aut
2587 5379 2782 5436 regem
2815 5363 3130 5437 suscipere,
3153 5363 3236 5420 ita
3255 5380 3392 5420 eum
3415 5381 3554 5420 cum
3590 5363 3808 5439 ingenti

421 5456 489 5515 IO
524 5461 747 5518 honore
777 5460 998 5533 suscipi
1033 5461 1186 5518 fecit.
1221 5465 1350 5535 Ipse
1381 5481 1512 5519 vero
1549 5462 1875 5518 Ludovicus
1907 5481 2023 5534 rex,
2057 5480 2174 5535 qua
2201 5462 2344 5518 hora
2373 5461 2486 5518 sibi
2535 5461 2967 5518 sacratissimas
3023 5478 3228 5520 cruces
3277 5478 3343 5518 ac
3373 5462 3549 5537 signa
3577 5462 3806 5520 obviam

523 5558 829 5617 advenisse
859 5560 1179 5630 conspexit,
1215 5559 1424 5616 alacris
1455 5561 1646 5616 factus
1677 5559 1842 5616 valde
1873 5560 2101 5616 lzetatus
2131 5563 2238 5616 est.
2273 5561 2437 5616 Tunc
2470 5576 2576 5616 suo
2603 5559 2876 5616 universo
2926 5575 3062 5616 cum
3109 5559 3349 5632 populo,
3381 5560 3668 5618 omnibus
3697 5559 3806 5616 Ro-

520 5655 716 5712 manis
736 5653 1044 5727 judieibus
1072 5661 1130 5714 et
1153 5656 1371 5714 scholis
1401 5657 1898 5725 antecedentibus,
1934 5659 2005 5713 ecl
2039 5658 2276 5714 beatum
2323 5657 2557 5712 Petrum
2608 5657 2839 5714 studuit
2882 5673 3215 5732 properare.
3250 5658 3434 5726 Quem
3473 5658 3806 5716 antedictus

1561 5778 1814 5827 NOTULE
1855 5779 2244 5828 MABGINALES
2287 5780 2608 5828 FABROTTI.

453 5843 530 5916 (lt)
565 5849 714 5902 Rom.
745 5865 842 5903 xu.
