3928 6210
116 202 262 265 Ιᾶθτ
879 197 1251 261 HISTORIA
1293 199 1396 261 DE
1439 198 1642 263 VITIS

1958 202 2155 265 ’ONT.
2180 236 2258 248 —
2286 202 2618 268 SERGIUS
2661 206 2737 268 ΙΙ.
3353 209 3509 273 1298

244 331 538 391 almificus
587 330 844 405 pontifex
872 331 933 388 in
980 332 1261 405 gradibus
1310 332 1497 404 ipsius
1546 334 1878 407 apostolica
1925 335 2070 391 aula
2118 339 2391 395 eumdem
2451 355 2648 412 regem
2681 340 2739 394 in
2772 339 2898 412 ipso
2929 340 3349 400 die-Dominico
3376 348 3511 417 post

246 432 645 489 Pentecostem
675 447 782 487 suo
810 445 944 486 cum
972 428 1126 486 clero
1157 431 1529 503 exspectavit.
1562 430 1961 505 Conjungente
1992 450 2127 489 vero
2158 436 2361 491 eodem
2393 452 2547 508 rege,
2583 436 2969 510 universeque
3000 440 3216 511 gradus
3246 441 3509 512 ejusdem

148 531 212 589 15
242 528 658 587 sacratissima
701 527 856 585 beati
907 528 1055 583 Petri
1086 527 1341 584 ecclesia
1392 530 1760 596 ascendente,
1793 531 1864 585 ad
1914 532 2404 603 pranominatum
2450 534 2865 607 propinquavit
2912 535 3267 608 pontificem,
3321 538 3420 593 ubi
3450 539 3511 594 in

243 627 392 685 atrio
424 643 604 699 super
630 627 850 699 gradus
862 626 1037 697 juxta
1063 626 1215 682 fores
1235 626 1489 683 ecclesia
1521 644 1656 682 cum
1678 628 1947 684 universo
1969 628 2124 685 clero
2155 635 2212 686 et
2240 632 2453 703 populo
2486 633 2745 688 Romano
2770 633 3101 689 assistebat.
3129 636 3292 689 Tunc
3316 640 3514 691 mutuo

244 743 305 783 se
335 724 759 798 amplectentes
780 723 969 780 tenuit
990 724 1145 780 idem
1178 724 1504 780 Ludovicus
1528 743 1623 780 rex
1643 726 1937 783 dexteram
1959 728 2236 783 antedicti
2259 729 2571 801 pontiﬁcis,
2597 736 2653 785 et
2680 731 2739 785 in
2763 730 3010 787 interius
3033 731 3281 804 ingressi
3304 732 3517 788 atrium

244 824 317 880 ad
349 827 554 896 portas
585 826 972 895 pervenerunt
1000 826 1326 894 argenteas.
1362 822 1423 877 In
1458 840 1571 895 quo
1602 822 1749 879 atrio
1779 841 1933 881 unus
1963 826 2034 880 de
2065 826 2416 883 exercitibus
2447 828 2785 883 adamonio
2818 832 3087 900 arreptus
3113 829 3171 883 in
3205 834 3516 902 conspectu

247 923 607 977 Francorum
639 919 904 975 omnium
952 918 1117 976 valde
1145 925 1386 976 vexatus
1417 925 1523 975 est.
1558 923 1722 977 Tune
1770 922 2062 979 almiﬁcus
2112 924 2324 995 prasul
2375 924 2568 981 claudi
2618 926 2837 982 faciens
2868 944 3073 982 omnes
3096 928 3315 998 januas
3364 928 3519 983 beati

146 1022 212 1077 20
248 1019 425 1086 Petri,
458 1023 635 1091 atque
666 1016 845 1074 serari
894 1018 1185 1089 pracepit,
1218 1023 1273 1073 et
1303 1018 1423 1090 regi
1455 1023 1655 1075 sancto
1702 1020 1923 1092 Spiritu
1954 1022 2305 1077 admonente
2339 1023 2421 1079 sic
2454 1024 2633 1078 dixit:
2666 1023 2725 1080 Si
2769 1042 2916 1096 pura
2963 1030 3158 1080 mente
3187 1029 3244 1081 et
3292 1025 3519 1082 sincera

244 1117 566 1185 voluntate,
595 1120 651 1173 et
676 1132 780 1188 pro
805 1114 994 1172 salute
1016 1115 1347 1187 reipublica
1369 1134 1435 1172 ac
1456 1118 1637 1173 totius
1658 1117 1837 1185 orbis,
1859 1118 2156 1191 hujusque
2185 1120 2439 1177 ecclesia
2463 1122 2577 1177 huc
2600 1121 2906 1190 advenisti,
2930 1122 3038 1178 has
3061 1140 3191 1178 mea
3213 1123 3516 1195 ingredere

238 1216 462 1288 januas
484 1213 781 1287 jussione:
817 1212 908 1269 sin
940 1212 1111 1269 aliter
1138 1230 1243 1269 nec
1270 1230 1374 1286 per
1404 1231 1517 1282 me,
1550 1232 1655 1271 nec
1684 1233 1788 1287 per
1818 1233 2008 1271 meam
2038 1218 2473 1274 concessionem
2500 1219 2625 1275 ista
2652 1219 2760 1275 tibi
2792 1224 2967 1291 porta
3000 1220 3354 1292 aperientur.

318 1312 476 1370 485
509 1310 720 1368 Statim
751 1327 849 1367 rex
879 1310 977 1366 ille
1006 1312 1365 1383 respondens
1395 1312 1560 1383 dixit,
1595 1314 1750 1385 quod
1784 1314 1944 1369 nullo
1976 1314 2232 1387 maligno
2262 1316 2457 1371 animo
2489 1321 2592 1372 aut
2613 1316 2810 1389 aliqua
2830 1317 3112 1389 pravitate
3142 1317 3231 1373 vel
3256 1316 3409 1373 malo
3430 1317 3518 1373 in-

246 1410 421 1485 genio
452 1408 801 1466 advenisset.
832 1409 998 1465 Tunc
1026 1409 1228 1464 eodem
1261 1408 1506 1481 prasule
1528 1411 1895 1483 pracipiente
1925 1412 2207 1485 appositis
2237 1414 2511 1470 manibus
2533 1414 2837 1486 pradictas
2856 1416 3072 1486 januas
3094 1415 3511 1487 patefecerunt.

244 1511 319 1566 Et
347 1509 435 1564 ita
460 1508 522 1563 in
553 1507 821 1563 eamdem
849 1506 1242 1562 venerandam
1275 1506 1469 1562 aulam
1503 1508 1656 1563 beati
1688 1508 1870 1565 Pretri
1900 1510 2150 1583 ingressi
2175 1514 2350 1579 sunt;
2382 1511 2616 1567 laudern
2647 1511 2762 1568 Deo
2793 1517 2849 1568 et
2878 1513 3142 1583 ejusdem
3165 1513 3513 1569 excellentia

245 1608 629 1663 decantantes
648 1603 957 1660 universus
973 1603 1164 1660 clerus
1185 1608 1241 1660 et
1259 1604 1452 1659 cuncti
1472 1604 1725 1677 religiosi
1746 1606 1846 1661 Dei
1869 1607 2094 1674 famuli,
2117 1613 2469 1681 extensaque
2485 1625 2622 1665 voce
2642 1608 3062 1666 acelamantes:
3090 1611 3404 1667 Benedictus
3422 1611 3518 1684 qui

175 1707 212 1762 5
244 1706 401 1762 venit
432 1706 496 1760 in
522 1704 745 1759 nomine
771 1704 1015 1773 Domini,
1037 1706 1147 1757 etc.
1180 1702 1392 1774 Sicque
1412 1718 1546 1757 eum
1569 1706 1771 1759 eodem
1796 1704 2068 1776 pontifice
2089 1706 2215 1777 ipse
2236 1723 2334 1761 rex
2356 1706 2650 1779 simulque
2672 1724 2873 1763 omnes
2895 1708 3171 1780 episcopi,
3196 1710 3436 1765 abbates
3459 1714 3516 1764 et

240 1803 500 1876 judices,
516 1805 573 1858 et
588 1800 843 1856 universi
862 1800 1065 1856 Franci
1083 1800 1182 1871 qui
1200 1816 1334 1856 cum
1352 1816 1418 1856 eo
1434 1802 1809 1872 advenerant,
1830 1803 1899 1856 ad
1919 1804 2342 1859 confessionem
2360 1805 2509 1860 beati
2526 1805 2677 1861 Petri
2697 1807 3253 1879 appropinquantes,
3273 1824 3517 1879 seseque

250 1916 470 1974 pronos
484 1898 704 1955 ibidem
722 1901 1155 1970 prosternentes
1170 1899 1285 1953 Deo
1303 1902 1502 1954 nostro
1519 1900 1904 1971 omnipotenti
1924 1901 2175 1956 eteidem
2195 1901 2593 1974 apostolorum
2612 1903 2798 1959 Princi
2806 1904 2863 1976 pi
2881 1904 3098 1977 gratias
3114 1904 3514 1961 reddiderunt.

250 2000 322 2055 Et
350 1998 490 2053 data
517 2013 552 2053 a
580 1995 855 2069 pradicto
886 1995 1039 2051 almo
1070 1995 1340 2068 pontifice
1371 2013 1548 2068 super
1583 1996 1865 2069 populum
1909 1999 2188 2069 oratione,
2222 1999 2295 2055 ab
2323 1999 2569 2056 ecclesia
2596 2000 2815 2073 pariter
2843 2019 3045 2058 omnes
3076 2002 3322 2075 regressi
3357 2007 3515 2058 sunt.

253 2097 462 2153 Postea
490 2109 622 2150 vero
673 2093 970 2150 continuis
1001 2092 1208 2149 diebus
1238 2094 1620 2166 sequentibus
1658 2095 1855 2151 omnia
1885 2096 2226 2152 suburbana
2273 2096 2547 2170 pestifera
2595 2099 2991 2155 devastatione
3020 2104 3512 2172 compresserunt,

146 2195 218 2251 10
252 2208 544 2269 agrosque
561 2197 620 2249 et
637 2197 882 2264 segetes,
906 2197 1081 2265 atque
1096 2196 1262 2265 prata
1277 2192 1446 2264 quasi
1465 2192 1781 2249 fulmineus
1801 2193 2054 2266 impetus
2077 2195 2513 2268 decerpserunt.
2536 2197 2687 2252 Dum
2710 2197 2832 2253 hac
2852 2199 3223 2269 gerebantur,
3243 2197 3367 2270 ipse
3382 2214 3513 2253 vero

251 2310 289 2349 a
308 2292 426 2348 Deo
446 2294 744 2364 protectus
762 2290 1019 2362 pontifex
1034 2307 1068 2345 a
1088 2290 1443 2362 quibusdam
1467 2290 1732 2346 audierat
1750 2292 1905 2363 quod
1928 2292 1987 2347 in
2009 2292 2160 2348 hanc
2184 2292 2639 2349 famosissimum
2663 2294 2876 2350 Urbem
2899 2295 3317 2367 hospitalitatis
3340 2312 3519 2351 causa

248 2389 496 2447 introire
525 2386 867 2454 voluissent,
902 2387 1003 2444 sed
1034 2387 1279 2443 munitis
1311 2387 1647 2460 clausisque
1673 2388 1857 2461 portis
1887 2393 1951 2444 ut
1980 2390 2143 2445 fieret
2173 2390 2414 2445 minime
2446 2392 2754 2446 concessit.

326 2488 484 2545 486
514 2486 820 2543 Dominico
846 2502 981 2542 vero
1011 2485 1106 2542 die
1136 2490 1413 2557 sequente
1443 2486 1503 2541 in
1533 2487 1737 2543 eadem
1768 2487 2049 2560 principis
2080 2488 2476 2559 apostolorum
2508 2488 2750 2544 basilica
2781 2506 2983 2545 omnes
3015 2489 3437 2562 archiepiscopi
3468 2492 3526 2545 et

253 2585 448 2643 sancti
476 2585 739 2655 abbates,
771 2588 830 2640 et
859 2600 1062 2640 omnes
1096 2584 1196 2656 qui
1227 2600 1363 2639 cum
1393 2601 1461 2640 eo
1480 2588 1759 2640 venerant
1780 2585 1983 2641 Franci
2007 2589 2146 2641 sunt
2171 2585 2528 2658 congregati,
2551 2603 2870 2660 omnesque
2894 2587 3109 2659 pariter
3129 2589 3525 2644 Romanorum

253 2683 486 2740 nobiles
499 2686 557 2739 et
572 2681 854 2755 praclari.
873 2682 1038 2736 Tunc
1054 2680 1345 2736 almificus
1363 2682 1620 2753 pontifex
1635 2682 1912 2738 manibus
1928 2683 2051 2738 suis
2065 2683 2261 2755 ipsum
2278 2683 2656 2751 Ludovicum,
2678 2684 2935 2739 Lotharii
2950 2684 3320 2757 imperatoris
3338 2684 3526 2740 ﬁlium

255 2781 385 2838 oleo
414 2784 620 2836 sancto
651 2794 1004 2852 perungens,
1040 2778 1220 2851 regali
1251 2795 1317 2834 ac
1348 2778 1774 2851 pretiosissima
1796 2780 2092 2836 coronavit
2111 2797 2343 2849 corona,
2368 2796 2678 2853 regemque
2699 2782 3099 2854 Longobardis
3121 2782 3406 2855 prafecit;
3430 2782 3525 2839 cui

182 2882 220 2937 5
257 2878 518 2953 regalem
549 2876 815 2933 tribuens
844 2876 1129 2950 gladium,
1166 2876 1332 2931 illum
1355 2876 1701 2949 subcingere
1722 2878 1924 2949 jussit.
1958 2878 2175 2934 Deinde
2206 2880 2521 2934 missarum
2555 2880 2940 2936 celebratione
2964 2881 3147 2949 finita,
3180 2882 3251 2936 ab
3282 2879 3528 2936 ecclesia

258 2993 469 3033 omnes
498 2991 636 3032 cum
667 2991 801 3048 rege
830 2973 1093 3029 laetantes
1114 2975 1363 3047 regressi
1394 2978 1551 3030 sunt.
1575 2976 1859 3047 Deinceps
1878 2992 2011 3031 vero
2034 2994 2137 3048 per
2157 2966 2287 3032 dies
2307 2976 2569 3049 singulos
2590 2978 2924 3033 conflictum
2947 2978 3165 3034 summi
3187 2977 3526 3034 certaminis

258 3091 398 3131 cum
430 3072 807 3130 sanctissimo
837 3071 1086 3145 prasule
1113 3073 1508 3144 omnibusque
1538 3072 1826 3145 episcopis
1856 3078 1913 3129 et
1942 3074 2324 3146 optimatibus
2360 3076 2578 3132 nostris
2610 3080 2782 3148 atque
2812 3077 3150 3149 proceribus
3180 3075 3305 3148 ipse
3336 3077 3525 3150 Drogo

259 3170 736 3244 archiepiscopus
767 3169 1043 3226 Metensis
1072 3170 1361 3239 Ecclesia,
1394 3171 1465 3226 de
1496 3187 1612 3242 quo
1645 3172 1917 3243 superius
1949 3172 2293 3227 memoriam
2327 3173 2593 3239 fecimus,
2618 3176 3017 3230 commovebat
3041 3179 3161 3230 tam
3192 3174 3316 3247 ipse
3345 3191 3525 3246 quam

259 3286 469 3327 omnes
497 3267 919 3341 archiepiscopi
946 3272 1004 3323 et
1022 3267 1279 3340 episcopi
1302 3268 1403 3341 qui
1432 3285 1566 3323 cum
1589 3285 1654 3323 eo
1681 3274 1883 3324 contra
1902 3269 2052 3325 hanc
2078 3270 2464 3326 universalem
2497 3276 2554 3327 et
2574 3278 2749 3344 caput
2769 3276 3110 3328 cunctarum
3134 3271 3524 3328 Ecclesiarum

154 3370 227 3427 40
267 3367 366 3425 Dei
396 3367 527 3424 sine
557 3364 989 3438 metropolitani
1027 3367 1403 3422 concessione
1451 3371 1628 3438 atque
1670 3366 1969 3422 vocatione
2016 3372 2440 3436 convenerant;
2472 3369 2530 3424 id
2564 3375 2653 3425 est
2702 3371 3010 3443 Gregorius
3060 3370 3529 3443 archiepiscopus

267 3464 540 3523 Ecclesia
572 3463 988 3532 Ravennensis,
1013 3467 1071 3520 et
1088 3465 1474 3537 Angelbertus
1498 3464 1971 3539 archiepiscopus
1992 3466 2261 3522 Ecclesia
2284 3467 2754 3537 Mediolanensis,
2778 3470 2993 3542 Joseph
3015 3452 3322 3542 episcopus
3346 3468 3535 3525 Eccle-

265 3565 367 3621 sia
398 3560 846 3635 Eporecliensis,
879 3562 1103 3634 Aginus
1133 3560 1444 3633 episcopus
1492 3563 1760 3619 Ecclesia
1790 3564 2161 3631 Venorensis,
2193 3564 2521 3620 Almaricus
2572 3566 2839 3622 Ecclesia
2871 3568 3172 3624 Camensis
3204 3566 3533 3639 episcopus,

270 3660 683 3719 Hortchaudus
710 3658 979 3715 Ecclesia
1030 3658 1436 3728 Vercellensis,
1471 3660 1784 3733 Sigifridus
1823 3664 2131 3735 episcopus
2162 3661 2428 3717 Ecclesia
2463 3664 2787 3736 Regiensis,
2822 3666 3206 3739 Toringarius
3232 3665 3540 3739 episcopus

271 3758 544 3816 Ecclesia
561 3756 1023 3825 Concordiensis,
1042 3756 1381 3813 Odelvertus
1400 3757 1710 3830 episcopus
1729 3759 1995 3815 Ecclesia
2018 3760 2323 3831 Aquensis,
2342 3761 2688 3817 Ambrosius
2710 3762 3019 3835 episcopus
3038 3763 3305 3819 Ecclesia
3328 3765 3545 3819 Lucen-

168 3860 240 3914 ιδ
277 3856 382 3925 sis,
403 3856 662 3912 Joannes
682 3854 991 3926 episcopus
1012 3853 1279 3910 Ecclesia
1302 3855 1578 3922 Pisensis,
1600 3856 1803 3912 Petrus
1831 3857 2138 3928 episcopus
2162 3857 2429 3912 Ecclesia
2450 3858 2922 3926 Vollaterrensis,
2947 3862 3368 3933 Gausprandus
3388 3859 3542 3931 epis-

273 3969 460 4027 copus
487 3950 755 4008 Ecclesia
787 3951 1175 4019 Pistoriensis,
1209 3952 1412 4008 Cautio
1440 3952 1751 4025 episcopus
1782 3953 2046 4009 Ecclesia
2076 3954 2373 4022 Senensis,
2409 3955 2608 4027 Lupus
2640 3956 2949 4028 episcopus
2971 3958 3238 4013 Ecclesia
3263 3957 3538 4023 Textina,

275 4051 690 4110 Sisismundus
718 4049 1028 4123 episcopus
1057 4051 1327 4107 Ecclesia
1347 4050 1734 4123 Aprutiensis,
1759 4051 1889 4107 Pico
1913 4051 2219 4123 episcopus
2251 4052 2517 4108 Ecclesia
2540 4054 2928 4121 Scclanensis,
2958 4055 3239 4110 Fratellus
3261 4054 3541 4126 epicopus

274 4149 546 4207 Ecclesia
577 4148 1029 4217 Camerinensis,
1054 4149 1229 4206 Gisus
1258 4149 1567 4222 episcopus
1587 4148 1854 4205 Ecclesia
1878 4149 2180 4217 Firmana,
2207 4150 2551 4222 Racipcrtus
2572 4152 2880 4225 episcopus
2902 4152 3166 4208 Ecclesia
3189 4151 3540 4207 Nucerinen-

276 4249 380 4318 sis,
414 4249 708 4304 Amadeus
726 4248 1038 4323 episcopus
1061 4246 1388 4315 Pinnensis,
1414 4247 1674 4302 Donatus
1695 4247 2003 4319 episcopus
2025 4246 2290 4302 Ecclesia
2316 4247 2627 4317 Fesolana,
2653 4254 2709 4304 et
2729 4249 2937 4306 caeteri.
2963 4251 3105 4305 Cum
3129 4250 3343 4321 quibus
3363 4248 3540 4305 etiam

160 4352 239 4406 20
274 4354 425 4405 Boso
441 4364 659 4414 comes,
682 4346 995 4420 Adalgisus
1017 4362 1233 4415 eomes,
1256 4347 1511 4402 Joannes
1533 4362 1748 4413 comes,
1770 4343 1959 4401 Vuldo
1982 4361 2197 4414 comes,
2217 4345 2552 4402 Vernardus
2575 4364 2789 4417 comes,
2816 4347 3100 4403 Wifridus
3127 4364 3342 4416 comes,
3368 4351 3543 4419 atque

276 4446 586 4503 Maurinus
615 4461 831 4514 comes,
863 4448 921 4501 et
949 4444 1137 4500 cateri
1167 4444 1385 4517 pariter
1414 4445 1859 4499 contendebant.

348 4543 497 4600 481
536 4543 647 4599 Sed
678 4542 875 4598 divina
899 4542 1087 4615 gratia
1117 4542 1459 4613 inspirante,
1484 4557 1588 4597 nec
1620 4558 1919 4598 sermones
1940 4541 2128 4613 ipsius
2154 4539 2291 4596 almi
2318 4541 2628 4613 pontificis,
2662 4559 2849 4615 neque
2880 4544 3251 4610 prudentiam
3274 4560 3547 4616 superare

273 4641 607 4698 valuerunt.
639 4641 942 4712 Tantaque
971 4640 1022 4695 ei
1053 4656 1309 4712 superna
1356 4640 1557 4695 aderat
1603 4639 1810 4705 virtus,
1844 4644 1909 4694 ut
1939 4637 2139 4694 nullus
2171 4655 2436 4694 sermone
2471 4656 2604 4694 eum
2638 4640 2982 4695 concludere
3014 4640 3099 4695 vel
3151 4640 3549 4712 constringere

281 4738 590 4813 potuisset.
616 4738 684 4793 Et
698 4737 771 4794 ab
787 4754 854 4794 eo
872 4737 1129 4810 superati
1152 4738 1371 4809 pudore
1392 4742 1448 4793 et
1468 4737 1651 4810 Operti
1673 4736 2011 4793 confusione
2034 4736 2451 4791 discesserunt.
2473 4738 2635 4804 Quod
2650 4738 2932 4806 videntes,
2954 4754 3187 4793 omnem
3204 4738 3352 4793 iram
3374 4742 3549 4810 atque

286 4837 649 4893 ferocitatem
681 4851 860 4908 quam
886 4835 952 4890 in
985 4835 1281 4891 mentibus
1314 4836 1720 4901 observabant,
1751 4834 1908 4890 omni
1941 4834 2112 4889 modo
2144 4834 2559 4905 deposuerunt.
2596 4834 2695 4890 His
2726 4834 2906 4907 igitur
2934 4836 3186 4908 peractis
3216 4853 3249 4890 a
3278 4834 3550 4908 pradicto

208 4938 246 4993 5
284 4934 728 5009 postulaverunt
757 4933 1050 5006 pontifice,
1083 4937 1149 4988 ut
1173 4949 1376 4989 omnes
1409 4934 1686 5005 primates
1718 4931 1964 4988 Romani
1998 4931 2331 4987 fidelitatem
2364 4931 2477 5004 ipsi
2511 4933 2799 4988 Ludovico
2833 4934 2950 5007 regi
2982 4950 3086 5005 per
3118 4938 3550 4989 sacramentum

284 5033 718 5108 promitterent.
751 5031 915 5097 Quod
945 5030 1442 5104 prudentissimus
1470 5031 1726 5104 pontifex
1754 5031 1877 5086 fieri
1908 5047 2279 5102 nequaquam
2308 5031 2613 5098 concessit,
2640 5032 2740 5085 scd
2772 5032 2855 5086 sic
2885 5049 3053 5087 orsus
3084 5036 3173 5088 est
3203 5030 3347 5087 illis:
3382 5030 3548 5098 Quia,

286 5130 335 5187 si
356 5130 534 5186 vultis
566 5130 814 5186 Domino
835 5129 1107 5185 Lothario
1129 5146 1341 5202 magno
1365 5129 1699 5201 imperatori
1722 5130 1829 5184 hoc
1851 5132 2285 5184 sacramentum
2312 5132 2373 5181 ut
2395 5128 2611 5182 faciant
2639 5128 3029 5196 solummodo,
3053 5129 3354 5185 consentio
3378 5132 3553 5200 atque

288 5229 580 5303 permitto.
614 5229 761 5284 Nam
782 5228 1066 5284 Ludovico
1087 5228 1215 5299 ejus
1236 5227 1356 5282 ﬁlio
1379 5231 1444 5282 ut
1462 5226 1569 5282 hoc
1588 5231 1916 5300 peragatur,
1942 5243 2046 5281 nec
2063 5242 2167 5298 ego
2193 5241 2295 5280 nec
2317 5224 2508 5281 omnis
2532 5226 2922 5281 Romanorum
2942 5226 3221 5283 nobilitas
3244 5226 3552 5282 consentit.

360 5326 515 5384 488
546 5327 712 5382 Tunc
743 5326 982 5382 demum
1012 5324 1074 5379 in
1119 5325 1321 5381 eadem
1353 5323 1597 5380 ecclesia
1625 5325 1894 5380 sedentes
1938 5323 2152 5396 pariter
2183 5327 2302 5377 tam
2335 5322 2711 5378 beatissimus
2752 5324 3027 5396 pontifex,
3081 5342 3257 5397 quam
3307 5339 3560 5396 magnus

293 5442 409 5493 rex,
442 5429 499 5480 et
527 5441 732 5480 omnes
760 5423 1180 5496 archiepiscopi
1213 5427 1387 5496 atque
1417 5422 1693 5495 episcopi,
1726 5422 2020 5478 stantibus
2042 5421 2284 5493 reliquis
2306 5421 2704 5477 sacerdotibus
2726 5426 2781 5477 et
2803 5423 3200 5478 Romanorum
3222 5439 3288 5478 ac
3313 5423 3563 5477 Franco-

294 5540 424 5579 rum
456 5521 866 5595 optimatibus,
897 5522 1237 5577 fidelitatem
1272 5520 1542 5575 Lothario
1566 5536 1775 5592 magno
1800 5519 2135 5591 imperatori
2160 5537 2389 5591 semper
2408 5521 2668 5591 Augusto
2696 5520 3110 5591 promiserunt.
3138 5519 3411 5576 Posthac
3431 5536 3568 5576 vero

293 5621 456 5677 Ebbo
488 5619 730 5692 quidam
761 5622 818 5692 et
849 5618 1311 5675 Bartholomaus
1334 5616 1775 5689 archiepiscopi,
1801 5616 1901 5687 qui
1930 5634 2033 5688 pro
2062 5617 2408 5672 criminibus
2441 5618 2564 5672 suis
2596 5617 2801 5689 privati
2835 5617 3053 5673 honore
3076 5618 3146 5672 ab
3170 5616 3428 5672 Ecclesia
3453 5618 3575 5675 fue-

215 5721 257 5775 5
293 5722 427 5774 rant
455 5716 704 5789 expulsi,
737 5733 770 5772 a
789 5716 1162 5772 sanctissimo
1184 5715 1456 5788 pontifice
1481 5715 1857 5787 postulabant
1874 5719 1939 5769 ut
1956 5732 2055 5770 eos
2078 5715 2449 5771 reconciliare
2470 5732 2534 5771 ac
2561 5715 2799 5787 pallium
2819 5715 2900 5771 eis
2924 5714 3177 5770 tribuere
3199 5714 3569 5788 dignaretur,

296 5818 453 5882 Quos
483 5814 660 5869 etiam
689 5812 845 5868 idem
879 5812 1087 5885 prasul
1115 5828 1217 5867 nec
1240 5812 1711 5867 communionem
1738 5812 1888 5865 inter
1909 5811 2127 5866 clerum
2154 5813 2362 5885 dignos
2383 5830 2509 5868 esse
2532 5814 2827 5886 suscipere
2849 5813 3096 5881 dicebat,
3121 5811 3221 5867 sed
3246 5811 3396 5866 inter
3416 5829 3584 5872 com.

296 5927 543 5969 munem
572 5910 855 5985 populum
903 5908 1377 5967 communicandi
1406 5908 1701 5964 licentiam
1746 5910 2154 5964 tantummodo
2205 5910 2506 5965 haberent.
2545 5911 2653 5967 Per
2684 5912 2834 5967 idem
2884 5916 3118 5985 tempus
3148 5925 3281 5964 cum
3314 5924 3416 5963 rex
3446 5909 3583 5985 ipse

298 6009 632 6070 Ludovicus
662 6010 857 6069 Roma
898 6010 1148 6083 degeret,
1182 6007 1520 6080 Siginolt'us,
1572 6009 2106 6065 Beneventanorum
2162 6007 2456 6080 princeps,
2488 6026 2704 6082 magno
2748 6030 2882 6069 cum
2912 6011 3163 6069 exercitu
3200 6008 3448 6066 Romam
3480 6028 3584 6072 ve-
