3928 6210
317 157 472 218 1299
1467 155 1884 220 ANASTASII
1927 154 2582 219 BIBLIO'I‘HECARII.
3573 151 3734 218 I300

455 291 546 346 nit
567 289 666 362 (a).
685 291 866 356 Quem
889 306 1024 346 cum
1051 289 1364 363 praedictus
1385 307 1485 346 rex
1501 289 1819 346 honoriﬁce
1840 289 2182 362 sucepisset,
2207 289 2406 346 omnia
2425 305 2529 362 pro
2552 287 2768 362 quibus
2787 291 3026 344 venerat
3043 285 3156 360 ipsi
3179 286 3478 344 indicavit.
3501 287 3608 344 Cui
3634 305 3735 345 rex

353 389 422 442 10
459 387 712 458 gratanti
741 386 938 442 animo
960 387 1246 459 quidquid
1270 388 1579 460 quzesierat
1600 387 1806 443 tribuit
1831 392 2005 458 atque
2031 385 2338 443 concessit.
2364 387 2433 442 Et
2457 403 2592 442 cum
2617 385 2795 442 simul
2821 385 3047 450 Franci,
3073 385 3437 458 Langobardi
3462 402 3529 441 ac
3550 387 3733 442 Bene-

455 484 690 540 ventani
722 484 1053 556 congregati
1090 485 1356 550 fuissent,
1385 485 1535 539 facta
1563 487 1652 540 est
1679 484 1888 557 ingens
1919 483 2117 556 populi
2145 484 2481 553 multitudo,
2515 483 2598 540 ita
2621 487 2686 539 ut
2707 500 2774 536 ex
2795 481 2956 540 omni
2987 487 3149 556 parte
3169 483 3356 540 Roma
3369 483 3736 541 circumdata

457 583 776 638 videretur:
801 599 1052 654 quorum
1076 581 1452 637 multitudine
1473 582 1672 637 omnia
1693 586 1819 638 sata
1839 581 2028 638 deleta
2043 586 2202 638 sunt.
2229 582 2356 654 Ipse
2375 596 2509 638 vere
2531 579 2850 654 Siginolfus
2867 579 3092 636 ardenti
3115 585 3346 654 pectore
3366 581 3732 654 praecipuum

459 681 831 736 desiderabat
861 681 1052 736 videre
1093 679 1451 753 pontificem,
1483 685 1539 736 et
1569 680 1640 734 ab
1671 697 1738 736 eo
1769 679 2233 736 benedictionem
2264 678 2540 752 recipere.
2573 678 2757 734 Onem
2787 676 2998 750 prasul
3031 694 3166 733 cum
3197 677 3574 752 suscepisset,
3609 677 3734 736 solo

463 782 793 851 prostratus
841 778 1126 851 pretiosos
1172 777 1360 850 ipsius
1403 779 1580 850 pedes
1639 777 1938 833 humiliter
1983 775 2212 833 osculat
2257 794 2286 832 s
2316 781 2425 844 est,
2459 779 2516 832 et
2546 775 2618 832 ab
2649 792 2714 832 eo
2745 773 3148 832 benedictione
3179 779 3452 849 suscepta
3478 776 3552 832 ab
3603 777 3735 848 ejus

353 875 424 931 i5
461 880 774 947 conspectu
807 875 1079 931 alacriter
1107 875 1222 931 Deo
1253 875 1471 948 gratias
1503 877 1756 930 referens
1788 891 2088 947 regressus
2118 879 2224 930 est.

531 975 686 1029 489
719 972 820 1028 His
852 973 1128 1028 omnibus
1157 973 1359 1046 finitis,
1393 972 1518 1045 ipse
1547 971 2074 1028 excellentissimus
2103 990 2202 1028 rex
2233 971 2561 1028 Ludovicus
2584 969 2778 1043 ampla
2800 987 2935 1026 cum
2964 969 3166 1026 latitia
3193 969 3430 1044 Papiam
3465 987 3736 1028 reversus

461 1075 570 1136 est,
606 1070 705 1124 ubi
737 1071 810 1126 ab
841 1071 1074 1127 exordio
1106 1070 1468 1144 principatus
1493 1070 1586 1126 sui
1619 1069 1851 1126 culmen
1884 1071 2137 1143 regebat.
2167 1071 2332 1126 Tunc
2363 1087 2495 1126 vero
2526 1067 2641 1124 laeti
2663 1085 2866 1126 omnes
2890 1084 3022 1124 cum
3046 1067 3400 1140 conjugibus
3420 1084 3486 1124 ac
3507 1067 3741 1139 liberis,

461 1173 699 1223 senatus
728 1169 1097 1241 populusque
1129 1169 1429 1224 Romanus
1457 1174 1577 1223 tam
1611 1168 1830 1240 ingenti
1862 1173 2021 1239 peste
2051 1167 2302 1238 liberati,
2336 1172 2395 1222 et
2423 1184 2458 1222 a
2479 1169 2624 1239 jugo
2655 1164 2968 1239 tyrannicae
3000 1164 3390 1222 immanitatis
3420 1165 3735 1238 redempti,

462 1258 903 1312 sanctissimum
939 1257 1206 1330 Sergium
1241 1256 1549 1330 przesulem
1581 1255 1741 1312 velut
1771 1256 1980 1312 salutis
2011 1261 2216 1312 auctor
2252 1273 2310 1311 m
2343 1273 2409 1312 ac
2440 1256 2840 1312 restitutorem
2872 1253 3034 1328 pacis
3055 1254 3502 1310 venerabantur.
3533 1253 3637 1310 Ille
3658 1259 3743 1310 ta-

387 1353 423 1409 5
462 1371 595 1410 men
627 1372 743 1411 non
766 1373 883 1411 suae
905 1354 1106 1410 virtuti
1133 1371 1254 1410 rem
1279 1357 1526 1427 gestam,
1552 1354 1651 1410 sed
1671 1353 1868 1410 divino
1890 1353 2118 1410 muneri
2141 1353 2481 1426 deputabat.
2506 1353 2637 1409 Jam
2660 1351 2796 1423 quia
2815 1351 3020 1425 lingua
3044 1354 3257 1407 cuncta
3277 1368 3406 1424 qua:
3429 1351 3618 1423 gessit
3636 1367 3742 1424 per

461 1451 726 1507 ordinem
753 1452 1039 1524 explicare
1071 1469 1184 1508 non
1216 1451 1504 1524 praevalet,
1539 1456 1910 1507 transeamus
1941 1451 2013 1506 ad
2045 1469 2112 1507 ea
2142 1468 2269 1524 quae
2299 1451 2358 1506 in
2391 1450 2612 1506 sanctis
2642 1449 2789 1506 locis
2832 1447 3067 1516 obtulit,
3097 1451 3158 1504 et
3182 1446 3435 1505 breviter
3462 1465 3742 1505 enarrare

463 1549 826 1606 inchoamus.
861 1549 922 1605 In
954 1550 1144 1623 primo
1175 1549 1414 1622 quidem
1446 1549 1822 1622 pontificatus
1851 1549 1942 1605 sui
1973 1549 2207 1605 exordio
2235 1566 2487 1622 superno
2505 1565 2701 1604 amore
2721 1547 3105 1603 exardescens
3130 1545 3190 1600 in
3213 1543 3460 1601 basilica
3480 1544 3746 1602 Salvato‘

461 1646 563 1714 ris,
596 1664 723 1718 quze
755 1647 1236 1702 Constantiniana
1264 1651 1524 1713 vocatur,
1559 1647 1718 1702 mirae
1750 1647 2204 1720 pulchritudinis
2237 1664 2389 1718 opus
2415 1645 2682 1718 explevit.
2715 1645 2863 1702 Nam
2894 1643 3186 1700 ambitum
3211 1642 3363 1699 sacri
3384 1641 3610 1712 altaris,
3633 1641 3744 1715 qui

459 1743 711 1799 strictim
743 1744 801 1799 in
835 1759 904 1799 ea
934 1746 1124 1800 fuerat
1153 1743 1294 1799 olim
1325 1749 1718 1812 constructus,
1745 1743 2050 1816 largiorem
2076 1743 2309 1816 proprio
2331 1742 2511 1815 digito
2537 1741 2854 1815 designans
2873 1759 2909 1797 a
2927 1739 3329 1796 fundamentis
3347 1739 3594 1812 perfecit
3613 1738 3746 1812 pul-

357 1842 424 1895 10
459 1841 529 1896 ch
540 1840 732 1914 risque
754 1840 1044 1896 columnis
1061 1857 1196 1896 cum
1220 1841 1614 1897 marmoribus
1636 1841 1887 1913 desuper
1907 1839 1964 1895 in
1982 1856 2122 1913 gyro
2144 1838 2390 1912 sculptis
2411 1839 2714 1912 splendide
2735 1837 3044 1895 decoravit.
3070 1836 3178 1894 Ubi
3202 1853 3360 1894 nunc
3383 1853 3551 1894 sacra
3565 1835 3742 1910 plebs

459 1937 519 1993 in
551 1938 1120 1994 administrationem
1153 1937 1304 1993 sacri
1333 1937 1572 2010 largiter
1618 1937 1887 1994 consistit
1925 1936 2126 1992 ofﬁcii.
2160 1939 2284 2003 Quo
2315 1936 2559 2010 expleto,
2593 1935 2718 2009 ipse
2766 1935 3060 1992 almificus
3103 1935 3360 2008 pontifex
3391 1951 3496 2007 pro
3527 1935 3743 1992 decore

459 2041 634 2108 atque
661 2041 871 2090 ornatu
917 2036 1014 2107 buj
1027 2053 1093 2091 us
1125 2035 1386 2108 praeclari
1417 2035 1610 2107 cperis
1642 2035 1700 2089 in
1729 2035 1936 2092 eadem
1982 2033 2224 2090 basilica
2267 2033 2481 2090 obtulit
2508 2033 2634 2090 vela
2663 2033 2798 2089 alba
2827 2031 3148 2090 holoserica
3174 2031 3384 2106 viginti
3413 2035 3625 2088 ornata
3673 2032 3740 2088 in

459 2131 708 2188 circuitu
740 2133 811 2188 de
831 2133 1094 2189 fundato.
1121 2132 1402 2188 Similiter
1423 2137 1480 2188 et
1499 2131 1612 2188 alia
1641 2133 1710 2188 de
1737 2133 1978 2188 fundato
1998 2131 2166 2188 valde
2187 2131 2408 2205 optima
2428 2131 2636 2205 viginti
2657 2133 2862 2186 ornata
2880 2129 2940 2186 in
2962 2129 3213 2186 circuitu
3229 2129 3302 2186 de
3319 2128 3597 2188 blatthin.
3618 2129 3712 2186 Ub

459 2230 636 2284 etiam
669 2230 1095 2286 confess'onem
1129 2229 1436 2286 mirificam
1471 2229 1702 2286 Christo
1759 2235 2104 2302 cooperante
2151 2227 2497 2296 construxit,
2529 2233 2588 2285 et
2616 2227 2908 2302 argenteis
2941 2226 3158 2284 tabulis
3187 2243 3450 2300 auroque
3479 2227 3742 2300 perfusis

355 2327 424 2380 15
463 2325 680 2398 fulgida
712 2327 984 2399 compsit,
1036 2344 1211 2398 quam
1246 2327 1497 2400 propriis
1539 2327 1814 2384 manibus
1855 2343 2228 2392 consecrans,
2260 2325 2318 2382 in
2351 2343 2419 2382 ea
2457 2325 2736 2400 reliquias
2769 2325 2985 2399 posuit.
3019 2325 3090 2380 Et
3121 2323 3280 2382 aliud
3312 2325 3554 2398 quidem
3585 2341 3742 2398 opus

462 2427 595 2478 ante
621 2424 774 2478 fores
803 2423 984 2495 hujus
1013 2425 1350 2478 venerandae
1379 2423 1630 2479 basilicae
1653 2423 1818 2480 valde
1839 2424 2128 2496 optimum
2153 2424 2402 2497 peregit:
2427 2423 2566 2496 quia
2585 2441 2752 2480 sacra
2769 2423 3018 2496 pridem,
3044 2440 3170 2496 quae
3191 2421 3454 2480 latebant
3473 2421 3738 2496 populis,

457 2519 664 2576 limina
694 2539 926 2576 summo
959 2521 1152 2577 studio
1178 2521 1452 2576 omnibus
1477 2520 1784 2577 manifesta
1803 2521 2126 2590 constituit,
2159 2539 2294 2578 cum
2313 2521 2554 2596 pulchre
2578 2523 2818 2578 decoros
2839 2521 3058 2578 ibidem
3080 2537 3253 2578 arcus
3276 2539 3310 2577 a
3330 2519 3738 2578 fundamentis

463 2623 846 2685 construeret,
877 2636 1023 2690 quos
1052 2619 1227 2676 etiam
1260 2618 1436 2675 variis
1463 2617 1710 2691 picturis
1740 2619 1921 2675 nitide
1951 2619 2260 2686 decoravit.

535 2718 690 2772 490
721 2717 850 2788 Ipse
876 2733 1010 2772 vero
1041 2736 1073 2772 a
1109 2719 1219 2773 Deo
1241 2721 1540 2789 protectus
1572 2720 1630 2772 et
1660 2716 1976 2789 praeclarus
2005 2715 2261 2790 pontifex
2285 2733 2386 2790 pro
2419 2716 2674 2773 remedio
2691 2720 2748 2772 et
2771 2717 2968 2772 futura
2988 2715 3198 2773 anima:
3213 2733 3332 2773 suae
3352 2715 3740 2774 retributione

463 2830 756 2870 cameram
810 2813 1075 2886 praesepii
1117 2813 1349 2870 Domini
1397 2813 1580 2870 nostri
1618 2814 1757 2870 Jesu
1789 2814 2026 2886 Christi,
2057 2815 2213 2887 quod
2244 2813 2496 2870 basilica:
2543 2815 2724 2870 beatae
2757 2813 2856 2870 Dei
2899 2813 3208 2870 Genitricir
3240 2813 3492 2870 domina
3522 2817 3737 2872 nostra

461 2912 845 2978 connectitur,
877 2930 1004 2984 qnze
1036 2913 1221 2983 Major
1250 2913 1322 2968 ab
1353 2911 1630 2968 omnibus
1651 2916 2045 2984 nuncupatur,
2071 2911 2364 2985 argenteis
2385 2911 2600 2968 tabulis
2621 2929 2688 2968 ac
2707 2909 3022 2978 deauratis,
3045 2909 3402 2968 habentibus
3421 2910 3735 2968 historiam

461 3010 639 3065 beatae
672 3011 770 3066 Dei
805 3010 1112 3067 Genitricis
1146 3009 1360 3082 Mariae,
1385 3010 1694 3083 magniﬁce
1725 3015 1896 3084 atque
1927 3010 2214 3083 praecipue
2237 3008 2600 3082 perornavit:
2636 3010 2790 3082 quod
2817 3008 3015 3066 nullus
3038 3009 3384 3082 pontificum
3407 3026 3511 3082 per
3531 3013 3620 3066 tot
3636 3026 3741 3066 an-

353 3108 389 3162 5
426 3125 636 3163 norum
666 3108 959 3164 curricula
986 3109 1058 3164 ad
1091 3107 1236 3164 tanti
1272 3107 1496 3164 decoris
1527 3107 1780 3180 speciem
1812 3109 2126 3180 perducere
2155 3108 2470 3164 arbitratus
2500 3111 2608 3163 est.
2640 3106 2744 3163 Hic
2763 3123 2895 3164 vero
2926 3105 3159 3178 praesul,
3193 3123 3328 3163 cum
3357 3107 3430 3164 de
3449 3107 3734 3166 omnibus

461 3205 722 3262 ecclesiis
753 3205 996 3262 sollicite
1027 3223 1228 3261 curam
1252 3210 1493 3279 gereret,
1525 3205 1700 3262 etiam
1731 3204 2036 3262 basilicam
2067 3205 2220 3262 santi
2248 3205 2616 3279 Archangeli,
2645 3221 2773 3278 quae
2795 3205 2855 3260 in
2876 3205 3181 3261 cacumine
3201 3203 3487 3275 Fajini(b)
3510 3204 3736 3260 montis

459 3307 549 3359 est
572 3303 911 3372 constituta,
932 3302 1239 3376 largiorem
1263 3319 1436 3374 quam
1460 3303 1686 3375 pridem
1709 3303 1896 3358 fuerat
1917 3319 1951 3359 a
1971 3302 2367 3359 fundamentis
2387 3302 2723 3375 perfecit,ac
2744 3301 3114 3359 radiantibus
3135 3301 3380 3375 picturis
3401 3300 3740 3358 luculenter

459 3400 619 3473 pingi
634 3401 838 3472 jussit,
862 3418 928 3456 ac
955 3405 1146 3456 sarcta
1171 3405 1322 3454 tecta
1341 3401 1468 3470 ejus
1491 3400 1715 3456 noviter
1735 3399 2100 3456 restauravit.
2121 3399 2227 3456 Ubi
2250 3405 2308 3456 et
2324 3399 2538 3456 obtulit
2557 3404 2744 3456 vestes
2760 3399 2832 3456 de
2851 3398 3068 3456 imizilo
3089 3403 3360 3472 quatuor,
3384 3398 3659 3456 similiter
3677 3403 3737 3456 et

458 3495 584 3552 vela
601 3502 872 3568 quatuor.
895 3497 1020 3568 Ipse
1037 3513 1168 3551 vero
1187 3496 1476 3552 almiﬁcus
1491 3501 1548 3552 et
1565 3496 1942 3552 beatissimus
1958 3514 2108 3570 papa
2126 3497 2388 3553 scholam
2409 3501 2740 3566 cantorum,
2758 3513 2888 3569 quis
2904 3495 3131 3570 pridem
3149 3495 3736 3569 Orphanotrophium

357 3595 422 3648 10
461 3593 934 3661 vocabatur,cnm
967 3611 1081 3666 prae
1112 3593 1294 3650 nimia
1314 3601 1399 3650 vet
1410 3598 1598 3650 nstate
1620 3610 1766 3666 pene
1786 3593 1843 3648 in
1866 3595 2097 3650 rvinam
2119 3594 2310 3667 posita
2331 3598 2504 3667 atque
2526 3595 2824 3650 confracta
2843 3593 3156 3663 videretur,
3181 3593 3282 3650 Dei
3305 3599 3602 3650 annuente
3619 3593 3738 3651 cle‘

459 3690 699 3762 mentis,
732 3708 765 3747 a
797 3691 1194 3747 fundamentis
1225 3691 1284 3746 in
1319 3691 1618 3748 meliorem
1651 3697 1716 3748 ut
1737 3691 1877 3747 olim
1901 3693 2089 3748 fuerat
2109 3695 2328 3747 statum
2359 3691 2582 3748 naviter
2606 3691 2976 3748 restauravit.
3002 3692 3149 3750 Nam
3169 3697 3228 3748 et
3245 3691 3552 3748 basilicam
3573 3691 3736 3749 beati

458 3787 704 3844 Romani
738 3789 1029 3862 martyris,
1063 3805 1190 3860 qua:
1223 3806 1338 3844 non
1370 3788 1541 3862 longe
1571 3789 1643 3845 ab
1677 3789 1826 3846 Urbe
1859 3788 1998 3844 foris
2029 3793 2196 3862 porta
2218 3788 2444 3846 Salaria
2471 3788 2586 3845 sita
2617 3793 2725 3856 est,
2758 3806 2793 3845 a
2822 3789 3222 3846 fundamentis
3251 3789 3512 3862 perfecit,
3544 3805 3733 3862 quam

457 3885 633 3941 etiam
668 3885 838 3942 titulo
870 3890 1206 3942 sanctorum
1239 3885 1500 3942 Silvestri
1533 3889 1589 3941 et
1619 3885 1854 3942 Martini
1884 3885 2219 3958 parochiam
2251 3902 2377 3942 esse
2408 3885 2680 3942 decrevit.
2717 3885 2875 3942 Fecit
2904 3889 3100 3942 autem
3131 3889 3190 3943 et
3208 3885 3516 3943 basilicam
3537 3886 3736 3943 sancti

457 3983 743 4039 Theodori
780 3983 1072 4056 martyris,
1107 4001 1234 4055 quae
1265 3983 1324 4038 in
1376 3983 1614 4040 Coranis
1643 3982 1870 4039 videtur
1897 3983 2115 4038 ﬁnibus
2162 3982 2354 4055 posita
2397 3981 2670 4039 milliario
2697 3983 2770 4038 ab
2801 3983 2944 4039 urbe
2975 3982 3160 4040 Roma
3188 3982 3512 4056 trigesimo,
3543 4000 3734 4056 quam

353 4083 420 4136 t5
457 4081 632 4137 etiam
667 4080 970 4154 splendide
1001 4081 1246 4152 picturis
1279 4079 1637 4154 fulgentibus
1668 4080 1978 4136 decoravit.

527 4179 673 4234 49]
715 4177 868 4234 Fecit
898 4183 1091 4234 autem
1124 4177 1184 4232 in
1216 4177 1458 4235 basilica
1487 4177 1640 4234 beati
1664 4177 1818 4234 Petri
1857 4176 2106 4250 apostoli
2137 4182 2354 4234 vestem
2389 4178 2460 4234 de
2488 4177 2882 4251 chrysoclavo,
2906 4177 3218 4237 habentem
3239 4179 3300 4235 in
3322 4179 3515 4236 medio
3532 4177 3734 4236 Salvae

455 4275 598 4333 toris
626 4275 902 4348 effigiem,
933 4279 990 4332 et
1009 4276 1210 4332 dextra
1240 4275 1496 4348 laevaque
1517 4276 1646 4348 ejus
1675 4274 1936 4330 omnium
1969 4280 2306 4331 sanctorum
2329 4273 2724 4348 apostolorum
2748 4275 3058 4332 rutilantes
3078 4277 3318 4350 ﬁguras,
3341 4294 3522 4350 quam
3543 4277 3732 4334 etiam

454 4373 896 4447 pretiosissimis
924 4373 1174 4447 gemmis
1195 4373 1448 4446 prasinis
1473 4379 1530 4430 et
1547 4373 1942 4447 hyacinthinis
1963 4373 2312 4446 perornavit.
2341 4373 2522 4448 Igitur
2541 4390 2914 4448 summopere
2935 4379 3384 4432 consummatus
3404 4375 3530 4447 ipse
3549 4391 3586 4430 a
3605 4373 3734 4432 Deo

454 4475 754 4544 protectus
781 4475 838 4526 et
869 4471 1246 4527 beatissimus
1276 4489 1448 4544 papa,
1483 4470 1578 4544 pia
1609 4471 1912 4527 devotione
1935 4469 2222 4527 sollicitus
2245 4489 2349 4544 pro
2372 4471 2742 4528 desiderabili
2767 4469 3078 4528 dilectione
3099 4476 3437 4528 sanctorum
3458 4471 3736 4530 Silvestri

379 4568 416 4624 5
452 4574 509 4623 et
537 4565 765 4628 Martini
797 4566 1124 4636 ecclesiam,
1160 4585 1287 4640 quae
1317 4573 1517 4624 sancto
1549 4585 1748 4625 eorum
1783 4568 1972 4624 fuerat
2001 4567 2224 4624 nomini
2258 4574 2614 4636 consecrata,
2647 4586 2825 4643 quam
2879 4569 2952 4626 ab
2991 4569 3228 4626 exordio
3273 4569 3584 4626 sacerdotii
3627 4571 3737 4628 sui

453 4680 761 4738 usqueqno
791 4665 864 4719 ad
895 4665 1270 4736 pontiﬁcatus
1301 4665 1530 4721 culmen
1563 4665 1852 4722 deductus
1882 4669 1972 4721 est
2000 4669 2236 4722 strenue
2264 4667 2626 4740 gubernavit,
2650 4671 2708 4724 et
2735 4683 2839 4740 per
2861 4666 3081 4723 olitana
3099 4671 3364 4740 tempora
3384 4667 3608 4724 defecta
3627 4684 3738 4725 ve-

452 4766 670 4818 tustate
703 4767 1031 4817 marcuerat
1062 4761 1363 4834 ruinisque
1394 4765 1690 4818 confracta
1719 4763 1819 4818 diu
1851 4762 2180 4836 antiquitus
2209 4762 2462 4820 lacerata
2494 4764 2788 4833 manebat,
2824 4764 2926 4821 Dei
2966 4769 3264 4822 annuente
3293 4764 3624 4834 clementia,
3660 4765 3734 4822 in

452 4857 748 4914 meliorem
783 4857 1295 4932 pulchrioremque
1325 4863 1543 4916 statum
1574 4878 1608 4916 a
1637 4859 2037 4916 fundamentis
2067 4861 2325 4933 perfecit.
2362 4861 2640 4918 Absidam
2664 4879 2898 4936 quoque
2922 4861 3108 4936 ipsius
3131 4861 3324 4919 aureis
3345 4862 3574 4918 mnsivo
3597 4879 3742 4936 per-

452 4956 583 5011 fuso
615 4955 909 5012 coloribus
939 4956 1161 5028 ingenti
1191 4974 1388 5014 arnore
1421 4959 1699 5031 depinxit.
1733 4960 1802 5014 Et
1830 4959 1900 5014 ad
1932 4958 2213 5015 honorem
2244 4957 2663 5031 omnipotentis
2693 4959 2816 5026 Dei,
2849 4959 3234 5032 ejusdemque
3255 4957 3580 5016 beatissimi
3609 4959 3736 5016 Sil-

347 5053 414 5106 10
451 5052 625 5108 vestri
656 5053 944 5126 praesulis,
979 5071 1188 5126 corpus
1211 5072 1343 5111 cum
1367 5056 1706 5112 beatissimo
1734 5056 1982 5112 Fabiano
2004 5061 2180 5129 atque
2203 5055 2519 5129 Stephano,
2541 5061 2598 5112 et
2620 5057 2820 5113 Sotere
2847 5055 3205 5130 martyribus
3230 5073 3298 5112 ac
3321 5055 3734 5129 pontiﬁcibus,

451 5149 747 5223 simulque
762 5151 988 5207 Asterie
1009 5157 1262 5226 martyre
1281 5169 1413 5208 cum
1439 5154 1839 5210 sacratissima
1860 5153 1978 5210 filia
1997 5155 2145 5226 ejus,
2171 5158 2488 5228 sanctoque
2508 5153 2744 5228 Cyriaco
2765 5159 2821 5210 et
2845 5155 3064 5222 Mauro,
3088 5154 3274 5227 Largo
3295 5159 3350 5210 et
3372 5154 3732 5227 Smaragdo,

449 5252 624 5320 atque
650 5249 962 5304 Anastasio
993 5253 1050 5304 et
1082 5250 1416 5306 Innocentio
1447 5251 1843 5324 pontiﬁcibus,
1877 5269 1995 5306 una
2023 5268 2158 5308 cum
2189 5255 2394 5308 sancto
2426 5250 2664 5318 Quirino
2703 5268 2769 5308 ac
2801 5252 2990 5308 Leone
3019 5250 3332 5324 episcopis,
3363 5251 3586 5324 pariter
3616 5257 3734 5308 Ar-

450 5344 692 5412 themio,
727 5343 1038 5412 Nicandro,
1071 5345 1480 5404 Crescentiano
1512 5347 1889 5421 martyribus,
1922 5365 2058 5404 cum
2089 5348 2308 5421 quibus
2341 5349 2514 5404 beata
2543 5349 2743 5405 Sotere
2773 5353 2948 5422 atque
2979 5346 3243 5415 Paulina,
3277 5364 3502 5405 necnon
3537 5349 3735 5406 Mem—

454 5441 589 5510 mia,
617 5439 856 5498 Juliana
885 5447 942 5497 et
972 5440 1236 5509 Quirilla,
1269 5444 1596 5516 Theopiste,
1649 5445 1865 5517 Sophia
1912 5445 2239 5518 virginibus
2271 5451 2445 5518 atque
2477 5445 2854 5519 martyribus,
2886 5449 2944 5502 et
2995 5445 3166 5501 beata
3207 5443 3482 5511 Quiriaca
3522 5445 3730 5517 vidua,

346 5531 412 5588 15
446 5553 580 5592 cum
613 5536 745 5592 aliis
767 5535 969 5592 multis
993 5553 1244 5610 quorum
1273 5539 1510 5594 nomina
1542 5540 1657 5596 Deo
1689 5541 1795 5597 soli
1830 5546 1970 5598 sunt
1995 5542 2248 5615 cognita,
2271 5546 2554 5614 utrosque
2575 5542 2688 5597 sub
2713 5558 2878 5598 sacro
2902 5539 3072 5598 altari
3093 5539 3372 5597 dedicans
3394 5539 3730 5602 collocavit.

517 5635 673 5690 492
707 5634 808 5689 llis
837 5633 1017 5706 igitur
1048 5633 1357 5706 magnifice
1404 5638 1672 5710 peractis,
1723 5640 1977 5712 gratanti
2025 5639 2223 5696 animo
2273 5642 2582 5712 menteque
2634 5639 2883 5696 sollicita
2911 5637 3124 5696 obtulit
3147 5637 3207 5694 in
3237 5638 3444 5696 eadem
3474 5639 3735 5700 ecclesia

446 5730 781 5802 perenniter
809 5731 928 5786 haec
960 5731 1388 5803 permanenda:
1425 5735 1689 5808 Regnum
1723 5753 1964 5792 aureum
1995 5735 2160 5793 valde
2189 5734 2687 5808 pretiosissimum
2716 5753 2852 5794 cum
2882 5735 3134 5811 gemmis
3161 5734 3443 5809 prasinis,
3477 5735 3734 5810 hyacin-

1489 5848 1739 5895 NOTULE
1780 5848 2161 5896 HARGINALES
2205 5847 2525 5896 FABBOTTI.

379 5914 455 5988 (ιι)
484 5922 714 5976 Plotina
744 5922 805 5976 in
831 5921 1042 5990 Sergio.
1071 5921 1164 5972 (In
1183 5920 1339 5973 Furta
1365 5922 1637 5988 Gamaui.
