3928 6210
125 6072 257 6144 -

260 189 414 250 I307
1410 192 1513 251 AN
1521 198 1563 253 A
1576 191 1829 253 STASII
1871 190 2388 255 BIBLIOTHECA
2399 192 2529 255 R11.
3518 194 3673 259 1308

400 322 675 395 pendere,
710 322 1041 379 duodecim.
1075 328 1219 381 Item
1251 324 1377 381 vela
1407 325 1593 382 serica
1623 324 1755 382 alba
1785 326 2023 399 triginta
2054 332 2110 383 et
2140 330 2409 400 quatuor.
2436 326 2591 389 Fecit
2619 345 2752 385 vero
2776 328 2835 384 in
2866 327 3069 385 eadem
3099 327 3359 386 basilica
3387 329 3461 387 ad
3484 328 3675 403 splen-

400 421 601 476 dorem
633 420 782 475 sacri
818 421 1019 477 altaris
1051 428 1267 478 vestem
1299 423 1704 493 holosericam,
1730 425 2043 481 habentem
2076 425 2388 499 periclysin
2421 428 2490 483 de
2513 426 2906 501 chrysoclavo.
2931 426 3196 484 Etaliam
3223 432 3449 485 vestem
3473 427 3672 484 albam

298 519 367 573 15
407 535 538 573 'um
571 518 740 587 rosis,
774 519 1086 575 habentem
1118 525 1273 576 rotas
1298 527 1543 593 septem,
1577 529 1633 578 et
1664 524 1721 578 in
1754 524 1945 579 medio
1964 524 2227 580 tabulam
2252 526 2321 580 de
2344 523 2735 597 chrysoclavo,
2765 542 2899 581 cum
2923 525 3115 598 effigie
3134 524 3393 582 hominis
3415 527 3674 599 gerentis

404 616 464 671 in
497 616 682 689 capite
712 633 977 689 gemmas
1008 619 1272 690 prasinas
1304 619 1580 692 quinque.
1617 621 1756 676 Item
1787 626 2009 677 vestem
2034 621 2227 678 albam
2259 623 2330 678 de
2360 622 2732 696 chrysoclavo
2755 640 2889 679 cum
2909 623 3051 679 rotis
3073 639 3192 679 sex.
3220 622 3377 678 Fecit
3396 628 3596 679 autem
3616 622 3675 678 in

399 716 527 787 jam
558 715 713 771 dicta
741 715 984 771 basilica
1014 716 1086 771 ad
1118 716 1395 773 honorem
1427 723 1483 773 et
1510 718 1755 791 gloriam
1790 721 1937 775 sacri
1972 720 2172 776 altaris
2197 719 2322 776 vela
2348 720 2625 778 habentia
2658 737 2861 777 eruces
2892 725 2949 777 et
2970 720 3339 795 gammadias
3372 721 3443 777 de
3466 720 3675 793 chyso-

407 812 566 869 clavo
592 818 649 869 et
670 815 917 887 gemmis
935 832 999 871 ac
1019 815 1195 871 bullis
1214 816 1406 872 aureis
1437 818 1524 872 33.
1540 816 1745 873 Velum
1761 818 2054 891 aeulptile,
2082 819 2302 875 habens
2325 818 2583 876 hominis
2603 819 2857 893 effigiem
2881 818 3140 875 sedentis
3163 836 3342 892 super
3383 835 3672 891 pavonem

409 928 616 967 unum.
652 912 795 967 Item
825 912 968 981 vela,
1002 913 1277 970 habentia
1308 915 1612 971 historiam
1644 920 1856 973 sancta:
1887 917 1989 973 Dei
2040 917 2535 991 Genitricisﬁtria.
2567 920 2711 974 Item
2742 917 2890 973 velia
2929 917 3173 973 fundata
3198 917 3670 989 quatuordecim,

303 1010 373 1063 20
411 1014 465 1063 et
497 1008 609 1064 alia
639 1026 772 1064 cum
804 1017 961 1066 veste
991 1012 1061 1067 de
1092 1011 1342 1068 blatthin
1374 1014 1507 1069 duo.

480 1109 634 1164 499
676 1108 801 1180 Ipse
831 1109 1067 1182 quidem
1099 1109 1348 1167 eximius
1377 1116 1433 1166 et
1453 1112 1829 1167 beatissimus
1851 1129 2001 1185 papa
2022 1112 2156 1169 fecit
2184 1112 2242 1168 in
2274 1113 2517 1170 basilica
2546 1119 2761 1171 sanctae
2795 1113 2889 1169 Dei
2923 1112 3253 1182 Genitricis,
3279 1129 3406 1185 quae
3430 1110 3679 1184 ponitur

413 1205 473 1260 in
502 1206 628 1262 vico
661 1206 760 1279 qui
794 1213 1172 1281 nuncupatur
1202 1210 1542 1276 Sardorum,
1574 1215 1792 1265 vestem
1826 1212 1896 1266 de
1927 1211 2189 1278 fundato,
2225 1211 2535 1268 habentem
2553 1211 2859 1269 historiam
2882 1216 3098 1268 sanctae
3130 1210 3232 1268 Dei
3265 1208 3582 1267 Genitricis
3604 1209 3681 1264 de

410 1303 784 1376 chrysoclavo
816 1323 949 1361 cum
982 1307 1297 1380 prophetis.
1324 1313 1454 1380 Ipse
1475 1325 1605 1364 vero
1631 1326 1665 1364 a
1685 1309 1801 1365 Deo
1832 1308 2101 1365 amabilis
2132 1314 2191 1366 et
2220 1309 2719 1382 prudentissimus
2741 1327 2891 1383 papa
2912 1309 3122 1366 sedilia
3152 1308 3211 1364 in
3234 1308 3506 1381 ingressu
3530 1324 3689 1363 mar-

416 1393 683 1449 moribus
714 1395 1050 1467 patriarchii
1085 1396 1431 1465 construxit,
1466 1414 1594 1469 qua:
1626 1397 1827 1454 nullus
1848 1398 2192 1470 pontiﬁcum
2216 1403 2279 1453 ut
2302 1400 2604 1471 perficeret
2636 1399 2958 1455 arbitratus
2987 1402 3095 1454 est.
3127 1398 3273 1453 Nam
3295 1402 3352 1453 et
3372 1395 3685 1465 solarium,

341 1491 377 1545 5
414 1491 566 1563 quod
594 1491 770 1547 beata:
793 1492 1086 1548 memoria:
1111 1495 1222 1550 Leo
1236 1494 1443 1550 tertius
1465 1512 1617 1567 papa
1637 1500 2060 1565 construxerat,
2080 1513 2214 1552 cum
2236 1514 2352 1569 pra:
2374 1497 2558 1553 nimia
2577 1501 2864 1553 vetustate
2888 1496 3088 1553 fractis
3117 1494 3385 1552 trabibus
3409 1493 3468 1549 in
3494 1493 3688 1549 ruinis

415 1594 751 1645 cerneretur
781 1607 1071 1658 eversum,
1105 1592 1330 1648 noviter
1358 1592 1663 1664 pulchrius
1693 1594 1751 1648 in
1781 1593 2079 1650 meliorem
2114 1594 2364 1667 speciem
2397 1594 2761 1651 restauravit.
2796 1594 2899 1650 Hic
2930 1594 3169 1668 quidem
3198 1591 3449 1667 insignis
3470 1595 3529 1648 et
3550 1591 3689 1665 pius

416 1688 666 1743 antistes
698 1688 755 1742 in
787 1689 1032 1745 basilica
1061 1690 1212 1745 beati
1248 1689 1408 1745 Pauli
1443 1690 1689 1763 apostoli
1722 1708 1976 1765 superno
2016 1693 2198 1749 fretus
2229 1710 2425 1748 amore
2449 1692 2816 1765 vespertinas
2864 1691 3096 1765 publice
3127 1708 3160 1746 a
3190 1695 3400 1746 cuncto
3440 1688 3597 1746 clero
3629 1693 3691 1746 et

415 1784 616 1841 schola
644 1787 948 1842 constituit
968 1787 1059 1842 die
1083 1786 1295 1843 natalis
1318 1789 1446 1859 ejus
1469 1788 1637 1861 psalli
1660 1789 1880 1846 laudes.
1908 1790 2097 1862 Hujus
2118 1791 2271 1847 beati
2296 1794 2554 1864 tempore
2577 1790 2847 1864 prwsulis
2868 1793 3234 1846 terraemotus
3257 1787 3316 1844 in
3332 1788 3477 1843 urbe
3500 1788 3692 1843 Roma

418 1899 519 1955 per
548 1882 925 1941 indictionem
960 1885 1148 1941 factus
1170 1890 1261 1942 est
1284 1886 1592 1955 decimam,
1619 1887 1700 1942 ita
1720 1891 1787 1943 ut
1808 1888 2005 1943 omnia
2025 1888 2311 1944 elementa
2332 1902 2619 1944 concussa
2639 1886 2976 1943 viderentur
2996 1886 3067 1943 ab
3091 1886 3388 1942 omnibus.
3421 1885 3691 1957 Ipsejam

314 1982 379 2038 10
418 1982 726 2053 saepefatus
756 1987 812 2038 et
842 1983 1267 2040 solertissimus
1297 1985 1553 2057 pontifex
1577 1986 1899 2041 secundum
1924 1986 2230 2059 antiquam
2252 1986 2738 2042 consuetudinem
2763 1984 3043 2041 canonica
3064 1983 3412 2040 auctoritate
3435 1982 3695 2039 decrevit

419 2084 593 2151 atque
625 2081 950 2148 constituit,
986 2087 1051 2138 ut
1081 2083 1222 2138 dum
1254 2100 1421 2138 sacra
1449 2083 1767 2139 missarum
1798 2083 2085 2140 solemnia
2115 2083 2174 2138 in
2198 2083 2442 2139 ecclesia
2471 2083 2819 2160 celerantur,
2844 2081 3044 2138 nullus
3069 2099 3140 2138 ex
3168 2080 3334 2137 laicis
3366 2081 3423 2135 in
3448 2080 3693 2153 presby-

419 2178 565 2233 terio
588 2182 742 2235 stare
757 2180 844 2234 vel
871 2181 1071 2236 sedere
1095 2185 1196 2236 aut
1214 2180 1441 2253 ingredi
1463 2185 1798 2253 praesumat,
1824 2182 1936 2237 nisi
1960 2185 2193 2238 tantum
2224 2198 2392 2238 sacra
2412 2180 2577 2254 plebs
2594 2199 2720 2255 qua:
2741 2180 2800 2236 in
2818 2177 3326 2237 administratione
3341 2177 3495 2235 sacri
3510 2175 3692 2234 ofﬁcii

419 2276 741 2333 constituta
768 2278 1018 2335 videtur.
2242 2275 2254 2290 ⁸

496 2376 649 2432 ωε)
688 2376 817 2448 Ipse
848 2374 1083 2447 quidem
1142 2377 1519 2435 beatissimus
1572 2379 1829 2451 pontifex
1858 2381 1991 2451 post
2020 2378 2235 2433 easdem
2263 2380 2320 2433 et
2348 2376 2837 2450 depraedationem
2860 2393 3021 2432 sisvzs
3041 2374 3231 2449 gentis
3260 2376 3690 2448 Agarenorum,

423 2490 601 2546 quam
633 2474 690 2529 in
722 2477 1059 2531 sanctorum
1088 2474 1498 2547 Apostolorum
1523 2475 1784 2533 ecclesiis
1816 2479 2181 2549 peregerunt,
2216 2475 2286 2531 ad
2319 2474 2805 2531 restaurationem
2836 2473 3098 2547 ipsarum
3138 2471 3399 2545 quotidie
3420 2471 3689 2527 animum

423 2574 1135 2646 praztendebat,quatenus
1167 2574 1365 2630 omnia
1396 2592 1522 2646 quae
1555 2574 1627 2630 ab
1656 2573 1853 2646 impiis
1875 2573 2151 2630 manibus
2172 2572 2367 2630 ablata
2386 2573 2617 2629 fuerant
2636 2575 3201 2645 repararet,sperans
3221 2574 3448 2627 eterna:
3475 2570 3684 2625 futura:

420 2670 823 2727 retributionis
843 2672 1586 2739 mercedem.Quamobrem
1604 2671 1887 2728 obtulitin
1907 2670 2152 2727 basilica
2165 2671 2319 2727 beati
2342 2670 2492 2727 Petri
2505 2669 2752 2743 apostoli
2766 2670 3074 2726 buttonem
3095 2669 3166 2724 de
3186 2672 3429 2741 argento
3444 2666 3687 2739 purissi-

351 2772 386 2826 5
426 2786 519 2825 mo
538 2786 672 2826 cum
694 2770 966 2843 gabathis
990 2770 1283 2844 argenteis
1301 2770 1690 2842 pendentibus
1709 2770 1767 2825 in
1791 2768 2076 2825 catenulis
2092 2768 2502 2841 septem.Fecit
2522 2772 2717 2824 autem
2738 2767 2810 2823 ad
2829 2765 3318 2822 illuminationem
3332 2763 3523 2837 ipsius
3542 2763 3694 2819 basi-

423 2866 545 2923 lica
579 2871 696 2924 rete
726 2868 1005 2936 ahenum,
1038 2886 1173 2926 cum
1204 2867 1478 2925 canistris
1498 2866 1789 2940 argenteis
1818 2868 2017 2923 decem
2047 2870 2104 2922 et
2133 2870 2378 2938 septem.
2402 2865 2545 2921 Nam
2579 2867 2636 2921 et
2661 2864 2911 2937 pharum
2942 2863 3103 2919 mirae
3134 2860 3562 2935 magnitudinis
3612 2861 3682 2916 ad

425 2966 795 3039 splendorem
818 2971 874 3024 et
902 2966 1149 3041 gloriam
1172 2966 1386 3039 sazpius
1405 2970 1735 3021 memorata:
1767 2964 2022 3021 ecclesiae
2055 2964 2343 3037 reparavit
2370 2981 2383 3032 ;
2404 2963 2463 3018 in
2486 2980 2603 3035 qua
2623 2961 2801 3018 etiam
2823 2960 3034 3017 obtulit
3058 2976 3333 3017 ceronam
3357 2960 3428 3015 de
3452 2964 3694 3032 argento

424 3064 837 3135 mundissimo,
868 3082 1110 3138 pensan.
1146 3065 1487 3121 libras.......
1520 3063 1659 3120 Vela
1697 3064 1768 3120 de
1819 3063 2080 3129 fundato,
2114 3079 2241 3135 qua;
2274 3061 2335 3117 in
2366 3060 2591 3117 ambitu
2623 3059 2773 3116 sacri
2806 3058 3007 3116 altaris
3039 3057 3376 3131 pulchriora
3405 3056 3690 3129 pendent.

423 3164 627 3236 viginti
650 3164 928 3236 quinque.
949 3164 1091 3219 Item
1114 3162 1240 3219 vela
1259 3161 1495 3217 leonum
1515 3162 1793 3218 habentia
1813 3160 2116 3227 historias,
2140 3176 2267 3232 quas
2290 3163 2423 3215 ante
2435 3156 2790 3214 vestibulum
2812 3173 2988 3212 saera:
3005 3153 3402 3212 Confessionis
3443 3171 3508 3209 ce
3519 3171 3696 3209 rnun-

322 3263 391 3317 10
428 3266 525 3317 tur
554 3263 805 3335 pendere
825 3263 1044 3318 decem.
1066 3263 1137 3318 Et
1166 3260 1281 3317 alia
1298 3260 1429 3316 vela
1449 3260 1519 3316 de
1543 3260 1806 3325 fundato,
1822 3276 1949 3331 quae
1969 3258 2122 3313 inter
2141 3256 2446 3314 columnas
2464 3255 2649 3327 ipsius
2668 3253 3012 3311 veneranda)
3034 3252 3288 3309 basilicae
3310 3252 3513 3308 dextra
3530 3250 3699 3307 lava-

428 3377 543 3433 que
573 3364 903 3430 coruscant,
936 3357 1324 3431 quadraginta
1354 3361 1410 3413 et
1439 3374 1555 3414 sex.
1591 3357 1735 3412 Item
1767 3356 1893 3411 vela
1923 3356 1996 3411 de
2043 3355 2305 3423 fundato,
2332 3353 2532 3427 quain
2563 3370 2703 3409 arcu
2742 3353 2816 3409 ad
2852 3355 3125 3408 ornatum
3156 3354 3214 3408 et
3251 3348 3691 3406 decorationem

429 3456 771 3530 presbyterii
804 3456 1077 3528 pendent,
1101 3454 1343 3527 triginta
1371 3459 1427 3509 et
1456 3454 1585 3509 tria.
1617 3453 2032 3509 Verumtamen
2065 3456 2121 3509 et
2150 3452 2265 3511 alia
2309 3450 2436 3507 vela
2465 3452 2535 3507 de
2566 3450 2833 3518 fundato,
2869 3466 2995 3522 qua;
3029 3450 3088 3504 in
3120 3447 3365 3505 diversis
3418 3447 3692 3520 ejusdem

434 3554 686 3610 basilicas
719 3552 863 3609 locis
892 3553 1017 3625 ipse
1045 3552 1338 3609 almificus
1367 3568 1520 3624 papa
1545 3550 1850 3607 constituit
1878 3551 2150 3623 pendere,
2184 3550 2384 3606 decem
2416 3553 2565 3605 octo.
2595 3548 2666 3604 Et
2685 3547 2801 3606 alia
2828 3548 2968 3603 item
2989 3546 3135 3614 vela,
3172 3563 3298 3619 quas
3321 3545 3696 3617 antejanuas

434 3668 610 3708 sacris
642 3650 896 3707 basilica:
926 3651 1201 3723 pendent,
1236 3653 1507 3722 quatuor.

507 3748 652 3806 θυι
698 3748 802 3804 Hic
831 3765 963 3805 vero
986 3746 1233 3823 insignis
1265 3751 1322 3803 et
1350 3745 1846 3821 prudentissimus
1878 3745 2092 3818 praesul
2123 3761 2377 3820 superno
2405 3745 2591 3802 fretus
2623 3759 2821 3800 amore
2843 3741 2979 3799 fecit
3007 3741 3067 3798 in
3096 3740 3341 3799 basilica
3360 3744 3704 3798 sanctorum

434 3851 730 3919 matyrum
761 3849 1004 3917 qeatuor
1032 3846 1450 3903 Coronatorum
1480 3847 1699 3901 vestem
1751 3844 1823 3899 de
1869 3842 2233 3917 chysoclavo,
2274 3843 2591 3899 habentem
2643 3839 2951 3899 historiam
2989 3837 3442 3896 resurrectionis
3470 3836 3709 3893 Domini

436 3943 621 3999 nostri
649 3943 790 3999 Jesu
822 3944 956 3999 Chri
994 3944 1060 4013 ti,
1094 3947 1268 4016 atque
1298 3943 1521 4016 efﬁgies
1544 3941 1951 4015 praedictorum
1975 3945 2301 4013 martyrum
2325 3944 2382 3995 et
2402 3938 2591 4012 ipstus
2610 3937 2848 3994 almifici
2871 3935 3171 4009 prazsuIis;
3194 3935 3375 4008 hujus
3390 3935 3551 3991 enim
3570 3952 3712 4007 pre-

438 4041 538 4097 fati
566 4041 803 4098 almifici
833 4041 1101 4114 praasulis
1132 4041 1366 4097 animus
1396 4044 1557 4095 tanto
1588 4038 1783 4095 divino
1815 4038 2081 4111 fulgebat
2111 4055 2328 4106 amore,
2363 4042 2429 4092 ut
2458 4054 2527 4093 ea
2556 4054 2684 4109 quae
2713 4034 2941 4109 pridem
2972 4050 3041 4089 ex
3072 4033 3227 4090 beati
3276 4032 3425 4088 Petri
3458 4031 3711 4105 apostoli

359 4142 396 4195 5
433 4139 679 4196 ecclesia
707 4140 781 4195 ab
803 4139 1001 4212 impiis
1034 4139 1309 4194 manibus
1337 4137 1791 4193 innumerabilia
1820 4138 2051 4193 fuerant
2071 4138 2225 4193 bona
2242 4135 2439 4192 ablata
2468 4153 2575 4192 suo
2594 4133 2886 4208 praecipuo
2919 4136 3183 4205 tempore
3214 4129 3435 4187 libente
3459 4128 3715 4185 voluerit

474 4243 703 4312 pectore
732 4237 931 4294 omnia
960 4237 1181 4294 noviter
1201 4240 1544 4293 restaurare.
1581 4235 1802 4290 Idcirco
1820 4235 1892 4290 ad
1914 4235 2091 4290 decus
2118 4238 2174 4290 et
2197 4233 2480 4289 honorem
2499 4231 2685 4306 ipsius
2707 4230 2996 4304 praedictae
3023 4228 3280 4286 ecclesiae
3304 4227 3442 4284 fecit
3462 4244 3713 4284 coronas

437 4354 505 4392 ex
536 4340 775 4409 argento
808 4333 1123 4407 purissimo
1146 4332 1293 4388 miro
1324 4332 1679 4405 compositas
1711 4346 1883 4403 opere
1914 4331 2063 4387 duas
2095 4330 2419 4403 pendentes
2450 4328 2510 4383 in
2544 4326 2834 4384 catenulis
2866 4324 3179 4399 argenteis,
3214 4342 3349 4380 cum
3380 4323 3639 4397 gemmis
3658 4327 3719 4379 et

439 4433 618 4491 bullis
649 4432 965 4500 deauratis,
992 4447 1367 4503 pensan.una
1394 4429 1575 4484 libras
1603 4431 1837 4483 centum
1868 4427 2110 4501 triginta
2137 4430 2193 4483 et
2221 4428 2392 4495 duas,
2414 4431 2471 4482 et
2498 4425 2615 4482 alia
2643 4428 2877 4481 centum
2900 4428 2956 4479 et
2984 4422 3246 4497 triginta,
3277 4421 3569 4477 habentes
3593 4437 3719 4476 una

440 4531 842 4589 clamacterios
872 4534 1175 4603 argenteos
1205 4529 1408 4585 subter
1430 4527 1791 4601 pendentens
1810 4525 2053 4599 triginta
2082 4529 2141 4582 et
2159 4529 2418 4597 septem;
2449 4528 2508 4581 et
2526 4523 2704 4581 aliam
2721 4521 2902 4579 simili
2915 4521 3088 4578 modo
3106 4520 3422 4576 habentem
3449 4519 3718 4592 quadra-

338 4634 403 4687 10
440 4631 621 4704 ginta.
654 4630 724 4685 Et
752 4626 892 4702 quia
911 4628 1105 4684 divino
1127 4644 1358 4700 semper
1376 4630 1500 4682 erat
1521 4641 1762 4680 munere
1785 4627 2151 4697 perornatus,
2177 4622 2537 4695 dignamque
2566 4621 2637 4677 de
2656 4618 2933 4677 omnibus
2952 4634 3155 4674 curam
3176 4621 3232 4673 et
3251 4614 3719 4673 sollicitudinem

442 4730 655 4786 habere
687 4729 960 4785 studebat
989 4726 1253 4794 feliciter,
1285 4724 1421 4781 fecit
1450 4723 1509 4779 in
1532 4722 1783 4779 oratorio
1815 4721 2003 4778 sancti
2031 4721 2275 4777 Andreas
2306 4718 2556 4793 apostoli
2589 4719 2661 4775 ad
2694 4720 2966 4775 sanctum
2994 4716 3226 4772 Petrum
3252 4712 3384 4769 vela
3405 4713 3726 4785 majorade

443 4829 685 4885 fundato
714 4827 850 4895 duo,
883 4829 941 4881 et
969 4824 1083 4881 alia
1115 4825 1341 4880 minora
1371 4821 1630 4894 quinque
1659 4824 1867 4877 ornata
1894 4819 1953 4875 in
1986 4819 2234 4876 circuitu
2265 4819 2338 4875 de
2366 4816 2639 4874 blatthin.
3288 4884 3297 4894 .

516 4925 667 4983 502
698 4925 827 4997 Ipse
848 4939 978 4979 vero
1002 4939 1035 4979 a
1055 4923 1171 4979 Deo
1202 4924 1497 4995 protectus
1541 4918 1855 4976 venerabili
1886 4922 1942 4974 et
1982 4916 2296 4990 praeclarus
2315 4915 2571 4990 pontifex
2586 4911 2798 4970 fecitln
2821 4908 3177 4967 monasterio
3199 4905 3388 4964 sancti
3408 4907 3715 4963 Anastasii

445 5039 547 5096 pro
578 5026 795 5077 aeterna
813 5020 1021 5076 animae
1044 5036 1161 5075 suae
1186 5018 1582 5090 redemptione
1600 5020 1820 5073 vestem
1847 5015 2095 5072 sericam
2115 5016 2186 5070 de
2207 5014 2448 5069 fundato
2464 5029 2662 5080 unam,
2681 5010 2995 5067 habentem
3014 5006 3323 5063 historiam
3346 5004 3719 5077 aquilarum.

447 5119 727 5177 Similiter
755 5123 813 5175 et
839 5118 967 5175 vela
998 5118 1068 5173 de
1098 5117 1341 5173 fundato
1370 5117 1506 5185 duo,
1540 5118 1774 5187 compta
1801 5113 1861 5169 in
1887 5112 2133 5169 circuitu
2157 5114 2228 5169 de
2249 5110 2524 5169 blatthin.
2548 5109 2740 5166 Simili
2760 5107 2934 5164 modo
2956 5105 3091 5163 fecit
3119 5104 3180 5160 in
3206 5103 3568 5159 monasterio
3590 5120 3726 5159 san-

446 5223 549 5274 cta
577 5218 852 5274 Praxedis
882 5220 1100 5272 vestem
1133 5217 1205 5272 de
1235 5215 1480 5271 fundato
1512 5230 1711 5270 unam.
1746 5212 1850 5268 Hic
1881 5227 2117 5284 quoque
2146 5210 2462 5283 praedictus
2482 5206 2753 5281 pressula
2775 5205 2869 5261 die
2892 5220 3007 5276 qua
3027 5201 3224 5257 divina
3243 5199 3429 5256 fretus
3453 5199 3724 5271 potentia

371 5316 408 5371 5
445 5332 672 5373 sacram
704 5314 949 5389 apsstoli
971 5314 1131 5385 .Petri
1165 5314 1364 5370 sedem
1396 5313 1557 5369 omni
1590 5309 1952 5383 benignitate
1973 5307 2332 5376 conscendit,
2382 5322 2518 5361 mox
2563 5305 2633 5360 de
2674 5301 2884 5376 priscis
2914 5298 3002 5356 vel
3037 5296 3299 5369 antiquis
3333 5296 3489 5352 sacri
3521 5295 3726 5369 palatii

449 5413 678 5485 usibus,
707 5417 882 5486 atque
914 5411 1240 5480 ordinibus,
1273 5411 1371 5484 qui
1404 5411 1513 5467 sub
1545 5410 2047 5483 prmdecessorum
2077 5423 2319 5463 suorum
2350 5404 2700 5478 pontiﬁcum
2733 5405 2997 5472 tempora
3026 5394 3246 5468 erupit,
3277 5398 3456 5467 atque
3498 5392 3733 5450 diversa

446 5511 874 5569 consuetudine
906 5512 1137 5567 fuerant
1159 5509 1352 5577 deleti,
1386 5510 1516 5565 ideo
1547 5509 1618 5564 ad
1652 5525 1770 5563 sua:
1801 5505 2147 5563 memoriam
2180 5501 2511 5560 sanctitatis
2542 5499 2847 5556 universos
2879 5495 3181 5561 reducere,
3208 5491 3297 5548 vel
3328 5491 3388 5546 in
3416 5490 3729 5548 meliorem

447 5613 668 5665 statum
699 5624 875 5681 quam
908 5623 1096 5679 nuper
1118 5607 1346 5662 fuerant
1368 5604 1565 5661 omnia
1585 5603 1784 5659 libenti
1810 5601 2007 5658 animo
2039 5600 2307 5656 ordinare
2330 5597 2493 5655 avide
2513 5600 2757 5652 conatus
2778 5597 2885 5650 est.
2910 5591 3055 5648 Nam
3079 5594 3137 5646 et
3159 5587 3524 5656 accubitum,
3567 5586 3727 5658 quod

448 5706 703 5761 domnus
733 5706 846 5760 Leo
878 5705 1042 5759 bona:
1076 5702 1369 5757 memoria:
1400 5701 1607 5757 tertius
1633 5718 1784 5773 papa
1814 5718 1848 5755 a
1878 5697 2279 5754 fundamentis
2312 5697 2735 5761 construxerat,
2757 5695 2815 5747 et
2848 5688 3047 5746 omnia
3073 5688 3423 5743 ornamenta
3467 5701 3596 5756 qua:
3626 5683 3713 5739 ibi

338 5794 409 5852 lO
445 5804 768 5874 paraverat,
794 5816 908 5871 pra:
950 5799 1135 5854 nimia
1164 5803 1450 5854 vetustate
1478 5802 1535 5853 et
1572 5797 1859 5852 oblivione
1895 5801 2334 5851 antecessorum
2357 5792 2705 5865 pantificum
2736 5787 2925 5845 deleta
2964 5788 3136 5853 sunt;
3174 5788 3232 5839 et
3270 5781 3331 5837 in
3374 5782 3472 5838 die
3492 5779 3724 5837 Natalis

452 5892 688 5953 Domini
716 5894 898 5952 nosiri
918 5896 1059 5953 Jesu
1079 5893 1295 5950 Christi
1308 5895 1631 5951 secundum
1654 5908 1910 5958 carnem,
1928 5896 2051 5948 tam
2073 5892 2325 5949 domnus
2345 5889 2658 5963 Gregorius
2679 5902 2858 5961 quam
2882 5888 2940 5943 et
2963 5884 3218 5941 domnus
3238 5879 3479 5953 Sergius
3501 5881 3721 5936 sancta:

456 5989 1103 6049 recordationisibidem
1115 5989 1356 6048 minime
1376 5990 1791 6063 epulabantur:
1814 5989 2003 6046 isdem
2019 6005 2152 6048 vero
2174 5988 2553 6047 beatissimus
2573 5992 2630 6046 et
2649 6001 2919 6045 summus
2939 5979 3151 6057 praesul
3174 5981 3287 6039 Leo
3310 5980 3561 6051 quartus
3580 5991 3723 6051 cum
