3928 6210
188 206 338 272 I309
988 178 1365 268 HISTORIK
1401 205 1504 268 DE
1550 205 1754 269 VITlS
1800 202 1991 267 ΗΘΜ.
2036 204 2449 267 PONT.—S.
2496 204 2643 267 LEO
2686 204 2788 266 IV.
3433 198 3592 263 1310

321 338 545 416 gaudio
573 342 631 396 et
659 338 844 395 nimia
863 337 1244 394 delectatione
1265 338 1463 394 omnia
1482 343 1845 407 ornamenta,
1872 337 1991 393 sive
2011 336 2309 404 alimenta,
2334 354 2461 409 qua:
2484 336 2618 392 inde
2636 336 2825 393 deleta
2847 337 3093 403 fuerant,
3118 336 3339 393 noviter
3355 353 3589 410 repara-

320 439 430 510 vit,
459 443 518 495 et
546 438 620 493 ad
650 454 827 493 usum
859 435 1174 509 pristinum
1206 436 1515 507 magniﬁce
1547 437 1850 491 revocavit.
1885 436 2118 490 Necnon
2151 440 2209 489 et
2246 452 2477 490 crucem
2507 452 2576 490 ex
2604 452 2747 491 auro
2783 434 3098 508 purissimo
3128 436 3377 507 gemmis
3415 452 3586 491 orna-

219 539 286 594 15
322 542 469 605 tam,
504 552 685 608 quam
715 534 957 590 Carolus
988 533 1097 606 pia:
1125 534 1419 589 memoriae
1446 534 1761 606 imperator
1792 534 2145 589 Francorum
2176 538 2233 588 et
2255 535 2651 588 Romanorum
2676 533 2732 588 in
2760 532 3005 588 basilica
3024 532 3340 588 Salvatoris
3360 533 3584 588 Domini

319 633 510 691 nostri
537 633 680 690 Jesu
710 632 944 697 Christi,
972 649 1100 704 quae
1132 631 1610 688 Constantiniana
1640 635 2032 703 nuncupatur,
2066 632 2430 704 temporibus
2461 632 2661 686 domni
2697 631 2905 687 Leonis
2931 634 3146 686 sancta
3172 630 3586 686 recordationis

319 732 479 788 tertii
504 747 667 804 papae
694 728 1004 796 obtulerat,
1036 746 1165 801 quae
1198 746 1326 785 mos
1354 734 1479 785 erat
1509 733 1572 784 ut
1604 730 1659 783 in
1692 729 1911 784 litaniis
1938 735 2073 785 ante
2104 728 2573 785 sacratissimum
2606 729 2940 801 pontiﬁcem
2972 728 3101 801 ipsa
3133 727 3499 800 praecederet,
3531 731 3589 783 et

320 829 410 885 sic
441 826 762 902 permansit
782 843 971 899 usque
987 826 1058 881 ad
1078 830 1312 897 tempus
1334 831 1546 882 sanctae
1577 826 1995 882 recordationis
2006 827 2206 882 domni
2227 827 2526 883 Paschalis
2547 844 2729 899 papas,
2750 827 2903 881 unde
2917 825 3205 881 diabolica
3216 824 3590 897 suggestione

323 930 501 999 atque
529 924 904 998 instigatione
935 941 969 980 a
1001 923 1173 980 malis
1204 928 1427 981 extorta
1456 929 1565 993 est,
1597 929 1655 980 et
1685 941 1718 979 a
1746 924 2075 980 latronibus
2105 929 2272 979 nocte
2304 924 2505 979 furtim
2537 923 2760 991 ablata;
2787 922 3061 979 etnullus
3083 922 3359 994 deinceps
3380 922 3592 993 praede-

214 1025 284 1080 20
322 1038 626 1079 cessorum
659 1022 1027 1095 pontificum,
1060 1025 1180 1077 tam
1212 1022 1466 1078 domnus
1497 1021 1793 1077 Paschalis
1824 1039 1999 1093 quam
2032 1023 2286 1077 domnus
2318 1021 2635 1094 Eugenius,
2662 1022 2779 1077 sive
2803 1022 3056 1076 domnus
3077 1019 3444 1083 Valentinus,
3470 1018 3588 1073 sive

323 1121 583 1176 domnus
612 1118 947 1192 Gregorius,
982 1136 1205 1175 necnon
1237 1125 1295 1174 et
1321 1120 1574 1175 domnus
1609 1120 1846 1193 Sergius
1877 1122 2212 1176 recordatus
2244 1120 2353 1175 fuit
2373 1125 2439 1176 ut
2466 1137 2594 1175 eam
2628 1123 2979 1175 restauraret
3000 1122 3054 1173 et
3078 1118 3147 1172 ad
3173 1133 3349 1172 usum
3374 1122 3586 1172 sanctae

323 1216 426 1274 Dei
459 1217 734 1273 Romana}
765 1214 1035 1273 Ecclesiae
1066 1221 1361 1289 repararet
1384 1216 1487 1288 (a):
1512 1217 1612 1273 sed
1642 1217 1825 1274 isdem
1861 1218 2133 1290 praefatus
2156 1223 2211 1273 et
2232 1218 2580 1291 magnificus
2604 1217 2813 1289 praesul
2837 1215 2971 1271 fecit
2990 1233 3058 1271 ex
3078 1232 3220 1270 auro
3242 1213 3579 1286 purissimo,

321 1319 382 1371 et
414 1313 578 1370 mirae
610 1312 1039 1385 magnitudinis
1069 1313 1402 1386 margaritis
1435 1318 1490 1369 et
1519 1315 1771 1387 gemmis
1802 1314 2201 1387 hyacinthinis
2231 1318 2288 1371 et
2316 1314 2572 1387 prasinis
2593 1314 2817 1369 utiliter
2838 1312 3083 1381 ornavit,
3108 1317 3165 1368 et
3185 1312 3255 1367 ad
3281 1328 3457 1367 usum
3478 1310 3567 1384 pri

320 1410 545 1469 stinum
575 1415 788 1467 sanctas
819 1410 920 1466 Dei
951 1411 1260 1468 Genitricis
1287 1411 1559 1467 Romanae
1591 1413 1859 1468 Ecclesia:
1891 1413 2137 1468 mirifice
2168 1414 2478 1469 decoravit.

396 1510 551 1567 ωε
583 1508 686 1565 Hic
712 1525 844 1564 vero
875 1509 1204 1581 praecipuus
1233 1514 1290 1565 et
1319 1509 1569 1582 insignis
1600 1510 1811 1582 praesul
1844 1510 2173 1566 divinarum
2206 1512 2638 1584 Scripturarum
2670 1511 2728 1566 in
2762 1510 3007 1566 scientia
3025 1513 3082 1566 et
3102 1508 3429 1565 eruditione
3456 1522 3580 1579 pro-

322 1606 671 1664 batissimus
700 1605 925 1662 exstitit
952 1606 1314 1679 praedicator,
1346 1607 1448 1680 qui
1479 1609 1635 1664 fama
1661 1612 1836 1663 tantae
1869 1609 2249 1665 beatitudinis
2280 1614 2453 1683 atque
2482 1608 2812 1666 sanctitatis
2844 1608 3072 1674 claruit,
3098 1611 3163 1662 ut
3187 1607 3246 1661 in
3267 1608 3581 1678 conspectu

321 1703 578 1760 universi
610 1704 784 1760 istius
813 1703 873 1759 in
903 1704 1133 1761 Christo
1165 1704 1417 1761 fundatae
1446 1706 1712 1763 Ecclesia:
1745 1706 1942 1779 populi
1973 1707 2257 1763 miracula
2276 1712 2632 1779 operaretur.
2659 1708 2720 1762 In
2743 1707 2932 1778 primo
2953 1706 3189 1778 quidem
3206 1704 3580 1776 pontificatus

319 1801 409 1858 sui
442 1818 596 1858 anno
617 1802 789 1873 juxta
818 1802 1121 1858 basilicam
1152 1803 1331 1858 beatas
1365 1803 1551 1859 Lucis:
1576 1806 1869 1878 martyris,
1892 1822 2020 1878 qua:
2044 1806 2102 1861 in
2126 1806 2352 1879 Orphea
2373 1808 2449 1877 (ὁ)
2466 1806 2578 1861 sita
2597 1809 2703 1874 est,
2726 1805 2782 1859 in
2801 1804 3156 1877 quibusdam
3178 1801 3317 1857 teris
3329 1800 3578 1856 abditis-

246 1901 284 1956 5
319 1917 435 1973 que
463 1899 726 1956 cavernis
756 1900 867 1955 diri
888 1899 1118 1973 generis
1145 1916 1405 1973 serpens,
1430 1902 1529 1974 qui
1552 1902 1861 1959 basiliscus
1882 1904 2095 1969 Graece,
2122 1903 2324 1960 Latine
2344 1903 2583 1977 regulus
2609 1903 2842 1967 dicitur,
2867 1906 3030 1957 ortus
3051 1905 3160 1967 est,
3185 1899 3286 1972 qui
3309 1900 3448 1954 ﬂatu
3471 1914 3577 1953 suo

318 2015 386 2054 ac
415 1996 639 2054 visione
667 2014 872 2054 omnes
901 1997 1002 2070 qui
1031 1999 1102 2054 ad
1126 1998 1360 2054 easdem
1386 2001 1773 2072 properabant
1794 2018 2068 2057 cavernas
2090 2001 2356 2057 celeriter
2376 2003 2639 2069 necabat,
2666 2001 2987 2073 mortisque
3010 1999 3276 2054 tradebat
3297 1995 3572 2070 periculo:

320 2095 401 2151 ita
430 2099 497 2151 ut
526 2112 730 2151 omnes
762 2100 967 2168 stupor
995 2112 1061 2151 ac
1092 2096 1269 2151 timor
1298 2096 1613 2164 invaderet,
1647 2100 1936 2169 serpentis
1967 2099 2211 2155 virtutes
2242 2100 2523 2155 mirantes
2553 2103 2611 2155 et
2640 2099 2885 2155 cladem.

392 2194 548 2250 504
580 2198 709 2266 Ipse
737 2210 870 2249 vero
904 2194 1282 2249 beatissimus
1311 2199 1365 2249 et
1398 2194 1710 2267 prmclarus
1740 2197 1998 2268 pontifex
2025 2197 2177 2252 hanc
2227 2197 2423 2269 populi
2469 2214 2669 2252 necem
2721 2196 2966 2251 audiens
3013 2200 3189 2267 atque
3236 2193 3575 2265 perniciem,

318 2292 389 2346 ad
424 2290 719 2347 orationes
747 2309 809 2347 se
839 2291 1141 2358 convertit,
1174 2310 1309 2347 cum
1332 2293 1577 2363 jejuniis
1617 2294 1931 2349 Dominum
1980 2296 2275 2366 deprecari
2309 2314 2425 2349 non
2475 2312 2735 2359 cessans,
2769 2300 2835 2348 ut
2865 2295 2936 2348 ab
2984 2292 3325 2365 hujusmodi
3374 2307 3578 2346 omnes

314 2387 538 2444 interiti
569 2388 861 2445 liberaret.
913 2390 1062 2445 Dum
1096 2389 1216 2444 haac
1265 2395 1596 2462 agerentur,
1625 2392 1939 2464 praeclarus
1969 2398 2026 2448 et
2073 2392 2489 2448 celeberrimus
2536 2393 2661 2447 dies
2710 2392 2960 2457 advenit,
2994 2392 3051 2445 in
3087 2408 3203 2462 quo
3251 2390 3434 2445 beatae
3476 2387 3579 2443 Dei

316 2488 633 2546 Genitricis
687 2494 1036 2562 Semperque
1060 2490 1319 2563 Virginis
1374 2490 1566 2546 Mariae
1616 2492 1942 2565 assumptio
1991 2493 2335 2549 celebratur.
2384 2495 2550 2549 Tunc
2599 2493 2876 2565 prmfatus
2923 2497 2981 2547 et
3031 2489 3379 2546 universalis
3431 2505 3583 2562 papa

243 2589 280 2641 5
316 2603 350 2642 a
379 2586 737 2659 patriarchio
767 2604 901 2643 cum
929 2587 1165 2661 hymnis
1195 2593 1253 2643 et
1282 2588 1526 2645 canticis
1574 2589 1960 2662 spiritalibus,
2012 2597 2217 2647 sancta
2265 2593 2627 2664 praecedente
2676 2591 2865 2657 icona,
2917 2592 2989 2646 ad
3041 2589 3344 2646 basilicam
3394 2586 3582 2643 sancti

314 2684 557 2740 Adriani
621 2684 894 2759 martyris
951 2685 1107 2741 sicut
1163 2702 1291 2742 mos
1348 2691 1436 2742 est
1466 2686 1716 2760 propriis
1774 2689 2024 2761 pedibus
2073 2706 2205 2744 cum
2263 2690 2422 2744 omni
2475 2689 2627 2745 clero
2687 2689 2958 2761 perrexit.
2991 2689 3072 2743 De
3102 2705 3220 2760 qua
3276 2701 3579 2758 regressus

315 2798 453 2838 cum
485 2782 645 2839 omni
682 2781 944 2839 fidelium
974 2788 1124 2839 cestu
1156 2786 1228 2841 ad
1280 2783 1584 2841 basilicam
1634 2787 1813 2842 beatae
1865 2786 2176 2843 Genitricis
2208 2789 2307 2843 Dei
2363 2791 2419 2843 et
2449 2787 2676 2843 Domini
2738 2786 2920 2842 nostri
2972 2787 3112 2842 Jesu
3161 2783 3396 2850 Christi,
3449 2800 3575 2855 qua:

317 2880 392 2935 ad
426 2880 686 2953 Praisepe
742 2880 978 2949 dicitur,
1034 2898 1170 2937 cum
1216 2882 1315 2938 Dei
1369 2882 1646 2938 laudibus
1696 2900 1911 2956 magna
1968 2885 2283 2939 comitante
2331 2889 2559 2940 caterva
2615 2882 2812 2956 populi
2860 2882 3227 2955 properabat.
3281 2880 3387 2946 Qui
3438 2895 3574 2934 cum

315 2977 678 3050 pervenisset
706 2979 777 3034 ad
810 2977 1002 3034 locum
1059 2978 1119 3034 in
1171 2996 1287 3051 quo
1316 2978 1442 3052 ipse
1496 2978 1855 3036 suavissimus
1915 2980 2227 3036 basiliscus
2262 2980 2446 3045 tetris,
2505 2981 2716 3050 utjam
2749 2979 3020 3052 superius
3076 2976 3353 3033 diximus.
3408 2977 3574 3048 jace-

218 3064 282 3121 lO
319 3066 422 3122 bat
468 3065 751 3132 cavernis,
800 3083 1034 3123 omnem
1088 3067 1309 3124 clerum
1359 3073 1418 3124 et
1455 3068 1738 3141 populum
1797 3073 1949 3124 stare
1993 3069 2286 3141 praecepit,
2332 3073 2507 3141 atque
2548 3070 2716 3139 juxta
2753 3069 2987 3124 easdem
3033 3083 3311 3123 cavernas
3360 3082 3567 3138 prope-

316 3180 455 3219 rans
488 3180 665 3235 super
695 3165 953 3220 foramen
988 3164 1175 3237 ipsius
1224 3165 1323 3221 ubi
1374 3166 1632 3238 pestiferi
1683 3167 1857 3222 ﬂatus
1908 3166 2313 3239 egrediebatur
2360 3168 2648 3240 serpentis
2692 3166 3018 3239 intrepidus
3067 3165 3251 3231 stetit,
3286 3169 3345 3219 et
3373 3163 3573 3220 oculos

315 3262 387 3317 ad
421 3261 634 3318 ccelum
666 3261 885 3334 pariter
912 3263 1157 3318 tetendit
1186 3268 1243 3320 et
1289 3263 1535 3336 palmas,
1587 3263 2004 3335 Christumque
2052 3264 2153 3336 qui
2205 3268 2295 3319 est
2344 3282 2520 3335 super
2557 3264 2754 3319 omnia
2786 3264 2938 3319 Deus
2988 3262 3240 3334 profusis
3288 3260 3564 3333 lacrymis

311 3359 660 3431 deprecatus
689 3362 797 3423 est,
833 3363 896 3414 ut
924 3359 996 3415 ab
1026 3360 1228 3416 eodem
1279 3360 1404 3417 loco
1438 3360 1549 3416 diri
1602 3361 1888 3433 serpentis
1918 3377 2105 3432 genus
2154 3379 2262 3416 sua
2310 3362 2570 3432 potentia
2616 3362 2918 3432 effugaret.
2950 3361 3020 3415 Et
3063 3360 3202 3415 data
3234 3374 3414 3430 super
3466 3374 3567 3428 po-

311 3454 518 3527 pulum
551 3454 831 3522 oratione,
866 3456 965 3511 Dei
999 3455 1202 3514 laudes
1231 3458 1302 3513 ad
1336 3457 1638 3514 basilicam
1662 3476 1837 3531 quam
1867 3459 2139 3530 superius
2164 3460 2617 3514 memoravimus
2641 3461 2932 3530 profectus
2951 3462 3039 3514 est
3056 3456 3344 3513 exhibere.
3373 3456 3458 3509 Ab
3481 3471 3573 3509 eo-

213 3552 276 3606 15
310 3552 444 3608 dem
473 3569 606 3608 vero
638 3552 732 3608 die
759 3552 885 3625 ipse
914 3553 1154 3626 pestifer
1204 3555 1516 3611 basiliscus
1546 3556 1627 3611 ita
1674 3558 1967 3630 eﬂ'ugatus
2013 3562 2188 3629 atque
2219 3558 2290 3612 ab
2341 3557 2484 3629 ipsis
2532 3557 2827 3629 projectus
2857 3561 2945 3612 est
2994 3556 3198 3622 antris,
3234 3557 3297 3610 ut
3324 3552 3480 3609 ultra
3509 3551 3571 3606 in

308 3647 427 3705 illis
458 3648 601 3706 locis
631 3648 795 3705 nulla
824 3649 1078 3707 laasionis
1100 3652 1229 3723 ejus
1252 3651 1483 3709 macula
1497 3658 1819 3727 appareret.
1845 3654 1913 3710 Et
1945 3654 2101 3711 aliud
2124 3655 2474 3710 miraculum
2496 3655 2618 3727 ipse
2641 3654 2932 3711 almiﬁcns
2956 3672 3105 3727 papa
3130 3652 3390 3727 perfecit,
3414 3650 3569 3724 quod

311 3762 548 3801 narrare
578 3745 828 3803 breviter
854 3746 1219 3806 inchoemus.

378 3841 529 3900 505
563 3847 629 3899 In
660 3844 787 3916 ipso
817 3846 970 3917 quod
1004 3846 1275 3919 superius
1307 3848 1762 3905 memoravimus
1810 3848 2092 3921 pontiﬁcii
2124 3848 2215 3904 sui
2266 3850 2500 3906 exordio
2547 3851 2843 3905 Saxonum
2891 3849 3085 3905 vicum
3136 3848 3366 3903 validus
3413 3845 3569 3919 ignis

306 3938 541 4009 invasit,
574 3940 676 4013 qui
707 3940 1084 3998 ﬂammarum
1113 3943 1324 3999 virtute
1353 3949 1567 4001 cuncta
1613 3946 1955 4001 comburere
2002 3945 2177 4018 cmpit
2221 3946 2491 4013 validius,
2544 3946 2642 4001 ubi
2686 3946 3039 4019 populorum
3089 3944 3278 4000 multa
3327 3958 3573 4015 congre-

306 4041 441 4111 gata
494 4041 637 4094 sunt
693 4038 951 4111 agmina,
1004 4057 1129 4113 qua;
1187 4040 1367 4114 hujus
1423 4041 1679 4098 incendii
1740 4043 2012 4099 ﬂammas
2065 4043 2337 4099 volebant
2387 4042 2787 4116 exstinguere:
2838 4043 2934 4098 sed
2985 4046 3291 4097 ventorum
3323 4040 3561 4096 ﬂatibus

305 4134 483 4192 altius
535 4137 954 4195 extendebatur
1012 4138 1167 4211 ignis
1204 4138 1264 4194 in
1324 4156 1456 4196 aere
1510 4144 1722 4196 cuncta
1778 4141 2131 4197 comburens
2188 4146 2364 4214 atque
2415 4140 2844 4209 comminuens,
2890 4140 2971 4195 ita
2999 4143 3066 4194 ut
3111 4137 3351 4211 propius
3410 4135 3571 4193 beati

233 4232 270 4289 5
307 4232 456 4290 Petri
488 4232 770 4307 principis
820 4235 1220 4309 apostolorum
1269 4237 1523 4294 basilicae
1569 4239 1914 4311 proveniret,
1965 4240 2279 4296 Saxonum.
2334 4239 2851 4312 Langobardorum
2902 4238 3127 4302 domos,
3165 4252 3229 4291 ac
3262 4234 3555 4307 porticum

299 4347 682 4388 concremans
710 4335 885 4404 atque
914 4332 1215 4406 diripiens.
1250 4336 1373 4401 Quo
1421 4336 1620 4391 audito
1666 4335 1792 4408 ipse
1833 4335 2213 4393 beatissimus
2262 4337 2520 4410 pontifex
2566 4336 2775 4392 anxius
2824 4336 2964 4391 illuc
2992 4333 3163 4391 celeri
3196 4350 3370 4390 cursu
3422 4347 3568 4403 pro-

302 4428 491 4484 fectus
521 4433 630 4496 est,
663 4433 722 4486 et
749 4428 954 4486 obvius
1004 4435 1138 4487 ante
1190 4432 1341 4505 ignis
1385 4432 1673 4506 impetum
1706 4452 1767 4490 se
1817 4435 2181 4507 praeparavit,
2215 4453 2283 4492 ac
2334 4434 2650 4491 Dominum
2699 4434 2995 4507 deprecari
3035 4432 3227 4505 coepit,
3262 4434 3325 4486 ut
3374 4428 3571 4501 ipsius

300 4524 557 4582 incendii
590 4526 861 4583 ﬂammas
893 4528 1308 4601 exstingueret,
1341 4534 1398 4587 et
1427 4530 1618 4587 crucis
1649 4532 1898 4605 prepriis
1946 4532 2163 4589 faciens
2213 4532 2584 4606 signaculum
2615 4532 2836 4605 digitis,
2890 4530 3145 4604 amplius
3175 4529 3335 4603 ignis
3365 4531 3568 4583 exten-

299 4623 437 4680 dere
494 4623 766 4681 ﬂammas
813 4642 928 4682 non
988 4626 1196 4697 potuit,
1248 4628 1350 4684 sed
1401 4628 1551 4684 beati
1602 4629 1876 4686 virtutem
1936 4630 2084 4686 ferre
2132 4648 2248 4687 non
2298 4630 2497 4686 valens
2547 4630 2862 4703 pontificis,
2938 4629 3256 4685 exstinctas
3299 4626 3569 4681 ﬂammas

198 4719 261 4774 10
298 4720 522 4794 redegit
569 4720 627 4777 in
678 4722 954 4779 cinerem.
1006 4723 1135 4797 Ipse
1184 4741 1317 4782 vero
1367 4743 1403 4781 a
1449 4727 1563 4782 Deo
1614 4727 1885 4797 amabilis
1932 4732 1990 4784 et
2048 4728 2547 4800 prudentissimus
2600 4745 2754 4800 papa
2809 4728 2944 4783 fecit
2997 4727 3058 4783 in
3107 4723 3349 4781 basilica
3402 4721 3558 4778 beati

300 4818 452 4874 Petri
485 4818 733 4892 apostoli
764 4819 890 4877 vela
921 4822 991 4878 de
1023 4821 1264 4879 fundato
1294 4823 1353 4879 in
1384 4824 1632 4881 circuitu
1679 4831 1913 4899 compta
1945 4826 2014 4882 de
2042 4826 2290 4882 blatthin
2345 4843 2589 4882 numero
2637 4825 3030 4898 quadraginta
3077 4823 3360 4896 quinque.
3412 4818 3569 4875 Fecit

299 4919 498 4972 autem
556 4915 742 4973 isdem
790 4917 1059 4991 egregius
1117 4920 1376 4992 pontifex
1422 4922 1482 4977 in
1532 4922 1884 4979 monasterio
1934 4924 2119 4979 sancti
2181 4924 2436 4990 Martini,
2488 4924 2643 4995 quod
2694 4923 2846 4979 beati
2880 4922 3029 4979 Petri
3087 4919 3339 4977 basilicae
3381 4917 3565 4973 cohae-

300 5017 408 5081 ret,
458 5014 532 5069 ad
582 5012 816 5071 laudem
865 5020 924 5071 et
952 5015 1197 5089 gloriam
1246 5017 1434 5091 ipsius
1481 5020 1633 5076 beati
1691 5021 1925 5077 Martini
1984 5021 2203 5078 oraculi
2263 5022 2422 5077 mirae
2482 5020 2940 5094 pulchritudinis
2968 5023 3208 5076 vestem.
3254 5017 3566 5072 habentem

298 5109 609 5167 historiam
642 5112 912 5185 superius
941 5115 1244 5172 memorati
1276 5117 1463 5175 sancti
1486 5118 1742 5189 jacentis
1774 5120 1831 5175 in
1873 5119 2104 5187 lectulo,
2157 5137 2287 5175 cum
2341 5119 2530 5192 effigie
2573 5117 2889 5174 Salvatoris
2938 5115 3161 5174 Domini
3213 5113 3394 5171 nostri
3426 5113 3564 5169 Jesu

197 5204 266 5263 45
301 5206 547 5264 Christi:
595 5209 777 5266 simul
815 5210 1067 5284 effigiem
1118 5217 1331 5269 sancta:
1382 5217 1656 5289 martyris
1702 5217 1937 5290 Agathze
1992 5217 2260 5274 habentis
2291 5219 2358 5273 ad
2412 5218 2587 5289 pedes
2635 5215 2891 5289 effigiem
2944 5216 3131 5287 ipsius
3183 5212 3323 5268 almi
3372 5209 3565 5284 ponti-

299 5304 450 5372 ficis,
482 5305 792 5363 habentem
826 5325 1090 5382 gemmas
1120 5309 1532 5383 byacinthinas
1552 5314 1753 5370 decem
1784 5319 1840 5370 et
1868 5320 2112 5388 septem.
2149 5316 2289 5371 Item
2320 5316 2378 5370 in
2406 5316 2609 5372 eodem
2640 5314 2892 5370 oratorio
2927 5312 3061 5370 fecit
3082 5312 3207 5368 vela
3229 5312 3566 5384 quatuor,et

301 5419 486 5460 unum
517 5403 757 5475 quidem
789 5404 1012 5462 habens
1044 5411 1202 5463 rotas
1232 5408 1303 5464 de
1333 5409 1704 5482 chrysoclavo
1736 5416 1875 5468 tres.

376 5500 528 5557 500
561 5500 719 5557 Fecit
755 5502 911 5557 idem
946 5502 1002 5557 in
1050 5503 1296 5560 basilica
1343 5511 1679 5563 sanctorum
1734 5514 1987 5581 quatuor
2038 5512 2281 5566 fratrum
2331 5515 2549 5567 vestem
2582 5512 2653 5566 de
2700 5510 2944 5565 fundato
2996 5525 3195 5575 unam,
3250 5507 3563 5564 habentem

297 5595 604 5654 historiam
636 5598 897 5671 ipsorum
924 5604 1260 5657 sanctorum
1294 5608 1616 5676 martyrum
1648 5609 1706 5660 et
1731 5606 1984 5679 efﬁgiem
2040 5608 2225 5681 ipsius
2259 5608 2397 5664 almi
2446 5608 2713 5682 prazsulis
2761 5608 3069 5664 habentem
3120 5622 3387 5679 gemmas
3417 5608 3568 5664 duo.-

298 5690 511 5762 decim,
558 5695 831 5752 similiter
858 5700 914 5753 et
941 5696 1066 5754 vela
1095 5698 1166 5754 de
1217 5699 1457 5755 fundato
1514 5705 1784 5773 quatuor.
1818 5703 1922 5759 Hic
1971 5721 2103 5759 vero
2161 5707 2509 5763 venerabilis
2548 5712 2606 5763 et
2662 5706 2974 5780 prmelarus
3031 5704 3288 5777 pontifex
3340 5705 3475 5764 fecit
3506 5706 3565 5762 in

1335 5816 1583 5862 NOTULE
1624 5819 1709 5862 MA
1720 5816 2009 5864 RGINALES
2053 5820 2346 5866 FABROTTI
2359 5850 2372 5863 .

227 5886 335 5959 (a)"
367 5894 621 5961 pararet.
653 5893 734 5962 (ὁ)
750 5892 977 5948 Ριαιίηα
1006 5892 1238 5951 Orthea.
