3928 6210
201 155 356 218 1313
1006 151 1374 213 HISTORIA
1420 151 1522 211 DE
1564 149 1752 211 VITIE

2055 149 2460 210 PON'I‘.--S.
2509 151 2656 209 LEO
2700 151 2798 212 ιν.
3446 154 3601 214 1314

339 287 532 343 sancti
562 288 803 342 vocatur
817 283 1095 358 Stephani
1127 288 1186 339 et
1203 281 2222 350 Cassiani,restaurans,munoribus
2253 298 2319 336 ac
2351 281 2769 337 divitiislocum
2793 281 3129 353 plenissime
3161 286 3510 356 perornavit.
3539 287 3599 341 In

344 385 504 457 quod
522 384 699 441 etiam
717 386 931 439 sanctae
948 381 1402 438 conversationis
1424 380 1622 453 plures
1644 382 1871 436 Graecos
1892 396 2099 451 genere
2124 379 2376 434 instituit
2392 379 2730 447 monachos,
2747 379 2845 450 qui
2869 381 3282 452 Omnipotenti,
3297 385 3602 457 eidemque

341 482 586 554 martyri
618 483 713 538 die
745 487 1038 553 noctuque
1066 481 1271 536 laudes
1302 479 1712 553 persolverent.
1753 481 1876 549 Ipse
1908 478 2142 549 quidem
2178 497 2209 532 a
2242 478 2356 532 Deo
2390 481 2684 549 protectus
2717 482 2772 532 et
2803 479 3147 534 venerabilis
3193 483 3400 552 praesul
3450 483 3604 538 intra

341 579 652 636 basilicam
685 579 835 635 beati
870 579 1018 635 Petri
1052 579 1298 650 apostoli
1330 577 1631 634 oraculum
1664 577 1822 632 mirae
1857 576 2312 649 pulchritudinis
2343 575 2679 646 summique
2700 575 2924 631 decoris
2945 577 3455 649 eonstruxit,quod
3475 579 3602 651 pul-

238 680 304 734 10
343 677 505 734 chris
537 676 933 732 marmoribus
964 675 1337 732 circumdans
1367 676 1670 748 splendide
1700 675 1970 747 compsit,
2005 675 2390 745 absidamque
2418 674 2546 743 ejus
2576 690 2643 728 ex
2693 673 2920 728 musivo
2969 691 3142 730 aureo
3194 675 3605 748 superinducto

343 775 538 831 colore
568 774 827 847 glorifice
859 773 1168 829 decoravit.
1204 777 1269 827 In
1298 790 1412 844 quo
1443 773 1617 829 etiam
1649 771 1976 828 venerabile
2006 789 2218 844 corpus
2249 771 2400 826 beati
2441 771 2648 826 Leonis
2699 772 3050 828 confessoris
3097 778 3272 845 atque
3319 775 3607 847 pontificis

346 872 692 939 recondens,
727 887 959 926 sacrum
993 870 1242 942 desuper
1269 869 1596 926 construxit
1625 868 1826 936 altare,
1850 873 1906 924 et
1935 870 2219 925 ciborium
2252 885 2384 925 cum
2417 885 2588 924 cruce
2618 872 2998 938 exaurata,ad
3033 870 3265 928 Iaudem
3290 878 3345 928 et
3366 874 3610 946 gloriam

345 968 532 1025 Chriti
565 967 824 1024 nominis
854 968 962 1024 hoc
996 969 1176 1023 fretus
1209 985 1406 1024 amore
1435 967 1696 1040 perfecit,
1730 969 1795 1021 ut
1824 964 1935 1021 sibi
1967 966 2210 1039 dignum
2242 967 2300 1021 in
2332 966 2546 1022 aethere
2577 967 2943 1038 conquireret
2969 967 3182 1023 locum.

426 1093 573 1150 521
619 1092 869 1150 Patratis
916 1093 1112 1166 itaque
1145 1092 1420 1148 omnibus
1469 1096 1642 1164 atque
1673 1089 1944 1164 perfectis
1976 1091 2268 1162 operibus,
2299 1108 2550 1162 quorum
2576 1092 2701 1162 jam
2734 1091 3035 1164 sigillatim
3069 1095 3341 1165 superius
3373 1099 3614 1154 nomina

350 1191 571 1266 scripta
618 1195 712 1246 vet
760 1195 1082 1248 memorata
1129 1195 1286 1258 sunt,
1320 1190 1626 1247 confestim
1653 1190 1836 1245 isdem
1872 1194 2070 1262 pastor
2099 1194 2156 1245 et
2188 1190 2354 1245 Pater
2383 1190 2672 1263 egregius,
2706 1190 2973 1262 quamvis
3004 1192 3407 1250 universarum
3433 1198 3610 1268 proﬁ-

352 1305 526 1344 cnam
557 1288 934 1345 ecclesiarum
966 1289 1062 1346 Dei
1093 1306 1294 1346 curam
1325 1289 1682 1363 dignamque
1702 1287 2154 1344 sollicitudinem
2177 1292 2416 1360 gereret,
2434 1292 2488 1342 et
2511 1289 2581 1342 ad
2605 1305 2776 1344 omne
2794 1306 2939 1360 opus
2962 1289 3178 1344 bonum
3199 1308 3313 1362 prae
3336 1295 3610 1349 omnibus

347 1385 613 1442 intentus
645 1387 916 1443 existeret
946 1404 1013 1443 ex
1044 1387 1250 1443 intimo
1281 1387 1473 1444 cordis
1504 1387 1593 1444 sui
1626 1387 1800 1460 longa
1829 1387 2068 1442 trabens
2100 1387 2371 1459 suspiria,
2407 1403 2538 1442 cum
2571 1385 2828 1458 quotidie
2859 1387 3181 1443 beatissimi
3215 1393 3611 1462 apostolorum

278 1485 313 1539 5
352 1483 636 1556 principis
669 1485 818 1540 Petri
853 1484 1316 1541 sacratissimum
1350 1484 1529 1541 altare
1559 1489 1819 1542 cerneret
1841 1484 2141 1553 violatum,
2164 1488 2219 1540 et
2248 1485 2318 1540 ad
2351 1488 2572 1539 tantam
2609 1484 3039 1540 inhonestatem
3074 1504 3103 1541 a
3136 1488 3438 1544 Saracenis
3491 1507 3611 1562 per-

352 1581 489 1637 ﬁdis
521 1581 755 1654 Deoquc
787 1582 1093 1639 contrariis
1124 1587 1181 1638 et
1209 1582 1488 1639 vilitatem
1520 1585 1890 1656 perductum,
1923 1583 2099 1638 etiam
2131 1586 2187 1638 et
2217 1583 2393 1656 (quod
2429 1582 2686 1638 dolentes
2717 1588 3144 1656 mmrentesque
3198 1585 3467 1658 dicimus)
3493 1587 3615 1660 ipse

352 1677 612 1750 undique
643 1679 1042 1736 Christianum
1072 1681 1356 1754 populum
1391 1682 1460 1736 ad
1482 1683 1608 1753 jam
1642 1681 1740 1738 fati
1775 1681 2058 1754 principis
2089 1680 2509 1752 sacratissima,
2541 1679 2818 1736 orationis
2846 1698 3023 1736 causa
3052 1681 3138 1736 vel
3169 1684 3375 1754 gratia,
3409 1684 3616 1740 limina

354 1776 633 1833 destinari
666 1783 943 1848 cerneret,
979 1782 1034 1834 et
1064 1779 1135 1835 ob
1169 1779 1275 1835 hoc
1305 1783 1437 1835 vota
1468 1796 1574 1835 sua
1605 1785 1669 1833 ut
1701 1779 1837 1834 olim
1874 1781 2147 1852 perﬁcere
2179 1795 2293 1834 non
2341 1777 2590 1851 pleniter
2641 1778 2982 1850 satagebat;
3017 1778 3143 1834 ideo
3194 1780 3618 1852 omnipotentis

354 1875 584 1930 Domini
619 1876 800 1931 fretus
833 1875 1066 1944 auxilio,
1099 1881 1273 1949 atque
1297 1877 1538 1933 consilio
1579 1881 1634 1932 et
1664 1877 1874 1932 virtute
1906 1875 2192 1945 munitus,
2225 1875 2418 1932 aureis
2449 1874 2743 1946 simulque
2775 1876 3067 1947 argenteis
3108 1876 3304 1934 talulis
3337 1896 3450 1934 non
3484 1884 3614 1934 tan-

251 1973 316 2027 10
353 1976 481 2028 tum
513 1973 940 2030 confessionem
972 1991 1434 2043 sacram,verum
1467 1975 1639 2031 etiam
1673 1977 1918 2030 frontem
1953 1973 2243 2046 saepedicti
2279 1973 2480 2028 altaris
2513 1973 2654 2028 satis
2685 1974 2957 2028 decenter
2988 1979 3043 2030 et
3074 1975 3386 2032 honorifice
3419 1995 3614 2050 peror-

357 2070 616 2140 navit_,ut
647 2088 902 2143 praesens
931 2089 1035 2144 per
1064 2073 1263 2128 omnia
1291 2090 1436 2145 opus
1467 2073 1684 2128 ibidem
1719 2073 2050 2128 dedicatum
2085 2071 2212 2127 luce
2244 2070 2458 2126 clarius
2488 2070 3248 2136 manifestat.Quamobrem
3279 2075 3615 2130 venerandii

361 2167 562 2224 altaris
614 2169 863 2223 frontem
909 2168 1261 2243 praecipuam
1307 2169 1522 2226 tabulis
1555 2187 1694 2225 auro
1727 2170 1947 2241 optimo
1979 2170 2202 2224 noviter
2232 2167 2536 2236 dedicavit,
2570 2185 2686 2222 una
2720 2185 2851 2222 cum
2885 2169 3132 2241 gemmis
3163 2173 3619 2245 quamplurimis

357 2264 525 2320 valde
556 2264 793 2338 optimis
824 2283 888 2322 ac
921 2267 1191 2338 pretiosis
1222 2271 1404 2323 totam
1435 2267 1911 2335 circumdedit,et
1933 2267 1991 2322 in
2014 2266 2313 2322 meliorem
2338 2271 2401 2320 ut
2419 2266 2582 2339 prius
2605 2269 2825 2321 statum
2849 2267 3232 2340 decoremque
3252 2271 3534 2340 perduxit.
3556 2272 3618 2328 In

363 2361 580 2435 quibus
613 2362 832 2419 scilicet
863 2365 1157 2433 aureis,ut
1189 2365 1410 2420 dictum
1443 2362 1780 2432 est,tabuiis
1812 2383 1926 2420 non
1963 2364 2153 2420 solum
2186 2364 2590 2436 Redemptoris
2622 2364 2802 2419 nostri
2834 2365 3021 2420 forma
3050 2367 3278 2438 depicta
3299 2369 3621 2442 praefulget,

261 2460 326 2517 I5
364 2477 566 2516 verum
600 2465 655 2516 et
676 2461 804 2532 ejus
836 2461 1180 2517 resurrectio
1211 2463 1558 2529 veneranda,
1593 2465 1767 2533 atque
1799 2459 2078 2516 indicium
2111 2477 2287 2515 sacrae
2321 2477 2386 2515 ac
2419 2460 2734 2516 salutiferae
2765 2461 2976 2518 crucis.

439 2576 591 2633 513
632 2576 780 2632 Petri
814 2594 1044 2652 quoque
1076 2578 1353 2651 Paulique
1384 2579 1601 2652 pariter
1626 2577 1823 2635 vultus
1854 2583 2028 2650 atque
2058 2578 2297 2632 Andreae
2329 2576 2386 2631 in
2416 2576 2856 2648 praenominatis
2887 2580 3106 2636 tabulis
3137 2581 3411 2638 simiiiter
3431 2583 3626 2656 splen-

365 2673 507 2728 dent
537 2678 708 2746 atqne
738 2680 1048 2731 coruscant
1065 2693 1077 2730 :
1093 2675 1244 2731 inter
1263 2693 1410 2748 quos
1429 2675 1788 2732 sanctissimi
1813 2676 2005 2748 quarti
2040 2675 2246 2731 Leonis
2268 2674 2554 2747 praesulis,
2573 2692 2796 2731 necnon
2821 2681 2876 2732 et
2895 2677 3167 2749 specialis
3186 2680 3286 2734 filii
3311 2682 3402 2736 sui
3425 2682 3626 2738 domui

363 2771 735 2844 imperatoris
785 2773 1062 2841 Lotharii,
1098 2780 1333 2848 propter
1382 2775 1639 2830 futuram
1694 2774 2037 2831 memoriam
2070 2773 2187 2830 sive
2220 2773 2567 2838 mercedem,
2597 2790 2855 2845 personae
2887 2775 3004 2832 Deo
3037 2775 3245 2843 chara),
3280 2795 3383 2849 per
3413 2785 3626 2837 cuncta

366 2869 580 2926 saecula
609 2872 948 2927 venerandae
971 2872 1211 2944 depictas
1234 2875 1389 2928 sunt.
1410 2872 1565 2928 Fecit
1590 2871 1838 2944 denique
1860 2871 2120 2928 tabulam
2146 2873 2215 2927 de
2238 2871 2468 2940 smalto,
2485 2887 2630 2942 opus
2659 2872 2937 2928 ducentas
2961 2874 3252 2929 sexdecim
3276 2893 3418 2931 auro
3441 2878 3623 2934 obrizi

294 2967 329 3021 5
365 2983 590 3040 pensan
621 2967 821 3024 libras.
838 2969 1271 3026 Confessionem
1302 2987 1431 3025 vero
1453 2970 1652 3026 crebro
1677 2970 1815 3025 dicti
1838 2970 2041 3025 altaris
2061 2969 2278 3025 tabulis
2302 2987 2370 3024 ex
2390 2974 2629 3041 argento
2651 2969 2872 3042 paratis
2891 2971 3230 3043 purissimo,
3248 2973 3427 3029 simili
3449 2978 3623 3033 modo

369 3069 490 3122 tota
519 3064 699 3121 animi
731 3066 1031 3125 devotione
1061 3068 1133 3123 ad
1165 3068 1472 3140 antiquum
1503 3069 1680 3124 decus
1711 3072 1769 3125 et
1796 3071 2013 3124 statum
2046 3067 2335 3140 perduxit.
2369 3068 2432 3122 In
2463 3066 2676 3139 quibus
2707 3067 3060 3124 Salvatorem
3090 3069 3149 3124 in
3185 3070 3394 3128 throno
3415 3074 3626 3130 seden-

368 3168 485 3220 tem
540 3163 936 3237 conspicimus
980 3166 1264 3238 pretiosas
1287 3167 1346 3221 in
1367 3167 1552 3238 capite
1573 3182 1836 3239 gemmas
1861 3167 2193 3233 habentem,
2228 3170 2284 3220 et
2314 3183 2347 3220 a
2377 3165 2592 3220 dextris
2634 3164 2793 3222 illius
2832 3165 3136 3236 cherubin,
3169 3186 3204 3223 a
3233 3168 3375 3226 laeva
3395 3188 3627 3244 quoque

371 3262 500 3334 ejus
548 3261 744 3319 vultus
797 3263 1194 3336 apostolorum
1245 3269 1701 3336 caeterorumque
1733 3263 2013 3336 depictos.
2048 3264 2170 3319 Imo
2202 3268 2258 3318 et
2290 3279 2468 3334 rugas
2501 3263 2636 3318 fecit
2668 3280 2844 3319 sacrae
2876 3265 3259 3321 confessionis
3289 3285 3358 3323 ex
3388 3275 3626 3342 argento

373 3365 760 3431 constrnctas,
775 3361 974 3420 vultus
1007 3363 1288 3422 habentes
1321 3363 1645 3420 beatissimi
1682 3362 1831 3419 Petri
1864 3367 1920 3418 et
1951 3359 2134 3427 Pauli,
2152 3378 2395 3433 pensan.
2411 3361 2592 3417 libras
2612 3362 2890 3416 ducentas
2912 3366 2968 3417 et
2989 3367 3136 3419 octo.
3155 3364 3280 3436 Ipse
3302 3383 3434 3421 vero
3457 3385 3489 3422 a
3511 3367 3626 3424 Deo

267 3459 336 3516 40
373 3459 648 3517 amabilis
681 3463 738 3516 et
769 3461 1268 3532 prudentissimus
1296 3461 1555 3535 pontifex
1585 3460 1721 3517 fecit
1745 3461 1804 3516 in
1835 3460 2079 3516 basilica
2108 3459 2259 3514 beati
2292 3459 2442 3514 Petri
2477 3458 2723 3531 apostoli
2747 3458 2871 3514 vela
2892 3477 2960 3516 ex
2980 3477 3120 3517 auro
3148 3467 3300 3518 texta
3321 3465 3630 3536 pendentia

373 3559 434 3614 in
467 3559 722 3615 arcubus
753 3563 983 3632 compte
1014 3560 1073 3616 in
1106 3560 1353 3617 circuitu
1385 3560 1456 3616 de
1487 3559 1742 3616 blatthin
1773 3575 2016 3614 numero
2049 3556 2594 3612 uudecim.Necnon
2617 3557 2753 3612 etin
2779 3559 3030 3615 oratorio
3053 3561 3239 3616 sancti
3271 3563 3474 3618 Leonis
3497 3582 3633 3636 pon-

375 3655 548 3712 tiﬁcis
579 3655 734 3713 intra
762 3657 1068 3714 ecclesiam
1100 3657 1252 3714 beati
1283 3657 1440 3714 Petri
1471 3656 1719 3730 apostoli
1749 3655 1884 3713 fecit
1911 3659 2132 3711 vestem
2165 3654 2414 3709 sericam
2448 3653 2638 3710 albam
2673 3653 2990 3727 sigillatum
3031 3674 3166 3713 cum
3197 3661 3546 3731 gammadiis
3576 3667 3633 3718 et

376 3751 645 3825 perielysi
679 3753 748 3808 de
780 3752 1030 3809 blatthin
1065 3771 1265 3821 unam,
1300 3759 1358 3809 et
1389 3753 1514 3809 vela
1543 3752 1816 3810 similiter
1845 3751 1978 3808 alba
2009 3753 2233 3823 majora
2263 3751 2398 3818 duo,
2433 3751 2661 3806 minora
2691 3757 2839 3808 octo.
2875 3755 2945 3809 Et
2977 3755 3034 3809 in
3069 3758 3422 3815 monasterio
3452 3759 3636 3816 sancti

375 3850 630 3918 Caesarii,
663 3851 817 3924 quod
851 3852 1088 3923 ponitur
1118 3852 1175 3907 in
1209 3851 1445 3924 palatio,
1481 3852 1615 3908 fecit
1643 3854 1861 3907 vestem
1889 3851 1960 3906 de
1992 3851 2234 3906 fundato
2267 3866 2469 3917 unam,
2502 3853 2558 3904 et
2586 3848 2712 3904 vela
2747 3854 2900 3908 octo.

448 3974 602 4031 514
641 3975 768 4047 Ipse
795 3991 930 4030 vero
959 3991 992 4030 a
1021 3974 1136 4032 Deo
1170 3979 1462 4047 protectus
1493 3978 1550 4030 et
1575 3960 1926 4030 venerabilis
1955 3973 2211 4045 pontifex
2240 3978 2475 4046 propter
2502 3973 2946 4029 retributionem
2981 3979 3037 4030 et
3069 3977 3395 4033 mercedem
3428 3979 3637 4036 animae

375 4090 493 4128 suae
524 4072 659 4128 fecit
688 4071 747 4127 in
779 4072 1108 4128 coemeterio
1140 4073 1318 4129 beatae
1348 4071 1584 4146 Agathe:
1624 4071 1919 4144 martyris,
1955 4072 2110 4142 quod
2143 4071 2380 4143 ponitur
2411 4070 2548 4126 foris
2581 4075 2808 4142 portam
2840 4071 2989 4127 beati
3023 4074 3308 4128 Pancratii
3340 4079 3635 4149 martyris,

377 4175 596 4226 vestem
646 4171 720 4226 de
764 4170 1005 4228 fundato
1053 4187 1255 4238 unam,
1286 4174 1343 4226 et
1371 4170 1496 4226 vela
1527 4174 1674 4227 octo.
1708 4168 1989 4235 Quisnam
2022 4169 2212 4225 dicere
2243 4168 2454 4235 valeat,
2483 4167 2570 4224 vel
2605 4185 2840 4225 narrare
2879 4169 3146 4226 sufﬁcere
3179 4171 3382 4242 possit,
3417 4181 3638 4244 quanta

378 4267 502 4339 ipse
534 4285 567 4321 a
594 4267 709 4322 Deo
739 4271 1031 4338 protectus
1061 4270 1118 4322 et
1148 4266 1568 4324 solertissimus
1595 4284 1747 4340 papa
1776 4267 1996 4324 sanctis
2026 4266 2170 4322 locis
2202 4267 2406 4322 devota
2437 4266 2648 4322 obtulit
2678 4271 2874 4322 mente
2905 4267 3094 4323 dona?
3114 4269 3259 4324 Nam
3283 4268 3341 4323 in
3363 4271 3634 4341 oratorio,

311 4364 347 4418 5
382 4365 537 4435 quod
581 4363 742 4420 Pauli
789 4363 1005 4420 dicitur
1051 4380 1232 4437 papa,
1266 4364 1427 4421 mirae
1458 4363 1917 4437 pulchritudinis
1947 4362 2161 4419 obtulit
2190 4367 2410 4420 vestem
2443 4361 2793 4435 aquilarum,
2828 4362 3137 4419 habentem
3168 4363 3471 4422 historiam
3502 4384 3637 4424 cum

379 4479 549 4518 cruce
581 4463 654 4518 de
683 4461 1054 4534 chrysoclavo
1081 4465 1138 4517 et
1165 4463 1516 4535 gammadiis
1547 4479 1747 4519 unam.
1775 4460 1931 4518 Fecit
1961 4465 2156 4517 autem
2188 4460 2248 4516 in
2280 4460 2530 4517 oratorio
2561 4463 2898 4516 sanctorum
2931 4461 3191 4517 Processi
3221 4467 3277 4518 et
3306 4463 3639 4521 Martiniani

381 4559 710 4632 splendoris
741 4577 855 4616 non
887 4559 1100 4617 modici
1132 4565 1349 4617 vestem
1381 4577 1514 4617 cum
1546 4560 1690 4617 rotis
1720 4565 1778 4617 et
1801 4559 2162 4626 hominibus,
2196 4563 2253 4614 et
2281 4557 2586 4614 historiam
2619 4574 2752 4613 eum
2786 4575 2975 4626 cruce,
3009 4558 3282 4614 similiter
3300 4560 3370 4615 de
3399 4560 3640 4634 chryso-

381 4657 563 4723 clavo,
579 4661 636 4714 et
655 4657 1054 4731 gammadiam
1077 4675 1278 4716 unam.
1294 4658 1483 4714 Aliam
1501 4675 1634 4715 vero
1657 4663 1876 4715 vestem
1911 4657 2144 4730 fulgidae
2174 4656 2416 4712 visionis
2448 4657 2508 4712 in
2540 4655 2782 4713 basilica
2799 4661 3012 4712 sanctae
3037 4656 3357 4713 Petronillae
3379 4658 3638 4732 perfecit,

382 4755 715 4824 habentem,
748 4760 936 4813 rotam
964 4756 1344 4829 aquilamque
1375 4774 1510 4814 cum
1542 4774 1710 4814 cruce
1741 4757 1812 4813 de
1840 4754 2212 4828 chrysoclavo
2242 4759 2300 4810 et
2330 4754 2683 4827 gammadiis
2715 4771 2916 4810 unam.

456 4878 606 4935 515
647 4879 870 4935 Obtulit
923 4895 1055 4936 vere
1084 4879 1144 4935 in
1176 4880 1424 4936 oratorio
1458 4884 1670 4937 sanctae
1698 4878 1798 4936 Dei
1831 4878 2140 4936 Genitricis
2172 4894 2406 4950 semper
2433 4877 2676 4950 virginis
2707 4878 2956 4934 dominae
2998 4880 3206 4933 nostrae
3238 4878 3451 4946 Mariae,
3484 4881 3640 4950 quod

381 4978 439 5032 in
468 4977 740 5033 mediana
769 4977 1056 5046 consistit,
1086 4981 1304 5033 vestem
1339 4977 1609 5035 similiter
1639 4995 1772 5034 cum
1816 4977 1958 5034 rotis
1981 4976 2310 5049 aquilisque
2340 4980 2396 5031 et
2427 4993 2595 5031 cruce
2623 4976 2692 5030 de
2725 4974 3095 5047 chrysoelavo
3125 4992 3259 5030 cum
3291 4976 3642 5047 gammadiis

382 5093 584 5131 unam.
620 5075 776 5131 Fecit
805 5076 1043 5148 quidem
1075 5074 1134 5131 in
1169 5076 1418 5132 oratorio
1451 5077 1637 5133 sancti
1667 5076 1904 5132 Adriani
1931 5079 2150 5131 vestem
2182 5091 2315 5130 cum
2350 5074 2491 5129 rotis
2522 5071 2945 5145 hominumque
2975 5072 3278 5144 efﬁgiebus
3308 5090 3440 5130 cum
3471 5091 3642 5131 cruce

381 5172 653 5230 similiter
673 5174 742 5230 de
763 5174 1134 5247 chrysoclavo
1157 5179 1214 5230 et
1234 5175 1586 5247 gammadiis
1614 5193 1813 5231 unam.
1833 5174 1960 5248 Ipse
1990 5191 2121 5229 vero
2148 5172 2363 5245 saepius
2385 5175 2744 5228 memoratus
2771 5175 2826 5226 et
2850 5169 3230 5227 beatissimus
3259 5189 3411 5244 papa
3431 5171 3644 5229 obtulit

311 5271 346 5325 5
382 5270 442 5326 in
476 5269 719 5326 basilica
746 5270 932 5326 sancti
963 5270 1288 5327 Sebastiani
1321 5271 1757 5345 martyris,quae
1790 5273 1847 5326 in
1881 5273 2154 5328 Frascata
2184 5269 2470 5336 consistit,
2491 5272 2706 5324 vestem
2737 5267 3169 5340 pretiosissimae
3202 5267 3486 5325 claritatis
3507 5285 3642 5326 cum

382 5383 554 5424 cruce
585 5367 655 5423 de
686 5367 1058 5440 chrysoclavo
1089 5371 1147 5424 et
1176 5368 1529 5441 gammadiis
1560 5387 1759 5425 unam.
1797 5370 1903 5436 Qui
1937 5386 2209 5425 summus
2239 5371 2295 5423 et
2327 5366 2655 5440 praecipuus
2688 5365 2898 5438 praesul
2931 5366 3066 5422 fecit
3105 5365 3163 5420 in
3198 5365 3443 5422 basilica
3489 5367 3642 5423 beati

385 5465 534 5521 Petri
561 5465 810 5537 apostoli
843 5465 1128 5522 cortinam
1159 5465 1546 5522 holoserieam
1580 5483 1715 5522 cum
1743 5467 2004 5524 historiis
2035 5466 2238 5523 multis
2269 5465 2549 5521 claritatis
2582 5464 2879 5520 immensae
2913 5465 2983 5519 ad
3018 5465 3283 5520 decorem
3315 5468 3370 5520 et
3396 5464 3642 5536 gloriam

385 5563 572 5636 ipsius
604 5564 1014 5620 sacratissima:
1047 5563 1298 5621 basilicae
1333 5565 1695 5621 unam.Cum
1724 5583 1858 5622 vero
1889 5566 2105 5635 haec,et
2137 5583 2265 5638 quae
2297 5565 2515 5636 scripta
2545 5566 2703 5632 sunt,
2720 5563 2830 5617 Leo
2860 5562 2948 5617 vir
2976 5561 3358 5618 beatissimus
3381 5567 3644 5634 quartus-

383 5678 496 5734 que
518 5662 732 5734 praesul
763 5663 1009 5719 Domino
1037 5663 1345 5719 solatiante
1365 5662 1582 5719 amoris
1614 5681 1680 5719 ac
1703 5663 1974 5720 desiderii
1997 5663 2182 5737 gratio
2207 5680 2308 5735 per
2327 5662 2554 5718 diversa
2575 5660 2804 5733 piorum
2827 5658 2952 5714 loca
2971 5663 3308 5715 sanctorum
3329 5660 3644 5732 perfectius

279 5760 349 5816 10
385 5759 753 5832 contulisset,
785 5764 924 5816 tunc
955 5761 1027 5816 de
1056 5763 1327 5815 Romanae
1360 5758 1524 5814 urbis
1556 5764 1710 5815 statu
1744 5778 1809 5816 ac
1843 5761 2264 5817 restauratione
2290 5759 2731 5832 murorum,qui
2756 5759 2927 5832 longo
2941 5759 3067 5831 jam
3099 5759 3260 5815 senio
3291 5763 3463 5831 atque
3482 5765 3647 5816 vetu-

383 5861 537 5913 state
565 5856 753 5914 nimia
782 5858 949 5913 fracti
977 5856 1275 5928 dirutique
1303 5855 1570 5912 funditus
1589 5856 1955 5926 videbantur,
1972 5858 2145 5930 erepit
2169 5875 2303 5914 eum
2325 5858 2466 5914 Jesu
2486 5856 2699 5913 Christi
2722 5856 2951 5913 Domini
2969 5861 3216 5913 tractare
3249 5856 3544 5924 consultu,
3576 5873 3648 5914 ne

307 5964 310 5966 '
384 5953 434 6010 si
467 5953 570 6010 diu
602 5954 712 6011 sub
743 5953 853 6012 hac
877 5953 1233 6027 negligentia
1253 5953 1372 6010 sive
1391 5951 1679 6011 oblivione
1699 5954 2103 6023 consisterent,
2119 5958 2222 6010 aut
2250 5953 2499 6009 Domino
2520 5953 2896 6026 permittente
2918 5954 3148 6011 facilius
3168 5952 3239 6008 ab
3255 5950 3526 6008 hostibus
3549 5955 3650 6009 aut

387 6051 516 6125 capi
549 6055 650 6108 aut
679 6051 874 6109 forsan
906 6050 1228 6126 expugnari
1259 6048 1594 6126 potuissent
1624 6065 1638 6108 :
1674 6050 1823 6124 ideo,
1858 6068 1930 6110 ne
1961 6051 2070 6109 hoc
2101 6051 2163 6109 in
2191 6051 2458 6109 futurum
2488 6050 2715 6108 malum
2745 6051 2929 6125 ﬁeret,
2964 6067 3168 6113 omnes
3215 6049 3650 6128 prenominata‘
