3928 6210
321 116 474 176 1315
1461 113 1872 175 ANASTASII

2180 115 2572 176 THECARII.
3567 121 3731 184 1316

456 262 659 302 muros
687 243 935 300 civitatis
967 243 1619 308 Romanaa,duodeeima
1647 243 1904 300 instante
1934 244 2556 311 indictione,renovarc
2577 250 2753 318 atque
2775 247 2846 302 ad
2878 246 3130 320 priorem
3160 248 3386 306 cultum
3417 252 3720 326 decusque

349 346 418 404 15
459 353 467 397 t
506 349 578 398 .ta
603 343 816 398 mentis
845 339 1144 396 alacritate
1181 339 1424 395 curavit.
1459 341 1530 394 Et
1559 357 1673 396 non
1707 339 1896 396 solum
1930 358 2129 397 muros
2162 360 2309 414 quos
2333 342 2589 398 diximus
2619 343 2790 400 celeri
2822 344 2946 400 fieri
2976 345 3236 419 agilitate
3284 349 3578 424 praecepit,
3610 352 3716 408 sed

455 463 504 498 υ.
533 439 978 514 portas,quibus
1008 436 1199 492 omnis
1231 453 1382 509 saepe
1413 435 1706 492 clauditur
1734 438 2116 506 civilas,nov0
2148 439 2308 494 cultu
2339 440 2632 512 lignisque
2652 441 2981 514 praevalidis
3000 443 3074 499 ob
3095 443 3470 502 inimicorum
3490 454 3718 504 metum

454 541 572 595 sive
602 543 880 594 terrorem
913 533 1252 590 reacdificari
1283 534 1678 589 festinantius
1685 535 2038 606 jussit.Quae
2069 536 2320 608 denique
2351 537 2652 608 omnia,ut
2680 539 2794 594 cito
2827 539 3125 607 fierent,et
3153 541 3228 596 ad
3257 542 3527 600 eﬂ'ectum
3551 545 3721 602 deco-

453 653 693 709 remque
721 640 914 690 essent
945 632 1242 704 perducta,
1259 631 1534 704 praefatus
1553 632 1642 686 vir
1663 631 2016 702 apostolicus
2037 632 2432 690 indifferenter
2462 652 2577 690 non
2609 635 2802 692 solum
2831 653 2981 709 equo
3012 637 3296 707 residens,
3309 656 3511 696 verum
3535 640 3716 698 etiam

452 752 593 793 sane
626 733 873 807 pedibus
904 729 1154 803 propriis
1185 747 1288 802 per
1317 745 1518 784 muros
1537 728 1624 784 vel
1652 734 1850 801 portas
1879 746 2010 785 cum
2044 731 2169 788 suis
2199 731 2472 788 fidelibus
2493 733 2882 801 discurrebat,
2897 739 3188 806 quatenus
3207 735 3265 792 in
3288 738 3717 796 restauratione

342 837 412 890 2O
451 849 651 890 eorum
684 846 848 885 mora
878 826 1040 883 nulla
1066 826 1398 882 aut.dilatio
1421 826 1629 882 fuisset
1644 831 1861 882 exorta.
1877 829 2258 900 Quapropter,
2275 834 2340 884 ut
2358 834 2492 886 ante
2505 831 2632 902 jam
2654 829 2879 886 dictum
2901 835 3011 903 est,
3022 830 3178 888 inter
3197 849 3370 890 curas
3391 833 3712 892 maximam

452 931 522 986 de
547 931 808 985 Romana
827 926 969 981 urbe
990 941 1190 980 curam
1207 941 1272 980 ac
1290 923 1743 980 sollicitudinem
1777 925 2146 982 venerandus
2166 927 2424 998 pontifex
2445 944 2654 1000 gerens
2676 927 2936 1000 undique
2956 912 3030 985 ad
3057 927 3356 987 meliorem
3374 948 3713 1005 novumque

449 1027 673 1082 cultum
705 1027 917 1078 cuncta
948 1019 1170 1076 noviter
1197 1021 1455 1088 deduxit,
1487 1025 1545 1075 et
1577 1021 1644 1074 15
1671 1021 1746 1076 ab
1777 1020 1902 1094 ipso
1941 1021 2064 1078 solo
2094 1028 2306 1090 turres,
2338 1040 2484 1096 quas
2516 1025 2784 1081 funditus
2815 1025 3040 1083 dirutas
3069 1043 3174 1100 per
3201 1026 3513 1084 circuitum
3543 1029 3712 1086 urbis

448 1123 678 1196 reperit,
711 1121 874 1175 novis
905 1119 1144 1174 fabricis
1175 1118 1488 1174 restaurari
1522 1119 1812 1191 praecepit.

518 1220 671 1276 516
709 1219 968 1284 Quarum
999 1215 1249 1286 denique
1280 1215 1428 1270 duas
1449 1216 1611 1286 juxta
1633 1215 2010 1272 Portuensem
2032 1221 2261 1290 portam
2286 1217 2366 1272 ita
2389 1218 2708 1290 prudenter
2719 1235 2786 1274 ac
2807 1219 3102 1292 sapienter
3118 1219 3469 1280 venerabilis
3489 1221 3708 1295 praesul

445 1319 516 1375 ad
545 1318 734 1390 ipsam
767 1331 927 1371 oram
960 1313 1226 1386 Tyberis,
1259 1313 1315 1367 id
1349 1317 1438 1368 est
1462 1314 1628 1386 juxta
1657 1311 1821 1369 littus
1852 1314 2115 1371 fluminis
2144 1315 2419 1371 aedificari
2451 1315 2843 1389 disposuit,ut
2869 1316 3068 1375 nullus
3098 1321 3262 1390 prius
3283 1317 3595 1375 hominum
3615 1335 3710 1390 vel

443 1417 698 1490 cogitare
725 1413 812 1469 vel
846 1411 1213 1468 considerare
1241 1411 1569 1467 valebat.Et
1599 1410 1740 1482 quia
1770 1428 1869 1482 per
1884 1411 2041 1467 hunc
2073 1411 2266 1469 locum
2296 1430 2410 1468 non
2443 1411 2635 1469 solum
2657 1431 2832 1470 naves
2860 1430 3062 1470 verum
3086 1414 3260 1472 eiiam
3282 1414 3553 1474 homines
3569 1421 3709 1474 ante

442 1513 610 1571 facile
641 1510 1134 1583 ingrediebantur,
1171 1525 1324 1564 nunc
1373 1513 1568 1564 autem
1597 1508 1690 1564 vix
1738 1526 2006 1581 unquam
2054 1527 2158 1582 per
2207 1527 2342 1566 eum
2393 1527 2579 1582 parvae
2610 1511 2888 1568 naviculas
2919 1511 3164 1569 introire
3185 1510 3478 1582 valebant,
3510 1518 3570 1571 et
3596 1513 3709 1570 hoc

367 1615 403 1669 5
441 1614 676 1686 propter
705 1609 964 1663 fututum
994 1605 1250 1660 hostium
1284 1605 1704 1660 Saracenorum
1736 1605 2063 1677 periculum
2094 1611 2152 1662 et
2179 1606 2428 1664 salutem
2459 1608 2734 1665 Romanae
2765 1608 2930 1666 urbis
2955 1611 3174 1666 tactum
3203 1609 3494 1683 est.Ipsas
3523 1609 3712 1684 igitur

438 1715 630 1764 turres
662 1723 775 1761 non
808 1703 999 1760 solum
1030 1701 1325 1775 lapidibus
1347 1703 1446 1759 sed
1469 1701 1646 1758 etiam
1677 1703 1880 1758 ferreis
1911 1703 2127 1758 muniri
2158 1704 2380 1760 curavit
2408 1705 2960 1779 eatenis,quatenus
2989 1706 3040 1762 si
3064 1707 3382 1764 necessitas
3403 1707 3583 1764 fuerit
3603 1725 3710 1781 per

433 1806 706 1863 eumdem
731 1803 918 1856 locum
946 1799 1108 1855 nulla
1135 1799 1323 1854 valeat
1345 1799 1506 1854 navis
1538 1799 1722 1854 transi
1733 1801 1986 1865 re.Quod
2009 1801 2232 1856 noviter
2251 1818 2399 1874 opus
2419 1807 2824 1858 constructum
2851 1808 2908 1860 et
2931 1804 3205 1860 Romanis
3228 1804 3393 1862 urbis
3414 1805 3709 1862 defensio-

437 1921 570 1960 nem
605 1902 933 1976 przestat,et
963 1897 1296 1952 videntibus
1327 1914 1442 1952 non
1475 1897 1774 1953 modicum
1807 1898 1907 1952 sed
1940 1899 2162 1969 grande
2191 1898 2568 1969 miraculum,
2601 1901 2739 1974 quia
2769 1918 2904 1957 cum
2927 1917 3144 1974 magna
3171 1900 3479 1974 sapientia,
3495 1901 3704 1959 subtili

435 2000 746 2076 prudentia
773 2003 829 2052 et
858 1996 1162 2052 honestate
1195 1999 1492 2067 patratum
1518 1999 1626 2050 est.

506 2101 648 2156 517
701 2099 828 2170 ipse
861 2111 1091 2168 quoque
1122 2111 1156 2149 a
1185 2093 1300 2148 Deo
1326 2097 1620 2166 protectus
1637 2097 1694 2148 et
1738 2092 2114 2148 beatissimus
2145 2111 2298 2166 papa
2326 2093 2514 2150 multa
2542 2111 2786 2167 corpora
2811 2099 3314 2168 sanctorum,quae
3336 2094 3436 2152 diu
3467 2095 3704 2154 occulta

426 2200 726 2270 jacebant,
761 2209 996 2249 summo
1028 2191 1224 2246 studio
1256 2207 1606 2261 summoque
1651 2189 1842 2245 cordis
1873 2190 2083 2245 affectu
2127 2191 2197 2246 ad
2231 2191 2509 2247 honorem
2541 2190 2964 2264 omnipotentis
2995 2191 3094 2248 Dei
3131 2191 3283 2247 infra
3314 2191 3496 2264 hujus
3527 2191 3699 2249 almae

431 2294 603 2351 Urbis
635 2291 847 2346 moenia
877 2289 1120 2344 miriﬁce
1151 2285 1540 2359 congregavit.
1557 2287 1703 2341 Nam
1733 2291 1791 2342 et
1812 2304 2055 2359 corpora
2075 2293 2413 2344 sanctorum
2435 2292 2760 2362 martyrum
2783 2293 3034 2361 quatuor
3053 2288 3473 2345 Coronatorum
3495 2288 3700 2346 solerti

431 2408 573 2448 cura
601 2387 902 2460 inquirens
925 2389 1154 2456 reperit.
1174 2384 1279 2438 Pro
1301 2399 1550 2454 quorum
1573 2383 1944 2438 dcsiderabili
1968 2401 2164 2440 amore
2187 2384 2510 2452 basilicam,
2529 2403 2656 2458 quae
2679 2391 3017 2442 sanctorum
3041 2387 3232 2442 fuerat
3253 2385 3477 2441 nomini
3495 2403 3699 2443 conse-

356 2496 392 2549 5
429 2497 612 2556 erata,
644 2502 821 2558 quam
852 2484 977 2556 ipse
1005 2483 1147 2536 dum
1181 2482 1249 2536 ad
1287 2480 1564 2553 pontiﬁcii
1599 2481 1888 2536 deductus
1919 2487 2007 2537 est
2035 2482 2257 2554 apicem
2289 2484 2748 2555 prudentissimo
2799 2484 3198 2540 moderamine
3232 2483 3400 2553 rexit,
3431 2500 3562 2556 quae
3595 2501 3701 2556 per

429 2587 649 2644 olitana
665 2581 960 2638 curricuta
981 2584 1310 2651 temporum
1333 2583 1608 2648 quassata
1624 2577 1931 2633 vetustatis
1947 2579 2175 2633 defectu
2202 2585 2260 2634 et
2281 2597 2426 2652 pene
2447 2579 2632 2635 ruinis
2657 2581 2951 2636 confracta
2971 2580 3072 2636 diu
3085 2579 3410 2652 antiquitus
3455 2580 3694 2637 videba-

425 2689 523 2740 tur
550 2687 608 2738 et
637 2677 933 2741 convulsa,
951 2693 1216 2749 supernae
1235 2674 1466 2730 virtutis
1496 2680 1790 2730 unnuente
1821 2675 2128 2730 clementia
2152 2675 2212 2730 in
2242 2676 2694 2748 splendidiorem
2725 2677 3236 2750 pulchrioremque
3267 2683 3537 2734 statuma
3558 2678 3695 2733 fun-

423 2778 714 2838 damentis
762 2772 1106 2843 construxit,
1141 2777 1198 2828 et
1245 2773 1318 2828 ad
1367 2771 1603 2828 laudem
1651 2773 2071 2845 omnipotentis
2118 2772 2240 2843 Dei,
2273 2791 2477 2830 eorum
2527 2775 2928 2830 sacratissima
2958 2791 3202 2846 corpora
3246 2790 3380 2830 cum
3421 2773 3690 2842 Claudio,

421 2877 769 2942 Nicostrate,
810 2870 1237 2946 Symproniano
1286 2874 1462 2942 atque
1511 2870 1768 2927 Castorio
1816 2875 1874 2926 et
1925 2869 2252 2944 Simplicio,
2302 2888 2528 2930 necnon
2571 2873 2800 2942 Severo,
2852 2872 3181 2940 Severiano,
3215 2871 3592 2946 Carpophoro
3635 2875 3695 2928 ct

316 2981 382 3036 18
416 2974 736 3040 Victorino,
767 2975 1020 3044 quatuor
1049 2969 1327 3042 fratribus
1351 2985 1365 3036 ;
1399 2968 1540 3024 item
1571 2967 1812 3036 Marius,
1837 2969 2086 3026 Audifax
2115 2973 2172 3025 et
2199 2970 2481 3038 Abacum,
2514 2987 2650 3027 eum
2674 2970 2982 3028 Felissimo
3009 2975 3066 3027 et
3093 2967 3691 3044 Agapito,llippolyto

421 3091 554 3132 cum
583 3071 709 3128 suis
735 3068 974 3126 familiis
1005 3069 1250 3122 numero
1281 3067 1478 3121 decem
1509 3071 1566 3121 et
1596 3071 1744 3134 octo,
1775 3065 2070 3138 Aquilino,
2103 3067 2312 3140 Aquila
2341 3071 2398 3124 et
2427 3067 2644 3138 Prisca,
2678 3068 2951 3126 Narcisso
2997 3071 3056 3126 et
3104 3066 3442 3134 Marcelino,
3475 3065 3686 3151 Felice,

420 3170 830 3241 Simetrioque,
863 3165 1124 3222 Candide
1171 3169 1347 3236 atque
1390 3163 1654 3230 Paulina,
1685 3163 1995 3220 Anastasio
2039 3169 2097 3220 et
2145 3163 2348 3234 Felice,
2378 3163 2680 3238 Apollione
2711 3171 2770 3222 et
2810 3165 3148 3235 Benedicto,
3174 3163 3460 3223 Venantio
3509 3167 3690 3236 atque

421 3269 627 3336 Felice,
660 3266 916 3338 Diogene
945 3267 1002 3318 et
1032 3260 1312 3328 Siberaali,
1349 3261 1512 3316 Festo
1562 3265 1619 3316 et
1663 3259 1932 3316 Marcello
1965 3266 2138 3332 atque
2169 3261 2536 3334 Superantio,
2572 3263 2934 3320 Pudentiana
2960 3266 3017 3320 et
3043 3262 3384 3335 Benedicto,
3410 3259 3602 3320 Felice
3629 3264 3691 3318 et

415 3363 722 3432 Venantio,
753 3377 977 3417 necnon
1009 3358 1197 3430 capite
1229 3357 1417 3412 sancti
1455 3356 1627 3426 Preti,
1661 3361 1994 3430 sanetaaque
2022 3357 2282 3424 Caeciliae,
2316 3358 2502 3415 sancti
2536 3357 2870 3430 Alexandri,
2892 3358 3197 3432 sanctique
3227 3357 3370 3416 Sixti
3401 3361 3464 3414 et
3491 3357 3688 3417 eunti

312 3468 380 3522 15
416 3460 742 3522 Sebastiani
778 3463 952 3530 atque
983 3455 1394 3514 sacratissima:
1425 3453 1667 3527 virginis
1694 3453 1969 3510 Praxedis
2000 3455 2219 3527 pariter
2244 3455 2354 3511 sub
2385 3472 2550 3512 sacro
2581 3455 2750 3512 altari
2779 3456 3100 3513 recondens
3136 3454 3460 3522 collocavit,
3480 3459 3540 3512 et
3567 3454 3686 3512 alia

421 3559 610 3618 multa
639 3572 889 3630 quorum
925 3553 1164 3609 nomina
1194 3553 1308 3608 Deo
1340 3557 1480 3608 sunt
1507 3552 1760 3624 cognita.
1777 3553 1966 3624 Super
1988 3553 2142 3624 quod
2164 3551 2340 3608 etiam
2361 3553 2432 3609 ad
2455 3552 2702 3627 gloriam
2723 3553 3010 3611 Creatoris
3033 3554 3182 3610 miro
3205 3569 3378 3627 opere
3397 3552 3686 3626 miraque

413 3655 873 3732 pulchritudinis
903 3651 1191 3708 cibarium
1221 3669 1289 3708 ex
1319 3655 1557 3725 argento
1588 3651 2119 3724 purissimo,aureo
2151 3651 2641 3724 superinductum
2673 3651 3035 3728 colore,cum
3066 3651 3318 3726 gemmis
3346 3651 3607 3725 prasinis
3627 3656 3688 3709 et

411 3753 828 3830 hyacinthinis,
863 3767 1106 3824 pensan.
1138 3749 1318 3806 libras
1351 3754 1638 3805 trecentas
1666 3747 1980 3805 tresdecim
2009 3753 2068 3804 et
2097 3748 2295 3804 semis.
2331 3748 2436 3805 Ubi
2477 3765 2656 3822 supra
2685 3749 2899 3806 obtulit
2927 3749 2987 3806 in
3017 3749 3223 3806 eadem
3269 3748 3524 3806 ecclesia
3551 3748 3688 3806 vela

407 3856 590 3911 rubea
630 3869 757 3925 quas
805 3850 1062 3924 pendent
1105 3847 1166 3903 in
1211 3847 1459 3902 circuitu
1489 3845 1689 3902 altaris
1727 3861 1970 3902 numero
2002 3850 2272 3918 quatuor.
2307 3847 2467 3902 Idem
2496 3863 2730 3920 quoque
2753 3847 3169 3904 sanctissimus
3201 3846 3414 3920 praesul
3445 3847 3586 3904 fecit
3620 3847 3682 3904 in

296 3958 368 4011 20
405 3951 655 4010 oratorio
686 3947 972 4022 praedicta
998 3947 1178 4002 beatas
1208 3944 1666 4016 Barbarae,quod
1697 3947 2100 3999 constructum
2131 3948 2221 3998 est
2250 3943 2404 3999 infra
2430 3943 2738 4000 ecclesiam
2771 3947 3116 4001 sanctorum
3145 3948 3398 4018 quatuor
3419 3943 3685 4001 Camna-

401 4058 619 4117 torum,
651 4063 925 4104 coronam
973 4045 1046 4100 de
1077 4049 1338 4116 argento,
1373 4059 1540 4114 pens.
1572 4042 1755 4099 libras
1783 4041 2114 4098 duodecim.
2148 4041 2385 4097 Necnon
2416 4040 2477 4096 in
2509 4041 2713 4097 eodem
2753 4041 3006 4098 oratorio
3043 4041 3260 4098 obtulit
3287 4041 3582 4115 gabathas
3610 4041 3684 4098 de

405 4153 645 4222 argento
677 4147 898 4210 decem,
932 4159 1176 4216 pensan.
1209 4141 1456 4197 libras...
1490 4140 1889 4196 Verumetiam
1921 4138 1980 4194 in
2013 4139 2414 4212 suprascripto
2445 4138 2698 4196 oratorio
2729 4138 2866 4195 fecit
2892 4142 3082 4196 vestes
3123 4140 3196 4196 de
3227 4137 3490 4196 fundato
3536 4142 3683 4210 tres,

400 4247 682 4304 habentes
709 4243 770 4299 in
812 4241 1009 4298 medio
1040 4256 1243 4296 cruces
1274 4255 1410 4294 cum
1441 4237 1816 4311 gammadiis,
1849 4242 1908 4292 et
1937 4236 2064 4292 vela
2093 4237 2424 4292 duodecim.

475 4343 627 4401 518
667 4340 984 4397 Praedictus
1015 4337 1191 4394 etiam
1223 4334 1573 4392 venerabilis
1603 4335 1866 4408 pontifex
1894 4333 2031 4390 fecit
2059 4333 2119 4388 in
2150 4332 2395 4390 basilica
2441 4333 2593 4390 beati
2643 4333 2929 4408 Stephani
2978 4333 3274 4408 pontiﬁcis
3315 4333 3410 4391 via
3466 4333 3678 4392 Latina

397 4439 670 4498 milliario
698 4437 868 4494 tertio
913 4439 1135 4491 vestem
1185 4435 1256 4490 de
1285 4433 1532 4489 fundato
1581 4449 1782 4501 unam,
1815 4448 1954 4488 eum
1996 4447 2169 4487 cruce
2215 4429 2277 4486 in
2326 4429 2540 4500 medio,
2574 4435 2632 4488 et
2657 4430 2785 4488 vela
2835 4448 2956 4488 sex.
2988 4431 3097 4488 Ubi
3127 4431 3341 4489 obtulit
3369 4435 3670 4506 patenam,

393 4545 450 4598 et
479 4538 722 4596 calicem
753 4539 1024 4592 sanctum
1075 4531 1374 4589 modicum
1407 4531 1478 4586 de
1508 4533 1771 4604 argento,
1805 4546 2048 4603 pensan.
2080 4529 2214 4585 libr.
2250 4545 2430 4584 unam
2461 4532 2520 4585 et
2545 4527 2744 4585 semis.
2776 4528 3004 4586 Obtulit
3055 4530 3234 4586 etiam
3282 4529 3671 4587 beatissimus

394 4635 609 4712 praesul
640 4635 698 4690 in
729 4632 976 4690 ecclesia
1008 4630 1158 4686 beati
1189 4628 1474 4702 principis
1504 4627 1902 4700 apostolorum
1934 4624 2305 4682 thuribulum
2335 4627 2408 4682 de
2437 4629 2680 4700 argento
2710 4631 2988 4684 exaurato
3022 4627 3409 4701 apostolicum
3440 4625 3672 4702 legente

393 4751 608 4792 nomen
641 4730 864 4789 domini
899 4729 1108 4786 Leonis
1137 4726 1330 4800 quarti
1361 4743 1546 4800 papae,
1577 4741 1744 4798 pens.
1776 4724 1957 4781 libras
1987 4728 2258 4798 quatuor.
2287 4723 2397 4780 Ubi
2428 4723 2605 4780 etiam
2635 4723 2694 4780 in
2727 4725 2980 4782 oratorio
3027 4725 3184 4782 beati
3216 4724 3477 4800 Gregorii
3503 4727 3669 4782 ‘con-

391 4831 632 4890 fessoris
662 4835 836 4902 atque
861 4825 1155 4901 pontiﬁcis
1184 4825 1319 4882 fecit
1347 4829 1570 4882 vestem
1603 4823 1673 4880 de
1702 4823 1944 4878 fundato
1975 4838 2110 4878 cum
2142 4821 2518 4895 gammadiis,
2552 4825 2610 4878 et
2639 4839 2871 4880 crucem
2902 4839 2972 4880 ex
3002 4826 3244 4896 argento
3273 4826 3430 4880 texto
3459 4839 3666 4880 unam.

391 4929 676 4988 Similiter
703 4927 784 4982 ibi
817 4927 943 4998 ipse
972 4924 1040 4992 in,
1065 4922 1314 4980 oratorio
1346 4920 1502 4978 beati
1534 4919 1792 4994 pastO‘is
1821 4919 2098 4994 martyris
2135 4922 2356 4976 vestem
2397 4919 2524 4992 pari
2574 4920 2749 4977 modo
2800 4920 2937 4976 fecit
2981 4937 3183 4978 unam.
3214 4919 3452 4978 Necnon
3499 4925 3561 4978 et
3604 4919 3666 4976 in

387 5026 641 5085 oratorio
689 5027 870 5082 beatae
918 5023 1020 5079 Dei
1069 5019 1404 5088 Genitricis,
1434 5036 1564 5092 quae
1610 5017 1850 5090 ponitur
1898 5017 1970 5073 ad
2015 5017 2350 5085 ambonem,
2383 5017 2588 5074 eodem
2638 5018 2814 5075 modo
2842 5017 2982 5075 fecit
3007 5022 3230 5076 vestem
3262 5034 3467 5074 unam.
3499 5018 3573 5075 Et
3601 5017 3660 5074 in

384 5125 635 5184 oratorio
665 5127 879 5180 sanctae
911 5126 968 5177 et
997 5118 1442 5192 superexaltatae
1472 5115 1665 5174 crucis
1699 5116 1835 5172 fecit
1863 5120 2084 5172 vestem
2106 5115 2288 5172 simili
2319 5116 2492 5172 modo
2519 5133 2721 5172 unam.
2755 5117 2992 5175 Necnon
3023 5122 3082 5174 et
3107 5116 3170 5173 in
3200 5116 3476 5186 oratorio,
3501 5116 3658 5191 quod

279 5226 349 5282 10
385 5224 624 5299 ponitur
655 5223 726 5278 ad
755 5221 996 5289 fontem,
1032 5217 1169 5274 fecit
1197 5216 1470 5272 similiter
1493 5219 1714 5272 vestem
1746 5231 1946 5283 unam,
1977 5217 2036 5270 et
2061 5213 2188 5270 vela
2214 5213 2286 5270 de
2315 5213 2702 5288 quadrapulo.

456 5321 609 5379 519
650 5319 780 5391 Ipse
808 5334 944 5374 vero
974 5313 1322 5373 venerabilis
1343 5318 1401 5370 et
1423 5311 1738 5387 praeclarus
1769 5311 2028 5384 pontifex
2057 5311 2192 5368 fecit
2219 5309 2280 5366 in
2311 5309 2557 5376 ecclesia
2585 5317 2923 5369 sanctorum
2948 5315 3203 5386 quatuor
3231 5311 3656 5370 Coronatorum

384 5435 564 5492 super
595 5415 777 5473 altare
810 5415 1032 5486 majore
1057 5416 1280 5470 vestem
1313 5412 1386 5468 de
1417 5411 1661 5468 fundato
1690 5425 1826 5466 cum
1853 5425 2023 5465 cruce
2045 5408 2105 5465 in
2131 5408 2326 5466 medio
2357 5412 2415 5464 et
2441 5409 2834 5482 gammadias,
2867 5414 2926 5466 et
2953 5410 3013 5467 in
3038 5427 3180 5484 gyro
3209 5408 3410 5467 listam
3431 5411 3506 5468 de
3531 5411 3660 5468 fun-

387 5519 524 5574 dato
575 5529 778 5572 unam.
812 5513 920 5570 Ubi
969 5528 1152 5584 supra
1177 5509 1240 5564 in
1269 5507 1522 5566 oratorio
1570 5512 1782 5564 sancta:
1823 5507 2090 5563 Barbara:
2140 5505 2414 5562 similiter
2456 5507 2594 5563 fecit
2633 5511 2856 5566 vestem
2887 5509 2961 5565 de
2991 5508 3234 5566 fundato
3263 5524 3467 5565 unam.
3500 5509 3573 5566 Et
3598 5508 3658 5564 in

382 5614 636 5670 oratorio
668 5609 856 5668 sancti
887 5611 1033 5666 Sixti
1065 5609 1268 5664 eodem
1301 5607 1436 5663 fecit
1462 5609 1686 5663 vestem
1716 5605 2006 5662 unam.Et
2027 5603 2089 5660 in
2109 5604 2361 5661 oratorio
2383 5603 2570 5660 sancti
2591 5604 2810 5662 Nicolai
2828 5604 3102 5662 similiter
3117 5605 3251 5662 fecit
3277 5609 3504 5663 vestem
3519 5623 3658 5664 cum

310 5714 345 5770 5
381 5709 583 5783 aquila
629 5725 769 5766 una.
801 5708 1036 5763 Necnon
1067 5712 1125 5764 et
1153 5706 1213 5760 in
1242 5703 1488 5762 ecclesia
1523 5705 1728 5760 eadem
1777 5702 1915 5760 fecit
1957 5703 2246 5760 cortinam
2297 5701 2514 5759 lineam
2555 5719 2692 5760 cum
2730 5720 2903 5774 cruce
2950 5704 3013 5760 in
3060 5703 3274 5772 medio,
3305 5707 3366 5760 et
3412 5704 3474 5760 in
3511 5720 3659 5780 gyro

379 5807 584 5864 listam
615 5807 690 5860 de
723 5804 964 5859 fundato
988 5803 1149 5860 mirae
1177 5799 1620 5876 magnitudinis.
1657 5799 1775 5858 Piis
1803 5798 2088 5871 moribus,
2120 5799 2214 5856 his
2244 5799 2547 5873 sacrisque
2573 5805 2922 5876 perornatus
2951 5800 3225 5876 operibus
3253 5817 3410 5878 papa
3435 5801 3657 5862 obtulit

383 5901 447 5962 in
479 5900 694 5976 sapius
723 5902 1048 5961 memorata
1075 5914 1256 5977 quam
1286 5897 1472 5959 fretus
1502 5912 1700 5958 amore
1737 5897 2082 5956 fundaverat
2108 5896 2244 5958 aula
2271 5901 2550 5976 patenem
2578 5915 2650 5962 ex
2677 5902 2918 5978 argento
2944 5898 3288 5980 purissimo,
3319 5915 3500 5962 aureo
3536 5917 3649 5962 su-
