3928 6210
163 89 294 153 1317
888 82 1276 163 ξΙ-ΙΙΞΤΟΒΙΑ
1317 80 1420 142 DE
1462 79 1668 143 VITIS

1989 80 2182 141 'ONT.
2216 112 2292 123 -—
2329 81 2395 142 S.
2441 79 2587 141 LEO
2630 78 2734 143 IV.
3383 80 3540 143 1318

280 217 684 293 perinductam
715 215 926 281 colore,
958 231 1093 271 cum
1124 214 1315 270 crucis
1348 218 1559 286 [1‘0me
1590 211 2023 285 Salvatorisque
2053 210 2261 284 effigie,
2315 215 2645 283 sanctisque
2699 211 2798 267 Dei
2848 212 3156 269 Genitricis
3204 219 3261 270 et
3307 219 3539 271 sancto-

281 332 407 373 rum
438 313 839 389 apostolorum
874 312 1117 387 pulchro
1147 312 1441 368 schemate
1471 313 1823 378 decoratam,
1862 328 2106 383 pensan.
2137 309 2321 366 libras
2370 313 2623 382 septem;
2660 308 2928 366 similiter
2981 310 3220 367 calicem
3272 317 3542 369 sanctum

188 420 245 473 10
280 430 536 487 auroque
569 411 872 485 perfusum
905 410 1432 483 Evangelistarum,
1467 409 1777 464 habentem
1811 408 2065 478 iconam,
2098 412 2153 462 et
2184 424 2439 475 crucem,
2475 425 2636 479 pens.
2673 406 2852 462 libras
2893 412 3172 478 quatuor;
3208 427 3430 467 necnon
3476 429 3546 467 ex

282 515 519 585 argento
550 508 868 582 purissimo
900 508 1248 563 cantharum
1283 511 1647 573 exauratum,
1671 506 1728 560 in
1761 522 1876 577 quo
1908 504 2276 577 signaculum
2306 504 2366 559 in
2398 503 2646 559 circuitu
2677 505 3021 576 depressum
3053 504 3309 561 cernitur
3337 507 3543 575 crucis,

284 626 415 665 cum
447 606 866 681 prophetarum
899 606 1225 679 efﬁgiebus,
1260 603 1703 676 beatissimiquc
1735 602 2012 676 Stephani
2046 601 2221 674 primi
2252 601 2528 675 martyris
2574 602 2780 670 icona;
2813 607 3213 659 verumtamen
3265 608 3320 658 et
3366 604 3548 660 thuri-

283 705 488 763 bi:lum
519 723 587 762 ex
617 709 857 777 argento
890 703 1284 760 mundissimo
1315 701 1703 775 apostolicum
1734 717 1917 756 unum
1948 718 1962 767 ;
1994 700 2278 773 gabathas
2310 701 2383 757 ad
2415 700 2663 757 nitorem
2694 699 2883 772 ipsius
2912 717 3018 756 ven
3059 701 3253 756 randw
3302 701 3551 759 basilicae

288 806 596 861 exauratas
627 804 902 874 quatuor,
935 817 1100 873 pens.
1135 800 1364 871 pondus
1392 799 1642 855 duarum
1677 796 1857 854 semis
1887 796 2193 852 librarum.

356 901 510 958 520
563 900 660 955 llis
699 898 976 955 omnibus
1022 897 1107 954 ita
1155 897 1356 970 gestis,
1407 895 1835 953 confessionem
1887 912 2021 951 cum
2075 912 2240 951 sacro
2289 894 2461 951 altari
2509 895 2801 968 argenteis
2850 895 3067 952 tabulis
3099 912 3344 969 pcnsan.
3379 897 3557 954 libras

285 997 605 1071 nonaginta
634 1001 691 1053 et
720 1000 838 1052 tres
871 995 1181 1061 decoravit,
1212 998 1666 1067 sanctorumque
1698 992 2005 1065 effigiebus
2036 993 2386 1064 perornavit.
2422 994 2609 1065 Super
2637 993 2792 1065 quod
2825 992 2997 1050 etiam
3048 995 3262 1051 obtulit
3310 1013 3556 1070 regnum

286 1099 355 1154 de
403 1099 641 1169 argento
690 1093 1012 1167 purissimo
1061 1109 1194 1148 cum
1245 1090 1689 1165 pretiorissimis
1732 1090 2003 1163 gemmis,
2036 1090 2261 1147 habens
2307 1090 2366 1146 in
2417 1091 2610 1147 medio
2653 1108 2907 1159 crucem,
2952 1093 3107 1165 quod
3161 1110 3352 1166 usque
3401 1112 3558 1151 nunc

286 1211 463 1269 super
504 1193 707 1250 eodem
754 1191 1005 1263 pendere
1057 1189 1229 1247 altari
1276 1189 1655 1262 conspicitur.
1693 1188 1801 1244 Ubi
1851 1187 2025 1244 etiam
2074 1187 2289 1244 obtulit
2334 1188 2459 1244 vela
2508 1189 2578 1244 de
2629 1188 2870 1245 fundato
2916 1191 3306 1263 quadraginta
3336 1197 3391 1249 et
3421 1193 3556 1250 tria.

220 1298 253 1351 5
288 1295 417 1368 Ipse
445 1309 580 1348 vero
613 1289 827 1364 saepius
856 1292 1216 1345 memoratus
1246 1292 1304 1344 et
1333 1286 1651 1360 praeclarus
1681 1287 1928 1343 antistes
1979 1303 2231 1358 superno
2281 1285 2685 1343 inﬂammatus
2736 1304 2931 1344 amore
2979 1288 3190 1345 obtulit
3237 1290 3296 1346 in
3351 1309 3558 1349 mona-

290 1391 469 1449 sterio
499 1388 685 1446 sancti
720 1386 982 1443 Silvestri
1015 1386 1289 1459 santique
1312 1385 1605 1442 Benedicti
1638 1388 1694 1441 et
1723 1388 1936 1440 sanctae
1968 1384 2360 1451 Scholasticis,
2393 1385 2561 1463 quod
2598 1390 2974 1458 nuncupatur
3019 1388 3129 1443 sub
3162 1389 3337 1457 Lacu,
3371 1394 3561 1448 vestes

295 1491 367 1546 de
397 1487 640 1544 fundato
672 1490 811 1553 tres,
841 1489 897 1541 et
925 1483 1052 1540 vela
1097 1484 1367 1541 similiter
1408 1485 1477 1539 de
1530 1484 1772 1539 fundato
1822 1487 2069 1555 septem.
2105 1482 2262 1538 Fecit
2308 1482 2484 1538 etiam
2533 1483 2689 1537 idem
2733 1483 3113 1540 beatissimus
3164 1503 3400 1558 praeses,
3432 1493 3564 1561 post

292 1583 785 1659 depraedationem
817 1584 1239 1638 Saracenorum
1270 1581 1329 1637 in
1358 1580 1603 1637 ecclesia
1634 1580 1786 1636 beati
1835 1580 1988 1635 Petri
2041 1579 2288 1652 apostoli
2334 1579 2676 1636 cruciﬁxum
2727 1580 2887 1636 mirae
2940 1583 3387 1655 magnitudinis,
3421 1604 3563 1642 con-

293 1688 587 1740 structum
621 1698 755 1738 cum
787 1680 1039 1753 gemmis
1089 1678 1486 1752 hyacinthinis
1536 1679 1606 1734 de
1654 1683 1892 1751 argento
1940 1676 2279 1750 purissimo,
2315 1682 2680 1747 exauratum,
2716 1696 2879 1752 pens.
2914 1680 3048 1736 libr.
3082 1683 3472 1755 septuaginta,
3510 1690 3567 1740 et

200 1785 259 1838 10
294 1781 441 1838 alias
472 1796 740 1854 gemmas
769 1778 934 1834 albas
967 1782 1212 1849 septem,
1248 1778 1530 1849 majorem
1561 1793 1762 1832 unam.
1884 1758 1889 1765 Χ

370 1879 517 1935 521
553 1877 634 1932 Ea
665 1876 829 1941 item,
862 1891 988 1948 quae
1020 1874 1172 1929 inter
1202 1878 1406 1930 czetera
1436 1892 1538 1948 per
1566 1873 1923 1931 sanctissimi
1960 1873 2227 1946 praesulis
2257 1872 2529 1930 assiduas
2560 1891 2759 1946 preces
2790 1893 2856 1931 ac
2902 1875 3192 1950 lacrymas
3239 1898 3273 1935 a
3321 1881 3567 1937 Domino

296 1975 602 2033 exauditas
634 1973 981 2029 duodecima
1012 1972 1321 2027 insistente
1350 1970 1668 2027 indictione
1700 1971 2045 2027 mirabiliter
2073 1976 2203 2027 acta
2230 1970 2318 2027 vel
2350 1976 2514 2043 gesta
2537 1978 2825 2040 sunt,non
2860 1974 3474 2050 inutiliteragemus,si
3495 1982 3569 2036 ob

298 2079 579 2130 aeternam
613 2069 957 2127 memoriam
990 2069 1125 2125 huic
1158 2068 1315 2141 operi
1349 2068 1565 2124 clarius
1594 2068 1847 2125 inserere
1876 2069 2222 2126 studeamus
2257 2085 2270 2122 :
2308 2072 2372 2124 ut
2401 2074 2631 2142 quanta:
2664 2072 2990 2128 sanctitatis
3020 2074 3079 2129 in
3102 2075 3209 2131 hac
3241 2093 3572 2135 aerumnosa

300 2174 425 2229 vita
451 2171 543 2226 vir
570 2170 681 2226 iste
709 2168 1019 2235 exstiterit,
1042 2171 1358 2240 prmsentes
1386 2171 1561 2238 atque
1592 2166 1773 2222 futuri
1806 2166 2034 2222 facilius
2062 2168 2669 2241 agnoscanLDenique
2699 2174 2830 2241 post
2860 2172 3177 2229 nefandum
3195 2174 3572 2248 etlugubrem

238 2275 272 2328 5
306 2270 590 2342 omnique
620 2267 852 2341 plenam
888 2266 1122 2321 miseria
1155 2266 1577 2321 Saracenorum
1609 2264 2315 2337 deprmdationem,quam
2347 2264 2409 2320 in
2440 2265 2629 2337 primo
2658 2267 3049 2324 Ecclesiarum
3084 2273 3347 2328 omnium
3366 2275 3573 2347 capite,

314 2372 521 2426 sancta
549 2365 781 2423 Scilicet
805 2365 1069 2420 Romana
1097 2362 1612 2430 Ecclesia,bortatu
1644 2362 1928 2418 diabolico
1950 2362 2631 2435 peregerunt,voluerunt
2653 2364 2861 2419 iterum
2881 2366 2992 2438 ipsi
3007 2368 3231 2423 Satanae
3246 2368 3346 2424 filii
3365 2370 3581 2428 similia

311 2467 377 2522 in
408 2466 705 2522 Romanos
732 2462 880 2518 ﬁnes
913 2465 971 2517 et
994 2459 1298 2517 ecclesiam
1328 2458 1911 2532 beatissimiapostoli
1929 2459 2078 2516 Petri
2104 2464 2167 2515 ut
2183 2459 2321 2515 olim
2341 2460 2558 2515 damna
2573 2459 2870 2529 inferre,et
2885 2462 3095 2519 deinde
3106 2466 3354 2525 victores
3371 2469 3440 2524 ad
3456 2468 3581 2526 loca

317 2562 539 2637 quibus
567 2559 785 2635 egressi
816 2560 1055 2615 fuerunt
1084 2574 1370 2625 remeare;
1406 2558 1506 2613 sed
1539 2574 1681 2614 cura
1706 2574 1772 2614 ac
1803 2558 1997 2613 studio
2030 2557 2248 2613 summi
2280 2556 2658 2631 praefulgente
2687 2563 2860 2632 atque
2890 2560 3164 2633 vigilante
3192 2566 3443 2636 pastoris
3460 2567 3582 2624 haec

315 2660 561 2719 minime
590 2658 865 2732 perficere
891 2656 1447 2729 potuerunt.'l‘amen
1480 2658 1544 2710 ut
1573 2654 1773 2711 fideles
1804 2656 1864 2709 in
1896 2656 2142 2711 Domino
2173 2654 2426 2727 amplius
2441 2655 2730 2713 fideliores
2751 2657 3582 2738 jureexistant,etilliussigna

215 2762 277 2817 10
313 2777 382 2816 ac
408 2756 743 2815 veneranda
770 2754 1055 2811 miracula
1082 2771 1151 2809 ex
1180 2753 1474 2809 veteribus
1505 2752 1729 2808 noviter
1742 2769 2048 2808 emanasse
2080 2770 2193 2808 non
2225 2752 2851 2826 dubitent,aprincipio
2866 2754 3231 2812 retinendum
3252 2764 3340 2815 est
3357 2760 3496 2832 quid
3510 2763 3581 2818 de

315 2856 403 2914 eis
432 2855 629 2912 divina
658 2854 861 2910 eodem
891 2856 1151 2924 tempore
1178 2851 1581 2934 misericordia
1611 2850 2026 2906 miserabiliter
2049 2851 2188 2924 egit,
2223 2850 2577 2922 quantisque
2622 2850 2875 2908 miseriis
2923 2856 3098 2926 atque
3146 2854 3581 2916 calamitatibus

314 2972 462 3029 gens
492 2951 594 3008 illa
622 2951 896 3025 pestifera
927 2950 1133 3007 merito
1164 2949 1409 3022 protrita
1437 2948 1665 3021 dilapsa
1689 2953 1794 3005 est.
1831 2948 2222 3014 Quamobrem
2252 2947 2567 3020 pristinum
2599 2949 3041 3007 reminiscentes
3063 2951 3292 3010 lucrum
3323 2955 3411 3012 vel
3442 2975 3582 3030 pra:-

321 3053 461 3107 dam
493 3067 672 3124 quam
705 3049 982 3113 fecerant,
1016 3046 1405 3120 multiplicata
1434 3046 1647 3102 iterum
1674 3063 2073 3125 perversorum
2107 3045 2414 3102 hominum
2447 3063 2646 3115 manu,
2681 3047 2998 3120 multisque
3047 3066 3180 3107 cum
3212 3054 3461 3113 navibus
3508 3059 3581 3114 ad

322 3150 531 3206 urbem
562 3145 1009 3222 expugnandam
1042 3146 1368 3201 Romanam
1400 3143 1747 3199 duodecima
1774 3143 2093 3199 indictione
2121 3144 2351 3217 vigente
2375 3130 2577 3200 venire
2601 3144 2910 3202 crudeliter
2937 3147 3335 3208 decreverunt.
3362 3154 3587 3212 Multis-

224 3251 287 3305 15
325 3265 440 3321 que
469 3246 649 3303 etiam
677 3245 885 3301 diebus
914 3243 975 3299 in
1006 3243 1156 3311 loco,
1187 3242 1289 3315 qui
1323 3242 1609 3297 Tozarum
1640 3241 1875 3307 dicitur,
1898 3242 2071 3313 juxta
2100 3240 2354 3297 insulam
2388 3242 2670 3299 Sardiniae
2718 3244 2999 3301 demorati
3049 3252 3207 3304 sunt.
3237 3250 3283 3305 A
3332 3268 3450 3324 qua
3497 3254 3583 3311 di-

327 3345 516 3419 gressi
548 3343 876 3400 Romanum
909 3345 1167 3414 portum,
1199 3340 1315 3397 Deo
1345 3338 1477 3395 illos
1505 3355 1621 3395 non
1652 3339 1984 3411 adjuvante,
2018 3337 2167 3395 inire
2192 3339 2386 3395 conati
2418 3344 2578 3397 sunt.

406 3442 559 3500 522
586 3444 845 3507 Quorum
876 3438 1115 3511 iniquus
1145 3453 1211 3494 ac
1238 3437 1527 3493 nefandus
1557 3436 1842 3493 adventus
1874 3437 2167 3494 Romanos
2198 3454 2314 3492 non
2347 3438 2720 3495 mediocriter
2746 3441 2974 3498 terruit.
2998 3443 3107 3500 Sed
3126 3446 3587 3517 quiaEcclesiam

329 3557 501 3597 suam
537 3539 686 3595 Deus
717 3537 1088 3610 omnipotens
1119 3550 1349 3607 semper
1378 3533 1715 3590 inviolatam
1747 3534 2145 3605 custodivit,et
2174 3535 2449 3608 deinceps
2470 3537 2763 3595 custodire
2783 3556 2901 3596 non
2923 3541 3159 3611 desinit,
3174 3545 3439 3603 excitavit
3454 3552 3593 3604 tunc

329 3639 485 3694 inter
513 3640 750 3693 cateros
780 3634 1044 3691 omnium
1077 3631 2109 3705 Neapolitarum,Amalphitanorum,
2134 3635 2660 3708 Cajetanorumque
2691 3638 2888 3706 corda,
2914 3643 2978 3695 ut
3005 3657 3123 3696 una
3152 3658 3286 3698 cum
3320 3644 3597 3705 Romanis

329 3740 534 3793 contra
566 3750 665 3790 eos
695 3732 995 3805 insurgere
1026 3749 1093 3788 ac
1123 3730 1401 3787 dimicare
1430 3729 1658 3786 fortiter
1686 3729 2407 3787 debuissent.Moxetenim
2427 3731 2614 3788 alocis
2629 3735 3113 3808 propriisegressi
3135 3745 3268 3797 ante
3281 3742 3597 3803 Saracenos

260 3835 296 3890 5
332 3829 708 3904 inutiles,ipsi
729 3847 862 3886 cum
877 3830 1001 3886 suis
1020 3828 1266 3885 navibus
1284 3827 2121 3899 conjunxerunt(a),suumque
2136 3827 2507 3899 repentinum
2521 3830 2834 3885 adventum
2848 3832 3188 3890 beatissimo
3210 3837 3375 3892 Leoni
3391 3848 3599 3912 quarto

333 3929 593 4004 pontifici
626 3933 829 3984 notum
863 3928 1124 3983 fecerunt
1157 3943 1170 3982 :
1203 3930 1259 3982 et
1287 3926 1442 3998 quod
1476 3941 1537 3981 se
1566 3924 1639 3980 ob
1673 3923 1851 3979 ullam
1883 3940 2006 3979 rem
2037 3923 2265 3979 venisse
2294 3924 2471 3979 aliam
2503 3929 2644 3980 sunt
2672 3928 2940 3997 professi,
2975 3929 3086 3985 nisi
3135 3936 3198 3985 ut
3246 3932 3316 3988 de
3355 3939 3600 4008 paganis

336 4028 582 4085 Domino
614 4025 930 4082 auxiliante
958 4024 1207 4080 victores
1235 4023 1736 4080 existerent.Tunc
1766 4022 2004 4077 demum
2033 4021 2383 4077 venerabilis
2414 4039 2564 4094 papa
2596 4022 2926 4095 aliquantus
2944 4042 3012 4080 ex
3026 4026 3113 4082 eis
3144 4029 3307 4099 prius
3324 4033 3395 4087 ad
3416 4050 3478 4089 se
3497 4035 3605 4091 Ro-

339 4143 498 4181 mam
531 4124 725 4181 venire
756 4121 1251 4196 praecepit,volens
1281 4119 1610 4193 specialiter
1634 4119 1781 4175 scire
1812 4119 1884 4174 ab
1917 4119 2003 4175 eis
2033 4118 2083 4174 si
2112 4135 2315 4174 eorum
2345 4117 2627 4191 pacificus
2656 4126 2811 4176 esset
2844 4122 3129 4180 adventus
3157 4124 3246 4181 vel
3278 4130 3602 4195 non,sicuti

339 4227 395 4279 et
422 4225 644 4279 factum
675 4226 782 4278 est.
817 4221 972 4277 Inter
1001 4237 1149 4293 quos
1181 4224 1320 4275 tunc
1353 4218 1507 4274 filius
1538 4217 1723 4291 Sergii
1753 4217 2017 4290 magistri
2050 4216 2438 4289 militum,qui
2469 4221 2593 4272 erat
2621 4218 2925 4275 ordinatus
2954 4236 3131 4294 super
3154 4225 3605 4293 exercitum,no-

236 4322 305 4377 10
344 4321 500 4377 mine
529 4317 837 4385 Caesarius,
871 4317 1123 4384 advenit,
1157 4333 1304 4389 quos
1334 4316 1584 4389 benigne
1612 4315 1671 4370 in
1699 4313 1914 4388 palatio
1949 4314 2323 4371 Lateranensi
2355 4313 2683 4387 suscipiens
2725 4333 2964 4372 causam
3010 4335 3112 4390 pro
3161 4336 3275 4392 qua
3321 4330 3607 4380 venerunt

343 4415 645 4490 inqusivit.
678 4413 765 4471 Illi
797 4417 993 4470 autem
1025 4414 1097 4470 ob
1129 4412 1289 4469 aliud
1322 4430 1437 4468 non
1468 4412 1697 4469 venisse
1725 4412 1921 4468 testati
1954 4415 2112 4480 sunt,
2147 4410 2259 4467 nisi
2306 4413 2380 4468 ob
2428 4411 2537 4468 hoc
2582 4414 2739 4485 quod
2788 4431 2968 4487 super
3024 4415 3237 4487 legitur
3280 4424 3602 4480 exaratum.

344 4518 603 4583 Quorum
634 4513 767 4585 pius
798 4510 1152 4585 apostolicus
1178 4510 1453 4567 credulus
1480 4510 1672 4566 verbis
1703 4527 1837 4566 cum
1870 4526 2083 4582 magno
2113 4512 2469 4565 armatorum
2502 4512 2803 4582 procinctu
2836 4529 2968 4568 mox
2985 4515 3056 4569 ad
3070 4515 3359 4572 civitatem
3381 4516 3604 4573 Ostiam

344 4610 1022 4687 properavit,omnesque
1050 4607 1462 4683 Neapolitanos
1493 4608 1699 4682 grandi
1732 4612 1908 4680 atque
1937 4606 2148 4662 eximia
2178 4606 3280 4680 devotionesuscepit.Quiutsummum
3296 4613 3607 4685 praesulem

346 4695 792 4782 conspexerunt,
830 4707 1005 4780 pedes
1035 4707 1163 4779 ejus
1193 4706 1374 4762 humo
1406 4706 1682 4779 prostrati
1706 4704 2065 4761 venerabiles
2093 4706 2232 4759 sunt
2261 4703 2871 4778 osculati,gratiasque
2900 4707 3283 4780 omnipotenti
3316 4711 3608 4770 atithrono

242 4811 311 4865 15
346 4806 691 4876 retulerunt,
725 4805 825 4879 qui
859 4805 931 4860 ad
962 4822 1023 4861 se
1053 4804 1465 4861 confortandos
1496 4803 1673 4861 talem
1704 4802 1954 4877 dirigere
1983 4800 2232 4859 decrevit
2260 4800 2600 4858 antistitem.
2635 4802 2743 4869 Qui
2775 4808 2838 4859 ut
2867 4803 3137 4862 meliores
3167 4807 3239 4862 de
3270 4806 3441 4864 Belial
3472 4808 3610 4867 filiis

345 4908 594 4963 victores
625 4904 1338 4976 existerent,summopere
1360 4902 1650 4976 deprecati
1686 4906 1826 4959 sunt
1855 4905 1918 4957 ut
1949 4901 2019 4956 de
2050 4900 2175 4956 suis
2206 4899 2387 4956 sacris
2422 4899 2919 4973 manibuscorpus
2936 4902 3305 4960 Dominicum
3318 4906 3613 4979 percipere

348 5003 726 5061 meruissent.
761 5001 984 5069 Quibus
1014 5018 1111 5057 ore
1141 5018 1247 5057 suo
1284 5000 1529 5057 missam
1562 5000 1621 5056 in
1653 4999 1898 5056 ecclesia
1927 4999 2106 5054 beatas
2134 5000 2332 5054 Aureae
2363 4998 2902 5070 decantavit,atque
2932 4999 3186 5056 universi
3218 5019 3287 5057 ex
3335 5002 3514 5070 illius,
3549 5010 3615 5062 ut

353 5103 577 5177 dictum
612 5099 1010 5166 est,manibus
1041 5098 1514 5156 communionem
1549 5097 2028 5170 sumpserunt.Et
2057 5099 2368 5168 antequam
2400 5094 2521 5150 haec
2553 5094 2969 5167 ﬁerent,usque
2999 5097 3070 5152 ad
3102 5101 3402 5170 praefatam
3441 5101 3617 5158 eccle-

353 5200 503 5256 siam
536 5215 672 5254 cum
704 5197 938 5270 hymnis
970 5214 1036 5253 ac
1067 5195 1286 5252 litaniis
1310 5195 1668 5268 canticisque
1697 5195 2026 5269 prmeipuis,
2060 5193 2235 5250 simul
2267 5210 2401 5249 cum
2432 5192 2576 5264 ipsis
2608 5192 3003 5265 Neapolitanis
3035 5194 3265 5251 Christo
3301 5198 3616 5257 auxiliante

245 5298 317 5352 20
354 5296 652 5371 profectus
684 5294 866 5350 est.In
898 5311 1014 5366 qua
1048 5293 1224 5351 etiam
1257 5292 1419 5349 ﬂexis
1446 5291 1695 5365 genibus
1722 5291 2091 5348 Altissimum
2126 5292 2467 5364 deprecatus
2496 5295 2605 5361 est,
2632 5294 2919 5363 quatenus
2950 5292 3313 5350 orationibus
3343 5295 3468 5352 suis
3495 5298 3619 5372 ipse

350 5391 821 5449 Christianorum
850 5388 1050 5446 hostes
1080 5388 1141 5444 in
1172 5405 1385 5444 manus
1417 5388 1817 5444 resistentium
1848 5388 2076 5444 tradere
2107 5387 2463 5461 dignaretur.

428 5490 582 5547 528
614 5488 803 5561 Super
831 5504 981 5560 quos
1009 5487 1186 5543 etiam
1221 5484 1424 5543 multis
1454 5502 1590 5541 cum
1622 5485 1896 5559 lacrymis
1925 5485 2078 5542 hanc
2109 5486 2428 5543 orationem
2460 5485 2690 5558 obtulit,
2724 5485 2923 5542 dicens
2955 5502 2968 5542 :
3001 5487 3161 5555 Deus,
3200 5489 3357 5560 cujus
3400 5489 3625 5550 dextera

356 5590 573 5645 beatum
603 5587 825 5642 Petrum
856 5585 1160 5656 apostolum
1181 5584 1553 5639 ambulantem
1583 5585 1640 5639 in
1669 5584 1945 5654 ﬂuctibus,
1995 5601 2063 5639 ne
2106 5593 2462 5654 mergeretur,
2491 5587 2686 5653 erexit,
2718 5592 2768 5641 et
2812 5585 3174 5658 eoapostotum
3215 5585 3333 5657 ejus
3385 5588 3629 5648 Paulum

353 5687 514 5744 tertio
544 5683 971 5753 naufragantem
998 5681 1063 5737 de
1085 5679 1358 5753 profundo
1382 5681 1598 5752 pelagiz’
1627 5681 1899 5750 liberavit,
1929 5680 2137 5736 exaudi
2158 5697 2258 5736 nos
2282 5684 2578 5755 propitius,
2609 5691 2661 5742 et
2704 5682 2946 5755 concede,
2978 5691 3039 5742 ut
3085 5682 3368 5741 amborum
3414 5692 3631 5750 meritis

1404 5785 1654 5833 NOTULE
1692 5784 2076 5834 IARGINALES
2118 5786 2439 5837 FABROTTI.

292 5870 366 5948 (α)
396 5870 863 5947 Coniunxerunt,
894 5867 953 5927 id
979 5876 1079 5941 est,
1111 5870 1521 5946 pervenerunt.
