3928 6210
339 151 496 211 4323
1023 208 1034 218 .
1508 151 1888 228 ANASTASI

2198 153 2619 214 )THECARII.
3591 156 3749 216 1324

481 282 756 355 martyris
785 282 843 338 in
876 282 1045 354 Sylva
1075 283 1335 339 Candida
1365 288 1581 339 vestem
1614 285 1684 339 de
1718 285 2306 350 fundate,liabentem
2339 286 2396 341 in
2431 287 2621 342 medie
2651 289 2884 343 crucem
2911 287 2983 342 de
3013 286 3376 360 periclysi,et
3403 288 3464 344 in
3495 287 3749 345 circuitu

479 381 551 436 de
582 380 857 446 blatthin,
889 379 1115 452 legente
1145 383 1216 436 de
1250 381 1484 436 nomine
1515 382 1714 436 domui
1752 382 1958 436 Leonis
1992 381 2184 453 quarti
2216 400 2398 454 papm.

551 477 698 534 5³1
737 477 895 533 Fecit
922 477 1097 532 etiam
1127 477 1311 533 isdem
1346 478 1724 534 beatissimus
1755 477 1967 550 praesul
1994 477 2053 532 in
2085 478 2330 534 ecclesia
2359 480 2511 535 beati
2560 479 2874 536 Clementis
2918 481 3191 554 martyris
3233 485 3410 554 atque
3449 481 3750 554 pontiﬁcis

479 575 763 648 gabathas
797 575 867 630 de
899 579 1136 648 argento
1167 575 1483 647 purissimo
1515 593 1760 631 numero
1791 581 2051 632 scxztres
2083 577 2322 648 quidem
2353 577 2623 649 ﬁlopares
2655 578 2821 650 signo
2850 578 3161 647 Christi,et
3177 579 3325 634 duas
3340 580 3522 636 etiam
3539 578 3750 635 simili-

481 673 714 730 tudines
742 673 1166 746 palmarum,et
1197 690 1375 727 unam
1409 673 1959 744 interrasilem,qua:
1987 679 2076 728 est
2107 674 2614 746 saxisca,pensan.
2638 675 3014 732 simullihras
3034 671 3308 748 quatuor.
3325 677 3518 732 Isdem
3541 675 3754 732 beatis-

483 771 671 826 simus
701 776 756 827 et
786 770 1099 842 przeclarus
1129 771 1388 841 pontifex
1411 771 1543 825 fecit
1567 771 1620 824 in
1648 771 1888 826 basilica
1919 771 2071 826 beati
2104 771 2257 828 Petri
2288 773 2535 844 apostoli
2570 773 2874 828 nutritoris
2894 773 2986 828 sui
3003 791 3175 830 arcus
3197 791 3332 829 cum
3361 773 3684 838 columnis,
3699 777 3754 828 et

410 870 448 924 5
482 868 622 924 liliis
653 869 724 923 de
750 873 990 940 argento
1021 866 1336 938 purissimo
1368 867 2022 940 tres,pcnsan.insimul
2055 868 2238 924 libras
2263 874 2498 925 centum
2515 871 2900 942 etduas.lpse
2930 871 3167 942 quidem
3195 871 3549 928 venerabilis
3563 871 3754 944 ponti-

480 967 574 1022 fex
594 965 729 1020 fecit
747 965 808 1019 in
830 965 1071 1020 basilica
1102 964 1289 1020 sancti
1322 965 1571 1034 Caesarii,
1606 983 1732 1036 quae
1765 965 2003 1038 ponitur
2033 966 2089 1019 in
2115 967 2448 1029 Terracina,
2478 972 2697 1022 vestem
2731 969 2802 1022 de
2832 968 3197 1040 quadrapulo
3228 976 3518 1035 ornatam,
3551 967 3618 1024 in
3648 967 3755 1024 cir-

480 1064 642 1119 cuitu
665 1063 734 1117 de
757 1061 1028 1129 blatthin,
1052 1063 1303 1118 habente
1335 1063 1394 1117 in
1429 1063 1620 1117 medio
1646 1079 1877 1118 crucem
1912 1064 1981 1118 de
2013 1063 2402 1146 chrysoclavo,
2439 1064 2666 1136 legente
2691 1065 2762 1120 de
2790 1065 3027 1120 nomine
3057 1066 3279 1122 domini
3308 1067 3519 1122 Leonis
3552 1064 3754 1138 quarti

479 1161 910 1234 papze.Necnon
935 1161 1068 1215 etin
1087 1161 1328 1216 basilica
1360 1161 1506 1215 beati
1544 1161 1690 1216 Petri
1723 1161 1965 1232 apostoli
2003 1161 2134 1214 fecit
2163 1163 2422 1216 arcusdc
2446 1168 2686 1234 argento
2713 1163 3030 1234 purissimo
3047 1180 3180 1218 cum
3200 1163 3492 1220 columnis
3522 1170 3584 1220 et
3611 1163 3756 1218 liliis

479 1276 722 1314 numero
754 1264 891 1326 tres,
926 1277 1086 1331 pens.
1123 1258 1304 1314 libras
1336 1260 1656 1328 sexaginla.
1695 1260 1844 1313 Fecit
1873 1263 1928 1311 et
1961 1259 2014 1312 in
2049 1259 2294 1314 ecclesia
2324 1263 2535 1314 sanctae
2570 1261 2670 1315 Dei
2701 1260 3011 1316 Genitricis
3035 1261 3397 1334 Marizn,qua3
3429 1261 3760 1334 poniturin

372 1361 439 1416 10
476 1357 704 1414 civitate
738 1357 1059 1423 Portuensi,
1093 1362 1312 1412 vestem
1345 1357 1416 1412 de
1448 1357 1718 1428 spanisco
1753 1362 2232 1420 unam,ornataln
2267 1357 2324 1411 in
2358 1357 2608 1414 circuitu
2639 1359 2709 1412 de
2742 1359 3076 1426 lundato,et
3105 1359 3165 1414 in
3197 1361 3390 1416 medio
3422 1375 3666 1415 crucem
3684 1359 3756 1414 de

478 1458 758 1528 argento;
791 1453 1063 1510 similiter
1092 1453 1216 1510 vela
1239 1455 1310 1510 de
1341 1456 1632 1526 spaniseo,
1666 1458 1868 1509 ornata
1899 1454 1957 1508 in
1991 1454 2240 1509 circuitu
2272 1455 2343 1510 de
2376 1456 2615 1511 fundato
2643 1472 2888 1512 numero
2918 1455 3058 1513 tria:
3092 1457 3193 1512 sed
3223 1462 3280 1513 et
3310 1456 3551 1513 tabulas
3569 1457 3644 1512 de
3661 1474 3754 1512 ar-

477 1556 649 1626 gento
679 1551 1081 1616 exauratas,in
1095 1552 1279 1626 gradu
1311 1557 1446 1606 ante
1479 1550 1898 1606 confessionem
1931 1551 2084 1607 beati
2117 1551 2265 1606 Petri
2297 1553 2542 1624 apostoli
2577 1568 2822 1608 numero
2851 1558 3124 1625 quatuor,
3152 1559 3208 1610 et
3238 1570 3422 1627 agnos
3453 1553 3753 1626 duos,qui

476 1667 720 1723 pensan.
736 1647 915 1704 libras
929 1648 1168 1703 insimul
1184 1649 1574 1720 quadraginta
1591 1655 1645 1703 et
1663 1654 1933 1720 quatuor.
1956 1649 2201 1715 Obtulit,
2219 1649 2318 1704 ubi
2341 1667 2538 1722 supra,
2555 1667 2800 1706 coronas
2818 1651 3254 1724 porphyreticas
3275 1650 3437 1706 mirae
3452 1649 3756 1723 magnitu-

473 1745 630 1803 dinis
658 1751 894 1802 ornatas
923 1763 991 1801 ex
1021 1762 1162 1800 auro
1195 1746 1514 1817 purissimo
1547 1763 1681 1801 cum
1715 1746 2006 1818 delphinis
2039 1747 2614 1820 duodecim,legcnte
2631 1749 2700 1804 de
2719 1748 2956 1805 nomine
2978 1749 3167 1822 ipsius
3189 1748 3426 1804 almiﬁci
3449 1748 3750 1820 praesulis,

374 1847 438 1901 15
475 1861 719 1918 pensan.
742 1843 902 1900 auris
923 1843 1103 1899 libras
1132 1847 1250 1898 tres
1280 1848 1338 1898 et
1367 1843 1816 1911 semis;necnon
1845 1848 1901 1899 et
1933 1860 2103 1899 arcus
2129 1845 2200 1900 de
2230 1855 2467 1917 argento
2500 1845 2818 1918 purissimo
2849 1863 3094 1902 numero
3124 1847 3346 1914 decem,
3372 1846 3474 1918 qui
3499 1863 3749 1918 peusan.

473 1941 650 1999 simul
680 1942 740 1996 in
770 1958 956 1996 unum
988 1939 1167 1996 libras
1199 1945 1432 1996 centum
1463 1941 1798 2013 octuaginta
1824 1946 1881 1996 et
1915 1959 2092 1996 unam
2117 1960 2129 1996 :
2156 1947 2213 1997 et
2243 1941 2367 1997 vela
2395 1942 2568 2012 linea,
2594 1961 2719 2014 quas
2746 1945 3000 2015 pendent
3028 1943 3088 1998 in
3121 1945 3395 2011 arcubus,
3413 1943 3516 1999 ubi
3543 1961 3749 2016 supra,

468 2043 674 2096 ornata
703 2039 762 2094 in
793 2039 1042 2095 circuitu
1073 2039 1143 2094 de
1175 2038 1417 2094 fundato
1449 2057 1692 2095 numero
1725 2039 2113 2112 quadraginta
2143 2046 2292 2096 octo.

545 2138 701 2195 582
731 2138 932 2194 Dicere
963 2155 1119 2193 nunc
1145 2142 1276 2210 post
1305 2138 1576 2193 universa
1605 2155 1730 2209 quas
1762 2137 2138 2209 retroscripta
2163 2143 2300 2193 sunt
2331 2138 2492 2206 libet,
2524 2144 2870 2212 aeternaeque
2901 2140 3194 2196 memoriae
3225 2141 3621 2213 praesentibus
3643 2139 3751 2196 lit-

468 2235 611 2291 teris
640 2235 890 2291 enodare
921 2252 1049 2306 quaa
1080 2233 1166 2290 vel
1197 2240 1417 2306 quanta
1446 2234 1844 2306 permaximus
1865 2252 1930 2289 ac
1947 2235 2296 2292 venerabilis
2325 2237 2536 2308 praesul
2569 2237 2766 2294 solerti
2795 2239 3008 2311 pioque
3036 2238 3232 2294 studio
3265 2255 3369 2310 pro
3401 2237 3748 2294 defensione

470 2332 753 2389 universae
783 2332 991 2388 matris
1021 2331 1308 2399 Ecclesiae,
1339 2332 1460 2387 zelo
1491 2331 1710 2388 scilicet
1738 2337 2126 2406 compunctus
2157 2334 2372 2405 divino,
2405 2334 2558 2390 infra
2586 2352 2907 2407 paucorum
2940 2335 3132 2408 spatia
3158 2339 3496 2408 temporum
3528 2335 3747 2409 perho-

466 2433 630 2485 neste
653 2445 720 2484 ac
740 2427 1012 2484 nobiliter
1033 2428 1336 2482 dedicavit.
1353 2429 1742 2494 Quamobrem
1776 2429 1916 2484 dum
1941 2429 2211 2486 universa
2225 2432 2620 2488 Romanorum
2654 2433 2948 2500 nobilitas,
2962 2439 3200 2506 propter
3212 2433 3375 2490 illam
3393 2451 3577 2506 quam
3590 2435 3749 2506 jam-

395 2529 433 2582 5
469 2527 696 2582 dudum
735 2524 1164 2597 depraedatione
1204 2525 1438 2580 nefandi
1471 2542 1536 2580 ac
1569 2525 1832 2581 malevoli
1866 2527 2137 2582 Saraceni
2166 2527 2488 2583 intulerant
2515 2529 2575 2583 in
2608 2529 2792 2585 nimia
2818 2529 3234 2586 lamentatione
3265 2531 3636 2596 consisteret,
3669 2545 3745 2586 ne

474 2623 748 2696 deinceps
780 2623 916 2690 (nisi
947 2622 1191 2678 ecclesia
1223 2622 1372 2678 beati
1407 2623 1552 2678 Petri
1587 2623 1832 2695 apostoli
1865 2625 2050 2680 muris
2081 2626 2339 2697 undique
2369 2627 2597 2682 munita
2627 2627 2802 2682 citius
2831 2628 3000 2697 foret)
3016 2629 3215 2701 pejora
3243 2627 3570 2684 valuissent
3585 2644 3746 2684 com-

473 2720 922 2788 mittere,isdem
953 2719 1222 2775 amabilis
1243 2719 1496 2792 pontifex
1520 2737 1795 2793 magnam
1817 2739 1920 2794 pro
1944 2723 2220 2779 Romanis
2249 2723 2523 2780 omnibus
2540 2725 2712 2796 coepit
2728 2721 2939 2781 habere
2954 2726 3288 2800 angustiam
3313 2742 3328 2781 :
3351 2730 3409 2782 et
3425 2741 3544 2798 quo
3563 2724 3738 2780 modo

471 2819 560 2875 vel
577 2817 778 2875 ordine
793 2819 865 2874 ab
886 2834 1087 2874 eorum
1119 2818 1394 2874 cordibus
1425 2823 1655 2874 tantum
1687 2819 1976 2892 potuisset
2005 2837 2308 2877 rancorem
2339 2822 2458 2877 sive
2483 2823 2752 2878 timorem
2783 2825 3010 2879 auferre
3040 2824 3249 2880 anxius
3273 2821 3742 2896 cogitarc.Cum-

471 2935 586 2990 que
609 2917 667 2973 in
688 2917 782 2973 his
803 2915 1098 2972 diuturnis
1121 2917 1322 2972 crebro
1343 2915 1642 2973 laboribus
1664 2913 1996 2987 desudaret,
2013 2919 2126 2976 Deo
2147 2920 2370 2976 revelan
2381 2925 2455 2986 te,
2472 2919 2812 2991 hujusmodi
2831 2921 3100 2993 protinus
3115 2920 3427 2978 consilium
3452 2919 3735 2993 sumpsit,

364 3018 432 3073 10
470 3021 536 3071 ut
566 3015 674 3070 hoc
706 3014 902 3087 ipsum
919 3031 1025 3070 suo
1043 3013 1251 3069 dilecto
1283 3030 1349 3069 ac
1380 3014 1614 3085 speciali
1641 3015 1758 3071 lilio
1779 3017 1996 3072 domno
2029 3017 2296 3072 Lothario
2317 3017 2447 3072 luce
2468 3017 2687 3074 clarius
2707 3018 2992 3075 indicaret
3010 3021 3296 3092 Augusto,
3319 3024 3614 3092 quatenu
3631 3035 3742 3091 per

469 3113 647 3180 illius,
680 3111 926 3168 Domino
957 3116 1275 3179 annuente,
1307 3112 1666 3184 adjutorium
1698 3117 1875 3184 atque
1904 3115 2239 3185 consilium,
2273 3115 2565 3171 civitatem
2613 3115 2776 3172 illam
2821 3134 2997 3189 quam
3036 3118 3426 3190 praedecessor
3455 3118 3584 3188 ejus
3618 3117 3739 3173 Leo

467 3227 620 3284 papa
647 3209 856 3266 tertius
886 3225 1024 3282 erga
1048 3209 1353 3264 ecclesiam
1386 3209 1790 3281 praenominati
1820 3211 2065 3284 apostoli
2097 3213 2382 3270 aediﬁcare
2412 3219 2681 3286 creperat,
2695 3219 2753 3270 et
2769 3215 2940 3286 cujus
2970 3215 3176 3272 multis
3196 3217 3324 3288 jam
3355 3216 3416 3271 in
3436 3215 3582 3271 locis
3597 3215 3742 3272 fun-

465 3311 743 3366 damenta
767 3312 1044 3380 posuerat
1065 3307 1220 3378 (licet
1251 3311 1381 3378 post
1411 3325 1585 3363 suum
1615 3309 2342 3382 transitumaquibusdam
2359 3311 2554 3368 ablata
2575 3313 2822 3368 fuissent
2850 3313 3387 3380 hominibus,itaut
3407 3331 3514 3370 nec
3531 3315 3740 3371 aditus

467 3411 790 3480 appareret,
805 3406 905 3460 ubi
937 3405 1100 3476 prius
1131 3403 1562 3460 inchoationem
1594 3407 1868 3478 prmfatus
1890 3407 2174 3465 habuerat
2196 3411 2444 3482 murus),
2460 3410 2510 3466 si
2525 3411 2848 3468 vitacnmes
2870 3413 3532 3481 adesset,desideratum
3555 3430 3736 3486 opus,

359 3507 431 3564 45
466 3505 694 3562 Christo
727 3503 1141 3570 solatiante,ad
1169 3503 1440 3558 effectum
1475 3507 1672 3574 posset
1702 3505 2168 3576 perducere.Hoc
2194 3507 2446 3580 denique
2475 3507 2780 3580 piissimus
2807 3526 2875 3566 ac
2904 3510 3317 3566 serenissimus
3345 3515 3536 3567 Cesar
3555 3527 3742 3584 agno-

467 3620 658 3672 scens,
672 3618 887 3675 magna
916 3605 1006 3656 est
1024 3599 1178 3656 illico
1207 3599 1410 3656 laetitia
1428 3606 1486 3657 et
1504 3601 1887 3658 exsultatione
1917 3604 2193 3676 repletus,
2209 3623 2539 3680 rogansque
2547 3609 2674 3678 jam
2693 3609 2878 3664 fatum
2895 3625 3270 3681 summopere
3286 3609 3739 3684 praesulem,pa-

464 3704 727 3770 tremque
746 3714 848 3770 per
865 3696 1062 3753 omnia
1081 3696 1507 3768 spiritalem,ut
1536 3700 1882 3771 quantocius
1909 3702 2054 3756 tanti
2086 3703 2277 3774 operis
2309 3704 2612 3772 fabricam,
2644 3705 2848 3761 sedulo
2879 3706 3076 3762 labore
3105 3707 3428 3780 perficeret.
3441 3709 3526 3763 Ad
3545 3725 3738 3780 quam

465 3798 592 3871 ipse
611 3813 747 3852 cum
769 3795 894 3850 suis
916 3795 1195 3850 fratribus
1216 3811 1332 3850 non
1353 3796 1613 3852 modicas
1628 3797 2042 3870 argentilibras
2055 3799 2282 3868 direxit,
2299 3805 2384 3867 ut,
2399 3801 2789 3858 sicutdictum
2811 3808 2918 3871 est,
2935 3809 3056 3860 tam
3070 3805 3398 3877 proficuum
3411 3807 3740 3878 opusiude-

461 3896 775 3952 liberatum
807 3892 1048 3948 minime
1079 3895 1520 3949 remaneret.Ex
1537 3911 1651 3967 quo
1675 3896 1880 3952 nuntio
1915 3901 2230 3969 praeoptato
2262 3899 2474 3971 praesul
2507 3899 2838 3973 praecipuus
2862 3900 3020 3958 ultra
3047 3903 3288 3959 modum
3319 3903 3528 3960 hilaris
3544 3909 3637 3960 est
3653 3906 3742 3962 ef-

351 3996 425 4051 20
459 3994 666 4050 fectus.
700 3990 882 4064 Coepit
910 3994 1105 4047 autem
1135 4007 1204 4046 ex
1234 3995 1372 4046 tunc
1403 3991 1474 4046 de
1505 3992 1778 4064 praedicto
1804 3995 2037 4066 negotio
2063 3995 2231 4051 valde
2260 4013 2389 4052 esse
2419 3996 2702 4054 sollicitus
2736 4014 2750 4054 :
2783 4015 3225 4073 convocansque
3245 4007 3491 4058 cunctos
3507 4007 3736 4058 sancta

459 4091 562 4148 Dei
595 4088 796 4146 ﬁdeles
823 4088 1111 4156 Ecclesiae,
1145 4092 1350 4160 petens
1379 4088 1452 4144 ab
1482 4089 1568 4144 eis
1595 4105 1694 4145 ore
1723 4108 1829 4147 suo
1860 4092 2174 4148 consilium
2206 4093 2456 4166 qualiter
2503 4099 2666 4150 tanta
2715 4112 3019 4152 murorum
3049 4097 3163 4154 cito
3191 4097 3475 4154 valuisset
3504 4099 3740 4158 fabrica

457 4187 877 4255 consummari,
909 4190 1049 4242 tunc
1079 4185 1355 4242 omnibus
1385 4185 1468 4241 ita
1495 4185 1684 4242 visum
1714 4193 1823 4256 est,
1857 4193 1922 4244 ut
1951 4190 2022 4246 de
2052 4189 2302 4263 singulis
2334 4191 2686 4261 civitatibus,
2717 4193 3048 4268 messisque
3077 4197 3336 4253 univeris
3363 4197 3640 4270 publicis,
3660 4215 3738 4254 ac

458 4284 833 4342 monasteriis
862 4301 965 4356 per
991 4283 1145 4340 vices
1175 4300 1314 4339 suas
1337 4283 1684 4357 generaliter
1711 4287 1981 4344 advenire
2014 4288 2266 4356 fecisset,
2299 4289 2451 4346 sicut
2479 4295 2537 4346 et
2566 4291 2785 4348 factum
2819 4297 2926 4348 est.

531 4383 684 4440 588
713 4381 1105 4450 Quamobrem
1135 4382 1395 4438 secundo
1429 4381 1773 4453 praesulatus
1803 4381 1963 4440 illius
1984 4401 2137 4439 anno
2167 4385 2407 4457 praefata
2435 4385 2638 4444 civitas
2668 4388 2994 4444 aedificandi
3023 4389 3282 4462 sumpsit
3308 4390 3638 4448 exordium.
3657 4392 3738 4450 Et

453 4481 516 4538 in
534 4484 696 4537 sexto
715 4479 1170 4536 consecrationis
1192 4496 1330 4546 sure,
1355 4481 1554 4551 utpote
1572 4480 1803 4552 magnis
1824 4497 1890 4536 ac
1913 4481 2285 4539 mirabilibus
2309 4483 2503 4539 omnis
2535 4489 2622 4540 est
2652 4484 2888 4542 fabricis
2912 4485 3117 4542 civitas
3146 4487 3410 4560 undique
3440 4505 3734 4546 consum—

453 4583 633 4637 mata.
659 4578 925 4650 Cumque
954 4593 1058 4650 per
1077 4576 1296 4632 multos
1321 4575 1548 4632 labores
1569 4580 1743 4650 atque
1762 4579 2081 4635 certamina
2099 4580 2421 4636 beatissimi
2442 4579 2708 4653 praesulis
2731 4587 2920 4638 totum
2941 4587 3008 4638 ut
3022 4583 3396 4641 desiderabat
3411 4604 3732 4644 murorum

451 4695 601 4752 opus
631 4675 987 4749 completum
1019 4675 1520 4748 deliberatumque
1543 4675 1773 4737 fuisset.
1805 4677 1978 4750 coepit
2007 4677 2392 4750 omnipotenti
2422 4678 2538 4734 Deo
2569 4678 2948 4737 multimodas
2975 4681 3096 4738 sive
3126 4681 3470 4740 innumeras
3499 4687 3732 4758 gratias

376 4779 415 4834 5
451 4793 643 4849 agere,
657 4775 758 4848 qui
781 4793 920 4832 suas
941 4773 1314 4847 quotidianas
1337 4791 1538 4847 preces
1563 4791 1667 4846 pro
1689 4790 1838 4830 nova
1857 4774 2240 4832 aediﬁcatione
2260 4792 2564 4832 murorum
2586 4777 2859 4834 exaudire
2879 4782 2937 4834 et
2957 4779 3276 4852 adimplere
3297 4781 3578 4854 dignatus
3607 4790 3725 4842 est.

448 4875 596 4930 Nam
627 4877 908 4945 quantam
939 4871 1289 4944 qualemque
1316 4869 1642 4937 curam,vel
1674 4872 2269 4946 studium,simulque
2299 4873 2754 4931 sollieitudinem
2779 4875 2914 4948 pius
2927 4893 2994 4932 ac
3010 4876 3324 4934 laudabilis
3345 4885 3728 4954 pastor,quo-

446 4986 636 5042 usque
667 4969 1346 5034 construerelur,diebus
1377 4969 1626 5042 singulis
1657 4987 1723 5026 ac
1753 4971 2024 5026 noctibus
2045 4971 2508 5039 habuit,nullius
2536 4972 2795 5029 hominis
2825 4973 3028 5048 lingua
3055 4975 3308 5032 breviter
3335 4993 3730 5054 enarrarepo-

445 5073 563 5125 test
587 5087 601 5136 ;
627 5073 683 5123 et
705 5068 1010 5140 quianihil
1034 5068 1192 5123 aliud
1217 5072 1346 5140 post
1368 5069 1564 5124 debita
1587 5084 1887 5123 sacrorum
1914 5069 2322 5124 mandatorum
2357 5070 2550 5126 ofﬁcia
2577 5072 2785 5145 agebat
2813 5076 3024 5144 praeter
3050 5071 3110 5128 id
3134 5074 3290 5146 quod
3322 5076 3602 5146 superius
3633 5096 3732 5136 ex-

444 5170 676 5223 aratum
707 5170 813 5230 est,
848 5183 1046 5233 revera
1066 5183 1181 5220 non
1203 5165 1409 5238 frigus,
1434 5182 1625 5236 neque
1648 5166 1822 5220 ﬂatus
1850 5169 2175 5234 ventorum,
2198 5166 2288 5222 vel
2319 5167 2552 5240 pluvize,
2573 5173 2678 5225 aut
2696 5170 2847 5226 aeris
2863 5171 3104 5244 grandis
3121 5171 3210 5228 vel
3227 5171 3463 5229 modica
3483 5179 3729 5232 contur-

335 5263 406 5320 40
440 5263 621 5331 batio,
635 5263 868 5337 pigrum
895 5264 952 5318 in
976 5265 1166 5318 eundo
1190 5264 1261 5318 de
1281 5263 1373 5318 die
1397 5263 1453 5316 in
1477 5263 1631 5317 diem
1658 5263 1920 5334 quolibet
1942 5263 2114 5320 modo
2145 5265 2332 5321 facere
2361 5266 2569 5338 potuit.
2595 5267 2708 5322 Sed
2729 5269 2902 5324 modo
2924 5268 3039 5337 hic,
3065 5271 3238 5327 modo
3259 5271 3381 5328 illic
3403 5289 3513 5345 per
3532 5273 3722 5332 diver-

438 5379 536 5418 sas
566 5377 872 5416 murorum
905 5361 1158 5417 fabricas
1187 5359 1326 5433 vigil
1357 5376 1423 5416 ac
1456 5359 1741 5416 sollicitus
1773 5361 2239 5431 discurrebat,ut
2269 5380 2444 5419 suum
2475 5364 2694 5420 bonum
2728 5367 3094 5438 propositum
3125 5384 3191 5424 ac
3221 5369 3588 5428 desiderium
3619 5390 3728 5444 per

438 5457 838 5534 apostolorum
870 5458 968 5531 pia
989 5457 1140 5514 Petri
1162 5457 1442 5530 Paulique
1473 5458 1754 5530 suffragia
1787 5459 2140 5530 Redemptor
2164 5465 2364 5516 noster
2392 5461 2764 5534 omnipotens
2794 5480 3156 5536 praepropere
3177 5465 3506 5538 adimplere
3521 5470 3722 5526 decre-

432 5557 634 5624 visset,
661 5560 837 5628 atque
859 5555 1032 5612 modo
1057 5573 1262 5612 omnes
1279 5555 1697 5628 conspicimus.
1727 5557 1890 5612 Tune
1920 5557 2156 5611 demum
2185 5560 2610 5614 consummatis
2626 5559 2921 5632 simulque
2937 5563 3226 5634 perfectis,
3243 5568 3309 5619 ut
3327 5566 3541 5624 crebro
3557 5572 3724 5624 retu-

431 5652 638 5725 limus,
651 5669 810 5708 novas
841 5652 1094 5709 civitatis
1125 5652 1412 5709 universis
1443 5653 1737 5724 operibus,
1755 5670 1908 5725 papa
1925 5653 2302 5710 beatissimus
2319 5662 2376 5711 et
2391 5673 2496 5728 per
2517 5656 2718 5712 omnia
2735 5661 2792 5712 et
2805 5657 2864 5714 in
2881 5659 3157 5716 omnibus
3188 5677 3425 5733 semper
3445 5661 3720 5722 laudabi-

435 5751 509 5807 lis
541 5755 610 5806 ut
635 5751 910 5822 predicta
937 5749 1303 5823 civitas,qua3
1334 5769 1366 5806 a
1397 5750 1631 5822 proprio
1660 5751 1982 5806 conditoris
2013 5752 2105 5807 sui
2136 5753 2371 5809 nomine
2402 5755 2696 5812 Leoniana
2725 5757 3057 5827 vocabatur,
3090 5759 3514 5832 perpetualiter
3545 5763 3726 5822 firma

435 5865 503 5908 ac
522 5847 798 5908 roborata
823 5845 1377 5921 consisteret,jussit
1406 5864 1542 5905 cum
1663 5864 1781 5924 gna
1801 5848 1984 5906 animi
2008 5850 2312 5909 devotione
2337 5853 2647 5928 cordisque
2661 5851 2883 5928 latitia,
2897 5858 2962 5916 ut
2979 5872 3184 5916 omnes
3199 5873 3338 5918 cum
3359 5874 3430 5919 eo
3451 5861 3731 5944 θρὶεοορι
