3928 6210
182 246 344 315 1329
994 248 1365 313 HISTORIA
1410 246 1513 310 DE
1562 245 1761 311 VlTIS
1805 245 1995 309 ROM.
2041 244 2274 307 PONT.
2302 277 2378 291 —
2407 244 2472 307 S.
2512 244 2663 306 LEO
2704 243 2807 306 1V.
3438 238 3615 304 me

325 386 668 443 exeuratam
701 399 808 457 par
835 398 1042 450 unum,
1075 381 1301 455 legente
1331 381 1402 437 de
1432 380 1667 436 nomine
1693 378 1900 435 domui
1924 376 2133 433 Leonis
2165 377 2356 449 quarti
2390 393 2573 449 papae,
2608 373 3043 448 pensan.simul
3068 374 3128 431 in
3175 390 3357 430 unum
3409 373 3592 431 libras

325 489 585 556 quatuor
611 486 668 538 et
698 480 903 537 uncias
933 480 1211 554 quinque.
1238 480 1367 552 Ipse
1388 477 1637 551 insignis
1660 475 1989 549 praesulque
2012 475 2341 548 praecipuus
2362 492 2495 530 cum
2520 474 2831 530 innumera
2852 474 3069 536 summi
3093 474 3315 529 decoris
3337 490 3510 546 opera
3528 472 3589 528 in

325 579 571 636 basilica
602 579 754 634 beati
787 578 935 634 Petri
971 577 1096 632 coeli
1131 576 1401 648 clavigeri
1434 575 2189 648 pcrfecisset,portas,quas
2212 574 2577 628 destruxerat
2600 572 2888 628 Saracena
2909 572 3214 644 progenies
3237 573 3589 643 argentoque

323 678 601 743 nudarat,
635 675 833 743 erexit,
868 674 1189 747 multisque
1220 672 1510 746 argenteis
1541 671 1755 727 tabulis
1783 670 2039 725 lucifluis
2071 670 2502 742 salutiferisque
2534 669 2795 725 historiis
2835 669 3081 742 sculptis
3130 667 3503 733 decoravit,et
3527 666 3588 721 in

205 777 284 831 20
324 773 630 830 meliorem
663 772 916 845 speciem
948 789 1126 845 quam
1159 770 1381 843 pridem
1417 770 1645 825 fuerant
1674 768 1981 841 reparavit,
2015 772 2075 822 ut
2110 785 2313 822 omnes
2336 768 2435 840 qui
2460 767 2517 822 in
2538 769 2802 823 eamdem
2820 767 3126 823 basilicam
3147 763 3592 838 ingredivolunt

321 869 531 925 laudes
558 871 675 925 Deo
705 868 1088 941 omnipotenti
1124 872 1439 939 sanctoque
1466 884 1571 923 suo
1605 864 1939 938 praesulatui
1974 867 2247 930 referant,
2281 870 2337 922 et
2366 871 2676 938 cxposcant
2711 870 2775 920 ut
2805 865 2990 920 multa
3014 879 3301 919 annorum
3326 879 3442 917 suae
3464 860 3590 915 vitaa

322 968 621 1025 curricula
650 969 1055 1033 extendantur,
1091 966 1187 1039 qui
1219 966 1363 1021 tanti
1398 964 1639 1037 fulgoris
1673 967 2147 1035 opere,tantoque
2180 963 2639 1035 pulchritudinis
2683 965 2936 1036 pondere
2968 962 3163 1017 aulam
3196 960 3295 1016 Dei
3328 962 3589 1032 argento,

323 1082 571 1139 pensan.
605 1065 786 1122 libras
817 1064 1193 1137 septuaginta
1222 1061 1464 1118 ornavit.
1484 1061 1590 1127 Qui
1623 1077 1895 1115 summus
1925 1060 2157 1131 Deoque
2186 1060 2456 1115 amabilis
2491 1078 2641 1133 papa
2672 1060 2729 1115 in
2764 1060 2995 1115 exordio
3028 1058 3115 1113 sui
3149 1056 3432 1131 pontificii
3459 1071 3593 1110 cum

323 1164 587 1236 porticus
617 1162 799 1236 partis
830 1161 983 1217 ltesz
1012 1160 1163 1217 beati
1197 1177 1312 1233 prce
1344 1158 1527 1215 nimia
1554 1161 1842 1213 vetustate
1872 1158 2023 1213 Petri
2057 1156 2311 1213 basilicae
2338 1159 2665 1225 cecidisset,
2699 1157 2870 1213 celeri
2903 1157 3098 1213 studio
3129 1155 3465 1228 praeclarius
3498 1171 3588 1210 re-

203 1261 284 1317 25
326 1258 579 1315 novavit.

401 1356 550 1413 541
590 1356 739 1411 Nam
772 1358 828 1410 et
856 1354 1044 1427 ipsius
1072 1352 1376 1426 praecipuae
1409 1354 1568 1408 sarta
1598 1353 1749 1406 tecta
1790 1349 2045 1406 ecclesiae
2095 1351 2328 1425 magnis
2376 1352 2641 1408 trabibus
2690 1351 3036 1425 procacique
3075 1348 3320 1406 artiﬁcio
3360 1347 3599 1404 elevatis

324 1453 564 1510 luciﬂue
596 1452 908 1509 renovavit.
941 1451 1047 1518 Qui
1077 1451 1249 1506 etiam
1284 1449 1596 1522 porticum,
1632 1466 1758 1520 quae
1790 1448 1977 1503 sancti
2004 1450 2243 1504 Andreaz
2275 1450 2520 1505 cohaeret
2540 1448 2814 1517 ecclesia),
2847 1465 2980 1505 cum
3008 1451 3343 1503 cerneretur
3364 1463 3592 1513 casura,

323 1552 383 1606 in
416 1549 630 1606 melius
660 1549 882 1604 noviter
913 1547 1275 1604 restauravit.
1312 1547 1420 1602 Sed
1462 1551 1520 1601 et
1568 1560 1881 1612 cameram,
1931 1562 2059 1618 quas
2109 1550 2242 1603 ante
2292 1552 2487 1620 portas
2536 1551 2840 1619 argenteas
2879 1548 3006 1618 jam
3056 1546 3222 1601 dictae
3271 1543 3416 1600 aulae
3468 1560 3596 1599 esse

323 1647 703 1722 conspicitur,
736 1646 966 1701 infinito
998 1647 1181 1701 fretus
1210 1662 1405 1700 amore
1438 1660 1743 1710 renovans,
1777 1644 2087 1700 decoravit.
2123 1646 2195 1701 Et
2227 1645 2443 1701 multas
2474 1644 2580 1718 pia:
2630 1627 2983 1718 operationis
3033 1646 3092 1699 in
3145 1644 3347 1699 eadem
3400 1644 3590 1714 specie

237 1748 282 1803 5
321 1744 600 1804 ecclesias
634 1744 787 1811 fecit,
820 1761 971 1817 quas
1001 1743 1049 1798 si
1084 1742 1386 1815 SCI‘ithl‘tB
1416 1742 1643 1797 tradere
1671 1741 2050 1809 voluerimus,
2079 1743 2282 1815 lingua
2312 1761 2547 1800 narrare
2581 1762 2694 1800 non
2727 1743 2978 1799 sufficiet
3001 1748 3056 1798 et
3076 1759 3181 1798 nec
3204 1740 3589 1798 scribentium

319 1842 602 1901 valebunt
631 1842 861 1899 articuli
897 1841 1203 1898 sustinere.
1238 1840 1382 1896 Cum
1416 1856 1551 1912 ergo
1584 1856 1687 1912 per
1716 1839 1974 1894 diversas
2006 1840 2105 1895 Dei
2138 1840 2414 1897 ecclesias
2447 1841 2633 1897 multa
2663 1843 2965 1914 perficeret
2984 1840 3240 1913 insignia
3261 1856 3435 1911 opera
3464 1837 3591 1910 ipse

322 1940 703 1998 beatissimus
733 1939 988 2012 pontifex
1019 1937 1328 2010 porticum,
1364 1954 1490 2010 qua;
1522 1940 1655 1991 ante
1685 1937 1987 1994 basilicam
2016 1943 2229 1994 sanctae
2264 1940 2359 1995 Dei
2394 1940 2702 1996 Genitricis
2733 1940 3021 2006 consistit,
3047 1956 3172 2011 quae
3188 1939 3358 2009 juxta
3387 1936 3589 1992 basili-

321 2056 451 2095 cam
483 2038 669 2095 sancti
703 2036 999 2093 Laurentii
1032 2036 1147 2091 sita
1176 2039 1264 2091 est
1293 2035 1432 2091 foris
1465 2052 1684 2102 muros,
1721 2034 1934 2090 clarius
1962 2052 2028 2090 ac
2062 2036 2290 2093 firmius
2323 2038 2637 2094 renovavit.
2664 2040 2727 2093 In
2762 2038 3007 2093 ecclesia
3033 2040 3225 2093 autem
3252 2039 3465 2092 sanctas
3487 2035 3589 2091 Dei

321 2135 655 2205 Genitricis,
688 2152 817 2207 qua;
848 2132 1086 2207 ponitur
1114 2133 1174 2187 in
1204 2131 1328 2187 vico
1360 2132 1709 2197 Sardonum,
1744 2131 2019 2187 milliario
2070 2134 2141 2189 ab
2192 2134 2337 2190 urbe
2388 2136 2573 2191 Roma
2621 2135 2943 2209 trigesimo,
2978 2137 3010 2191 4
3040 2134 3357 2190 catholicos
3406 2133 3589 2189 libros

201 2236 286 2293 40
322 2235 559 2305 obtulit,
592 2249 776 2289 unum
808 2230 1461 2304 Evangeliorum,alium
1484 2230 2415 2305 Regnorum,Psalmorum,atque
2438 2235 2878 2290 Sermonum.ln
2904 2233 3147 2289 ecclesia
3177 2231 3331 2288 beati
3353 2229 3591 2287 Martini

322 2331 676 2390 confessOris
704 2335 879 2403 atque
908 2329 1223 2403 pontificis,
1259 2328 1400 2384 foris
1429 2333 1656 2401 portam
1696 2328 1849 2383 beati
1898 2329 2047 2383 Petri
2096 2330 2366 2402 apostoli,
2398 2331 2534 2386 fecit
2583 2331 2823 2387 calicem
2872 2332 2942 2386 de
2974 2334 3209 2403 argento
3241 2344 3425 2384 unum
3458 2344 3592 2384 cum

323 2427 1204 2502 catenulis,pensan.librasltet
1224 2426 1429 2482 uncias
1448 2427 1579 2481 2.Et
1606 2425 1668 2480 in
1699 2424 1943 2481 ecclesia
1972 2431 2309 2482 sanctorum
2337 2432 2592 2499 quatuor
2620 2432 3038 2484 Coronatorum
3072 2427 3208 2482 fecit
3238 2425 3595 2499 thymiama-

318 2527 468 2584 teria
498 2528 613 2583 duo
646 2543 714 2583 ex
744 2528 984 2599 argento
1018 2523 1434 2589 mundissimo,
1466 2540 1712 2595 pensan.
1743 2522 1875 2578 libr.
1907 2526 1943 2578 2
1972 2527 2027 2578 et
2057 2524 2291 2579 unciam
2325 2542 2525 2580 unam.
2561 2525 2750 2581 Simili
2784 2527 2958 2581 modo
2987 2528 3044 2580 et
3066 2525 3124 2578 in
3147 2522 3393 2579 ecciesia
3412 2522 3593 2578 beatae

321 2625 649 2682 Petronillaa
684 2623 816 2680 fecit
842 2625 1030 2679 vestes
1060 2623 1131 2678 de
1161 2622 1404 2676 fundato
1439 2625 1557 2677 tres
1588 2625 1644 2676 et
1671 2620 1797 2676 vela
1827 2621 2155 2688 duodecim,
2192 2626 2447 2693 quatuor
2476 2622 2713 2693 quidem
2746 2624 2815 2679 de
2845 2623 3174 2689 fundato,et
3202 2626 3320 2676 tres
3351 2621 3422 2676 de
3453 2636 3593 2691 spa-

198 2723 283 2781 45
318 2722 506 2786 nisco,
539 2725 597 2775 et
624 2719 778 2775 linea
809 2718 1089 2791 quinque.
1126 2718 1273 2773 Nam
1305 2722 1360 2773 et
1387 2718 1445 2773 in
1479 2716 1724 2773 ecclesia
1752 2722 1963 2773 sancta
1995 2719 2094 2775 Dei
2129 2719 2437 2776 Genitricis
2458 2720 2673 2787 Mariae,
2704 2737 2883 2792 quam
2908 2721 3031 2792 ipse
3053 2718 3430 2775 beatissimus
3451 2735 3591 2791 pon-

317 2820 460 2875 tifex
485 2836 518 2875 a
548 2817 950 2873 fundamentis
981 2833 1158 2888 supra
1180 2815 1441 2871 scholam
1473 2817 1769 2871 Saxonum
1802 2816 2025 2872 noviter
2052 2818 2399 2884 construxit,
2433 2817 2643 2873 obtulit
2671 2822 2863 2874 vestes
2884 2819 2954 2873 de
2975 2818 3215 2873 fundato
3240 2820 3441 2883 tres,et
3461 2815 3587 2872 vela

321 2916 599 2974 similiter
627 2916 697 2970 de
730 2915 971 2970 fundato
1003 2917 1273 2987 quatuor.

396 3015 548 3072 542
577 3014 717 3069 Item
751 3011 1132 3069 beatissimus
1164 3011 1421 3084 pontifex
1453 3011 1586 3067 fecit
1615 3011 1672 3066 in
1705 3011 1946 3067 basilica
1975 3012 2127 3067 beati
2162 3012 2314 3067 Petri
2347 3012 2590 3086 apostoli
2623 3029 2818 3079 cereos
2849 3013 3276 3084 deargentatos,
3297 3009 3398 3082 qui
3429 3014 3587 3066 stant

320 3112 380 3166 in
414 3108 774 3184 presbyterio
803 3125 1046 3164 numero
1075 3107 1280 3181 viginti
1313 3111 1369 3162 et
1396 3112 1641 3179 septem,
1674 3125 1919 3180 pensan.
1953 3109 2195 3165 insimul
2227 3109 2409 3166 libras
2448 3109 2853 3183 quadraginta.
2888 3109 3033 3164 Nam
3078 3113 3136 3164 et
3184 3108 3380 3164 trabes
3409 3109 3466 3163 in
3495 3109 3583 3164 in-

321 3224 530 3281 gressu
561 3211 620 3262 et
649 3206 707 3261 in
743 3204 932 3261 medio
963 3205 1307 3279 presbyterii
1337 3204 1631 3260 investivit
1657 3222 1724 3259 ex
1754 3209 1994 3277 argento
2034 3206 2371 3278 purissimo,
2405 3224 2647 3279 pensan.
2681 3206 2862 3262 libras
2910 3206 3210 3279 sexaginta
3253 3210 3311 3260 et
3360 3211 3584 3277 septem

321 3309 381 3362 et
410 3304 616 3360 uncias
643 3307 933 3359 tres.Cum
966 3307 1161 3357 autem
1189 3319 1453 3373 supernae
1478 3302 1597 3358 zelo
1618 3302 1815 3373 patria:
1836 3301 2113 3358 incensus
2138 3304 2417 3375 speciosis
2437 3304 2647 3359 Christi
2674 3319 2774 3376 per
2794 3304 3055 3359 ordinem
3078 3306 3311 3359 ornaret
3333 3303 3585 3360 metallis

242 3404 284 3458 5
321 3417 390 3457 ao
420 3399 781 3456 ornamentis
810 3397 1120 3466 Ecclesias,
1140 3403 1273 3471 post
1307 3399 1442 3454 fecit
1470 3398 1584 3454 alia
1614 3398 1799 3454 multa
1831 3400 1889 3454 in
1922 3400 2056 3455 aula
2073 3401 2225 3456 beati
2245 3402 2390 3456 Petri
2413 3402 2657 3473 apostoli
2678 3401 2955 3474 principis
2972 3418 3243 3457 coronam
3260 3418 3330 3457 ex
3345 3405 3583 3474 argento

322 3498 642 3572 purissimo
674 3514 873 3564 unam,
906 3513 1040 3553 cum
1071 3497 1356 3552 catenulis
1387 3497 1678 3568 argenteis
1708 3502 1977 3569 quatuor,
2004 3498 2312 3554 habentem
2339 3499 2648 3571 delphinos
2672 3500 3061 3572 quadraginta
3084 3504 3141 3554 et
3165 3500 3581 3571 duos,pensan.

322 3596 503 3652 simul
528 3595 710 3651 libras
739 3594 945 3668 viginti
976 3599 1033 3651 et
1059 3599 1198 3650 tres.
1234 3595 1336 3650 Hic
1368 3611 1603 3667 quoque
1633 3594 1906 3666 pontifex,
1928 3595 2137 3652 Christi
2161 3614 2393 3669 semper
2414 3597 2627 3652 auxilio
2651 3598 2833 3653 frctus
2855 3596 3221 3652 ac-divinitus
3242 3596 3585 3669 inspiratus,

321 3695 459 3750 fecit
486 3694 545 3749 in
579 3692 826 3748 circuitu
858 3692 1060 3748 altaris
1090 3691 1245 3748 beati
1278 3693 1427 3748 Petri
1460 3692 1706 3764 apostoli
1736 3692 1863 3749 vela
1892 3693 2076 3749 serica
2098 3695 2168 3749 de
2191 3695 2425 3767 prasino
2445 3694 2995 3766 quatuor,habentia
3015 3694 3247 3750 tabulas
3267 3695 3338 3750 de
3361 3694 3589 3768 chryso-

320 3791 503 3859 clavo,
536 3807 670 3847 cum
701 3789 891 3863 effigie
920 3789 1234 3845 Salvatoris
1266 3794 1322 3845 et
1351 3789 1746 3862 apostolorum
1779 3790 1929 3845 Petri
1961 3796 2019 3846 et
2050 3792 2232 3859 Pauli,
2263 3796 2320 3846 et
2350 3792 2439 3846 sui
2475 3792 2660 3864 ipsius
2684 3790 2922 3847 almifici
2944 3791 3293 3864 praesulis,et
3315 3791 3371 3846 in
3394 3792 3586 3849 medio

210 3891 287 3948 40
326 3906 531 3946 cruces
561 3893 619 3943 et
647 3887 1014 3962 gammadias
1046 3889 1117 3943 de
1148 3887 1518 3962 chrysoclavo
1549 3905 1682 3943 cum
1715 3866 2109 3951 orbiculisfin
2140 3887 2357 3958 quibus
2378 3890 2517 3940 sunt
2544 3885 2832 3958 imagines
2863 3885 3256 3957 apostolorum
3280 3886 3439 3941 mira:
3461 3885 3588 3957 pul-

318 3985 673 4042 chritudinis
704 3986 1023 4051 decoratas,
1057 4002 1183 4057 quae
1214 3985 1273 4039 in
1306 3984 1511 4040 diebus
1542 3984 1705 4039 festis
1737 3985 1809 4039 ad
1842 3985 2108 4040 decorem
2143 3984 2360 4039 ibidem
2388 3984 2849 4055 suspenduntur.

394 4084 547 4141 548
578 4082 706 4139 Pari
739 4083 912 4138 modo
944 4083 1078 4139 fecit
1109 4082 1207 4139 ubi
1239 4100 1419 4155 supra
1448 4081 1561 4137 alia
1589 4081 1715 4137 vela
1745 4081 1877 4137 alba
1902 4080 2227 4136 holoserica
2261 4082 2454 4133 rosata
2483 4095 2618 4133 cum
2671 4077 2947 4133 cancellis
2994 4078 3266 4134 decorata
3314 4077 3586 4147 mirifice,

322 4181 557 4238 Pascha:
590 4180 1002 4236 obumbrantia
1027 4181 1455 4236 sacra.Necnon
1486 4184 1542 4235 et
1572 4178 1747 4235 aliam
1778 4194 2051 4233 coronam
2076 4176 2361 4231 minorem
2386 4176 2604 4230 ibidem
2628 4174 2841 4231 obtulit
2858 4192 2993 4230 cum
3013 4176 3295 4231 catenulis
3312 4179 3584 4248 quatuor,

323 4284 379 4335 et
402 4276 699 4351 delphinis
718 4278 914 4333 decem
934 4277 1245 4333 habentem
1263 4276 1453 4332 lilium
1471 4282 1528 4333 et
1550 4273 2288 4347 uncinum,pensan.libras
2311 4273 2673 4344 duas.Hujus
2698 4289 2955 4344 namque
2974 4273 3297 4330 beatissimi
3322 4273 3588 4345 prassulis

324 4376 558 4431 animus
589 4389 821 4445 semper
850 4378 963 4429 Deo
994 4374 1234 4429 devotus
1256 4373 1514 4429 existens
1541 4373 1809 4445 pretiosis
1828 4373 1859 4429 J
1865 4389 1969 4428 esu
1987 4370 2201 4428 Christi
2220 4370 2496 4425 ecclesias
2513 4369 2872 4425 ornamentis
2888 4369 3108 4443 ingenti
3128 4372 3200 4425 ob
3218 4375 3438 4427 aeternae
3461 4370 3588 4426 vitae

247 4475 287 4529 5
325 4472 579 4529 salutem
611 4471 886 4526 decorare
917 4471 1190 4526 studebat
1219 4486 1451 4526 amore:
1477 4472 1712 4543 et,quod
1747 4469 1947 4525 nullus
1978 4484 2394 4541 praecesserum
2420 4469 2547 4539 ejus
2569 4467 2911 4538 pontiﬁcum
2938 4469 3123 4524 facere
3144 4469 3457 4524 arbitratus
3479 4471 3588 4537 est,

322 4569 418 4625 hic
449 4571 654 4624 sancto
686 4566 887 4640 procul
915 4568 1093 4624 dubio
1126 4568 1347 4639 Spiritu
1372 4568 1797 4639 fervens,atque
1817 4566 2430 4640 compulsus,coronas
2453 4582 2521 4621 ex
2544 4582 2685 4620 auro
2709 4565 3103 4622 mundissimo
3126 4566 3357 4639 inclytis
3379 4565 3592 4622 Christi

321 4665 592 4723 videlicet
621 4668 678 4720 et
709 4668 1046 4720 sanctorum
1076 4664 1334 4720 vultibus
1366 4663 1742 4738 refulgentes,
1762 4666 1885 4721 fieri
1914 4665 1973 4719 in
2009 4662 2404 4736 apostolorum
2436 4660 2716 4734 principis
2747 4660 2897 4715 Petri
2927 4663 3172 4719 ecclesia
3193 4664 3363 4734 juxta
3391 4663 3590 4730 altare,

325 4764 437 4821 sub
470 4779 585 4835 quo
611 4762 740 4832 ejus
771 4761 1237 4817 sacratissimum
1270 4779 1483 4834 corpus
1515 4745 1851 4834 requiescit,
1885 4763 2085 4818 dextra
2116 4761 2373 4832 laevaque
2404 4759 2724 4832 pendentes
2752 4759 2900 4814 duas
2925 4776 3060 4815 cum
3084 4760 3369 4817 catenulis
3401 4761 3594 4817 aureis

321 4859 504 4917 bullis
535 4858 905 4931 gemmisque
936 4859 1188 4930 prasinis
1219 4860 1519 4915 decoratas
1549 4858 1818 4926 decrevit,
1851 4860 2134 4915 habentes
2165 4858 2406 4913 insimul
2438 4855 2747 4927 delphinos
2780 4857 3104 4928 sexaginta,
3137 4875 3380 4929 pensan.
3411 4859 3592 4917 libras

211 4960 285 5015 10
320 4956 552 5031 viginti.
591 4954 747 5010 Fecit
781 4960 839 5011 et
870 4956 1215 5012 crucifixum
1247 4960 1589 5029 argenteum
1621 4956 1771 5011 miro
1799 4974 1968 5028 opere
2000 4957 2295 5029 depictum
2321 4955 2379 5009 in
2413 4954 2614 5009 eadem
2645 4951 3020 5024 ecclesia,qui
3056 4953 3114 5007 in
3146 4954 3288 5010 laeva
3319 4955 3591 5012 introitus

328 5060 496 5129 parte
524 5054 679 5109 inter
707 5052 1017 5109 columnas
1045 5070 1290 5127 magnas
1319 5053 1549 5125 positus
1579 5054 1798 5126 ingenti
1830 5054 2095 5126 splendet
2124 5052 2666 5119 decore,habentem
2714 5049 2894 5105 libras
2942 5052 3243 5122 sexaginta
3272 5056 3328 5107 et
3358 5054 3505 5109 duas
3536 5058 3595 5110 et

329 5150 660 5210 dimidiam.
695 5151 823 5223 Ipse
854 5168 1086 5223 quoque
1117 5151 1493 5208 beatissimus
1525 5152 1781 5223 pontifex
1812 5152 1945 5207 fecit
1975 5152 2032 5206 in
2064 5150 2315 5207 oratorio
2338 5148 2489 5204 beati
2515 5147 2751 5201 Andreae
2774 5145 3204 5218 apostoli,quod
3228 5149 3415 5204 sancti
3438 5152 3595 5206 Petri

331 5249 581 5306 cohazret
610 5246 888 5317 ecclesiae,
922 5254 1141 5304 vestem
1173 5248 1417 5305 sericam
1450 5267 1628 5304 unam
1659 5249 1970 5304 habentem
2003 5248 2307 5305 historiam
2340 5244 2706 5317 aquilarum;
2737 5248 2792 5298 et
2821 5242 2881 5297 in
2920 5243 3132 5312 medio,
3166 5244 3427 5300 tabulam
3459 5263 3596 5302 cum

334 5344 731 5418 ehrysoolavo,
764 5345 825 5400 in
859 5362 975 5418 qua
1005 5346 1245 5418 depicta:
1277 5346 1491 5423 Christi
1524 5351 1581 5403 et
1611 5345 2031 5418 discipulorum
2066 5346 2192 5415 ejus
2223 5345 2423 5399 dextra
2452 5341 2707 5412 lzevaque
2737 5339 3023 5413 imagines
3052 5339 3293 5412 fulgent,
3328 5344 3385 5395 et
3409 5341 3599 5413 ipsius

230 5443 300 5499 15
336 5442 574 5499 almiﬁci
608 5442 895 5513 praesulis.
929 5447 1012 5498 Ac
1044 5442 1296 5498 similem
1331 5448 1463 5514 post
1492 5443 1671 5498 totius
1694 5444 1885 5515 operis
1911 5442 2344 5515 perfectionem,
2375 5444 2432 5495 et
2460 5438 2819 5495 ornamentis
2852 5436 3075 5493 decoris
3107 5436 3166 5491 in
3196 5436 3443 5493 ecclesia
3472 5456 3602 5495 san-

338 5543 567 5596 ctorum
599 5543 851 5611 quatuor
877 5543 1294 5595 Coronatorum
1326 5547 1544 5595 vestem
1578 5541 1712 5595 fecit
1737 5542 1806 5595 de
1838 5541 2040 5595 eodem
2069 5540 2273 5607 serico,
2317 5555 2451 5594 cum
2498 5536 2700 5592 tabula
2746 5536 2816 5592 de
2859 5534 3252 5607 chrysoclavo,
3285 5534 3603 5594 habentem

338 5635 671 5708 historiam,
705 5652 806 5690 seu
839 5636 1189 5692 miraculum
1222 5637 1377 5708 quod
1406 5637 1690 5692 Dominus
1721 5636 1989 5692 Christus
2022 5639 2093 5692 de
2119 5637 2383 5710 quinque
2413 5652 2636 5708 panum
2669 5638 2726 5690 et
2754 5633 3003 5707 piscium
3035 5633 3329 5690 alimentis
3350 5634 3606 5693 duorum

340 5733 602 5807 quinque
631 5733 818 5789 millia
847 5733 1154 5790 hominum
1184 5736 1553 5790 abundanter
1583 5734 1823 5790 satians.
1860 5739 1948 5789 est
1976 5739 2270 5805 operatus.

411 5830 566 5888 544
597 5832 757 5887 Inter
780 5831 901 5887 haec
931 5848 1065 5888 vero
1097 5849 1223 5904 quae
1273 5832 1543 5904 superius
1593 5831 1811 5903 scripta
1859 5835 1999 5886 sunt
2042 5831 2216 5902 ccepit
2247 5831 2450 5886 crebro
2482 5831 2820 5888 nominatus
2852 5830 3258 5887 sanctissimus
3289 5829 3503 5904 praesul
3534 5832 3607 5889 de

338 5929 593 6003 singulis
622 5930 999 5988 ecclesiarum
1032 5929 1374 5999 rectoribus,
1405 5930 1671 5987 videlicet
1690 5927 2942 6001 episcOpis,presbyteris,diaconibus,atque
2962 5930 3121 5986 omni
3142 5928 3605 6001 Christianorum
