3928 6210
172 293 311 360 1333
951 290 1321 355 HISTORIA
1367 291 1469 354 DE
1512 291 1717 354 VITIS
1766 291 1952 354 ROM.
1998 291 2231 353 PONT.
2261 324 2341 337 —
2371 291 2434 353 S.
2480 289 2631 353 LEO
2673 288 2775 353 IV.
3404 286 3561 354 {33‘

296 431 508 485 sancta:
536 426 636 482 Dei
661 424 969 481 Genitricis
1000 424 1194 479 Marize
1226 424 1280 478 in
1310 424 1556 489 rEmilia,
1584 442 1708 497 qua:
1738 425 1829 479 via
1862 423 2089 479 Aurelia
2119 427 2512 496 nuncupatur.
2536 427 2753 478 vestem
2778 424 2847 479 de
2879 423 3118 479 fundato
3147 440 3347 480 unam.
3381 423 3565 481 Simi-

293 528 427 582 liter
456 531 513 581 et
544 526 601 580 in
634 523 890 579 Ecclesia
922 523 1106 578 sancti
1130 522 1431 593 Stephani,
1458 522 1555 577 ubi
1578 540 1774 594 supra,
1800 522 2014 578 obtulit
2044 522 2216 577 aliam
2250 525 2469 576 vestem
2494 522 2562 577 de
2587 522 2825 577 fundato
2857 539 3056 577 unam.
3084 522 3241 577 Idem
3272 538 3406 577 vero
3432 539 3570 594 prte-

292 626 485 682 clarus
533 627 591 679 et
640 622 931 678 almiﬁcus
967 620 1198 693 prcesul,
1215 638 1467 693 superna
1490 625 1782 692 protectus
1801 623 2019 687 dextra,
2035 638 2220 693 usque
2242 619 2299 674 in
2322 620 2418 675 Dei
2441 636 2673 691 semper
2694 620 2928 675 servitio
2947 620 3174 675 sincero
3196 635 3568 691 perseverans

192 727 257 781 20
292 724 509 789 animo,
536 724 665 794 post
689 718 908 775 multas
930 719 1115 774 bonas
1137 719 1412 783 actiones,
1439 718 1591 773 beati
1626 718 1883 773 Silvestri
1913 723 1968 773 et.
1998 717 2231 773 Martini
2254 717 2773 789 ecclesiam,quam
2800 718 3053 773 domnus
3076 717 3316 789 Sergius
3348 717 3566 789 praede-

292 838 489 877 cessor
518 821 646 889 ejus
670 816 895 873 novitcr
923 816 995 871 ab
1026 815 1162 870 imis
1193 816 1596 879 mitificaverat,
1625 815 1826 871 multis
1850 814 2084 888 quidem
2119 815 2497 887 pulchrisque
2524 798 2815 870 decoravit
2845 833 2910 870 ac
2943 815 3203 888 depinxit
3233 813 3524 870 coloribus
3550 830 3564 871 :

293 920 465 990 cujus
484 916 658 972 etiam
695 913 1068 987 pulchritudo
1091 929 1364 984 magnam
1391 930 1575 984 usque
1598 912 1769 967 hodie
1790 913 2066 968 humanis
2093 912 2277 967 oculis
2305 912 2751 967 admirationem
2777 917 3030 984 prmstat.
3056 914 3203 967 Nam
3226 917 3281 967 et
3303 911 3569 984 ejusdem

289 1013 621 1072 venerabile
652 1027 1002 1083 sacrumpue
1034 1009 1215 1065 altare
1244 1027 1310 1065 ex
1342 1014 1579 1083 argento
1612 1009 1901 1066 investivit
1945 1026 2011 1064 ac
2043 1008 2334 1065 decoravit
2365 1009 2704 1082 purissimo,
2738 1026 2979 1082 pensan.
3014 1008 3196 1065 libras
3244 1013 3482 1065 centum
3512 1010 3572 1065 et

294 1113 612 1169 sexdecim.

366 1211 521 1268 548
552 1208 942 1276 Quamobrem
964 1210 1097 1279 post
1119 1204 1362 1277 pulchra
1384 1222 1449 1260 ac
1472 1204 1792 1261 laudabilia
1814 1205 2172 1261 diversarum
2198 1204 2574 1260 ecclesiarum
2600 1205 2701 1260 Dei
2730 1203 3013 1277 opuscula
3034 1221 3161 1277 qua:
3191 1202 3403 1277 praesul
3435 1219 3567 1258 ma-

291 1309 546 1383 gniﬁcus
576 1311 697 1362 tota
726 1304 906 1360 animi
939 1304 1238 1359 devotione
1269 1302 1508 1375 peregit,
1535 1320 1603 1357 ne
1626 1303 1990 1358 Christianus
2016 1301 2268 1374 populus
2289 1301 2544 1374 amplius
2569 1302 2627 1357 in
2652 1301 3135 1357 Ceutumcellensi
3160 1306 3351 1357 castro
3372 1300 3444 1356 ab
3466 1299 3568 1355 ho-

290 1407 484 1465 stibus
514 1404 820 1477 deperiret,
846 1401 1017 1457 sicuti
1052 1418 1199 1471 scepe
1228 1400 1347 1455 ﬁeri
1373 1400 1615 1465 solebat,
1642 1399 1847 1455 effecit.
1875 1400 2019 1455 Nam
2054 1417 2157 1471 per
2179 1399 2565 1471 quadraginta
2587 1416 2770 1454 annos
2791 1399 2919 1471 ipsa
2940 1398 3141 1455 civitas
3162 1397 3348 1454 muris
3368 1398 3566 1453 diruta

301 1508 362 1563 et
389 1504 716 1559 habitatore
745 1500 979 1573 proprio
1013 1498 1294 1553 destituta
1327 1498 1903 1570 mancbat,moreque
1933 1496 2503 1561 bestiarum,relictis
2532 1496 2768 1552 sedibus
2798 1497 3050 1569 propriis
3081 1498 3153 1553 ob
3173 1497 3442 1551 timorem
3465 1496 3569 1551 Sa-

224 1608 258 1661 5
290 1603 732 1663 racenorem,ut
753 1598 1077 1669 usquejam
1104 1596 1317 1650 factum
1353 1596 1556 1663 fuerat,
1584 1613 1684 1667 per
1709 1613 1888 1668 opaca
1909 1595 2187 1650 silvarum
2218 1599 2565 1666 montesque
2589 1594 2916 1667 incognitas
2938 1612 3047 1650 sua
3070 1592 3367 1650 domicilia
3386 1610 3574 1666 popu-

289 1702 407 1769 lus,
432 1700 533 1773 qui
566 1697 801 1753 relictus
824 1696 894 1750 ab
926 1695 1012 1750 eis
1042 1694 1248 1757 fuerat,
1273 1693 1582 1748 aberrabat
1606 1710 1618 1747 :
1647 1693 1702 1747 in
1738 1694 1953 1765 quibus
1980 1693 2156 1748 etiam
2190 1711 2305 1766 prae
2330 1692 2538 1747 timore
2570 1692 2941 1747 inimicorum
2963 1691 3170 1748 diebus
3199 1709 3264 1747 ac
3294 1691 3565 1747 noctibus

293 1816 400 1855 nec
432 1812 700 1870 soporem
731 1792 936 1863 oculis,
959 1808 1063 1847 nec
1096 1790 1271 1846 ullam
1299 1791 1468 1862 juxta
1498 1790 1818 1846 humanam
1852 1792 2334 1847 consuetudinem
2360 1789 2615 1863 quietem
2638 1789 2726 1846 vel
2752 1790 3043 1845 modicam
3073 1790 3285 1846 habere
3314 1793 3562 1862 poterat.

291 1898 558 1969 Cumque
589 1899 708 1949 tam
732 1892 865 1965 pius
885 1894 939 1946 et
960 1887 1273 1944 laudabilis
1298 1887 1507 1961 praesul
1532 1889 1601 1944 de
1623 1888 1853 1944 illorum
1879 1888 2233 1961 gravamine,
2252 1893 2425 1961 atque
2451 1887 2798 1943 intolerabili
2823 1886 3072 1942 nimium
3097 1885 3388 1959 angustia,
3411 1885 3567 1941 ultra

292 1996 537 2052 modum
567 1997 624 2049 et
656 1991 969 2064 plusquam
1001 1986 1155 2042 credi
1185 1990 1393 2059 potest,
1418 1986 1677 2058 quotidie
1708 1986 2057 2058 eondoleret,
2092 1986 2294 2042 multis
2325 2003 2457 2042 cum
2503 1985 2775 2058 lacrymis
2807 1985 3170 2056 infinitisque
3197 1983 3562 2040 orationibus

194 2096 257 2150 10
291 2093 609 2150 Dominum
634 2104 828 2145 rerum
849 2085 1113 2142 omnium
1131 2083 1487 2139 conditorem
1509 2084 1929 2157 deprecabatur
1949 2085 2203 2151 assidue,
2220 2087 2284 2139 ut
2306 2083 2355 2138 ei
2372 2084 2522 2139 dono
2543 2083 2738 2156 gratiae
2757 2100 2874 2139 suae
2892 2083 3232 2156 dignaretur
3247 2082 3560 2138 ostendere

289 2209 407 2265 quo
438 2191 496 2245 in
532 2188 655 2243 loco
689 2202 790 2259 pro
822 2184 1008 2240 salute
1039 2187 1095 2237 et
1124 2180 1461 2237 liberatione
1493 2182 1694 2236 crebro
1718 2180 1853 2237 dicti
1876 2181 2191 2237 Christiani
2225 2180 2422 2254 populi
2446 2180 2962 2237 Ccntumcellensis
2986 2180 3189 2236 civitas
3219 2180 3437 2235 mutari
3461 2196 3567 2253 po-

288 2289 523 2347 tuisset.
549 2287 631 2342 Ad
663 2300 839 2357 quam
872 2282 995 2355 ipse
1028 2282 1325 2353 profectus
1355 2279 1501 2341 loca,
1525 2296 1650 2351 quae
1684 2278 1733 2333 ei
1768 2279 2051 2334 affinitate
2082 2284 2247 2335 erant
2290 2280 2623 2351 conjuncta,
2650 2278 2914 2350 diligenti
2945 2295 3085 2333 cura
3114 2294 3179 2332 ac
3209 2277 3404 2333 studio
3435 2292 3567 2349 per-

292 2387 438 2444 vidit
467 2390 642 2456 atque
673 2380 991 2453 conspexit.
1018 2379 1126 2434 Sed
1160 2378 1258 2434 ubi
1292 2377 1455 2432 locus
1480 2376 1785 2431 videbatur
1812 2376 2059 2432 idoneus
2090 2377 2156 2431 ad
2195 2377 2397 2431 urbem
2422 2376 2845 2443 aediﬁcandam,
2870 2392 3034 2447 aquae
3057 2375 3364 2447 gestabant
3393 2390 3570 2446 penu-

301 2487 477 2555 riam,
510 2498 637 2555 quae
670 2478 1011 2535 hominibus
1043 2493 1274 2548 semper
1304 2475 1447 2530 satis
1479 2478 1566 2528 est
1596 2473 1943 2528 necessaria.

363 2584 516 2640 549
551 2575 879 2650 Peragratis
908 2574 1089 2648 igitur
1108 2573 1404 2636 omnibus,
1430 2576 1494 2627 ut
1523 2571 1922 2644 prmdiximus,
1948 2569 2112 2635 locis,
2139 2570 2400 2643 pervenit
2424 2573 2658 2626 tandem
2689 2571 2884 2626 divina
2916 2572 3140 2627 favente
3173 2568 3574 2626 misericordia
3612 2545 3631 2564 .

296 2682 371 2737 ad
391 2680 587 2735 locum
611 2674 898 2748 optimum
922 2671 1205 2742 valdeque
1238 2668 1557 2736 munitum,
1581 2685 1758 2741 super
1779 2685 1892 2740 quo
1915 2685 2061 2723 suus
2086 2668 2340 2723 maxime
2361 2672 2451 2723 est
2475 2668 2707 2723 animus
2730 2667 3185 2739 dilatatus,quia
3207 2671 3263 2722 et
3283 2683 3570 2739 aquarum

296 2779 527 2852 c0piam
558 2775 630 2830 ad
666 2771 945 2846 populum
978 2767 1447 2833 eonfortandum,
1480 2770 1537 2821 et
1568 2770 1805 2821 caeteras
1854 2764 2137 2820 utilitates
2169 2764 2481 2831 humanas,
2516 2765 2960 2838 aquimolasquo
3010 2764 3292 2820 molentes
3320 2763 3571 2836 pleniter

292 2871 798 2936 subministribat.
816 2870 1036 2923 Tamen
1060 2882 1173 2937 quo
1206 2864 1377 2919 modo
1400 2863 1484 2917 vel
1507 2862 1711 2918 ordine
1740 2862 1850 2916 hoc
1880 2865 1937 2916 et
1968 2861 2163 2917 divina
2183 2862 2501 2918 ostenderit
2531 2862 2858 2931 clementia,
2884 2863 3127 2936 dignum
3150 2866 3239 2918 est
3258 2866 3325 2917 ut
3346 2862 3418 2917 ad
3445 2877 3570 2917 me-

224 2979 259 3034 5
294 2974 543 3033 moriam
575 2975 631 3026 et
659 2968 892 3023 laudem
923 2961 1232 3020 venerandi
1265 2960 1558 3033 pontificis
1582 2960 1775 3015 omnis
1808 2958 2061 3031 populus
2089 2960 2289 3015 credat
2310 2960 2588 3016 veraciter
2614 2964 2669 3015 et
2699 2960 3194 3035 cognoscat,qutod
3217 2960 3412 3015 divino
3436 2975 3573 3015 con-

296 3074 427 3131 silio
459 3074 516 3127 et
545 3066 816 3125 consultu
849 3081 997 3136 opus
1029 3062 1129 3115 diu
1161 3058 1515 3133 exquisitum
1546 3058 1813 3113 effectum
1847 3060 1954 3112 est.
1986 3057 2161 3113 Nocte
2183 3057 2433 3130 denique
2459 3058 2710 3130 quadam
2735 3059 2875 3113 dum
2907 3057 3123 3114 lectulo
3154 3056 3578 3131 propriojuxta

295 3184 520 3227 morem
544 3164 855 3239 praeclarus
872 3162 1114 3231 jaceret,
1131 3157 1396 3223 antistes,
1413 3160 1469 3209 et
1489 3156 1557 3210 de
1580 3154 1812 3220 divinis,
1830 3158 1895 3208 ut
1915 3154 2081 3220 solet,
2098 3155 2399 3227 opusculis
2417 3156 2715 3229 cogitaret,
2735 3156 2803 3211 ad
2824 3156 3132 3228 praevisum
3152 3159 3209 3212 et
3226 3155 3565 3211 ordinatum

296 3270 410 3339 iam
445 3258 773 3330 locum,qui
805 3255 1150 3312 duodecimo
1171 3272 1205 3308 a
1224 3251 1708 3307 Centumcellensi
1736 3251 1877 3306 urbe
1897 3250 2169 3306 milliario
2192 3253 2389 3321 distat,
2422 3254 2482 3308 in
2516 3253 2737 3309 somnis
2766 3255 3084 3326 perductus
3113 3258 3222 3324 est,
3247 3257 3303 3309 et
3327 3252 3571 3326 singula

294 3365 423 3421 loca
453 3360 687 3417 cuidam
710 3356 876 3411 Petro
899 3352 1182 3425 magistro
1206 3350 1457 3405 militum
1483 3348 1650 3421 quasi
1675 3366 1777 3420 per
1805 3349 2164 3420 corporalem
2186 3351 2553 3422 praesentiam
2579 3352 2637 3407 in
2661 3352 2787 3424 ipsa
2808 3351 3152 3408 revelatione
3173 3368 3276 3425 per
3297 3350 3566 3407 ordinem

198 3466 261 3520 10
297 3455 737 3519 demonstravit,
760 3451 860 3507 ubi
890 3449 1163 3505 ecclesias
1197 3452 1253 3503 et
1285 3448 1381 3502 ubi
1416 3451 1616 3519 portas
1646 3463 1714 3501 ex
1744 3445 2061 3517 pontificali
2094 3447 2385 3517 adjutorio
2425 3450 2670 3505 fundare
2700 3456 2756 3506 et
2785 3454 3119 3505 construere
3150 3448 3467 3505 debuisset.
3497 3448 3571 3504 Et

302 3560 441 3632 quia
465 3572 579 3628 prae
608 3550 714 3607 loci
740 3548 1012 3621 angustia
1035 3564 1149 3602 non
1172 3544 1389 3601 ibidem
1416 3543 1531 3599 nisi
1554 3544 1680 3597 duae
1708 3547 1884 3615 portae
1909 3546 2307 3599 construenda:
2329 3551 2513 3613 erant,
2540 3546 2597 3601 in
2621 3546 2750 3619 ipsa
2770 3564 2984 3603 arcana
3003 3545 3348 3603 revelatione
3370 3543 3572 3618 digitis

298 3653 550 3730 propriis
580 3647 894 3706 adnotavit.
916 3646 1085 3700 Mane
1111 3647 1311 3698 autem
1335 3643 1505 3707 facto,
1532 3658 1634 3713 pro
1657 3640 1887 3696 somnio
1907 3643 2059 3713 quod
2084 3642 2305 3697 viderat
2326 3661 2539 3716 magna
2565 3646 2738 3715 coepit
2759 3645 2973 3701 habere
2994 3645 3335 3712 certamina,
3351 3647 3408 3699 et
3427 3659 3572 3716 pras-

300 3752 667 3809 nominatum
701 3750 937 3800 Petrum
968 3742 1040 3797 ad
1071 3757 1238 3797 suam
1272 3739 1427 3795 illico
1452 3738 1635 3810 jussit
1662 3738 1855 3792 venire
1896 3740 2289 3810 praesentiam,
2318 3741 2401 3795 cai
2439 3742 2725 3813 quidquid
2759 3743 2818 3797 in
2851 3744 3075 3799 somnis
3104 3744 3327 3799 viderat
3355 3740 3575 3811 retulit,

300 3851 632 3918 multosque
653 3847 708 3899 et
736 3841 795 3896 in
819 3843 1056 3912 argento
1077 3854 1384 3893 mancosos
1417 3835 1680 3908 praebuit,
1696 3839 1765 3889 ut
1792 3837 2080 3890 conducto
2112 3836 2324 3907 populo
2349 3833 2869 3894 Centumcellencis
2890 3839 3075 3903 urbis,
3099 3856 3235 3895 cum
3257 3838 3340 3894 eis
3365 3838 3573 3893 urbem

200 3954 265 4007 15
302 3945 678 4006 festinantius
710 3938 984 4012 perﬁcere
1015 3934 1330 3990 debuisset.
1358 3938 1440 3987 Ac
1465 3933 1580 3988 Deo
1601 3932 1838 4003 quidem
1870 3932 2106 4003 auspice
2136 3932 2215 3987 ita
2260 3950 2414 3988 nunc
2445 3934 2641 3989 omnia
2671 3935 2957 3990 mdiﬁcata
2987 3935 3298 4002 nitescunt,
3324 3933 3478 3989 sicut
3508 3933 3568 3988 in

301 4060 506 4102 somno
539 4054 690 4113 papa
717 4031 1027 4089 laudabilis
1059 4047 1237 4085 manu
1270 4028 1503 4101 propria
1534 4027 1893 4099 designavit:
1919 4028 2011 4082 cui
2043 4044 2109 4082 ex
2142 4028 2375 4083 nomine
2410 4028 2641 4101 proprio
2672 4029 2968 4101 Leopolim
3003 4046 3216 4083 nomen
3257 4027 3565 4099 imposuit;

300 4145 367 4199 ad
400 4155 604 4213 quam,
630 4137 940 4206 postquam
964 4126 1234 4182 aedificari
1269 4128 1539 4197 coeperat,
1565 4125 1636 4179 ad
1660 4124 1966 4178 videndam
1989 4129 2046 4178 et
2067 4124 2551 4180 considerandam
2576 4124 2857 4181 fabricam
2880 4142 3014 4181 cum
3036 4142 3282 4181 suorum
3306 4123 3570 4179 fidelium

301 4233 681 4296 multitudine
710 4231 973 4286 amanter
999 4222 1432 4281 accessit.Visis
1454 4220 1706 4293 denique
1732 4221 1913 4293 portis
1935 4227 1992 4276 et
2023 4220 2303 4289 ecclesiis,
2330 4222 2389 4276 in
2420 4223 2564 4295 ipsis
2589 4222 2921 4294 specialiter
2940 4221 3081 4278 locis
3105 4222 3256 4277 sicut
3286 4225 3582 4278 monstra-

301 4340 483 4399 verat,
507 4337 566 4388 et
598 4344 772 4386 suum
796 4324 1020 4381 Christo
1051 4325 1386 4394 protegente
1418 4318 1773 4374 desiderium
1799 4318 2203 4390 adimpletum.
2229 4320 2612 4392 omnipotenti
2636 4320 2882 4376 Domino
2906 4320 3127 4393 gratias
3158 4316 3363 4375 retulit
3396 4318 3567 4374 inlini

201 4438 268 4492 20
306 4431 525 4504 tas,qui
559 4428 608 4484 ei
640 4425 816 4481 talem
839 4420 1143 4478 ostendere
1171 4418 1366 4473 locum
1393 4416 1666 4489 dignatus
1691 4420 1795 4481 est,
1821 4416 1881 4471 in
1913 4433 2027 4489 quo
2057 4421 2113 4471 et
2142 4416 2394 4488 populus
2425 4417 2620 4473 salvus
2651 4418 2938 4484 existeret,
2958 4422 3017 4473 et
3037 4417 3109 4473 ad
3137 4415 3560 4473 abundantiam

304 4531 450 4588 inibi
483 4524 844 4583 ministraret
869 4519 1045 4574 etiam
1075 4515 1299 4587 lapides
1330 4519 1385 4570 et
1416 4518 1978 4585 arenam,quatenus
2009 4513 2134 4569 sine
2166 4512 2362 4570 labore
2411 4515 2809 4587 operariorum
2861 4515 3086 4571 noviter
3128 4517 3463 4571 constructa
3493 4512 3580 4569 fa-

306 4628 468 4684 brica
499 4623 882 4694 augmentum
913 4614 1207 4688 percipere
1239 4610 1540 4683 potuisset.

383 4723 538 4781 550
567 4716 812 4775 Gavisus
842 4732 911 4769 ex
939 4713 1035 4767 his
1065 4709 1340 4766 omnibus
1373 4708 1576 4762 urbem
1610 4707 1902 4777 Leopolim
1938 4708 2283 4781 szepedictus
2312 4711 2567 4782 pontifex
2602 4710 2823 4768 litaniis
2852 4716 2908 4767 et
2938 4710 3298 4767 orationibus
3329 4708 3578 4782 pedibus

312 4818 565 4897 propriis
595 4812 879 4879 circuivit,
903 4810 1209 4879 tribusque
1240 4804 1601 4861 orationibus
1624 4803 1681 4858 in
1705 4806 1947 4859 modum
1970 4807 2275 4861 Trinitatis
2300 4807 2712 4879 perpetualiter
2732 4810 3120 4876 consecravit;
3149 4807 3490 4875 missarum,
3513 4810 3583 4863 ut

312 4919 522 4977 solitus
554 4917 699 4979 erat,
723 4908 982 4965 officium
1026 4905 1134 4961 rite
1182 4901 1533 4975 persolvens,
1558 4905 1612 4956 et
1642 4917 1851 4973 aquam
1909 4903 2271 4959 benedictam
2326 4922 2427 4977 per
2473 4922 2673 4962 mnros
2720 4906 2934 4978 jactari
2981 4904 3340 4979 praecipiens.
3364 4904 3435 4959 Et
3461 4920 3593 4975 non,

313 5015 604 5074 modicam
638 5006 911 5065 manibus
943 5000 1192 5077 propriis
1224 5017 1337 5072 prae
1371 4998 1589 5054 amoris
1616 4998 2020 5069 magnitudine
2050 5000 2318 5056 universo
2342 5001 2552 5073 populo
2576 5019 2774 5075 regam
2798 5002 3135 5057 distribuit:
3160 5000 3582 5056 commendans

242 5116 279 5170 5
314 5106 701 5182 omnipotenti
734 5102 975 5161 Domino
1007 5097 1311 5173 populum,
1334 5100 1391 5151 et
1420 5096 1709 5151 civitatem
1739 5095 2017 5153 divinitus
2043 5099 2521 5162 demonstratam,
2545 5115 2615 5153 ne
2644 5117 2903 5170 unquam
2926 5101 2997 5156 ab
3028 5098 3297 5154 hostibus
3320 5096 3586 5169 capiatur

312 5209 402 5265 vel
435 5206 765 5263 invadatur.
789 5200 893 5255 His
946 5196 1223 5253 omnibus
1258 5193 1624 5265 perpetratis,
1660 5194 1728 5247 ad
1764 5194 1961 5248 sedem
1995 5212 2161 5250 suam
2195 5212 2327 5250 cum
2359 5195 2579 5268 ingenti
2642 5196 2841 5251 lzetitia
2896 5200 2953 5252 et
3009 5194 3326 5262 alacritate,
3360 5192 3587 5250 Christo

318 5304 655 5368 auxiliante,
688 5314 953 5354 reversus
977 5298 1084 5360 est,
1109 5292 1316 5361 dieque
1340 5290 1716 5359 superaddite
1739 5290 1965 5346 decimo
1999 5292 2203 5362 quinto
2235 5294 2427 5347 omnis
2454 5311 2753 5349 murorum
2778 5295 3037 5349 ambitus
3065 5274 3390 5364 completus
3412 5295 3586 5363 atque

318 5402 611 5476 perfectus
640 5400 748 5464 est,
772 5410 923 5449 anno
954 5388 1305 5464 praesulatus
1336 5386 1426 5441 sui
1459 5390 1678 5453 octavo,
1714 5386 2031 5444 indictione
2063 5391 2337 5445 secunda.

394 5498 541 5556 551
573 5494 683 5551 Sed
706 5496 763 5547 et
790 5490 849 5545 in
879 5485 1141 5544 ecclesiis
1163 5501 1309 5555 quas
1338 5481 1555 5537 ibidem
1579 5483 1712 5537 fecit
1742 5484 1927 5539 multa
1953 5487 2103 5541 dona
2126 5486 2327 5540 obtulit
2360 5504 2372 5541 :
2399 5488 2459 5542 ln
2486 5487 2725 5543 ecclesia
2742 5487 3011 5543 videlicet
3032 5487 3217 5544 sancti
3236 5485 3386 5542 Petri
3410 5486 3589 5559 gaba-

323 5598 457 5653 thas
488 5612 556 5650 ex
578 5593 816 5664 argento
841 5586 1040 5641 fusiles
1064 5583 1333 5651 majores,
1362 5579 1724 5649 minoresqae
1749 5588 1993 5653 septem,
2022 5602 2261 5655 pensat].
2288 5586 2502 5657 pariter
2523 5585 2699 5640 libras
2722 5585 3012 5641 sexdecim
3038 5590 3095 5642 et
3115 5586 3351 5641 unciam
3375 5601 3588 5655 unam;

324 5691 668 5750 cantharam
699 5688 1033 5741 exauratam
1067 5695 1266 5743 unam,
1291 5677 1507 5731 haucas
1538 5682 1844 5732 exauratas
1874 5682 2021 5745 tres;
2057 5681 2389 5737 tibulatoria
2419 5685 2661 5754 majora,
2696 5687 2750 5738 et
2781 5683 3008 5739 minora
3037 5685 3323 5756 quinque;
3353 5698 3594 5756 crucem

325 5808 395 5847 ex
426 5790 665 5860 argento
698 5784 1035 5837 deauratam
1068 5790 1409 5837 unam,cum
1441 5787 1672 5843 gemma
1706 5776 1997 5831 una.Item
2032 5779 2203 5831 aliam
2240 5797 2471 5835 crucem
2497 5782 2565 5835 de
2590 5799 2729 5836 auro
2760 5799 2960 5846 unam,
2982 5782 3293 5837 habentem
3317 5780 3377 5835 in
3402 5779 3597 5837 medio

256 5890 293 5945 5
329 5881 755 5948 monocossim;
788 5882 845 5934 et
872 5877 1047 5933 aliam
1080 5888 1308 5927 crucem
1340 5887 1404 5923 ex
1438 5873 1697 5939 argento,
1732 5872 2109 5941 numeratim,
2139 5874 2449 5931 habentem
2484 5896 2746 5950 gemmas
2778 5880 3196 5953 quadraginta;
3232 5878 3604 5935 thuribulum

329 5997 572 6043 aureum
603 5980 946 6036 exauratum
978 5986 1184 6037 unum,
1214 5970 1470 6025 dextram
1505 5966 1790 6021 saxiscam
1836 5985 2035 6036 unam,
2071 5988 2316 6028 coronas
2359 5992 2567 6033 aureas
2598 5978 2931 6047 duodecim,
2958 5978 3271 6053 gabatham
3302 5992 3507 6049 unam,
3543 5979 3605 6033 et
