  <div class='ocr_page' id='page_1' title='image "/cluster/home/n/w/nwhite01/storage/ocr_20150623/128/uva.x000829780/667.png"; bbox 0 0 3928 6210; ppageno 0'>
   <div class='ocr_carea' id='block_1_1' title="bbox 355 225 3762 309">
    <p class='ocr_par' dir='ltr' id='par_1_1' title="bbox 355 225 3762 309">
     <span class='ocr_line' id='line_1_1' title="bbox 355 225 3762 309; baseline 0.006 -21"><span class='ocrx_word' id='word_1_1' title='bbox 355 225 514 298; x_wconf 80' lang='grc'><strong>1335</strong></span> <span class='ocrx_word' id='word_1_2' title='bbox 1498 233 1912 298; x_wconf 80' lang='lat' dir='ltr'><strong>ANAST-ASII</strong></span> <span class='ocrx_word' id='word_1_3' title='bbox 1955 231 2629 303; x_wconf 69' lang='lat' dir='ltr'><strong>BIBLIOTHECARIL.</strong></span> <span class='ocrx_word' id='word_1_4' title='bbox 3603 232 3762 309; x_wconf 61' lang='lat'><strong>13.36</strong></span> 
     </span>
    </p>
   </div>
   <div class='ocr_carea' id='block_1_2' title="bbox 501 360 3768 440">
    <p class='ocr_par' dir='ltr' id='par_1_2' title="bbox 501 360 3768 440">
     <span class='ocr_line' id='line_1_2' title="bbox 501 360 3768 440; baseline 0.002 -24"><span class='ocrx_word' id='word_1_5' title='bbox 501 360 1119 419; x_wconf 87' lang='lat' dir='ltr'><strong>struthiocamelorum</strong></span> <span class='ocrx_word' id='word_1_6' title='bbox 1154 381 1258 420; x_wconf 89' lang='lat' dir='ltr'><strong>ova</strong></span> <span class='ocrx_word' id='word_1_7' title='bbox 1287 365 1422 422; x_wconf 92' lang='lat' dir='ltr'><strong>duo.</strong></span> <span class='ocrx_word' id='word_1_8' title='bbox 1445 368 1632 440; x_wconf 86' lang='lat' dir='ltr'><strong>Atque</strong></span> <span class='ocrx_word' id='word_1_9' title='bbox 1665 369 1798 423; x_wconf 90' lang='lat' dir='ltr'><strong>fecit</strong></span> <span class='ocrx_word' id='word_1_10' title='bbox 1828 368 1886 423; x_wconf 89' lang='lat' dir='ltr'><strong>in</strong></span> <span class='ocrx_word' id='word_1_11' title='bbox 1917 368 2119 424; x_wconf 89' lang='lat' dir='ltr'><strong>eadem</strong></span> <span class='ocrx_word' id='word_1_12' title='bbox 2150 365 2396 423; x_wconf 81' lang='lat' dir='ltr'><strong>ecclesia</strong></span> <span class='ocrx_word' id='word_1_13' title='bbox 2416 367 2544 436; x_wconf 88' lang='lat' dir='ltr'><strong>jam</strong></span> <span class='ocrx_word' id='word_1_14' title='bbox 2575 364 2745 420; x_wconf 72' lang='lat' dir='ltr'><strong>dieue</strong></span> <span class='ocrx_word' id='word_1_15' title='bbox 2763 363 3014 424; x_wconf 73' lang='lat' dir='ltr'><strong>civitatis</strong></span> <span class='ocrx_word' id='word_1_16' title='bbox 3041 369 3229 424; x_wconf 82' lang='lat' dir='ltr'><strong>vestes</strong></span> <span class='ocrx_word' id='word_1_17' title='bbox 3261 364 3479 424; x_wconf 79' lang='lat' dir='ltr'><strong>sericas</strong></span> <span class='ocrx_word' id='word_1_18' title='bbox 3495 365 3651 424; x_wconf 84' lang='lat' dir='ltr'><strong>duas</strong></span> <span class='ocrx_word' id='word_1_19' title='bbox 3671 383 3686 423; x_wconf 88' lang='lat'><strong>:</strong></span> <span class='ocrx_word' id='word_1_20' title='bbox 3709 369 3768 424; x_wconf 89' lang='lat' dir='ltr'><strong>et</strong></span> 
     </span>
    </p>
   </div>
   <div class='ocr_carea' id='block_1_3' title="bbox 495 459 3766 538">
    <p class='ocr_par' dir='ltr' id='par_1_3' title="bbox 495 459 3766 538">
     <span class='ocr_line' id='line_1_3' title="bbox 495 459 3766 538; baseline 0.002 -26"><span class='ocrx_word' id='word_1_21' title='bbox 495 459 713 530; x_wconf 87' lang='lat' dir='ltr'><strong>quibus</strong></span> <span class='ocrx_word' id='word_1_22' title='bbox 747 477 921 515; x_wconf 86' lang='lat' dir='ltr'><strong>unam</strong></span> <span class='ocrx_word' id='word_1_23' title='bbox 958 461 1132 516; x_wconf 84' lang='lat' dir='ltr'><strong>habet</strong></span> <span class='ocrx_word' id='word_1_24' title='bbox 1165 462 1221 516; x_wconf 91' lang='lat' dir='ltr'><strong>in</strong></span> <span class='ocrx_word' id='word_1_25' title='bbox 1255 463 1446 519; x_wconf 86' lang='lat' dir='ltr'><strong>medio</strong></span> <span class='ocrx_word' id='word_1_26' title='bbox 1495 463 1757 520; x_wconf 89' lang='lat' dir='ltr'><strong>tabulam</strong></span> <span class='ocrx_word' id='word_1_27' title='bbox 1789 464 1860 520; x_wconf 89' lang='lat' dir='ltr'><strong>de</strong></span> <span class='ocrx_word' id='word_1_28' title='bbox 1891 463 2282 538; x_wconf 81' lang='lat' dir='ltr'><strong>chrysoclavo,</strong></span> <span class='ocrx_word' id='word_1_29' title='bbox 2317 468 2375 518; x_wconf 91' lang='lat' dir='ltr'><strong>et</strong></span> <span class='ocrx_word' id='word_1_30' title='bbox 2404 461 2522 518; x_wconf 87' lang='lat' dir='ltr'><strong>alia</strong></span> <span class='ocrx_word' id='word_1_31' title='bbox 2567 461 2746 518; x_wconf 87' lang='lat' dir='ltr'><strong>habet</strong></span> <span class='ocrx_word' id='word_1_32' title='bbox 2771 462 2831 518; x_wconf 91' lang='lat' dir='ltr'><strong>in</strong></span> <span class='ocrx_word' id='word_1_33' title='bbox 2884 463 3075 520; x_wconf 85' lang='lat' dir='ltr'><strong>medio</strong></span> <span class='ocrx_word' id='word_1_34' title='bbox 3106 479 3359 531; x_wconf 88' lang='lat' dir='ltr'><strong>crucem,</strong></span> <span class='ocrx_word' id='word_1_35' title='bbox 3383 468 3440 519; x_wconf 91' lang='lat' dir='ltr'><strong>ct</strong></span> <span class='ocrx_word' id='word_1_36' title='bbox 3468 461 3766 520; x_wconf 79' lang='lat' dir='ltr'><strong>orbiculos</strong></span> 
     </span>
    </p>
   </div>
   <div class='ocr_carea' id='block_1_4' title="bbox 495 559 3762 634">
    <p class='ocr_par' dir='ltr' id='par_1_4' title="bbox 495 559 3762 634">
     <span class='ocr_line' id='line_1_4' title="bbox 495 559 3762 634; baseline 0.002 -24"><span class='ocrx_word' id='word_1_37' title='bbox 495 559 747 628; x_wconf 81' lang='lat' dir='ltr'><strong>quatuor</strong></span> <span class='ocrx_word' id='word_1_38' title='bbox 773 574 906 612; x_wconf 92' lang='lat' dir='ltr'><strong>cum</strong></span> <span class='ocrx_word' id='word_1_39' title='bbox 937 559 1320 630; x_wconf 87' lang='lat' dir='ltr'><strong>gammadiis;</strong></span> <span class='ocrx_word' id='word_1_40' title='bbox 1355 565 1412 614; x_wconf 90' lang='lat' dir='ltr'><strong>et</strong></span> <span class='ocrx_word' id='word_1_41' title='bbox 1429 560 1555 616; x_wconf 90' lang='lat' dir='ltr'><strong>vela</strong></span> <span class='ocrx_word' id='word_1_42' title='bbox 1575 562 1645 618; x_wconf 91' lang='lat' dir='ltr'><strong>de</strong></span> <span class='ocrx_word' id='word_1_43' title='bbox 1679 563 1918 620; x_wconf 85' lang='lat' dir='ltr'><strong>fundato</strong></span> <span class='ocrx_word' id='word_1_44' title='bbox 1941 563 2140 619; x_wconf 88' lang='lat' dir='ltr'><strong>decem</strong></span> <span class='ocrx_word' id='word_1_45' title='bbox 2158 566 2216 616; x_wconf 88' lang='lat' dir='ltr'><strong>et</strong></span> <span class='ocrx_word' id='word_1_46' title='bbox 2236 565 2364 616; x_wconf 90' lang='lat' dir='ltr'><strong>octo</strong></span> <span class='ocrx_word' id='word_1_47' title='bbox 2387 578 2400 616; x_wconf 93' lang='lat'>:</span> <span class='ocrx_word' id='word_1_48' title='bbox 2426 559 2772 615; x_wconf 82' lang='lat' dir='ltr'><strong>cruciﬁxum</strong></span> <span class='ocrx_word' id='word_1_49' title='bbox 2793 577 2862 616; x_wconf 86' lang='lat' dir='ltr'><strong>ex</strong></span> <span class='ocrx_word' id='word_1_50' title='bbox 2883 564 3122 634; x_wconf 84' lang='lat' dir='ltr'><strong>argento</strong></span> <span class='ocrx_word' id='word_1_51' title='bbox 3149 559 3491 634; x_wconf 88' lang='lat' dir='ltr'><strong>purissimo,</strong></span> <span class='ocrx_word' id='word_1_52' title='bbox 3515 577 3762 633; x_wconf 87' lang='lat' dir='ltr'><strong>pensan.</strong></span> 
     </span>
    </p>
   </div>
   <div class='ocr_carea' id='block_1_5' title="bbox 390 653 3770 731">
    <p class='ocr_par' dir='ltr' id='par_1_5' title="bbox 390 653 3770 731">
     <span class='ocr_line' id='line_1_5' title="bbox 390 653 3770 731; baseline 0.002 -24"><span class='ocrx_word' id='word_1_53' title='bbox 390 654 456 708; x_wconf 89' lang='grc'><strong>10</strong></span> <span class='ocrx_word' id='word_1_54' title='bbox 495 653 676 710; x_wconf 90' lang='lat' dir='ltr'><strong>libras</strong></span> <span class='ocrx_word' id='word_1_55' title='bbox 701 657 757 710; x_wconf 91' lang='lat'><strong>7.</strong></span> <span class='ocrx_word' id='word_1_56' title='bbox 783 655 1013 711; x_wconf 90' lang='lat' dir='ltr'><strong>Necnon</strong></span> <span class='ocrx_word' id='word_1_57' title='bbox 1047 661 1103 710; x_wconf 90' lang='lat' dir='ltr'><strong>et</strong></span> <span class='ocrx_word' id='word_1_58' title='bbox 1133 655 1190 710; x_wconf 91' lang='lat' dir='ltr'><strong>in</strong></span> <span class='ocrx_word' id='word_1_59' title='bbox 1224 656 1468 714; x_wconf 89' lang='lat' dir='ltr'><strong>ecclesia</strong></span> <span class='ocrx_word' id='word_1_60' title='bbox 1488 659 1674 714; x_wconf 80' lang='lat' dir='ltr'><strong>sancti</strong></span> <span class='ocrx_word' id='word_1_61' title='bbox 1710 659 1938 726; x_wconf 86' lang='lat' dir='ltr'><strong>Leonis,</strong></span> <span class='ocrx_word' id='word_1_62' title='bbox 1965 659 2064 715; x_wconf 88' lang='lat' dir='ltr'><strong>ubi</strong></span> <span class='ocrx_word' id='word_1_63' title='bbox 2085 676 2264 731; x_wconf 84' lang='lat' dir='ltr'><strong>supra</strong></span> <span class='ocrx_word' id='word_1_64' title='bbox 2291 657 2506 714; x_wconf 75' lang='lat' dir='ltr'><strong>obtulit</strong></span> <span class='ocrx_word' id='word_1_65' title='bbox 2535 659 2808 729; x_wconf 90' lang='lat' dir='ltr'><strong>patenam</strong></span> <span class='ocrx_word' id='word_1_66' title='bbox 2837 662 3174 714; x_wconf 77' lang='lat' dir='ltr'><strong>exauratam</strong></span> <span class='ocrx_word' id='word_1_67' title='bbox 3197 674 3401 728; x_wconf 88' lang='lat' dir='ltr'><strong>unam,</strong></span> <span class='ocrx_word' id='word_1_68' title='bbox 3425 657 3672 714; x_wconf 86' lang='lat' dir='ltr'><strong>calicem</strong></span> <span class='ocrx_word' id='word_1_69' title='bbox 3697 657 3770 714; x_wconf 88' lang='lat' dir='ltr'><strong>de</strong></span> 
     </span>
    </p>
   </div>
   <div class='ocr_carea' id='block_1_6' title="bbox 494 753 3768 828">
    <p class='ocr_par' dir='ltr' id='par_1_6' title="bbox 494 753 3768 828">
     <span class='ocr_line' id='line_1_6' title="bbox 494 753 3768 828; baseline 0.001 -22"><span class='ocrx_word' id='word_1_70' title='bbox 494 757 734 824; x_wconf 85' lang='lat' dir='ltr'><strong>argento</strong></span> <span class='ocrx_word' id='word_1_71' title='bbox 766 770 972 819; x_wconf 90' lang='lat' dir='ltr'><strong>unum,</strong></span> <span class='ocrx_word' id='word_1_72' title='bbox 994 759 1182 809; x_wconf 87' lang='lat' dir='ltr'><strong>vestes</strong></span> <span class='ocrx_word' id='word_1_73' title='bbox 1211 755 1382 820; x_wconf 89' lang='lat' dir='ltr'><strong>duas,</strong></span> <span class='ocrx_word' id='word_1_74' title='bbox 1407 773 1584 810; x_wconf 86' lang='lat' dir='ltr'><strong>unam</strong></span> <span class='ocrx_word' id='word_1_75' title='bbox 1615 755 1853 828; x_wconf 84' lang='lat' dir='ltr'><strong>quidem</strong></span> <span class='ocrx_word' id='word_1_76' title='bbox 1885 758 1956 814; x_wconf 89' lang='lat' dir='ltr'><strong>de</strong></span> <span class='ocrx_word' id='word_1_77' title='bbox 1987 756 2252 822; x_wconf 87' lang='lat' dir='ltr'><strong>fundato,</strong></span> <span class='ocrx_word' id='word_1_78' title='bbox 2279 758 2546 810; x_wconf 88' lang='lat' dir='ltr'><strong>ornatam</strong></span> <span class='ocrx_word' id='word_1_79' title='bbox 2576 754 2635 808; x_wconf 90' lang='lat' dir='ltr'><strong>in</strong></span> <span class='ocrx_word' id='word_1_80' title='bbox 2666 753 2916 810; x_wconf 90' lang='lat' dir='ltr'><strong>eircuitu</strong></span> <span class='ocrx_word' id='word_1_81' title='bbox 2967 755 3040 812; x_wconf 87' lang='lat' dir='ltr'><strong>de</strong></span> <span class='ocrx_word' id='word_1_82' title='bbox 3082 754 3331 823; x_wconf 88' lang='lat' dir='ltr'><strong>olovero,</strong></span> <span class='ocrx_word' id='word_1_83' title='bbox 3357 754 3675 812; x_wconf 85' lang='lat' dir='ltr'><strong>habentem</strong></span> <span class='ocrx_word' id='word_1_84' title='bbox 3707 754 3768 810; x_wconf 89' lang='lat' dir='ltr'><strong>in</strong></span> 
     </span>
    </p>
   </div>
   <div class='ocr_carea' id='block_1_7' title="bbox 495 851 3774 927">
    <p class='ocr_par' dir='ltr' id='par_1_7' title="bbox 495 851 3774 927">
     <span class='ocr_line' id='line_1_7' title="bbox 495 851 3774 927; baseline 0.001 -22"><span class='ocrx_word' id='word_1_85' title='bbox 495 855 718 922; x_wconf 88' lang='lat' dir='ltr'><strong>septem</strong></span> <span class='ocrx_word' id='word_1_86' title='bbox 745 867 757 904; x_wconf 92' lang='lat'><strong>:</strong></span> <span class='ocrx_word' id='word_1_87' title='bbox 782 851 1169 907; x_wconf 82' lang='lat' dir='ltr'><strong>Historiarum</strong></span> <span class='ocrx_word' id='word_1_88' title='bbox 1201 853 1550 920; x_wconf 87' lang='lat' dir='ltr'><strong>Salomonis,</strong></span> <span class='ocrx_word' id='word_1_89' title='bbox 1576 855 2094 927; x_wconf 85' lang='lat' dir='ltr'><strong>Antiphonarium,</strong></span> <span class='ocrx_word' id='word_1_90' title='bbox 2119 853 2468 910; x_wconf 87' lang='lat' dir='ltr'><strong>Psalterium</strong></span> <span class='ocrx_word' id='word_1_91' title='bbox 2489 857 2545 907; x_wconf 90' lang='lat' dir='ltr'><strong>et</strong></span> <span class='ocrx_word' id='word_1_92' title='bbox 2565 852 3124 923; x_wconf 83' lang='lat' dir='ltr'><strong>Sacramentarium,</strong></span> <span class='ocrx_word' id='word_1_93' title='bbox 3145 857 3446 926; x_wconf 75' lang='lat' dir='ltr'><strong>gestorum</strong></span> <span class='ocrx_word' id='word_1_94' title='bbox 3469 857 3528 908; x_wconf 89' lang='lat' dir='ltr'><strong>et</strong></span> <span class='ocrx_word' id='word_1_95' title='bbox 3551 867 3774 908; x_wconf 84' lang='lat' dir='ltr'><strong>sermo-</strong></span> 
     </span>
    </p>
   </div>
   <div class='ocr_carea' id='block_1_8' title="bbox 496 948 3771 1026">
    <p class='ocr_par' dir='ltr' id='par_1_8' title="bbox 496 948 3771 1026">
     <span class='ocr_line' id='line_1_8' title="bbox 496 948 3771 1026; baseline 0.001 -25"><span class='ocrx_word' id='word_1_96' title='bbox 496 964 621 1014; x_wconf 88' lang='lat' dir='ltr'><strong>nes,</strong></span> <span class='ocrx_word' id='word_1_97' title='bbox 645 949 743 1002; x_wconf 89' lang='lat' dir='ltr'><strong>sed</strong></span> <span class='ocrx_word' id='word_1_98' title='bbox 775 953 832 1003; x_wconf 90' lang='lat' dir='ltr'><strong>et</strong></span> <span class='ocrx_word' id='word_1_99' title='bbox 863 948 1238 1020; x_wconf 88' lang='lat' dir='ltr'><strong>Evangelium</strong></span> <span class='ocrx_word' id='word_1_100' title='bbox 1271 967 1405 1006; x_wconf 91' lang='lat' dir='ltr'><strong>cum</strong></span> <span class='ocrx_word' id='word_1_101' title='bbox 1437 951 1656 1012; x_wconf 90' lang='lat' dir='ltr'><strong>tabulis</strong></span> <span class='ocrx_word' id='word_1_102' title='bbox 1686 953 2014 1025; x_wconf 88' lang='lat' dir='ltr'><strong>argenteis:</strong></span> <span class='ocrx_word' id='word_1_103' title='bbox 2039 956 2214 1026; x_wconf 88' lang='lat' dir='ltr'><strong>atque</strong></span> <span class='ocrx_word' id='word_1_104' title='bbox 2260 949 2726 1007; x_wconf 85' lang='lat' dir='ltr'><strong>sacratissimum</strong></span> <span class='ocrx_word' id='word_1_105' title='bbox 2757 949 2856 1006; x_wconf 88' lang='lat' dir='ltr'><strong>Dei</strong></span> <span class='ocrx_word' id='word_1_106' title='bbox 2890 949 3092 1018; x_wconf 83' lang='lat' dir='ltr'><strong>altare,</strong></span> <span class='ocrx_word' id='word_1_107' title='bbox 3117 950 3276 1022; x_wconf 89' lang='lat' dir='ltr'><strong>quod</strong></span> <span class='ocrx_word' id='word_1_108' title='bbox 3305 966 3490 1024; x_wconf 87' lang='lat' dir='ltr'><strong>supra</strong></span> <span class='ocrx_word' id='word_1_109' title='bbox 3517 949 3771 1005; x_wconf 80' lang='lat' dir='ltr'><strong>sanctis-</strong></span> 
     </span>
    </p>
   </div>
   <div class='ocr_carea' id='block_1_9' title="bbox 389 1043 3768 1123">
    <p class='ocr_par' dir='ltr' id='par_1_9' title="bbox 389 1043 3768 1123">
     <span class='ocr_line' id='line_1_9' title="bbox 389 1043 3768 1123; baseline 0.001 -24"><span class='ocrx_word' id='word_1_110' title='bbox 389 1043 460 1099; x_wconf 73' lang='grc'><strong>45</strong></span> <span class='ocrx_word' id='word_1_111' title='bbox 498 1044 716 1100; x_wconf 90' lang='lat' dir='ltr'><strong>simum</strong></span> <span class='ocrx_word' id='word_1_112' title='bbox 749 1046 898 1101; x_wconf 90' lang='lat' dir='ltr'><strong>beati</strong></span> <span class='ocrx_word' id='word_1_113' title='bbox 937 1048 1084 1103; x_wconf 87' lang='lat' dir='ltr'><strong>Petri</strong></span> <span class='ocrx_word' id='word_1_114' title='bbox 1117 1049 1363 1120; x_wconf 82' lang='lat' dir='ltr'><strong>apostoli</strong></span> <span class='ocrx_word' id='word_1_115' title='bbox 1398 1066 1608 1123; x_wconf 91' lang='lat' dir='ltr'><strong>corpus</strong></span> <span class='ocrx_word' id='word_1_116' title='bbox 1639 1051 1906 1106; x_wconf 85' lang='lat' dir='ltr'><strong>consistit</strong></span> <span class='ocrx_word' id='word_1_117' title='bbox 1944 1049 2234 1123; x_wconf 84' lang='lat' dir='ltr'><strong>argenteis</strong></span> <span class='ocrx_word' id='word_1_118' title='bbox 2259 1047 2712 1120; x_wconf 66' lang='lat' dir='ltr'><strong>denuratis,qum</strong></span> <span class='ocrx_word' id='word_1_119' title='bbox 2745 1047 2805 1102; x_wconf 91' lang='lat' dir='ltr'><strong>in</strong></span> <span class='ocrx_word' id='word_1_120' title='bbox 2837 1047 3038 1102; x_wconf 88' lang='lat' dir='ltr'><strong>dextra</strong></span> <span class='ocrx_word' id='word_1_121' title='bbox 3063 1051 3120 1102; x_wconf 89' lang='lat' dir='ltr'><strong>et</strong></span> <span class='ocrx_word' id='word_1_122' title='bbox 3147 1045 3288 1102; x_wconf 67' lang='lat' dir='ltr'><strong>laeva</strong></span> <span class='ocrx_word' id='word_1_123' title='bbox 3308 1046 3497 1120; x_wconf 87' lang='lat' dir='ltr'><strong>ipsius</strong></span> <span class='ocrx_word' id='word_1_124' title='bbox 3527 1050 3768 1120; x_wconf 87' lang='lat' dir='ltr'><strong>aposto-</strong></span> 
     </span>
    </p>
   </div>
   <div class='ocr_carea' id='block_1_10' title="bbox 496 1139 3772 1219">
    <p class='ocr_par' dir='ltr' id='par_1_10' title="bbox 496 1139 3772 1219">
     <span class='ocr_line' id='line_1_10' title="bbox 496 1139 3772 1219; baseline 0.001 -23"><span class='ocrx_word' id='word_1_125' title='bbox 496 1139 688 1197; x_wconf 89' lang='lat' dir='ltr'><strong>lorum</strong></span> <span class='ocrx_word' id='word_1_126' title='bbox 720 1143 1004 1215; x_wconf 86' lang='lat' dir='ltr'><strong>principis</strong></span> <span class='ocrx_word' id='word_1_127' title='bbox 1036 1145 1210 1200; x_wconf 85' lang='lat' dir='ltr'><strong>habet</strong></span> <span class='ocrx_word' id='word_1_128' title='bbox 1243 1145 1546 1218; x_wconf 90' lang='lat' dir='ltr'><strong>miracula,</strong></span> <span class='ocrx_word' id='word_1_129' title='bbox 1570 1149 1899 1219; x_wconf 86' lang='lat' dir='ltr'><strong>perornavit</strong></span> <span class='ocrx_word' id='word_1_130' title='bbox 1925 1148 2164 1203; x_wconf 86' lang='lat' dir='ltr'><strong>laminis</strong></span> <span class='ocrx_word' id='word_1_131' title='bbox 2183 1146 2281 1219; x_wconf 86' lang='lat' dir='ltr'><strong>(a),</strong></span> <span class='ocrx_word' id='word_1_132' title='bbox 2306 1164 2434 1218; x_wconf 71' lang='lat' dir='ltr'><strong>quas</strong></span> <span class='ocrx_word' id='word_1_133' title='bbox 2463 1145 2686 1219; x_wconf 84' lang='lat' dir='ltr'><strong>ingenti</strong></span> <span class='ocrx_word' id='word_1_134' title='bbox 2709 1144 3017 1218; x_wconf 87' lang='lat' dir='ltr'><strong>splendore</strong></span> <span class='ocrx_word' id='word_1_135' title='bbox 3041 1160 3202 1202; x_wconf 87' lang='lat' dir='ltr'><strong>nunc</strong></span> <span class='ocrx_word' id='word_1_136' title='bbox 3233 1144 3454 1205; x_wconf 71' lang='grc' dir='ltr'><strong>ιιι-οωιί</strong></span> <span class='ocrx_word' id='word_1_137' title='bbox 3485 1149 3649 1201; x_wconf 88' lang='lat' dir='ltr'><strong>astra</strong></span> <span class='ocrx_word' id='word_1_138' title='bbox 3679 1160 3772 1200; x_wconf 85' lang='lat' dir='ltr'><strong>co-</strong></span> 
     </span>
    </p>
   </div>
   <div class='ocr_carea' id='block_1_11' title="bbox 495 1241 2896 1318">
    <p class='ocr_par' dir='ltr' id='par_1_11' title="bbox 495 1241 2896 1318">
     <span class='ocr_line' id='line_1_11' title="bbox 495 1241 2896 1318; baseline 0.002 -24"><span class='ocrx_word' id='word_1_139' title='bbox 495 1245 759 1304; x_wconf 89' lang='lat' dir='ltr'><strong>ruscant,</strong></span> <span class='ocrx_word' id='word_1_140' title='bbox 793 1257 1036 1312; x_wconf 80' lang='lat' dir='ltr'><strong>pensan.</strong></span> <span class='ocrx_word' id='word_1_141' title='bbox 1062 1259 1192 1298; x_wconf 91' lang='lat' dir='ltr'><strong>vero</strong></span> <span class='ocrx_word' id='word_1_142' title='bbox 1223 1243 1402 1298; x_wconf 90' lang='lat' dir='ltr'><strong>simul</strong></span> <span class='ocrx_word' id='word_1_143' title='bbox 1434 1243 1613 1299; x_wconf 89' lang='lat' dir='ltr'><strong>libras</strong></span> <span class='ocrx_word' id='word_1_144' title='bbox 1644 1245 1982 1318; x_wconf 87' lang='lat' dir='ltr'><strong>octuaginta</strong></span> <span class='ocrx_word' id='word_1_145' title='bbox 2012 1250 2264 1318; x_wconf 88' lang='lat' dir='ltr'><strong>quatuor</strong></span> <span class='ocrx_word' id='word_1_146' title='bbox 2291 1249 2350 1300; x_wconf 91' lang='lat' dir='ltr'><strong>et</strong></span> <span class='ocrx_word' id='word_1_147' title='bbox 2379 1243 2585 1300; x_wconf 88' lang='lat' dir='ltr'><strong>uncias</strong></span> <span class='ocrx_word' id='word_1_148' title='bbox 2611 1241 2896 1316; x_wconf 87' lang='lat' dir='ltr'><strong>quinque.</strong></span> 
     </span>
    </p>
   </div>
   <div class='ocr_carea' id='block_1_12' title="bbox 570 1336 3771 1416">
    <p class='ocr_par' dir='ltr' id='par_1_12' title="bbox 570 1336 3771 1416">
     <span class='ocr_line' id='line_1_12' title="bbox 570 1336 3771 1416; baseline -0 -22"><span class='ocrx_word' id='word_1_149' title='bbox 570 1336 723 1409; x_wconf 73' lang='grc'><strong>552</strong></span> <span class='ocrx_word' id='word_1_150' title='bbox 751 1341 936 1413; x_wconf 83' lang='lat' dir='ltr'><strong>Atque</strong></span> <span class='ocrx_word' id='word_1_151' title='bbox 967 1345 1096 1412; x_wconf 90' lang='lat' dir='ltr'><strong>post</strong></span> <span class='ocrx_word' id='word_1_152' title='bbox 1127 1345 1247 1398; x_wconf 91' lang='lat' dir='ltr'><strong>tam</strong></span> <span class='ocrx_word' id='word_1_153' title='bbox 1279 1341 1580 1400; x_wconf 63' lang='lat' dir='ltr'><strong>immensas</strong></span> <span class='ocrx_word' id='word_1_154' title='bbox 1628 1342 1982 1414; x_wconf 85' lang='lat' dir='ltr'><strong>operationis</strong></span> <span class='ocrx_word' id='word_1_155' title='bbox 2013 1341 2286 1416; x_wconf 84' lang='lat' dir='ltr'><strong>insignia,</strong></span> <span class='ocrx_word' id='word_1_156' title='bbox 2311 1343 2578 1413; x_wconf 87' lang='lat' dir='ltr'><strong>factaque</strong></span> <span class='ocrx_word' id='word_1_157' title='bbox 2607 1340 2824 1407; x_wconf 87' lang='lat' dir='ltr'><strong>divina,</strong></span> <span class='ocrx_word' id='word_1_158' title='bbox 2849 1339 2950 1395; x_wconf 91' lang='lat' dir='ltr'><strong>Dei</strong></span> <span class='ocrx_word' id='word_1_159' title='bbox 2991 1338 3188 1398; x_wconf 61' lang='lat' dir='ltr'><strong>sterni</strong></span> <span class='ocrx_word' id='word_1_160' title='bbox 3237 1337 3556 1399; x_wconf 81' lang='lat' dir='ltr'><strong>clementia.-</strong></span> <span class='ocrx_word' id='word_1_161' title='bbox 3574 1337 3771 1412; x_wconf 88' lang='lat' dir='ltr'><strong>inspi-</strong></span> 
     </span>
    </p>
   </div>
   <div class='ocr_carea' id='block_1_13' title="bbox 495 1434 3768 1511">
    <p class='ocr_par' dir='ltr' id='par_1_13' title="bbox 495 1434 3768 1511">
     <span class='ocr_line' id='line_1_13' title="bbox 495 1434 3768 1511; baseline 0 -20"><span class='ocrx_word' id='word_1_162' title='bbox 495 1440 824 1508; x_wconf 72' lang='lat' dir='ltr'><strong>rante,quze</strong></span> <span class='ocrx_word' id='word_1_163' title='bbox 856 1455 959 1510; x_wconf 93' lang='lat' dir='ltr'><strong>per</strong></span> <span class='ocrx_word' id='word_1_164' title='bbox 987 1438 1362 1495; x_wconf 91' lang='lat' dir='ltr'><strong>diversaloca</strong></span> <span class='ocrx_word' id='word_1_165' title='bbox 1381 1441 1454 1495; x_wconf 93' lang='lat' dir='ltr'><strong>ob</strong></span> <span class='ocrx_word' id='word_1_166' title='bbox 1486 1439 1735 1497; x_wconf 87' lang='lat' dir='ltr'><strong>salutem</strong></span> <span class='ocrx_word' id='word_1_167' title='bbox 1752 1439 2216 1502; x_wconf 85' lang='lat' dir='ltr'><strong>Christianorum</strong></span> <span class='ocrx_word' id='word_1_168' title='bbox 2246 1438 2372 1511; x_wconf 91' lang='lat' dir='ltr'><strong>ipse</strong></span> <span class='ocrx_word' id='word_1_169' title='bbox 2401 1436 2812 1503; x_wconf 69' lang='lat' dir='ltr'><strong>sanctissimus</strong></span> <span class='ocrx_word' id='word_1_170' title='bbox 2833 1451 2988 1508; x_wconf 80' lang='lat' dir='ltr'><strong>papa</strong></span> <span class='ocrx_word' id='word_1_171' title='bbox 3007 1434 3768 1508; x_wconf 68' lang='lat' dir='ltr'><strong>est.operatus,ecclesiam,</strong></span> 
     </span>
    </p>
   </div>
   <div class='ocr_carea' id='block_1_14' title="bbox 495 1530 3773 1610">
    <p class='ocr_par' dir='ltr' id='par_1_14' title="bbox 495 1530 3773 1610">
     <span class='ocr_line' id='line_1_14' title="bbox 495 1530 3773 1610; baseline 0 -21"><span class='ocrx_word' id='word_1_172' title='bbox 495 1551 624 1606; x_wconf 74' lang='lat' dir='ltr'><strong>qua:</strong></span> <span class='ocrx_word' id='word_1_173' title='bbox 655 1535 887 1590; x_wconf 90' lang='lat' dir='ltr'><strong>Domini</strong></span> <span class='ocrx_word' id='word_1_174' title='bbox 917 1553 1055 1592; x_wconf 89' lang='lat' dir='ltr'><strong>voce</strong></span> <span class='ocrx_word' id='word_1_175' title='bbox 1085 1554 1263 1609; x_wconf 89' lang='lat' dir='ltr'><strong>supra</strong></span> <span class='ocrx_word' id='word_1_176' title='bbox 1294 1538 1527 1594; x_wconf 82' lang='lat' dir='ltr'><strong>ﬁrmam</strong></span> <span class='ocrx_word' id='word_1_177' title='bbox 1584 1543 1806 1610; x_wconf 89' lang='lat' dir='ltr'><strong>petram</strong></span> <span class='ocrx_word' id='word_1_178' title='bbox 1842 1539 2088 1594; x_wconf 88' lang='lat' dir='ltr'><strong>fundata</strong></span> <span class='ocrx_word' id='word_1_179' title='bbox 2114 1535 2402 1602; x_wconf 83' lang='lat' dir='ltr'><strong>consistit,</strong></span> <span class='ocrx_word' id='word_1_180' title='bbox 2437 1539 2492 1590; x_wconf 90' lang='lat' dir='ltr'><strong>et</strong></span> <span class='ocrx_word' id='word_1_181' title='bbox 2523 1535 2592 1592; x_wconf 88' lang='lat' dir='ltr'><strong>de</strong></span> <span class='ocrx_word' id='word_1_182' title='bbox 2624 1533 2778 1589; x_wconf 90' lang='lat' dir='ltr'><strong>beati</strong></span> <span class='ocrx_word' id='word_1_183' title='bbox 2810 1533 2962 1589; x_wconf 89' lang='lat' dir='ltr'><strong>Petri</strong></span> <span class='ocrx_word' id='word_1_184' title='bbox 3019 1530 3417 1604; x_wconf 87' lang='lat' dir='ltr'><strong>apostolorum</strong></span> <span class='ocrx_word' id='word_1_185' title='bbox 3478 1533 3773 1606; x_wconf 84' lang='lat' dir='ltr'><strong>principis</strong></span> 
     </span>
    </p>
   </div>
   <div class='ocr_carea' id='block_1_15' title="bbox 495 1628 3772 1708">
    <p class='ocr_par' dir='ltr' id='par_1_15' title="bbox 495 1628 3772 1708">
     <span class='ocr_line' id='line_1_15' title="bbox 495 1628 3772 1708; baseline 0.001 -22"><span class='ocrx_word' id='word_1_186' title='bbox 495 1631 731 1688; x_wconf 89' lang='lat' dir='ltr'><strong>nomine</strong></span> <span class='ocrx_word' id='word_1_187' title='bbox 761 1638 964 1688; x_wconf 89' lang='lat' dir='ltr'><strong>sancto</strong></span> <span class='ocrx_word' id='word_1_188' title='bbox 994 1633 1248 1705; x_wconf 89' lang='lat' dir='ltr'><strong>gloriosa</strong></span> <span class='ocrx_word' id='word_1_189' title='bbox 1277 1639 1564 1702; x_wconf 85' lang='lat' dir='ltr'><strong>coruscat,</strong></span> <span class='ocrx_word' id='word_1_190' title='bbox 1600 1635 2022 1708; x_wconf 85' lang='lat' dir='ltr'><strong>pretiosissimo</strong></span> <span class='ocrx_word' id='word_1_191' title='bbox 2053 1633 2320 1690; x_wconf 89' lang='lat' dir='ltr'><strong>omnium</strong></span> <span class='ocrx_word' id='word_1_192' title='bbox 2360 1631 2729 1688; x_wconf 83' lang='lat' dir='ltr'><strong>metallorum</strong></span> <span class='ocrx_word' id='word_1_193' title='bbox 2759 1635 2968 1687; x_wconf 88' lang='lat' dir='ltr'><strong>ornatu</strong></span> <span class='ocrx_word' id='word_1_194' title='bbox 2998 1646 3116 1702; x_wconf 67' lang='lat' dir='ltr'><strong>prae</strong></span> <span class='ocrx_word' id='word_1_195' title='bbox 3148 1628 3330 1686; x_wconf 84' lang='lat' dir='ltr'><strong>nimio</strong></span> <span class='ocrx_word' id='word_1_196' title='bbox 3360 1629 3568 1702; x_wconf 64' lang='lat' dir='ltr'><strong>patria:</strong></span> <span class='ocrx_word' id='word_1_197' title='bbox 3590 1629 3772 1688; x_wconf 77' lang='lat' dir='ltr'><strong>ccele-</strong></span> 
     </span>
    </p>
   </div>
   <div class='ocr_carea' id='block_1_16' title="bbox 417 1725 3770 1805">
    <p class='ocr_par' dir='ltr' id='par_1_16' title="bbox 417 1725 3770 1805">
     <span class='ocr_line' id='line_1_16' title="bbox 417 1725 3770 1805; baseline 0 -22"><span class='ocrx_word' id='word_1_198' title='bbox 417 1729 454 1783; x_wconf 90' lang='grc'><strong>5</strong></span> <span class='ocrx_word' id='word_1_199' title='bbox 493 1728 600 1784; x_wconf 90' lang='lat' dir='ltr'><strong>stis</strong></span> <span class='ocrx_word' id='word_1_200' title='bbox 631 1746 827 1788; x_wconf 88' lang='lat' dir='ltr'><strong>amore</strong></span> <span class='ocrx_word' id='word_1_201' title='bbox 859 1730 1118 1802; x_wconf 87' lang='lat' dir='ltr'><strong>quotidie</strong></span> <span class='ocrx_word' id='word_1_202' title='bbox 1145 1747 1352 1788; x_wconf 87' lang='lat' dir='ltr'><strong>ornare</strong></span> <span class='ocrx_word' id='word_1_203' title='bbox 1383 1749 1724 1804; x_wconf 84' lang='lat' dir='ltr'><strong>procurans,</strong></span> <span class='ocrx_word' id='word_1_204' title='bbox 1750 1733 1966 1788; x_wconf 78' lang='lat' dir='ltr'><strong>ibidem</strong></span> <span class='ocrx_word' id='word_1_205' title='bbox 2005 1748 2237 1805; x_wconf 89' lang='lat' dir='ltr'><strong>quoque</strong></span> <span class='ocrx_word' id='word_1_206' title='bbox 2267 1729 2576 1786; x_wconf 87' lang='lat' dir='ltr'><strong>lectorium</strong></span> <span class='ocrx_word' id='word_1_207' title='bbox 2615 1734 2957 1802; x_wconf 85' lang='lat' dir='ltr'><strong>argenteum</strong></span> <span class='ocrx_word' id='word_1_208' title='bbox 2979 1725 3207 1800; x_wconf 84' lang='lat' dir='ltr'><strong>inclyta</strong></span> <span class='ocrx_word' id='word_1_209' title='bbox 3224 1726 3565 1801; x_wconf 70' lang='lat' dir='ltr'><strong>operatione</strong></span> <span class='ocrx_word' id='word_1_210' title='bbox 3598 1727 3770 1785; x_wconf 73' lang='lat' dir='ltr'><strong>caela-</strong></span> 
     </span>
    </p>
   </div>
   <div class='ocr_carea' id='block_1_17' title="bbox 491 1823 3766 1902">
    <p class='ocr_par' dir='ltr' id='par_1_17' title="bbox 491 1823 3766 1902">
     <span class='ocr_line' id='line_1_17' title="bbox 491 1823 3766 1902; baseline 0 -21"><span class='ocrx_word' id='word_1_211' title='bbox 491 1829 640 1894; x_wconf 88' lang='lat' dir='ltr'><strong>tum,</strong></span> <span class='ocrx_word' id='word_1_212' title='bbox 665 1830 721 1882; x_wconf 90' lang='lat' dir='ltr'><strong>et</strong></span> <span class='ocrx_word' id='word_1_213' title='bbox 752 1843 930 1900; x_wconf 85' lang='lat' dir='ltr'><strong>super</strong></span> <span class='ocrx_word' id='word_1_214' title='bbox 957 1833 1212 1900; x_wconf 81' lang='lat' dir='ltr'><strong>quatuor</strong></span> <span class='ocrx_word' id='word_1_215' title='bbox 1232 1830 1407 1902; x_wconf 84' lang='lat' dir='ltr'><strong>pedes</strong></span> <span class='ocrx_word' id='word_1_216' title='bbox 1437 1830 1766 1887; x_wconf 88' lang='lat' dir='ltr'><strong>consistens</strong></span> <span class='ocrx_word' id='word_1_217' title='bbox 1786 1830 2046 1902; x_wconf 77' lang='lat' dir='ltr'><strong>perfecit.</strong></span> <span class='ocrx_word' id='word_1_218' title='bbox 2071 1831 2134 1885; x_wconf 89' lang='lat' dir='ltr'><strong>In</strong></span> <span class='ocrx_word' id='word_1_219' title='bbox 2155 1829 2338 1901; x_wconf 85' lang='lat' dir='ltr'><strong>.cnjus</strong></span> <span class='ocrx_word' id='word_1_220' title='bbox 2374 1825 3013 1885; x_wconf 87' lang='lat' dir='ltr'><strong>videlicet-summitate</strong></span> <span class='ocrx_word' id='word_1_221' title='bbox 3052 1823 3238 1886; x_wconf 83' lang='lat' dir='ltr'><strong>leonis</strong></span> <span class='ocrx_word' id='word_1_222' title='bbox 3279 1827 3452 1898; x_wconf 85' lang='lat' dir='ltr'><strong>caput</strong></span> <span class='ocrx_word' id='word_1_223' title='bbox 3486 1824 3766 1900; x_wconf 77' lang='lat' dir='ltr'><strong>refulget,</strong></span> 
     </span>
    </p>
   </div>
   <div class='ocr_carea' id='block_1_18' title="bbox 491 1921 3770 1998">
    <p class='ocr_par' dir='ltr' id='par_1_18' title="bbox 491 1921 3770 1998">
     <span class='ocr_line' id='line_1_18' title="bbox 491 1921 3770 1998; baseline 0 -18"><span class='ocrx_word' id='word_1_224' title='bbox 491 1941 730 1997; x_wconf 90' lang='lat' dir='ltr'><strong>pensan.</strong></span> <span class='ocrx_word' id='word_1_225' title='bbox 771 1923 953 1981; x_wconf 87' lang='lat' dir='ltr'><strong>libras</strong></span> <span class='ocrx_word' id='word_1_226' title='bbox 983 1925 1224 1998; x_wconf 86' lang='lat' dir='ltr'><strong>triginta</strong></span> <span class='ocrx_word' id='word_1_227' title='bbox 1246 1943 1426 1984; x_wconf 89' lang='lat' dir='ltr'><strong>unam</strong></span> <span class='ocrx_word' id='word_1_228' title='bbox 1457 1931 1513 1986; x_wconf 90' lang='lat' dir='ltr'><strong>et</strong></span> <span class='ocrx_word' id='word_1_229' title='bbox 1542 1929 1750 1986; x_wconf 87' lang='lat' dir='ltr'><strong>uncias</strong></span> <span class='ocrx_word' id='word_1_230' title='bbox 1780 1929 2052 1986; x_wconf 88' lang='lat' dir='ltr'><strong>undecim</strong></span> <span class='ocrx_word' id='word_1_231' title='bbox 2077 1946 2090 1985; x_wconf 90' lang='lat'><strong>:</strong></span> <span class='ocrx_word' id='word_1_232' title='bbox 2115 1944 2342 1985; x_wconf 86' lang='lat' dir='ltr'><strong>necnon</strong></span> <span class='ocrx_word' id='word_1_233' title='bbox 2375 1931 2433 1983; x_wconf 92' lang='lat' dir='ltr'><strong>et</strong></span> <span class='ocrx_word' id='word_1_234' title='bbox 2463 1928 2754 1981; x_wconf 84' lang='lat' dir='ltr'><strong>cerostata</strong></span> <span class='ocrx_word' id='word_1_235' title='bbox 2776 1928 3050 1997; x_wconf 82' lang='lat' dir='ltr'><strong>quatuor,</strong></span> <span class='ocrx_word' id='word_1_236' title='bbox 3071 1940 3200 1996; x_wconf 66' lang='lat' dir='ltr'><strong>quin</strong></span> <span class='ocrx_word' id='word_1_237' title='bbox 3231 1921 3476 1996; x_wconf 40' lang='lat' dir='ltr'><strong>a‘longo</strong></span> <span class='ocrx_word' id='word_1_238' title='bbox 3497 1926 3770 1996; x_wconf 88' lang='lat' dir='ltr'><strong>tempore</strong></span> 
     </span>
    </p>
   </div>
   <div class='ocr_carea' id='block_1_19' title="bbox 492 2019 3770 2100">
    <p class='ocr_par' dir='ltr' id='par_1_19' title="bbox 492 2019 3770 2100">
     <span class='ocr_line' id='line_1_19' title="bbox 492 2019 3770 2100; baseline 0 -23"><span class='ocrx_word' id='word_1_239' title='bbox 492 2039 860 2080; x_wconf 88' lang='lat' dir='ltr'><strong>summorum</strong></span> <span class='ocrx_word' id='word_1_240' title='bbox 895 2023 1239 2094; x_wconf 81' lang='lat' dir='ltr'><strong>pontificum</strong></span> <span class='ocrx_word' id='word_1_241' title='bbox 1270 2022 1330 2078; x_wconf 92' lang='lat' dir='ltr'><strong>in</strong></span> <span class='ocrx_word' id='word_1_242' title='bbox 1362 2023 1553 2080; x_wconf 90' lang='lat' dir='ltr'><strong>medio</strong></span> <span class='ocrx_word' id='word_1_243' title='bbox 1583 2027 1932 2100; x_wconf 63' lang='lat' dir='ltr'><strong>presbyterii</strong></span> <span class='ocrx_word' id='word_1_244' title='bbox 1962 2025 2128 2084; x_wconf 89' lang='lat' dir='ltr'><strong>festis</strong></span> <span class='ocrx_word' id='word_1_245' title='bbox 2159 2025 2536 2097; x_wconf 87' lang='lat' dir='ltr'><strong>erigebantur</strong></span> <span class='ocrx_word' id='word_1_246' title='bbox 2565 2021 2796 2078; x_wconf 87' lang='lat' dir='ltr'><strong>diebus.</strong></span> <span class='ocrx_word' id='word_1_247' title='bbox 2822 2023 3008 2094; x_wconf 88' lang='lat' dir='ltr'><strong>Atque</strong></span> <span class='ocrx_word' id='word_1_248' title='bbox 3037 2021 3159 2078; x_wconf 58' lang='lat' dir='ltr'><strong>hinc</strong></span> <span class='ocrx_word' id='word_1_249' title='bbox 3190 2021 3386 2094; x_wconf 87' lang='lat' dir='ltr'><strong>sagaci</strong></span> <span class='ocrx_word' id='word_1_250' title='bbox 3417 2019 3666 2077; x_wconf 83' lang='lat' dir='ltr'><strong>arbitrio</strong></span> <span class='ocrx_word' id='word_1_251' title='bbox 3691 2022 3770 2078; x_wconf 85' lang='lat' dir='ltr'><strong>de</strong></span> 
     </span>
    </p>
   </div>
   <div class='ocr_carea' id='block_1_20' title="bbox 493 2117 3768 2197">
    <p class='ocr_par' dir='ltr' id='par_1_20' title="bbox 493 2117 3768 2197">
     <span class='ocr_line' id='line_1_20' title="bbox 493 2117 3768 2197; baseline -0.001 -20"><span class='ocrx_word' id='word_1_252' title='bbox 493 2126 732 2196; x_wconf 89' lang='lat' dir='ltr'><strong>argento</strong></span> <span class='ocrx_word' id='word_1_253' title='bbox 779 2121 1096 2194; x_wconf 88' lang='lat' dir='ltr'><strong>purissime</strong></span> <span class='ocrx_word' id='word_1_254' title='bbox 1142 2121 1455 2191; x_wconf 88' lang='lat' dir='ltr'><strong>investivit,</strong></span> <span class='ocrx_word' id='word_1_255' title='bbox 1480 2126 1653 2196; x_wconf 88' lang='lat' dir='ltr'><strong>atque</strong></span> <span class='ocrx_word' id='word_1_256' title='bbox 1685 2127 1750 2180; x_wconf 92' lang='lat' dir='ltr'><strong>ut</strong></span> <span class='ocrx_word' id='word_1_257' title='bbox 1777 2123 1835 2179; x_wconf 92' lang='lat' dir='ltr'><strong>in</strong></span> <span class='ocrx_word' id='word_1_258' title='bbox 1868 2126 2214 2197; x_wconf 86' lang='lat' dir='ltr'><strong>perpetuum</strong></span> <span class='ocrx_word' id='word_1_259' title='bbox 2267 2122 2486 2178; x_wconf 88' lang='lat' dir='ltr'><strong>ibidem</strong></span> <span class='ocrx_word' id='word_1_260' title='bbox 2515 2122 2706 2176; x_wconf 87' lang='lat' dir='ltr'><strong>erecta</strong></span> <span class='ocrx_word' id='word_1_261' title='bbox 2733 2122 2930 2176; x_wconf 82' lang='lat' dir='ltr'><strong>essent</strong></span> <span class='ocrx_word' id='word_1_262' title='bbox 2985 2117 3313 2188; x_wconf 83' lang='lat' dir='ltr'><strong>constituit,</strong></span> <span class='ocrx_word' id='word_1_263' title='bbox 3344 2119 3504 2190; x_wconf 85' lang='lat' dir='ltr'><strong>quod</strong></span> <span class='ocrx_word' id='word_1_264' title='bbox 3558 2117 3768 2176; x_wconf 88' lang='lat' dir='ltr'><strong>nullus</strong></span> 
     </span>
    </p>
   </div>
   <div class='ocr_carea' id='block_1_21' title="bbox 386 2217 3768 2296">
    <p class='ocr_par' dir='ltr' id='par_1_21' title="bbox 386 2217 3768 2296">
     <span class='ocr_line' id='line_1_21' title="bbox 386 2217 3768 2296; baseline 0 -21"><span class='ocrx_word' id='word_1_265' title='bbox 386 2219 457 2275; x_wconf 73' lang='grc'><strong>40</strong></span> <span class='ocrx_word' id='word_1_266' title='bbox 494 2220 991 2292; x_wconf 73' lang='lat' dir='ltr'><strong>puedecessorum</strong></span> <span class='ocrx_word' id='word_1_267' title='bbox 1019 2219 1148 2291; x_wconf 87' lang='lat' dir='ltr'><strong>ejus</strong></span> <span class='ocrx_word' id='word_1_268' title='bbox 1177 2219 1364 2276; x_wconf 82' lang='lat' dir='ltr'><strong>facere</strong></span> <span class='ocrx_word' id='word_1_269' title='bbox 1394 2220 1684 2294; x_wconf 87' lang='lat' dir='ltr'><strong>cogitavit,</strong></span> <span class='ocrx_word' id='word_1_270' title='bbox 1708 2221 1986 2278; x_wconf 91' lang='lat' dir='ltr'><strong>habentia</strong></span> <span class='ocrx_word' id='word_1_271' title='bbox 2015 2219 2194 2276; x_wconf 89' lang='lat' dir='ltr'><strong>simul</strong></span> <span class='ocrx_word' id='word_1_272' title='bbox 2223 2219 2402 2276; x_wconf 87' lang='lat' dir='ltr'><strong>libras</strong></span> <span class='ocrx_word' id='word_1_273' title='bbox 2424 2218 2857 2296; x_wconf 83' lang='lat' dir='ltr'><strong>quinquaginta</strong></span> <span class='ocrx_word' id='word_1_274' title='bbox 2883 2221 2942 2275; x_wconf 87' lang='lat' dir='ltr'><strong>et</strong></span> <span class='ocrx_word' id='word_1_275' title='bbox 2971 2217 3251 2291; x_wconf 88' lang='lat' dir='ltr'><strong>quinque.</strong></span> <span class='ocrx_word' id='word_1_276' title='bbox 3275 2217 3382 2274; x_wconf 84' lang='lat' dir='ltr'><strong>Ubi</strong></span> <span class='ocrx_word' id='word_1_277' title='bbox 3402 2234 3608 2292; x_wconf 78' lang='lat' dir='ltr'><strong>.supra</strong></span> <span class='ocrx_word' id='word_1_278' title='bbox 3629 2217 3768 2275; x_wconf 82' lang='lat' dir='ltr'><strong>fecit</strong></span> 
     </span>
    </p>
   </div>
   <div class='ocr_carea' id='block_1_22' title="bbox 502 2314 3766 2392">
    <p class='ocr_par' dir='ltr' id='par_1_22' title="bbox 502 2314 3766 2392">
     <span class='ocr_line' id='line_1_22' title="bbox 502 2314 3766 2392; baseline 0 -20"><span class='ocrx_word' id='word_1_279' title='bbox 502 2321 560 2373; x_wconf 90' lang='lat' dir='ltr'><strong>et</strong></span> <span class='ocrx_word' id='word_1_280' title='bbox 589 2320 873 2372; x_wconf 87' lang='lat' dir='ltr'><strong>cerostata</strong></span> <span class='ocrx_word' id='word_1_281' title='bbox 901 2317 970 2372; x_wconf 91' lang='lat' dir='ltr'><strong>de</strong></span> <span class='ocrx_word' id='word_1_282' title='bbox 991 2321 1232 2390; x_wconf 87' lang='lat' dir='ltr'><strong>argento</strong></span> <span class='ocrx_word' id='word_1_283' title='bbox 1254 2319 1500 2390; x_wconf 73' lang='lat' dir='ltr'><strong>majora,</strong></span> <span class='ocrx_word' id='word_1_284' title='bbox 1525 2336 1633 2392; x_wconf 86' lang='lat' dir='ltr'><strong>par</strong></span> <span class='ocrx_word' id='word_1_285' title='bbox 1653 2335 1860 2387; x_wconf 90' lang='lat' dir='ltr'><strong>unum,</strong></span> <span class='ocrx_word' id='word_1_286' title='bbox 1885 2335 2131 2390; x_wconf 90' lang='lat' dir='ltr'><strong>pensan,</strong></span> <span class='ocrx_word' id='word_1_287' title='bbox 2150 2316 2331 2374; x_wconf 83' lang='lat' dir='ltr'><strong>libras</strong></span> <span class='ocrx_word' id='word_1_288' title='bbox 2353 2316 2742 2390; x_wconf 82' lang='lat' dir='ltr'><strong>quadraginta</strong></span> <span class='ocrx_word' id='word_1_289' title='bbox 2762 2319 2890 2372; x_wconf 82' lang='lat' dir='ltr'><strong>octo</strong></span> <span class='ocrx_word' id='word_1_290' title='bbox 2909 2320 2968 2372; x_wconf 85' lang='lat' dir='ltr'><strong>et</strong></span> <span class='ocrx_word' id='word_1_291' title='bbox 2989 2314 3435 2382; x_wconf 81' lang='lat' dir='ltr'><strong>unciasdecem,</strong></span> <span class='ocrx_word' id='word_1_292' title='bbox 3459 2314 3522 2371; x_wconf 93' lang='lat' dir='ltr'><strong>in</strong></span> <span class='ocrx_word' id='word_1_293' title='bbox 3543 2315 3766 2388; x_wconf 88' lang='lat' dir='ltr'><strong>quibus</strong></span> 
     </span>
    </p>
   </div>
   <div class='ocr_carea' id='block_1_23' title="bbox 537 2411 3763 2488">
    <p class='ocr_par' dir='ltr' id='par_1_23' title="bbox 537 2411 3763 2488">
     <span class='ocr_line' id='line_1_23' title="bbox 537 2411 3763 2488; baseline -0 -18"><span class='ocrx_word' id='word_1_294' title='bbox 537 2415 742 2470; x_wconf 90' lang='lat' dir='ltr'><strong>sedent</strong></span> <span class='ocrx_word' id='word_1_295' title='bbox 769 2413 1017 2470; x_wconf 64' lang='lat' dir='ltr'><strong>lucernae</strong></span> <span class='ocrx_word' id='word_1_296' title='bbox 1038 2415 1294 2471; x_wconf 74' lang='lat' dir='ltr'><strong>bimixtze</strong></span> <span class='ocrx_word' id='word_1_297' title='bbox 1317 2416 1387 2470; x_wconf 86' lang='lat' dir='ltr'><strong>de</strong></span> <span class='ocrx_word' id='word_1_298' title='bbox 1411 2421 1647 2488; x_wconf 86' lang='lat' dir='ltr'><strong>argento</strong></span> <span class='ocrx_word' id='word_1_299' title='bbox 1680 2415 1996 2488; x_wconf 89' lang='lat' dir='ltr'><strong>purissimo</strong></span> <span class='ocrx_word' id='word_1_300' title='bbox 2026 2414 2288 2470; x_wconf 88' lang='lat' dir='ltr'><strong>lucentes</strong></span> <span class='ocrx_word' id='word_1_301' title='bbox 2310 2415 2480 2486; x_wconf 85' lang='lat' dir='ltr'><strong>juxta</strong></span> <span class='ocrx_word' id='word_1_302' title='bbox 2501 2413 2682 2470; x_wconf 89' lang='lat' dir='ltr'><strong>altare</strong></span> <span class='ocrx_word' id='word_1_303' title='bbox 2704 2413 2918 2485; x_wconf 81' lang='lat' dir='ltr'><strong>majus,</strong></span> <span class='ocrx_word' id='word_1_304' title='bbox 2942 2429 3186 2488; x_wconf 79' lang='lat' dir='ltr'><strong>pensan.</strong></span> <span class='ocrx_word' id='word_1_305' title='bbox 3211 2411 3394 2470; x_wconf 81' lang='lat' dir='ltr'><strong>libras</strong></span> <span class='ocrx_word' id='word_1_306' title='bbox 3414 2411 3599 2470; x_wconf 82' lang='lat' dir='ltr'><strong>simul</strong></span> <span class='ocrx_word' id='word_1_307' title='bbox 3620 2430 3763 2486; x_wconf 77' lang='lat' dir='ltr'><strong>qua~</strong></span> 
     </span>
    </p>
   </div>
   <div class='ocr_carea' id='block_1_24' title="bbox 503 2508 3769 2586">
    <p class='ocr_par' dir='ltr' id='par_1_24' title="bbox 503 2508 3769 2586">
     <span class='ocr_line' id='line_1_24' title="bbox 503 2508 3769 2586; baseline 0 -20"><span class='ocrx_word' id='word_1_308' title='bbox 503 2511 774 2585; x_wconf 87' lang='lat' dir='ltr'><strong>draginta</strong></span> <span class='ocrx_word' id='word_1_309' title='bbox 803 2517 858 2567; x_wconf 90' lang='lat' dir='ltr'><strong>et</strong></span> <span class='ocrx_word' id='word_1_310' title='bbox 890 2530 1091 2568; x_wconf 90' lang='lat' dir='ltr'><strong>novem</strong></span> <span class='ocrx_word' id='word_1_311' title='bbox 1121 2530 1134 2568; x_wconf 89' lang='lat'>:</span> <span class='ocrx_word' id='word_1_312' title='bbox 1161 2530 1382 2570; x_wconf 86' lang='lat' dir='ltr'><strong>necnon</strong></span> <span class='ocrx_word' id='word_1_313' title='bbox 1428 2519 1483 2568; x_wconf 92' lang='lat' dir='ltr'><strong>et</strong></span> <span class='ocrx_word' id='word_1_314' title='bbox 1526 2513 1642 2569; x_wconf 92' lang='lat' dir='ltr'><strong>alia</strong></span> <span class='ocrx_word' id='word_1_315' title='bbox 1685 2517 1975 2569; x_wconf 88' lang='lat' dir='ltr'><strong>cerostata</strong></span> <span class='ocrx_word' id='word_1_316' title='bbox 2004 2513 2382 2586; x_wconf 89' lang='lat' dir='ltr'><strong>deargentata</strong></span> <span class='ocrx_word' id='word_1_317' title='bbox 2419 2515 2664 2585; x_wconf 87' lang='lat' dir='ltr'><strong>septem,</strong></span> <span class='ocrx_word' id='word_1_318' title='bbox 2688 2527 2934 2582; x_wconf 75' lang='lat' dir='ltr'><strong>pensan.</strong></span> <span class='ocrx_word' id='word_1_319' title='bbox 2953 2508 3136 2567; x_wconf 87' lang='lat' dir='ltr'><strong>libras</strong></span> <span class='ocrx_word' id='word_1_320' title='bbox 3161 2508 3370 2582; x_wconf 83' lang='lat' dir='ltr'><strong>viginti</strong></span> <span class='ocrx_word' id='word_1_321' title='bbox 3413 2510 3680 2583; x_wconf 85' lang='lat' dir='ltr'><strong>quinque</strong></span> <span class='ocrx_word' id='word_1_322' title='bbox 3709 2515 3769 2568; x_wconf 84' lang='lat' dir='ltr'><strong>et</strong></span> 
     </span>
    </p>
   </div>
   <div class='ocr_carea' id='block_1_25' title="bbox 500 2607 3767 2682">
    <p class='ocr_par' dir='ltr' id='par_1_25' title="bbox 500 2607 3767 2682">
     <span class='ocr_line' id='line_1_25' title="bbox 500 2607 3767 2682; baseline -0 -17"><span class='ocrx_word' id='word_1_323' title='bbox 500 2609 706 2666; x_wconf 88' lang='lat' dir='ltr'><strong>uncias</strong></span> <span class='ocrx_word' id='word_1_324' title='bbox 737 2613 873 2666; x_wconf 91' lang='lat' dir='ltr'><strong>tres.</strong></span> <span class='ocrx_word' id='word_1_325' title='bbox 896 2609 1024 2666; x_wconf 85' lang='lat' dir='ltr'><strong>Pari</strong></span> <span class='ocrx_word' id='word_1_326' title='bbox 1051 2611 1224 2668; x_wconf 77' lang='lat' dir='ltr'><strong>medo</strong></span> <span class='ocrx_word' id='word_1_327' title='bbox 1255 2615 1311 2666; x_wconf 91' lang='lat' dir='ltr'><strong>et</strong></span> <span class='ocrx_word' id='word_1_328' title='bbox 1341 2609 1454 2666; x_wconf 88' lang='lat' dir='ltr'><strong>alia</strong></span> <span class='ocrx_word' id='word_1_329' title='bbox 1484 2614 1709 2682; x_wconf 88' lang='lat' dir='ltr'><strong>septem</strong></span> <span class='ocrx_word' id='word_1_330' title='bbox 1746 2614 1896 2666; x_wconf 85' lang='lat' dir='ltr'><strong>tetra</strong></span> <span class='ocrx_word' id='word_1_331' title='bbox 1931 2610 2063 2666; x_wconf 88' lang='lat' dir='ltr'><strong>fecit</strong></span> <span class='ocrx_word' id='word_1_332' title='bbox 2094 2613 2380 2666; x_wconf 89' lang='lat' dir='ltr'><strong>cerostata</strong></span> <span class='ocrx_word' id='word_1_333' title='bbox 2409 2609 2593 2664; x_wconf 86' lang='lat' dir='ltr'><strong>ferrea</strong></span> <span class='ocrx_word' id='word_1_334' title='bbox 2621 2608 2872 2680; x_wconf 88' lang='lat' dir='ltr'><strong>desuper</strong></span> <span class='ocrx_word' id='word_1_335' title='bbox 2891 2607 2972 2664; x_wconf 85' lang='lat' dir='ltr'><strong>de</strong></span> <span class='ocrx_word' id='word_1_336' title='bbox 3020 2611 3280 2680; x_wconf 84' lang='lat' dir='ltr'><strong>argcnto,</strong></span> <span class='ocrx_word' id='word_1_337' title='bbox 3305 2622 3548 2680; x_wconf 82' lang='lat' dir='ltr'><strong>pensan.</strong></span> <span class='ocrx_word' id='word_1_338' title='bbox 3581 2607 3767 2666; x_wconf 88' lang='lat' dir='ltr'><strong>libras</strong></span> 
     </span>
    </p>
   </div>
   <div class='ocr_carea' id='block_1_26' title="bbox 394 2703 3768 2782">
    <p class='ocr_par' dir='ltr' id='par_1_26' title="bbox 394 2703 3768 2782">
     <span class='ocr_line' id='line_1_26' title="bbox 394 2703 3768 2782; baseline -0.001 -17"><span class='ocrx_word' id='word_1_339' title='bbox 394 2710 462 2765; x_wconf 90' lang='grc'><strong>15</strong></span> <span class='ocrx_word' id='word_1_340' title='bbox 500 2725 681 2764; x_wconf 89' lang='lat' dir='ltr'><strong>unam</strong></span> <span class='ocrx_word' id='word_1_341' title='bbox 711 2713 769 2764; x_wconf 90' lang='lat' dir='ltr'><strong>et</strong></span> <span class='ocrx_word' id='word_1_342' title='bbox 796 2709 1020 2782; x_wconf 85' lang='lat' dir='ltr'><strong>viginti,</strong></span> <span class='ocrx_word' id='word_1_343' title='bbox 1044 2717 1101 2764; x_wconf 86' lang='lat' dir='ltr'><strong>et</strong></span> <span class='ocrx_word' id='word_1_344' title='bbox 1131 2709 1337 2766; x_wconf 92' lang='lat' dir='ltr'><strong>uncias</strong></span> <span class='ocrx_word' id='word_1_345' title='bbox 1365 2713 1503 2765; x_wconf 89' lang='lat' dir='ltr'><strong>tres.</strong></span> <span class='ocrx_word' id='word_1_346' title='bbox 1529 2711 1715 2781; x_wconf 87' lang='lat' dir='ltr'><strong>Atque</strong></span> <span class='ocrx_word' id='word_1_347' title='bbox 1747 2724 1924 2780; x_wconf 91' lang='lat' dir='ltr'><strong>super</strong></span> <span class='ocrx_word' id='word_1_348' title='bbox 1961 2707 2156 2781; x_wconf 91' lang='lat' dir='ltr'><strong>ipsum</strong></span> <span class='ocrx_word' id='word_1_349' title='bbox 2189 2706 2370 2764; x_wconf 88' lang='lat' dir='ltr'><strong>altare</strong></span> <span class='ocrx_word' id='word_1_350' title='bbox 2401 2704 2534 2762; x_wconf 90' lang='lat' dir='ltr'><strong>fecit</strong></span> <span class='ocrx_word' id='word_1_351' title='bbox 2564 2710 2784 2762; x_wconf 89' lang='lat' dir='ltr'><strong>vestem</strong></span> <span class='ocrx_word' id='word_1_352' title='bbox 2812 2720 2954 2762; x_wconf 87' lang='lat' dir='ltr'><strong>auro</strong></span> <span class='ocrx_word' id='word_1_353' title='bbox 2981 2707 3228 2772; x_wconf 79' lang='lat' dir='ltr'><strong>textam,</strong></span> <span class='ocrx_word' id='word_1_354' title='bbox 3245 2703 3514 2764; x_wconf 82' lang='lat' dir='ltr'><strong>candidis</strong></span> <span class='ocrx_word' id='word_1_355' title='bbox 3541 2721 3651 2778; x_wconf 89' lang='lat' dir='ltr'><strong>per</strong></span> <span class='ocrx_word' id='word_1_356' title='bbox 3677 2711 3768 2763; x_wconf 83' lang='lat' dir='ltr'><strong>to-</strong></span> 
     </span>
    </p>
   </div>
   <div class='ocr_carea' id='block_1_27' title="bbox 497 2801 3766 2880">
    <p class='ocr_par' dir='ltr' id='par_1_27' title="bbox 497 2801 3766 2880">
     <span class='ocr_line' id='line_1_27' title="bbox 497 2801 3766 2880; baseline 0 -18"><span class='ocrx_word' id='word_1_357' title='bbox 497 2811 621 2862; x_wconf 90' lang='lat' dir='ltr'><strong>tum</strong></span> <span class='ocrx_word' id='word_1_358' title='bbox 655 2806 990 2880; x_wconf 81' lang='lat' dir='ltr'><strong>margaritis</strong></span> <span class='ocrx_word' id='word_1_359' title='bbox 1021 2806 1363 2879; x_wconf 81' lang='lat' dir='ltr'><strong>fulgentem,</strong></span> <span class='ocrx_word' id='word_1_360' title='bbox 1387 2811 1442 2862; x_wconf 90' lang='lat' dir='ltr'><strong>ct</strong></span> <span class='ocrx_word' id='word_1_361' title='bbox 1473 2806 1534 2861; x_wconf 90' lang='lat' dir='ltr'><strong>in</strong></span> <span class='ocrx_word' id='word_1_362' title='bbox 1563 2807 1764 2862; x_wconf 85' lang='lat' dir='ltr'><strong>dextra</strong></span> <span class='ocrx_word' id='word_1_363' title='bbox 1795 2805 2050 2878; x_wconf 74' lang='lat' dir='ltr'><strong>laevaque</strong></span> <span class='ocrx_word' id='word_1_364' title='bbox 2075 2803 2308 2862; x_wconf 87' lang='lat' dir='ltr'><strong>tabulas</strong></span> <span class='ocrx_word' id='word_1_365' title='bbox 2335 2807 2664 2878; x_wconf 65' lang='lat' dir='ltr'><strong>geminatae</strong></span> <span class='ocrx_word' id='word_1_366' title='bbox 2695 2803 3003 2860; x_wconf 86' lang='lat' dir='ltr'><strong>habentem</strong></span> <span class='ocrx_word' id='word_1_367' title='bbox 3038 2818 3176 2876; x_wconf 74' lang='lat' dir='ltr'><strong>cum</strong></span> <span class='ocrx_word' id='word_1_368' title='bbox 3206 2801 3399 2868; x_wconf 81' lang='lat' dir='ltr'><strong>aureis</strong></span> <span class='ocrx_word' id='word_1_369' title='bbox 3417 2819 3535 2876; x_wconf 74' lang='lat' dir='ltr'><strong>per</strong></span> <span class='ocrx_word' id='word_1_370' title='bbox 3552 2804 3766 2862; x_wconf 89' lang='lat' dir='ltr'><strong>circui-</strong></span> 
     </span>
    </p>
   </div>
   <div class='ocr_carea' id='block_1_28' title="bbox 496 2901 2745 2977">
    <p class='ocr_par' dir='ltr' id='par_1_28' title="bbox 496 2901 2745 2977">
     <span class='ocr_line' id='line_1_28' title="bbox 496 2901 2745 2977; baseline -0.002 -17"><span class='ocrx_word' id='word_1_371' title='bbox 496 2910 623 2960; x_wconf 89' lang='lat' dir='ltr'><strong>tum</strong></span> <span class='ocrx_word' id='word_1_372' title='bbox 654 2904 954 2971; x_wconf 90' lang='lat' dir='ltr'><strong>orbiculis,</strong></span> <span class='ocrx_word' id='word_1_373' title='bbox 979 2904 1195 2976; x_wconf 89' lang='lat' dir='ltr'><strong>quibus</strong></span> <span class='ocrx_word' id='word_1_374' title='bbox 1224 2903 1454 2977; x_wconf 88' lang='lat' dir='ltr'><strong>insigne</strong></span> <span class='ocrx_word' id='word_1_375' title='bbox 1485 2903 1673 2976; x_wconf 90' lang='lat' dir='ltr'><strong>ipsius</strong></span> <span class='ocrx_word' id='word_1_376' title='bbox 1706 2901 1973 2976; x_wconf 61' lang='lat' dir='ltr'><strong>praesulis</strong></span> <span class='ocrx_word' id='word_1_377' title='bbox 2002 2906 2091 2958; x_wconf 90' lang='lat' dir='ltr'><strong>est</strong></span> <span class='ocrx_word' id='word_1_378' title='bbox 2118 2918 2329 2958; x_wconf 90' lang='lat' dir='ltr'><strong>nomen</strong></span> <span class='ocrx_word' id='word_1_379' title='bbox 2363 2901 2745 2974; x_wconf 87' lang='lat' dir='ltr'><strong>descriptum.</strong></span> 
     </span>
    </p>
   </div>
   <div class='ocr_carea' id='block_1_29' title="bbox 569 2995 3766 3072">
    <p class='ocr_par' dir='ltr' id='par_1_29' title="bbox 569 2995 3766 3072">
     <span class='ocr_line' id='line_1_29' title="bbox 569 2995 3766 3072; baseline -0.001 -13"><span class='ocrx_word' id='word_1_380' title='bbox 569 3001 720 3068; x_wconf 72' lang='grc'><strong>558</strong></span> <span class='ocrx_word' id='word_1_381' title='bbox 751 3001 881 3058; x_wconf 86' lang='lat' dir='ltr'><strong>Jam</strong></span> <span class='ocrx_word' id='word_1_382' title='bbox 915 3006 972 3057; x_wconf 92' lang='lat' dir='ltr'><strong>et</strong></span> <span class='ocrx_word' id='word_1_383' title='bbox 1002 3001 1424 3058; x_wconf 88' lang='lat' dir='ltr'><strong>monasterium</strong></span> <span class='ocrx_word' id='word_1_384' title='bbox 1458 3001 1645 3057; x_wconf 89' lang='lat' dir='ltr'><strong>sancti</strong></span> <span class='ocrx_word' id='word_1_385' title='bbox 1679 2999 2100 3072; x_wconf 86' lang='lat' dir='ltr'><strong>Martini,quod</strong></span> <span class='ocrx_word' id='word_1_386' title='bbox 2122 2999 2295 3072; x_wconf 85' lang='lat' dir='ltr'><strong>longo</strong></span> <span class='ocrx_word' id='word_1_387' title='bbox 2316 2998 2478 3055; x_wconf 84' lang='lat' dir='ltr'><strong>senio</strong></span> <span class='ocrx_word' id='word_1_388' title='bbox 2507 3001 2632 3054; x_wconf 89' lang='lat' dir='ltr'><strong>erat</strong></span> <span class='ocrx_word' id='word_1_389' title='bbox 2651 3012 2954 3065; x_wconf 88' lang='lat' dir='ltr'><strong>casurum,</strong></span> <span class='ocrx_word' id='word_1_390' title='bbox 2977 2995 3476 3056; x_wconf 83' lang='lat' dir='ltr'><strong>mirisdomorum</strong></span> <span class='ocrx_word' id='word_1_391' title='bbox 3499 2997 3766 3056; x_wconf 63' lang='lat' dir='ltr'><strong>adificiis</strong></span> 
     </span>
    </p>
   </div>
   <div class='ocr_carea' id='block_1_30' title="bbox 501 3093 3766 3174">
    <p class='ocr_par' dir='ltr' id='par_1_30' title="bbox 501 3093 3766 3174">
     <span class='ocr_line' id='line_1_30' title="bbox 501 3093 3766 3174; baseline -0.001 -20"><span class='ocrx_word' id='word_1_392' title='bbox 501 3099 866 3166; x_wconf 80' lang='lat' dir='ltr'><strong>restauravit,</strong></span> <span class='ocrx_word' id='word_1_393' title='bbox 881 3103 938 3154; x_wconf 89' lang='lat' dir='ltr'><strong>et</strong></span> <span class='ocrx_word' id='word_1_394' title='bbox 967 3098 1038 3153; x_wconf 91' lang='lat' dir='ltr'><strong>ad</strong></span> <span class='ocrx_word' id='word_1_395' title='bbox 1070 3097 1349 3154; x_wconf 87' lang='lat' dir='ltr'><strong>honorem</strong></span> <span class='ocrx_word' id='word_1_396' title='bbox 1383 3097 1680 3155; x_wconf 88' lang='lat' dir='ltr'><strong>meliorem</strong></span> <span class='ocrx_word' id='word_1_397' title='bbox 1704 3114 1881 3170; x_wconf 89' lang='lat' dir='ltr'><strong>quam</strong></span> <span class='ocrx_word' id='word_1_398' title='bbox 1911 3097 2075 3170; x_wconf 88' lang='lat' dir='ltr'><strong>prius</strong></span> <span class='ocrx_word' id='word_1_399' title='bbox 2123 3097 2310 3152; x_wconf 82' lang='lat' dir='ltr'><strong>fuerat</strong></span> <span class='ocrx_word' id='word_1_400' title='bbox 2341 3093 2605 3152; x_wconf 86' lang='lat' dir='ltr'><strong>funditus</strong></span> <span class='ocrx_word' id='word_1_401' title='bbox 2636 3093 2952 3150; x_wconf 85' lang='lat' dir='ltr'><strong>decoravit.</strong></span> <span class='ocrx_word' id='word_1_402' title='bbox 2983 3093 3048 3149; x_wconf 82' lang='lat' dir='ltr'><strong>In</strong></span> <span class='ocrx_word' id='word_1_403' title='bbox 3078 3108 3196 3174; x_wconf 80' lang='lat' dir='ltr'><strong>quo</strong></span> <span class='ocrx_word' id='word_1_404' title='bbox 3223 3098 3282 3150; x_wconf 90' lang='lat' dir='ltr'><strong>et</strong></span> <span class='ocrx_word' id='word_1_405' title='bbox 3308 3097 3536 3156; x_wconf 87' lang='lat' dir='ltr'><strong>vestem</strong></span> <span class='ocrx_word' id='word_1_406' title='bbox 3555 3093 3766 3158; x_wconf 81' lang='lat' dir='ltr'><strong>albam</strong></span> 
     </span>
    </p>
   </div>
   <div class='ocr_carea' id='block_1_31' title="bbox 496 3191 3769 3267">
    <p class='ocr_par' dir='ltr' id='par_1_31' title="bbox 496 3191 3769 3267">
     <span class='ocr_line' id='line_1_31' title="bbox 496 3191 3769 3267; baseline 0 -15"><span class='ocrx_word' id='word_1_407' title='bbox 496 3200 752 3254; x_wconf 86' lang='lat' dir='ltr'><strong>rosatam</strong></span> <span class='ocrx_word' id='word_1_408' title='bbox 774 3212 907 3251; x_wconf 91' lang='lat' dir='ltr'><strong>cum</strong></span> <span class='ocrx_word' id='word_1_409' title='bbox 942 3194 1088 3251; x_wconf 89' lang='lat' dir='ltr'><strong>rosis</strong></span> <span class='ocrx_word' id='word_1_410' title='bbox 1119 3194 1353 3262; x_wconf 89' lang='lat' dir='ltr'><strong>obtulit,</strong></span> <span class='ocrx_word' id='word_1_411' title='bbox 1371 3199 1429 3249; x_wconf 91' lang='lat' dir='ltr'><strong>et</strong></span> <span class='ocrx_word' id='word_1_412' title='bbox 1459 3194 1810 3251; x_wconf 89' lang='lat' dir='ltr'><strong>Salvatorem</strong></span> <span class='ocrx_word' id='word_1_413' title='bbox 1836 3211 1974 3250; x_wconf 92' lang='lat' dir='ltr'><strong>cum</strong></span> <span class='ocrx_word' id='word_1_414' title='bbox 2001 3191 2302 3267; x_wconf 84' lang='lat' dir='ltr'><strong>apostolis,</strong></span> <span class='ocrx_word' id='word_1_415' title='bbox 2325 3197 2384 3249; x_wconf 91' lang='lat' dir='ltr'><strong>et</strong></span> <span class='ocrx_word' id='word_1_416' title='bbox 2403 3192 2700 3266; x_wconf 88' lang='lat' dir='ltr'><strong>Virginem</strong></span> <span class='ocrx_word' id='word_1_417' title='bbox 2733 3191 3025 3265; x_wconf 85' lang='lat' dir='ltr'><strong>legentem</strong></span> <span class='ocrx_word' id='word_1_418' title='bbox 3051 3207 3265 3249; x_wconf 89' lang='lat' dir='ltr'><strong>nomen</strong></span> <span class='ocrx_word' id='word_1_419' title='bbox 3295 3192 3524 3252; x_wconf 80' lang='lat' dir='ltr'><strong>domini</strong></span> <span class='ocrx_word' id='word_1_420' title='bbox 3553 3193 3769 3252; x_wconf 81' lang='lat' dir='ltr'><strong>Leonis</strong></span> 
     </span>
    </p>
   </div>
   <div class='ocr_carea' id='block_1_32' title="bbox 497 3288 3768 3366">
    <p class='ocr_par' dir='ltr' id='par_1_32' title="bbox 497 3288 3768 3366">
     <span class='ocr_line' id='line_1_32' title="bbox 497 3288 3768 3366; baseline 0 -17"><span class='ocrx_word' id='word_1_421' title='bbox 497 3293 708 3366; x_wconf 88' lang='lat' dir='ltr'><strong>quarti.</strong></span> <span class='ocrx_word' id='word_1_422' title='bbox 734 3293 874 3348; x_wconf 89' lang='lat' dir='ltr'><strong>Item</strong></span> <span class='ocrx_word' id='word_1_423' title='bbox 905 3292 1030 3349; x_wconf 88' lang='lat' dir='ltr'><strong>vela</strong></span> <span class='ocrx_word' id='word_1_424' title='bbox 1059 3292 1321 3365; x_wconf 89' lang='lat' dir='ltr'><strong>quinque</strong></span> <span class='ocrx_word' id='word_1_425' title='bbox 1351 3292 1484 3348; x_wconf 90' lang='lat' dir='ltr'><strong>alba</strong></span> <span class='ocrx_word' id='word_1_426' title='bbox 1513 3297 1724 3359; x_wconf 86' lang='lat' dir='ltr'><strong>rosata,</strong></span> <span class='ocrx_word' id='word_1_427' title='bbox 1749 3296 1805 3348; x_wconf 90' lang='lat' dir='ltr'><strong>et</strong></span> <span class='ocrx_word' id='word_1_428' title='bbox 1833 3309 2022 3347; x_wconf 91' lang='lat' dir='ltr'><strong>unum</strong></span> <span class='ocrx_word' id='word_1_429' title='bbox 2047 3291 2286 3364; x_wconf 88' lang='lat' dir='ltr'><strong>quidem</strong></span> <span class='ocrx_word' id='word_1_430' title='bbox 2318 3289 2541 3346; x_wconf 85' lang='lat' dir='ltr'><strong>habens</strong></span> <span class='ocrx_word' id='word_1_431' title='bbox 2571 3289 2938 3363; x_wconf 83' lang='lat' dir='ltr'><strong>gammadias</strong></span> <span class='ocrx_word' id='word_1_432' title='bbox 2968 3288 3268 3356; x_wconf 85' lang='lat' dir='ltr'><strong>tredecim,</strong></span> <span class='ocrx_word' id='word_1_433' title='bbox 3292 3289 3672 3363; x_wconf 79' lang='lat' dir='ltr'><strong>etamigdala</strong></span> <span class='ocrx_word' id='word_1_434' title='bbox 3690 3292 3768 3350; x_wconf 82' lang='lat' dir='ltr'><strong>de</strong></span> 
     </span>
    </p>
   </div>
   <div class='ocr_carea' id='block_1_33' title="bbox 421 3385 3766 3464">
    <p class='ocr_par' dir='ltr' id='par_1_33' title="bbox 421 3385 3766 3464">
     <span class='ocr_line' id='line_1_33' title="bbox 421 3385 3766 3464; baseline -0.001 -16"><span class='ocrx_word' id='word_1_435' title='bbox 421 3393 459 3448; x_wconf 89' lang='lat'><strong>5</strong></span> <span class='ocrx_word' id='word_1_436' title='bbox 496 3395 734 3464; x_wconf 87' lang='lat' dir='ltr'><strong>argento</strong></span> <span class='ocrx_word' id='word_1_437' title='bbox 761 3394 1037 3444; x_wconf 75' lang='lat' dir='ltr'><strong>exaurata</strong></span> <span class='ocrx_word' id='word_1_438' title='bbox 1066 3389 1197 3444; x_wconf 86' lang='lat' dir='ltr'><strong>tria.</strong></span> <span class='ocrx_word' id='word_1_439' title='bbox 1241 3389 1305 3445; x_wconf 92' lang='lat' dir='ltr'><strong>In</strong></span> <span class='ocrx_word' id='word_1_440' title='bbox 1339 3387 1583 3444; x_wconf 88' lang='lat' dir='ltr'><strong>ecclesia</strong></span> <span class='ocrx_word' id='word_1_441' title='bbox 1629 3394 1964 3445; x_wconf 87' lang='lat' dir='ltr'><strong>sanctorum</strong></span> <span class='ocrx_word' id='word_1_442' title='bbox 1995 3391 2246 3460; x_wconf 86' lang='lat' dir='ltr'><strong>quatuor</strong></span> <span class='ocrx_word' id='word_1_443' title='bbox 2275 3387 2692 3444; x_wconf 86' lang='lat' dir='ltr'><strong>Coronatorum</strong></span> <span class='ocrx_word' id='word_1_444' title='bbox 2727 3386 2862 3444; x_wconf 88' lang='lat' dir='ltr'><strong>fecit</strong></span> <span class='ocrx_word' id='word_1_445' title='bbox 2884 3389 3107 3458; x_wconf 71' lang='lat' dir='ltr'><strong>vestem</strong></span> <span class='ocrx_word' id='word_1_446' title='bbox 3133 3385 3212 3452; x_wconf 76' lang='lat' dir='ltr'><strong>.de</strong></span> <span class='ocrx_word' id='word_1_447' title='bbox 3260 3387 3504 3446; x_wconf 83' lang='lat' dir='ltr'><strong>fundato</strong></span> <span class='ocrx_word' id='word_1_448' title='bbox 3555 3405 3766 3454; x_wconf 78' lang='lat' dir='ltr'><strong>unam.</strong></span> 
     </span>
    </p>
   </div>
   <div class='ocr_carea' id='block_1_34' title="bbox 495 3481 3770 3558">
    <p class='ocr_par' dir='ltr' id='par_1_34' title="bbox 495 3481 3770 3558">
     <span class='ocr_line' id='line_1_34' title="bbox 495 3481 3770 3558; baseline -0 -15"><span class='ocrx_word' id='word_1_449' title='bbox 495 3489 776 3543; x_wconf 78' lang='lat' dir='ltr'><strong>Praeterea</strong></span> <span class='ocrx_word' id='word_1_450' title='bbox 805 3487 962 3542; x_wconf 88' lang='lat' dir='ltr'><strong>idem</strong></span> <span class='ocrx_word' id='word_1_451' title='bbox 989 3503 1261 3541; x_wconf 89' lang='lat' dir='ltr'><strong>summus</strong></span> <span class='ocrx_word' id='word_1_452' title='bbox 1283 3490 1339 3541; x_wconf 90' lang='lat' dir='ltr'><strong>et</strong></span> <span class='ocrx_word' id='word_1_453' title='bbox 1364 3486 1718 3542; x_wconf 83' lang='lat' dir='ltr'><strong>orthodoxus</strong></span> <span class='ocrx_word' id='word_1_454' title='bbox 1741 3486 1998 3558; x_wconf 81' lang='lat' dir='ltr'><strong>pontifex</strong></span> <span class='ocrx_word' id='word_1_455' title='bbox 2019 3483 2215 3540; x_wconf 90' lang='lat' dir='ltr'><strong>divina</strong></span> <span class='ocrx_word' id='word_1_456' title='bbox 2233 3483 2616 3557; x_wconf 78' lang='lat' dir='ltr'><strong>inspiratione</strong></span> <span class='ocrx_word' id='word_1_457' title='bbox 2639 3482 2910 3556; x_wconf 79' lang='lat' dir='ltr'><strong>pulsatus</strong></span> <span class='ocrx_word' id='word_1_458' title='bbox 2932 3481 3066 3542; x_wconf 78' lang='lat' dir='ltr'><strong>fecit</strong></span> <span class='ocrx_word' id='word_1_459' title='bbox 3084 3481 3148 3540; x_wconf 85' lang='lat' dir='ltr'><strong>in</strong></span> <span class='ocrx_word' id='word_1_460' title='bbox 3167 3481 3408 3542; x_wconf 78' lang='lat' dir='ltr'><strong>basilica</strong></span> <span class='ocrx_word' id='word_1_461' title='bbox 3429 3483 3590 3546; x_wconf 84' lang='lat' dir='ltr'><strong>beati</strong></span> <span class='ocrx_word' id='word_1_462' title='bbox 3609 3485 3770 3542; x_wconf 84' lang='lat' dir='ltr'><strong>Petrl</strong></span> 
     </span>
    </p>
   </div>
   <div class='ocr_carea' id='block_1_35' title="bbox 496 3579 3774 3657">
    <p class='ocr_par' dir='ltr' id='par_1_35' title="bbox 496 3579 3774 3657">
     <span class='ocr_line' id='line_1_35' title="bbox 496 3579 3774 3657; baseline 0 -17"><span class='ocrx_word' id='word_1_463' title='bbox 496 3582 892 3656; x_wconf 89' lang='lat' dir='ltr'><strong>apostolorum</strong></span> <span class='ocrx_word' id='word_1_464' title='bbox 924 3582 1206 3655; x_wconf 87' lang='lat' dir='ltr'><strong>principis</strong></span> <span class='ocrx_word' id='word_1_465' title='bbox 1227 3583 1436 3639; x_wconf 90' lang='lat' dir='ltr'><strong>calices</strong></span> <span class='ocrx_word' id='word_1_466' title='bbox 1466 3600 1534 3640; x_wconf 82' lang='lat' dir='ltr'><strong>ex</strong></span> <span class='ocrx_word' id='word_1_467' title='bbox 1565 3589 1804 3657; x_wconf 84' lang='lat' dir='ltr'><strong>argento</strong></span> <span class='ocrx_word' id='word_1_468' title='bbox 1835 3581 2293 3655; x_wconf 88' lang='lat' dir='ltr'><strong>purissimo,qui</strong></span> <span class='ocrx_word' id='word_1_469' title='bbox 2314 3581 2570 3655; x_wconf 88' lang='lat' dir='ltr'><strong>pendent</strong></span> <span class='ocrx_word' id='word_1_470' title='bbox 2600 3597 2776 3654; x_wconf 88' lang='lat' dir='ltr'><strong>super</strong></span> <span class='ocrx_word' id='word_1_471' title='bbox 2796 3597 2998 3638; x_wconf 84' lang='lat' dir='ltr'><strong>arcum</strong></span> <span class='ocrx_word' id='word_1_472' title='bbox 3032 3579 3690 3654; x_wconf 63' lang='lat' dir='ltr'><strong>principalemmecnon</strong></span> <span class='ocrx_word' id='word_1_473' title='bbox 3711 3588 3774 3640; x_wconf 87' lang='lat' dir='ltr'><strong>et</strong></span> 
     </span>
    </p>
   </div>
   <div class='ocr_carea' id='block_1_36' title="bbox 494 3675 3772 3754">
    <p class='ocr_par' dir='ltr' id='par_1_36' title="bbox 494 3675 3772 3754">
     <span class='ocr_line' id='line_1_36' title="bbox 494 3675 3772 3754; baseline 0 -19"><span class='ocrx_word' id='word_1_474' title='bbox 494 3681 646 3736; x_wconf 86' lang='lat' dir='ltr'><strong>intra</strong></span> <span class='ocrx_word' id='word_1_475' title='bbox 665 3678 970 3736; x_wconf 89' lang='lat' dir='ltr'><strong>columnas</strong></span> <span class='ocrx_word' id='word_1_476' title='bbox 991 3681 1241 3752; x_wconf 90' lang='lat' dir='ltr'><strong>majores</strong></span> <span class='ocrx_word' id='word_1_477' title='bbox 1268 3681 1469 3738; x_wconf 88' lang='lat' dir='ltr'><strong>dextra</strong></span> <span class='ocrx_word' id='word_1_478' title='bbox 1488 3680 1743 3752; x_wconf 79' lang='lat' dir='ltr'><strong>lzevaque</strong></span> <span class='ocrx_word' id='word_1_479' title='bbox 1767 3697 2009 3737; x_wconf 89' lang='lat' dir='ltr'><strong>numero</strong></span> <span class='ocrx_word' id='word_1_480' title='bbox 2033 3678 2370 3753; x_wconf 85' lang='lat' dir='ltr'><strong>octuaginta</strong></span> <span class='ocrx_word' id='word_1_481' title='bbox 2397 3684 2538 3744; x_wconf 82' lang='lat' dir='ltr'><strong>tres,</strong></span> <span class='ocrx_word' id='word_1_482' title='bbox 2559 3677 2843 3750; x_wconf 86' lang='lat' dir='ltr'><strong>habentes</strong></span> <span class='ocrx_word' id='word_1_483' title='bbox 2874 3675 3120 3738; x_wconf 86' lang='lat' dir='ltr'><strong>insimul</strong></span> <span class='ocrx_word' id='word_1_484' title='bbox 3143 3676 3326 3742; x_wconf 79' lang='lat' dir='ltr'><strong>libras</strong></span> <span class='ocrx_word' id='word_1_485' title='bbox 3354 3679 3772 3754; x_wconf 87' lang='lat' dir='ltr'><strong>quadringen-</strong></span> 
     </span>
    </p>
   </div>
   <div class='ocr_carea' id='block_1_37' title="bbox 494 3773 3770 3850">
    <p class='ocr_par' dir='ltr' id='par_1_37' title="bbox 494 3773 3770 3850">
     <span class='ocr_line' id='line_1_37' title="bbox 494 3773 3770 3850; baseline 0 -17"><span class='ocrx_word' id='word_1_486' title='bbox 494 3782 584 3833; x_wconf 82' lang='lat' dir='ltr'><strong>tas</strong></span> <span class='ocrx_word' id='word_1_487' title='bbox 605 3776 994 3850; x_wconf 82' lang='lat' dir='ltr'><strong>quadraginta</strong></span> <span class='ocrx_word' id='word_1_488' title='bbox 1015 3782 1072 3833; x_wconf 90' lang='lat' dir='ltr'><strong>et</strong></span> <span class='ocrx_word' id='word_1_489' title='bbox 1095 3795 1294 3834; x_wconf 90' lang='lat' dir='ltr'><strong>unam.</strong></span> <span class='ocrx_word' id='word_1_490' title='bbox 1319 3778 1582 3850; x_wconf 89' lang='lat' dir='ltr'><strong>ldipsum</strong></span> <span class='ocrx_word' id='word_1_491' title='bbox 1604 3795 1739 3834; x_wconf 91' lang='lat' dir='ltr'><strong>vero</strong></span> <span class='ocrx_word' id='word_1_492' title='bbox 1762 3782 1894 3833; x_wconf 85' lang='lat' dir='ltr'><strong>ante</strong></span> <span class='ocrx_word' id='word_1_493' title='bbox 1918 3777 2068 3832; x_wconf 89' lang='lat' dir='ltr'><strong>sacri</strong></span> <span class='ocrx_word' id='word_1_494' title='bbox 2092 3776 2294 3833; x_wconf 85' lang='lat' dir='ltr'><strong>altaris</strong></span> <span class='ocrx_word' id='word_1_495' title='bbox 2313 3775 2670 3832; x_wconf 86' lang='lat' dir='ltr'><strong>vestibulum</strong></span> <span class='ocrx_word' id='word_1_496' title='bbox 2694 3773 3332 3847; x_wconf 67' lang='lat' dir='ltr'><strong>miraepulchritudinis</strong></span> <span class='ocrx_word' id='word_1_497' title='bbox 3348 3775 3488 3832; x_wconf 82' lang='lat' dir='ltr'><strong>fecit</strong></span> <span class='ocrx_word' id='word_1_498' title='bbox 3507 3777 3770 3846; x_wconf 88' lang='lat' dir='ltr'><strong>trabem,</strong></span> 
     </span>
    </p>
   </div>
   <div class='ocr_carea' id='block_1_38' title="bbox 383 3869 3772 3952">
    <p class='ocr_par' dir='ltr' id='par_1_38' title="bbox 383 3869 3772 3952">
     <span class='ocr_line' id='line_1_38' title="bbox 383 3869 3772 3952; baseline -0 -21"><span class='ocrx_word' id='word_1_499' title='bbox 383 3874 454 3931; x_wconf 73' lang='lat' dir='ltr'><strong>lO</strong></span> <span class='ocrx_word' id='word_1_500' title='bbox 492 3891 668 3947; x_wconf 88' lang='lat' dir='ltr'><strong>quam</strong></span> <span class='ocrx_word' id='word_1_501' title='bbox 693 3878 822 3946; x_wconf 89' lang='lat' dir='ltr'><strong>post</strong></span> <span class='ocrx_word' id='word_1_502' title='bbox 843 3872 982 3928; x_wconf 68' lang='lat' dir='ltr'><strong>dira-2</strong></span> <span class='ocrx_word' id='word_1_503' title='bbox 1001 3874 1193 3946; x_wconf 88' lang='lat' dir='ltr'><strong>gentis</strong></span> <span class='ocrx_word' id='word_1_504' title='bbox 1225 3875 1537 3938; x_wconf 86' lang='lat' dir='ltr'><strong>nefandam</strong></span> <span class='ocrx_word' id='word_1_505' title='bbox 1561 3874 2050 3948; x_wconf 79' lang='lat' dir='ltr'><strong>depraedationem</strong></span> <span class='ocrx_word' id='word_1_506' title='bbox 2072 3889 2140 3930; x_wconf 85' lang='lat' dir='ltr'><strong>ex</strong></span> <span class='ocrx_word' id='word_1_507' title='bbox 2170 3876 2410 3946; x_wconf 87' lang='lat' dir='ltr'><strong>argento</strong></span> <span class='ocrx_word' id='word_1_508' title='bbox 2431 3871 2731 3934; x_wconf 74' lang='lat' dir='ltr'><strong>decoravit</strong></span> <span class='ocrx_word' id='word_1_509' title='bbox 2759 3869 3182 3949; x_wconf 81' lang='lat' dir='ltr'><strong>purissim.o,in</strong></span> <span class='ocrx_word' id='word_1_510' title='bbox 3213 3888 3330 3952; x_wconf 80' lang='lat' dir='ltr'><strong>qua</strong></span> <span class='ocrx_word' id='word_1_511' title='bbox 3361 3889 3542 3930; x_wconf 65' lang='lat' dir='ltr'><strong>sacra:</strong></span> <span class='ocrx_word' id='word_1_512' title='bbox 3564 3889 3634 3930; x_wconf 85' lang='lat' dir='ltr'><strong>ac</strong></span> <span class='ocrx_word' id='word_1_513' title='bbox 3662 3874 3772 3942; x_wconf 77' lang='lat' dir='ltr'><strong>nsi</strong></span> 
     </span>
    </p>
   </div>
   <div class='ocr_carea' id='block_1_39' title="bbox 490 3967 3767 4046">
    <p class='ocr_par' dir='ltr' id='par_1_39' title="bbox 490 3967 3767 4046">
     <span class='ocr_line' id='line_1_39' title="bbox 490 3967 3767 4046; baseline 0.001 -20"><span class='ocrx_word' id='word_1_514' title='bbox 490 3969 848 4027; x_wconf 88' lang='lat' dir='ltr'><strong>venerabiles</strong></span> <span class='ocrx_word' id='word_1_515' title='bbox 869 3971 1072 4026; x_wconf 86' lang='lat' dir='ltr'><strong>sedent</strong></span> <span class='ocrx_word' id='word_1_516' title='bbox 1091 3970 1377 4046; x_wconf 87' lang='lat' dir='ltr'><strong>imagines</strong></span> <span class='ocrx_word' id='word_1_517' title='bbox 1401 3989 1528 4045; x_wconf 71' lang='lat' dir='ltr'><strong>quae</strong></span> <span class='ocrx_word' id='word_1_518' title='bbox 1553 3989 1718 4045; x_wconf 84' lang='lat' dir='ltr'><strong>pene.</strong></span> <span class='ocrx_word' id='word_1_519' title='bbox 1743 3971 1922 4028; x_wconf 88' lang='lat' dir='ltr'><strong>libras</strong></span> <span class='ocrx_word' id='word_1_520' title='bbox 1947 3970 2269 4044; x_wconf 81' lang='lat' dir='ltr'><strong>sexaginta.</strong></span> <span class='ocrx_word' id='word_1_521' title='bbox 2290 3968 2515 4026; x_wconf 88' lang='lat' dir='ltr'><strong>Obtulit</strong></span> <span class='ocrx_word' id='word_1_522' title='bbox 2535 3985 2770 4042; x_wconf 89' lang='lat' dir='ltr'><strong>quoque</strong></span> <span class='ocrx_word' id='word_1_523' title='bbox 2793 3969 2850 4024; x_wconf 90' lang='lat' dir='ltr'><strong>in</strong></span> <span class='ocrx_word' id='word_1_524' title='bbox 2871 3967 3118 4029; x_wconf 85' lang='lat' dir='ltr'><strong>ecclesia</strong></span> <span class='ocrx_word' id='word_1_525' title='bbox 3136 3969 3290 4033; x_wconf 80' lang='lat' dir='ltr'><strong>beati</strong></span> <span class='ocrx_word' id='word_1_526' title='bbox 3310 3969 3466 4028; x_wconf 82' lang='lat' dir='ltr'><strong>Petri</strong></span> <span class='ocrx_word' id='word_1_527' title='bbox 3485 3973 3767 4044; x_wconf 86' lang='lat' dir='ltr'><strong>apostoli.</strong></span> 
     </span>
    </p>
   </div>
   <div class='ocr_carea' id='block_1_40' title="bbox 488 4049 3766 4142">
    <p class='ocr_par' dir='ltr' id='par_1_40' title="bbox 488 4049 3766 4142">
     <span class='ocr_line' id='line_1_40' title="bbox 488 4049 3766 4142; baseline 0 -18"><span class='ocrx_word' id='word_1_528' title='bbox 488 4086 615 4142; x_wconf 68' lang='lat' dir='ltr'><strong>quae</strong></span> <span class='ocrx_word' id='word_1_529' title='bbox 639 4068 878 4140; x_wconf 90' lang='lat' dir='ltr'><strong>ponitur</strong></span> <span class='ocrx_word' id='word_1_530' title='bbox 907 4067 964 4123; x_wconf 92' lang='lat' dir='ltr'><strong>in</strong></span> <span class='ocrx_word' id='word_1_531' title='bbox 998 4067 1231 4126; x_wconf 88' lang='lat' dir='ltr'><strong>civitate</strong></span> <span class='ocrx_word' id='word_1_532' title='bbox 1263 4068 1519 4142; x_wconf 89' lang='lat' dir='ltr'><strong>Leopoli,</strong></span> <span class='ocrx_word' id='word_1_533' title='bbox 1542 4049 1912 4124; x_wconf 90' lang='lat' dir='ltr'><strong>thuribulum</strong></span> <span class='ocrx_word' id='word_1_534' title='bbox 1933 4069 2005 4126; x_wconf 91' lang='lat' dir='ltr'><strong>de</strong></span> <span class='ocrx_word' id='word_1_535' title='bbox 2035 4071 2272 4140; x_wconf 90' lang='lat' dir='ltr'><strong>argento</strong></span> <span class='ocrx_word' id='word_1_536' title='bbox 2293 4071 2569 4124; x_wconf 83' lang='lat' dir='ltr'><strong>exaurato</strong></span> <span class='ocrx_word' id='word_1_537' title='bbox 2593 4083 2796 4122; x_wconf 91' lang='lat' dir='ltr'><strong>unum.</strong></span> <span class='ocrx_word' id='word_1_538' title='bbox 2823 4065 2948 4122; x_wconf 86' lang='lat' dir='ltr'><strong>Pari</strong></span> <span class='ocrx_word' id='word_1_539' title='bbox 2975 4066 3147 4128; x_wconf 88' lang='lat' dir='ltr'><strong>modo</strong></span> <span class='ocrx_word' id='word_1_540' title='bbox 3177 4069 3236 4122; x_wconf 83' lang='lat' dir='ltr'><strong>et</strong></span> <span class='ocrx_word' id='word_1_541' title='bbox 3260 4065 3321 4122; x_wconf 92' lang='lat' dir='ltr'><strong>in</strong></span> <span class='ocrx_word' id='word_1_542' title='bbox 3342 4065 3600 4126; x_wconf 84' lang='lat' dir='ltr'><strong>ecclesia</strong></span> <span class='ocrx_word' id='word_1_543' title='bbox 3629 4086 3766 4128; x_wconf 68' lang='lat' dir='ltr'><strong>san.</strong></span> 
     </span>
    </p>
   </div>
   <div class='ocr_carea' id='block_1_41' title="bbox 486 4163 3763 4239">
    <p class='ocr_par' dir='ltr' id='par_1_41' title="bbox 486 4163 3763 4239">
     <span class='ocr_line' id='line_1_41' title="bbox 486 4163 3763 4239; baseline 0.001 -18"><span class='ocrx_word' id='word_1_544' title='bbox 486 4171 591 4222; x_wconf 81' lang='lat' dir='ltr'><strong>etas</strong></span> <span class='ocrx_word' id='word_1_545' title='bbox 615 4165 714 4220; x_wconf 92' lang='lat' dir='ltr'><strong>Dei</strong></span> <span class='ocrx_word' id='word_1_546' title='bbox 737 4164 1044 4222; x_wconf 90' lang='lat' dir='ltr'><strong>Genitricis</strong></span> <span class='ocrx_word' id='word_1_547' title='bbox 1075 4167 1434 4239; x_wconf 55' lang='lat' dir='ltr'><strong>Mariamque</strong></span> <span class='ocrx_word' id='word_1_548' title='bbox 1457 4167 1572 4222; x_wconf 86' lang='lat' dir='ltr'><strong>sita</strong></span> <span class='ocrx_word' id='word_1_549' title='bbox 1601 4170 1690 4220; x_wconf 82' lang='lat' dir='ltr'><strong>est</strong></span> <span class='ocrx_word' id='word_1_550' title='bbox 1721 4165 1780 4220; x_wconf 92' lang='lat' dir='ltr'><strong>in</strong></span> <span class='ocrx_word' id='word_1_551' title='bbox 1809 4165 1934 4222; x_wconf 90' lang='lat' dir='ltr'><strong>vico</strong></span> <span class='ocrx_word' id='word_1_552' title='bbox 1958 4165 2300 4229; x_wconf 90' lang='lat' dir='ltr'><strong>Sardorum,</strong></span> <span class='ocrx_word' id='word_1_553' title='bbox 2319 4163 2605 4236; x_wconf 81' lang='lat' dir='ltr'><strong>gabathas</strong></span> <span class='ocrx_word' id='word_1_554' title='bbox 2627 4179 2761 4219; x_wconf 86' lang='lat' dir='ltr'><strong>cum</strong></span> <span class='ocrx_word' id='word_1_555' title='bbox 2785 4163 3040 4223; x_wconf 84' lang='lat' dir='ltr'><strong>canistro</strong></span> <span class='ocrx_word' id='word_1_556' title='bbox 3062 4163 3134 4220; x_wconf 91' lang='lat' dir='ltr'><strong>de</strong></span> <span class='ocrx_word' id='word_1_557' title='bbox 3157 4167 3398 4236; x_wconf 82' lang='lat' dir='ltr'><strong>argento</strong></span> <span class='ocrx_word' id='word_1_558' title='bbox 3419 4171 3763 4237; x_wconf 83' lang='lat' dir='ltr'><strong>exauratas,</strong></span> 
     </span>
    </p>
   </div>
   <div class='ocr_carea' id='block_1_42' title="bbox 484 4259 3760 4338">
    <p class='ocr_par' dir='ltr' id='par_1_42' title="bbox 484 4259 3760 4338">
     <span class='ocr_line' id='line_1_42' title="bbox 484 4259 3760 4338; baseline 0.001 -20"><span class='ocrx_word' id='word_1_559' title='bbox 484 4279 709 4338; x_wconf 90' lang='lat' dir='ltr'><strong>pensan</strong></span> <span class='ocrx_word' id='word_1_560' title='bbox 749 4261 1046 4331; x_wconf 41' lang='lat' dir='ltr'><strong>libras”...</strong></span> <span class='ocrx_word' id='word_1_561' title='bbox 1071 4263 1354 4322; x_wconf 84' lang='lat' dir='ltr'><strong>Similiter</strong></span> <span class='ocrx_word' id='word_1_562' title='bbox 1381 4268 1438 4319; x_wconf 86' lang='lat' dir='ltr'><strong>et</strong></span> <span class='ocrx_word' id='word_1_563' title='bbox 1478 4263 1536 4318; x_wconf 90' lang='lat' dir='ltr'><strong>in</strong></span> <span class='ocrx_word' id='word_1_564' title='bbox 1565 4261 1878 4322; x_wconf 89' lang='lat' dir='ltr'><strong>venerabili</strong></span> <span class='ocrx_word' id='word_1_565' title='bbox 1909 4261 2260 4318; x_wconf 85' lang='lat' dir='ltr'><strong>monasterio</strong></span> <span class='ocrx_word' id='word_1_566' title='bbox 2307 4259 2654 4329; x_wconf 82' lang='lat' dir='ltr'><strong>Jerusalem,</strong></span> <span class='ocrx_word' id='word_1_567' title='bbox 2679 4259 2834 4332; x_wconf 89' lang='lat' dir='ltr'><strong>quod</strong></span> <span class='ocrx_word' id='word_1_568' title='bbox 2855 4261 3028 4332; x_wconf 81' lang='lat' dir='ltr'><strong>juxta</strong></span> <span class='ocrx_word' id='word_1_569' title='bbox 3045 4259 3366 4324; x_wconf 81' lang='lat' dir='ltr'><strong>ecclesiam</strong></span> <span class='ocrx_word' id='word_1_570' title='bbox 3389 4261 3549 4318; x_wconf 87' lang='lat' dir='ltr'><strong>beati</strong></span> <span class='ocrx_word' id='word_1_571' title='bbox 3601 4264 3760 4323; x_wconf 90' lang='lat' dir='ltr'><strong>Petri</strong></span> 
     </span>
    </p>
   </div>
   <div class='ocr_carea' id='block_1_43' title="bbox 373 4356 3759 4438">
    <p class='ocr_par' dir='ltr' id='par_1_43' title="bbox 373 4356 3759 4438">
     <span class='ocr_line' id='line_1_43' title="bbox 373 4356 3759 4438; baseline 0.002 -26"><span class='ocrx_word' id='word_1_572' title='bbox 373 4363 463 4424; x_wconf 76' lang='grc'><strong>45.</strong></span> <span class='ocrx_word' id='word_1_573' title='bbox 482 4360 732 4436; x_wconf 90' lang='lat' dir='ltr'><strong>apostoli</strong></span> <span class='ocrx_word' id='word_1_574' title='bbox 763 4361 1017 4434; x_wconf 89' lang='lat' dir='ltr'><strong>ponitur,</strong></span> <span class='ocrx_word' id='word_1_575' title='bbox 1042 4361 1175 4416; x_wconf 87' lang='lat' dir='ltr'><strong>fecit</strong></span> <span class='ocrx_word' id='word_1_576' title='bbox 1202 4364 1420 4416; x_wconf 88' lang='lat' dir='ltr'><strong>vestem</strong></span> <span class='ocrx_word' id='word_1_577' title='bbox 1443 4360 1512 4414; x_wconf 91' lang='lat' dir='ltr'><strong>de</strong></span> <span class='ocrx_word' id='word_1_578' title='bbox 1537 4360 1776 4438; x_wconf 84' lang='lat' dir='ltr'><strong>fundato</strong></span> <span class='ocrx_word' id='word_1_579' title='bbox 1799 4376 1932 4415; x_wconf 91' lang='lat' dir='ltr'><strong>cum</strong></span> <span class='ocrx_word' id='word_1_580' title='bbox 1955 4357 2254 4432; x_wconf 72' lang='lat' dir='ltr'><strong>orbiculis,</strong></span> <span class='ocrx_word' id='word_1_581' title='bbox 2280 4357 2338 4412; x_wconf 92' lang='lat' dir='ltr'><strong>in</strong></span> <span class='ocrx_word' id='word_1_582' title='bbox 2369 4356 2619 4414; x_wconf 87' lang='lat' dir='ltr'><strong>circuitu</strong></span> <span class='ocrx_word' id='word_1_583' title='bbox 2644 4361 2910 4414; x_wconf 87' lang='lat' dir='ltr'><strong>ornatam</strong></span> <span class='ocrx_word' id='word_1_584' title='bbox 2932 4373 3072 4426; x_wconf 76' lang='lat' dir='ltr'><strong>cum</strong></span> <span class='ocrx_word' id='word_1_585' title='bbox 3090 4356 3226 4414; x_wconf 77' lang='lat' dir='ltr'><strong>lista</strong></span> <span class='ocrx_word' id='word_1_586' title='bbox 3245 4357 3318 4412; x_wconf 88' lang='lat' dir='ltr'><strong>de</strong></span> <span class='ocrx_word' id='word_1_587' title='bbox 3350 4357 3759 4432; x_wconf 80' lang='lat' dir='ltr'><strong>chrysoclavo,</strong></span> 
     </span>
    </p>
   </div>
   <div class='ocr_carea' id='block_1_44' title="bbox 479 4452 3756 4528">
    <p class='ocr_par' dir='ltr' id='par_1_44' title="bbox 479 4452 3756 4528">
     <span class='ocr_line' id='line_1_44' title="bbox 479 4452 3756 4528; baseline -0.001 -12"><span class='ocrx_word' id='word_1_588' title='bbox 479 4474 614 4526; x_wconf 86' lang='lat' dir='ltr'><strong>cum</strong></span> <span class='ocrx_word' id='word_1_589' title='bbox 646 4456 786 4513; x_wconf 86' lang='lat' dir='ltr'><strong>velis</strong></span> <span class='ocrx_word' id='word_1_590' title='bbox 816 4475 883 4512; x_wconf 89' lang='lat' dir='ltr'><strong>cx</strong></span> <span class='ocrx_word' id='word_1_591' title='bbox 916 4456 1149 4512; x_wconf 86' lang='lat' dir='ltr'><strong>imizino</strong></span> <span class='ocrx_word' id='word_1_592' title='bbox 1181 4457 1430 4522; x_wconf 90' lang='lat' dir='ltr'><strong>duobus,</strong></span> <span class='ocrx_word' id='word_1_593' title='bbox 1455 4461 1508 4512; x_wconf 92' lang='lat' dir='ltr'><strong>et</strong></span> <span class='ocrx_word' id='word_1_594' title='bbox 1531 4457 1602 4512; x_wconf 90' lang='lat' dir='ltr'><strong>de</strong></span> <span class='ocrx_word' id='word_1_595' title='bbox 1624 4457 1864 4512; x_wconf 85' lang='lat' dir='ltr'><strong>fundato</strong></span> <span class='ocrx_word' id='word_1_596' title='bbox 1887 4455 2101 4510; x_wconf 67' lang='lat' dir='ltr'><strong>tribus.</strong></span> <span class='ocrx_word' id='word_1_597' title='bbox 2121 4455 2248 4528; x_wconf 88' lang='lat' dir='ltr'><strong>Ipse</strong></span> <span class='ocrx_word' id='word_1_598' title='bbox 2275 4470 2409 4510; x_wconf 89' lang='lat' dir='ltr'><strong>vero</strong></span> <span class='ocrx_word' id='word_1_599' title='bbox 2439 4453 2610 4512; x_wconf 88' lang='lat' dir='ltr'><strong>aDeo</strong></span> <span class='ocrx_word' id='word_1_600' title='bbox 2636 4452 3396 4526; x_wconf 76' lang='lat' dir='ltr'><strong>protectusvenerabiliset</strong></span> <span class='ocrx_word' id='word_1_601' title='bbox 3423 4455 3756 4528; x_wconf 67' lang='lat' dir='ltr'><strong>praeclarus</strong></span> 
     </span>
    </p>
   </div>
   <div class='ocr_carea' id='block_1_45' title="bbox 478 4549 3751 4631">
    <p class='ocr_par' dir='ltr' id='par_1_45' title="bbox 478 4549 3751 4631">
     <span class='ocr_line' id='line_1_45' title="bbox 478 4549 3751 4631; baseline -0 -19"><span class='ocrx_word' id='word_1_602' title='bbox 478 4554 736 4631; x_wconf 82' lang='lat' dir='ltr'><strong>pontifex</strong></span> <span class='ocrx_word' id='word_1_603' title='bbox 761 4555 892 4609; x_wconf 89' lang='lat' dir='ltr'><strong>fecit</strong></span> <span class='ocrx_word' id='word_1_604' title='bbox 924 4553 1388 4626; x_wconf 87' lang='lat' dir='ltr'><strong>propitiatorium</strong></span> <span class='ocrx_word' id='word_1_605' title='bbox 1421 4554 1570 4609; x_wconf 90' lang='lat' dir='ltr'><strong>sacri</strong></span> <span class='ocrx_word' id='word_1_606' title='bbox 1602 4553 1804 4609; x_wconf 86' lang='lat' dir='ltr'><strong>altaris</strong></span> <span class='ocrx_word' id='word_1_607' title='bbox 1826 4552 1979 4608; x_wconf 87' lang='lat' dir='ltr'><strong>beati</strong></span> <span class='ocrx_word' id='word_1_608' title='bbox 2004 4552 2151 4607; x_wconf 89' lang='lat' dir='ltr'><strong>Petri</strong></span> <span class='ocrx_word' id='word_1_609' title='bbox 2175 4549 2570 4623; x_wconf 66' lang='lat' dir='ltr'><strong>apostolorum</strong></span> <span class='ocrx_word' id='word_1_610' title='bbox 2603 4550 2906 4624; x_wconf 78' lang='lat' dir='ltr'><strong>principis,</strong></span> <span class='ocrx_word' id='word_1_611' title='bbox 2928 4549 3030 4610; x_wconf 90' lang='lat' dir='ltr'><strong>ubi</strong></span> <span class='ocrx_word' id='word_1_612' title='bbox 3047 4549 3510 4613; x_wconf 83' lang='lat' dir='ltr'><strong>sacritissimum</strong></span> <span class='ocrx_word' id='word_1_613' title='bbox 3530 4571 3751 4626; x_wconf 87' lang='lat' dir='ltr'><strong>corpus</strong></span> 
     </span>
    </p>
   </div>
   <div class='ocr_carea' id='block_1_46' title="bbox 476 4646 3707 4728">
    <p class='ocr_par' dir='ltr' id='par_1_46' title="bbox 476 4646 3707 4728">
     <span class='ocr_line' id='line_1_46' title="bbox 476 4646 3707 4728; baseline -0.001 -16"><span class='ocrx_word' id='word_1_614' title='bbox 476 4654 608 4728; x_wconf 88' lang='lat' dir='ltr'><strong>ejus</strong></span> <span class='ocrx_word' id='word_1_615' title='bbox 640 4651 889 4726; x_wconf 87' lang='lat' dir='ltr'><strong>quiescit</strong></span> <span class='ocrx_word' id='word_1_616' title='bbox 918 4651 1359 4724; x_wconf 89' lang='lat' dir='ltr'><strong>spanoclistum,</strong></span> <span class='ocrx_word' id='word_1_617' title='bbox 1385 4651 1608 4710; x_wconf 89' lang='lat' dir='ltr'><strong>habens</strong></span> <span class='ocrx_word' id='word_1_618' title='bbox 1637 4650 1876 4723; x_wconf 89' lang='lat' dir='ltr'><strong>quidem</strong></span> <span class='ocrx_word' id='word_1_619' title='bbox 1907 4647 2130 4721; x_wconf 87' lang='lat' dir='ltr'><strong>argenti</strong></span> <span class='ocrx_word' id='word_1_620' title='bbox 2160 4647 2339 4704; x_wconf 90' lang='lat' dir='ltr'><strong>libras</strong></span> <span class='ocrx_word' id='word_1_621' title='bbox 2369 4648 2816 4722; x_wconf 72' lang='lat' dir='ltr'><strong>septuagintaet</strong></span> <span class='ocrx_word' id='word_1_622' title='bbox 2835 4649 3014 4714; x_wconf 80' lang='lat' dir='ltr'><strong>duas,</strong></span> <span class='ocrx_word' id='word_1_623' title='bbox 3033 4646 3166 4704; x_wconf 90' lang='lat' dir='ltr'><strong>auri</strong></span> <span class='ocrx_word' id='word_1_624' title='bbox 3184 4663 3318 4706; x_wconf 92' lang='lat' dir='ltr'><strong>vero</strong></span> <span class='ocrx_word' id='word_1_625' title='bbox 3335 4650 3707 4724; x_wconf 80' lang='lat' dir='ltr'><strong>octuaginta.</strong></span> 
     </span>
    </p>
   </div>
   <div class='ocr_carea' id='block_1_47' title="bbox 549 4743 3748 4821">
    <p class='ocr_par' dir='ltr' id='par_1_47' title="bbox 549 4743 3748 4821">
     <span class='ocr_line' id='line_1_47' title="bbox 549 4743 3748 4821; baseline -0.001 -13"><span class='ocrx_word' id='word_1_626' title='bbox 549 4749 703 4808; x_wconf 76' lang='grc'><strong>554</strong></span> <span class='ocrx_word' id='word_1_627' title='bbox 733 4749 920 4820; x_wconf 85' lang='lat' dir='ltr'><strong>Hujus</strong></span> <span class='ocrx_word' id='word_1_628' title='bbox 942 4764 1074 4803; x_wconf 88' lang='lat' dir='ltr'><strong>vero</strong></span> <span class='ocrx_word' id='word_1_629' title='bbox 1095 4748 1456 4820; x_wconf 89' lang='lat' dir='ltr'><strong>temporibus</strong></span> <span class='ocrx_word' id='word_1_630' title='bbox 1481 4749 1719 4821; x_wconf 90' lang='lat' dir='ltr'><strong>quidam</strong></span> <span class='ocrx_word' id='word_1_631' title='bbox 1743 4746 1944 4806; x_wconf 88' lang='lat' dir='ltr'><strong>Daniel</strong></span> <span class='ocrx_word' id='word_1_632' title='bbox 1971 4745 2250 4818; x_wconf 85' lang='lat' dir='ltr'><strong>magister</strong></span> <span class='ocrx_word' id='word_1_633' title='bbox 2269 4744 2548 4814; x_wconf 87' lang='lat' dir='ltr'><strong>militum,</strong></span> <span class='ocrx_word' id='word_1_634' title='bbox 2571 4744 2898 4818; x_wconf 82' lang='lat' dir='ltr'><strong>iniquitatis</strong></span> <span class='ocrx_word' id='word_1_635' title='bbox 2918 4761 2986 4807; x_wconf 89' lang='lat' dir='ltr'><strong>ac</strong></span> <span class='ocrx_word' id='word_1_636' title='bbox 3003 4743 3266 4808; x_wconf 69' lang='lat' dir='ltr'><strong>stultitim</strong></span> <span class='ocrx_word' id='word_1_637' title='bbox 3288 4745 3748 4818; x_wconf 64' lang='lat' dir='ltr'><strong>molecacatus,</strong></span> 
     </span>
    </p>
   </div>
   <div class='ocr_carea' id='block_1_48' title="bbox 465 4841 3749 4918">
    <p class='ocr_par' dir='ltr' id='par_1_48' title="bbox 465 4841 3749 4918">
     <span class='ocr_line' id='line_1_48' title="bbox 465 4841 3749 4918; baseline -0.002 -12"><span class='ocrx_word' id='word_1_638' title='bbox 465 4848 540 4906; x_wconf 90' lang='lat' dir='ltr'><strong>ad</strong></span> <span class='ocrx_word' id='word_1_639' title='bbox 571 4845 949 4904; x_wconf 89' lang='lat' dir='ltr'><strong>serenissima</strong></span> <span class='ocrx_word' id='word_1_640' title='bbox 981 4844 1183 4900; x_wconf 83' lang='lat' dir='ltr'><strong>domui</strong></span> <span class='ocrx_word' id='word_1_641' title='bbox 1212 4845 1484 4901; x_wconf 89' lang='lat' dir='ltr'><strong>Ludovici</strong></span> <span class='ocrx_word' id='word_1_642' title='bbox 1526 4845 1895 4918; x_wconf 89' lang='lat' dir='ltr'><strong>imperatoris</strong></span> <span class='ocrx_word' id='word_1_643' title='bbox 1925 4842 2172 4917; x_wconf 86' lang='lat' dir='ltr'><strong>vestigia</strong></span> <span class='ocrx_word' id='word_1_644' title='bbox 2213 4843 2560 4914; x_wconf 84' lang='lat' dir='ltr'><strong>properavit,</strong></span> <span class='ocrx_word' id='word_1_645' title='bbox 2592 4841 2760 4916; x_wconf 87' lang='lat' dir='ltr'><strong>eique</strong></span> <span class='ocrx_word' id='word_1_646' title='bbox 2789 4841 2980 4901; x_wconf 85' lang='lat' dir='ltr'><strong>multa</strong></span> <span class='ocrx_word' id='word_1_647' title='bbox 3021 4841 3167 4901; x_wconf 70' lang='lat' dir='ltr'><strong>falsa</strong></span> <span class='ocrx_word' id='word_1_648' title='bbox 3190 4845 3257 4914; x_wconf 80' lang='lat' dir='ltr'><strong>et</strong></span> <span class='ocrx_word' id='word_1_649' title='bbox 3277 4841 3516 4908; x_wconf 83' lang='lat' dir='ltr'><strong>inutilia</strong></span> <span class='ocrx_word' id='word_1_650' title='bbox 3543 4845 3749 4916; x_wconf 87' lang='lat' dir='ltr'><strong>verba,</strong></span> 
     </span>
    </p>
   </div>
   <div class='ocr_carea' id='block_1_49' title="bbox 474 4937 3748 5019">
    <p class='ocr_par' dir='ltr' id='par_1_49' title="bbox 474 4937 3748 5019">
     <span class='ocr_line' id='line_1_49' title="bbox 474 4937 3748 5019; baseline -0.001 -19"><span class='ocrx_word' id='word_1_651' title='bbox 474 4962 602 5019; x_wconf 67' lang='lat' dir='ltr'><strong>quae</strong></span> <span class='ocrx_word' id='word_1_652' title='bbox 632 4943 786 5000; x_wconf 90' lang='lat' dir='ltr'><strong>credi</strong></span> <span class='ocrx_word' id='word_1_653' title='bbox 818 4941 980 4998; x_wconf 91' lang='lat' dir='ltr'><strong>nullo</strong></span> <span class='ocrx_word' id='word_1_654' title='bbox 1011 4943 1183 4998; x_wconf 87' lang='lat' dir='ltr'><strong>modo</strong></span> <span class='ocrx_word' id='word_1_655' title='bbox 1231 4947 1488 5015; x_wconf 89' lang='lat' dir='ltr'><strong>possent,</strong></span> <span class='ocrx_word' id='word_1_656' title='bbox 1512 4959 1690 5015; x_wconf 90' lang='lat' dir='ltr'><strong>super</strong></span> <span class='ocrx_word' id='word_1_657' title='bbox 1717 4941 2060 4998; x_wconf 88' lang='lat' dir='ltr'><strong>Gratianum</strong></span> <span class='ocrx_word' id='word_1_658' title='bbox 2119 4938 2652 4996; x_wconf 87' lang='lat' dir='ltr'><strong>eminentissimum</strong></span> <span class='ocrx_word' id='word_1_659' title='bbox 2712 4939 3060 5012; x_wconf 77' lang='lat' dir='ltr'><strong>magistrum</strong></span> <span class='ocrx_word' id='word_1_660' title='bbox 3091 4937 3372 5006; x_wconf 76' lang='lat' dir='ltr'><strong>militum,</strong></span> <span class='ocrx_word' id='word_1_661' title='bbox 3399 4940 3748 5004; x_wconf 72' lang='lat' dir='ltr'><strong>etRomani</strong></span> 
     </span>
    </p>
   </div>
   <div class='ocr_carea' id='block_1_50' title="bbox 470 5035 3746 5116">
    <p class='ocr_par' dir='ltr' id='par_1_50' title="bbox 470 5035 3746 5116">
     <span class='ocr_line' id='line_1_50' title="bbox 470 5035 3746 5116; baseline -0.001 -17"><span class='ocrx_word' id='word_1_662' title='bbox 470 5041 672 5116; x_wconf 90' lang='lat' dir='ltr'><strong>palatii</strong></span> <span class='ocrx_word' id='word_1_663' title='bbox 703 5039 1002 5114; x_wconf 89' lang='lat' dir='ltr'><strong>egregium</strong></span> <span class='ocrx_word' id='word_1_664' title='bbox 1034 5040 1385 5112; x_wconf 89' lang='lat' dir='ltr'><strong>superistam</strong></span> <span class='ocrx_word' id='word_1_665' title='bbox 1417 5057 1484 5096; x_wconf 90' lang='lat' dir='ltr'><strong>ac</strong></span> <span class='ocrx_word' id='word_1_666' title='bbox 1516 5038 1936 5106; x_wconf 88' lang='lat' dir='ltr'><strong>consiliarium,</strong></span> <span class='ocrx_word' id='word_1_667' title='bbox 1954 5038 2143 5094; x_wconf 88' lang='lat' dir='ltr'><strong>dicere</strong></span> <span class='ocrx_word' id='word_1_668' title='bbox 2175 5053 2298 5096; x_wconf 88' lang='lat' dir='ltr'><strong>non.</strong></span> <span class='ocrx_word' id='word_1_669' title='bbox 2321 5035 2626 5110; x_wconf 84' lang='lat' dir='ltr'><strong>dubitavit.</strong></span> <span class='ocrx_word' id='word_1_670' title='bbox 2648 5036 2795 5096; x_wconf 86' lang='lat' dir='ltr'><strong>Nam</strong></span> <span class='ocrx_word' id='word_1_671' title='bbox 2825 5035 3114 5103; x_wconf 75' lang='lat' dir='ltr'><strong>instanter</strong></span> <span class='ocrx_word' id='word_1_672' title='bbox 3140 5039 3636 5102; x_wconf 69' lang='lat' dir='ltr'><strong>cumaccusabat</strong></span> <span class='ocrx_word' id='word_1_673' title='bbox 3655 5039 3746 5112; x_wconf 34' lang='lat' dir='ltr'><strong>[ob</strong></span> 
     </span>
    </p>
   </div>
   <div class='ocr_carea' id='block_1_51' title="bbox 394 5133 3746 5214">
    <p class='ocr_par' dir='ltr' id='par_1_51' title="bbox 394 5133 3746 5214">
     <span class='ocr_line' id='line_1_51' title="bbox 394 5133 3746 5214; baseline -0.001 -17"><span class='ocrx_word' id='word_1_674' title='bbox 394 5137 742 5212; x_wconf 34' lang='lat' dir='ltr'><strong>5,,falsitatis</strong></span> <span class='ocrx_word' id='word_1_675' title='bbox 765 5135 1068 5205; x_wconf 89' lang='lat' dir='ltr'><strong>invidiam,</strong></span> <span class='ocrx_word' id='word_1_676' title='bbox 1103 5137 1302 5193; x_wconf 89' lang='lat' dir='ltr'><strong>dicens</strong></span> <span class='ocrx_word' id='word_1_677' title='bbox 1333 5137 1668 5210; x_wconf 86' lang='lat' dir='ltr'><strong>imperatori</strong></span> <span class='ocrx_word' id='word_1_678' title='bbox 1702 5153 1714 5192; x_wconf 90' lang='lat'><strong>:</strong></span> <span class='ocrx_word' id='word_1_679' title='bbox 1750 5136 2066 5194; x_wconf 79' lang='lat' dir='ltr'><strong>Gratianus</strong></span> <span class='ocrx_word' id='word_1_680' title='bbox 2114 5135 2389 5192; x_wconf 70' lang='lat' dir='ltr'><strong>Romanas</strong></span> <span class='ocrx_word' id='word_1_681' title='bbox 2437 5133 2600 5192; x_wconf 83' lang='lat' dir='ltr'><strong>urbis</strong></span> <span class='ocrx_word' id='word_1_682' title='bbox 2630 5133 2940 5207; x_wconf 83' lang='lat' dir='ltr'><strong>superista,</strong></span> <span class='ocrx_word' id='word_1_683' title='bbox 2963 5150 3146 5212; x_wconf 45' lang='lat' dir='ltr'><strong>,quem</strong></span> <span class='ocrx_word' id='word_1_684' title='bbox 3177 5149 3330 5214; x_wconf 51' lang='lat' dir='ltr'><strong>erga;</strong></span> <span class='ocrx_word' id='word_1_685' title='bbox 3344 5151 3450 5200; x_wconf 80' lang='lat' dir='ltr'><strong>vos</strong></span> <span class='ocrx_word' id='word_1_686' title='bbox 3479 5135 3746 5196; x_wconf 62' lang='lat' dir='ltr'><strong>ﬁdelem</strong></span> 
     </span>
    </p>
   </div>
   <div class='ocr_carea' id='block_1_52' title="bbox 467 5229 3746 5305">
    <p class='ocr_par' dir='ltr' id='par_1_52' title="bbox 467 5229 3746 5305">
     <span class='ocr_line' id='line_1_52' title="bbox 467 5229 3746 5305; baseline -0.002 -8"><span class='ocrx_word' id='word_1_687' title='bbox 467 5255 599 5296; x_wconf 89' lang='lat' dir='ltr'><strong>esse</strong></span> <span class='ocrx_word' id='word_1_688' title='bbox 629 5237 886 5304; x_wconf 86' lang='lat' dir='ltr'><strong>creditis,</strong></span> <span class='ocrx_word' id='word_1_689' title='bbox 911 5233 1054 5290; x_wconf 90' lang='lat' dir='ltr'><strong>mihi</strong></span> <span class='ocrx_word' id='word_1_690' title='bbox 1087 5233 1194 5290; x_wconf 92' lang='lat' dir='ltr'><strong>soli</strong></span> <span class='ocrx_word' id='word_1_691' title='bbox 1228 5235 1286 5290; x_wconf 92' lang='lat' dir='ltr'><strong>in</strong></span> <span class='ocrx_word' id='word_1_692' title='bbox 1319 5235 1490 5291; x_wconf 92' lang='lat' dir='ltr'><strong>domo</strong></span> <span class='ocrx_word' id='word_1_693' title='bbox 1535 5252 1644 5290; x_wconf 89' lang='lat' dir='ltr'><strong>sua</strong></span> <span class='ocrx_word' id='word_1_694' title='bbox 1684 5232 1934 5290; x_wconf 90' lang='lat' dir='ltr'><strong>nimium</strong></span> <span class='ocrx_word' id='word_1_695' title='bbox 1993 5248 2170 5305; x_wconf 89' lang='lat' dir='ltr'><strong>super</strong></span> <span class='ocrx_word' id='word_1_696' title='bbox 2200 5233 2453 5288; x_wconf 86' lang='lat' dir='ltr'><strong>Francos</strong></span> <span class='ocrx_word' id='word_1_697' title='bbox 2481 5247 2860 5292; x_wconf 83' lang='lat' dir='ltr'><strong>murmurans</strong></span> <span class='ocrx_word' id='word_1_698' title='bbox 2891 5229 3038 5288; x_wconf 79' lang='lat' dir='ltr'><strong>dixit</strong></span> <span class='ocrx_word' id='word_1_699' title='bbox 3063 5235 3320 5292; x_wconf 87' lang='lat' dir='ltr'><strong>secrete:</strong></span> <span class='ocrx_word' id='word_1_700' title='bbox 3351 5231 3746 5298; x_wconf 66' lang='lat' dir='ltr'><strong>Quiafranci</strong></span> 
     </span>
    </p>
   </div>
   <div class='ocr_carea' id='block_1_53' title="bbox 466 5325 3741 5404">
    <p class='ocr_par' dir='ltr' id='par_1_53' title="bbox 466 5325 3741 5404">
     <span class='ocr_line' id='line_1_53' title="bbox 466 5325 3741 5404; baseline -0.002 -11"><span class='ocrx_word' id='word_1_701' title='bbox 466 5335 614 5393; x_wconf 88' lang='lat' dir='ltr'><strong>nihil</strong></span> <span class='ocrx_word' id='word_1_702' title='bbox 645 5334 814 5390; x_wconf 88' lang='lat' dir='ltr'><strong>nobis</strong></span> <span class='ocrx_word' id='word_1_703' title='bbox 856 5332 990 5389; x_wconf 90' lang='lat' dir='ltr'><strong>boni</strong></span> <span class='ocrx_word' id='word_1_704' title='bbox 1024 5332 1266 5400; x_wconf 75' lang='lat' dir='ltr'><strong>faciunt,</strong></span> <span class='ocrx_word' id='word_1_705' title='bbox 1294 5349 1480 5404; x_wconf 89' lang='lat' dir='ltr'><strong>neque</strong></span> <span class='ocrx_word' id='word_1_706' title='bbox 1530 5331 1886 5404; x_wconf 88' lang='lat' dir='ltr'><strong>adjutorium</strong></span> <span class='ocrx_word' id='word_1_707' title='bbox 1918 5329 2205 5402; x_wconf 67' lang='lat' dir='ltr'><strong>praebent;</strong></span> <span class='ocrx_word' id='word_1_708' title='bbox 2239 5329 2340 5384; x_wconf 89' lang='lat' dir='ltr'><strong>sed</strong></span> <span class='ocrx_word' id='word_1_709' title='bbox 2372 5327 2559 5401; x_wconf 87' lang='lat' dir='ltr'><strong>magis</strong></span> <span class='ocrx_word' id='word_1_710' title='bbox 2609 5344 2736 5400; x_wconf 71' lang='lat' dir='ltr'><strong>quae</strong></span> <span class='ocrx_word' id='word_1_711' title='bbox 2786 5331 2985 5386; x_wconf 81' lang='lat' dir='ltr'><strong>nostra</strong></span> <span class='ocrx_word' id='word_1_712' title='bbox 3003 5330 3156 5394; x_wconf 81' lang='lat' dir='ltr'><strong>,sunt</strong></span> <span class='ocrx_word' id='word_1_713' title='bbox 3181 5325 3466 5388; x_wconf 78' lang='lat' dir='ltr'><strong>violenter</strong></span> <span class='ocrx_word' id='word_1_714' title='bbox 3491 5327 3741 5388; x_wconf 76' lang='lat' dir='ltr'><strong>tollunt.</strong></span> 
     </span>
    </p>
   </div>
   <div class='ocr_carea' id='block_1_54' title="bbox 465 5425 3744 5502">
    <p class='ocr_par' dir='ltr' id='par_1_54' title="bbox 465 5425 3744 5502">
     <span class='ocr_line' id='line_1_54' title="bbox 465 5425 3744 5502; baseline -0.003 -11"><span class='ocrx_word' id='word_1_715' title='bbox 465 5436 653 5502; x_wconf 88' lang='lat' dir='ltr'><strong>Quare</strong></span> <span class='ocrx_word' id='word_1_716' title='bbox 683 5450 791 5489; x_wconf 89' lang='lat' dir='ltr'><strong>nos</strong></span> <span class='ocrx_word' id='word_1_717' title='bbox 821 5433 1176 5487; x_wconf 77' lang='lat' dir='ltr'><strong>advocemus</strong></span> <span class='ocrx_word' id='word_1_718' title='bbox 1205 5429 1452 5498; x_wconf 65' lang='lat' dir='ltr'><strong>Graecos,</strong></span> <span class='ocrx_word' id='word_1_719' title='bbox 1477 5433 1534 5484; x_wconf 91' lang='lat' dir='ltr'><strong>et</strong></span> <span class='ocrx_word' id='word_1_720' title='bbox 1565 5445 1695 5483; x_wconf 89' lang='lat' dir='ltr'><strong>cum</strong></span> <span class='ocrx_word' id='word_1_721' title='bbox 1729 5427 1812 5482; x_wconf 89' lang='lat' dir='ltr'><strong>eis</strong></span> <span class='ocrx_word' id='word_1_722' title='bbox 1844 5427 2032 5484; x_wconf 67' lang='lat' dir='ltr'><strong>foedus</strong></span> <span class='ocrx_word' id='word_1_723' title='bbox 2065 5425 2223 5498; x_wconf 89' lang='lat' dir='ltr'><strong>pacis</strong></span> <span class='ocrx_word' id='word_1_724' title='bbox 2246 5429 2659 5497; x_wconf 83' lang='lat' dir='ltr'><strong>componentes</strong></span> <span class='ocrx_word' id='word_1_725' title='bbox 2687 5425 3044 5486; x_wconf 82' lang='lat' dir='ltr'><strong>Francorum</strong></span> <span class='ocrx_word' id='word_1_726' title='bbox 3072 5439 3271 5498; x_wconf 81' lang='lat' dir='ltr'><strong>regem</strong></span> <span class='ocrx_word' id='word_1_727' title='bbox 3297 5427 3356 5482; x_wconf 81' lang='lat' dir='ltr'><strong>et</strong></span> <span class='ocrx_word' id='word_1_728' title='bbox 3383 5428 3626 5499; x_wconf 76' lang='lat' dir='ltr'><strong>gentem</strong></span> <span class='ocrx_word' id='word_1_729' title='bbox 3665 5426 3744 5486; x_wconf 87' lang='lat' dir='ltr'><strong>de</strong></span> 
     </span>
    </p>
   </div>
   <div class='ocr_carea' id='block_1_55' title="bbox 457 5520 3748 5603">
    <p class='ocr_par' dir='ltr' id='par_1_55' title="bbox 457 5520 3748 5603">
     <span class='ocr_line' id='line_1_55' title="bbox 457 5520 3748 5603; baseline -0.001 -17"><span class='ocrx_word' id='word_1_730' title='bbox 457 5547 496 5586; x_wconf 89' lang='lat' dir='ltr'><strong>n</strong></span> <span class='ocrx_word' id='word_1_731' title='bbox 511 5535 658 5587; x_wconf 74' lang='lat' dir='ltr'><strong>)Stt‘O</strong></span> <span class='ocrx_word' id='word_1_732' title='bbox 691 5545 870 5603; x_wconf 86' lang='lat' dir='ltr'><strong>regno</strong></span> <span class='ocrx_word' id='word_1_733' title='bbox 901 5532 957 5583; x_wconf 90' lang='lat' dir='ltr'><strong>et</strong></span> <span class='ocrx_word' id='word_1_734' title='bbox 985 5529 1017 5581; x_wconf 71' lang='grc'><strong>(³</strong></span> <span class='ocrx_word' id='word_1_735' title='bbox 1027 5527 1141 5584; x_wconf 88' lang='lat' dir='ltr'><strong>o:ni</strong></span> <span class='ocrx_word' id='word_1_736' title='bbox 1151 5526 1384 5582; x_wconf 88' lang='lat' dir='ltr'><strong>natione</strong></span> <span class='ocrx_word' id='word_1_737' title='bbox 1405 5524 1765 5598; x_wconf 82' lang='lat' dir='ltr'><strong>expellinus?</strong></span> <span class='ocrx_word' id='word_1_738' title='bbox 1787 5527 1908 5590; x_wconf 87' lang='lat' dir='ltr'><strong>Quo</strong></span> <span class='ocrx_word' id='word_1_739' title='bbox 1931 5521 2128 5579; x_wconf 89' lang='lat' dir='ltr'><strong>audito</strong></span> <span class='ocrx_word' id='word_1_740' title='bbox 2149 5539 2284 5577; x_wconf 85' lang='lat' dir='ltr'><strong>mox</strong></span> <span class='ocrx_word' id='word_1_741' title='bbox 2303 5521 2614 5594; x_wconf 62' lang='lat' dir='ltr'><strong>pradictus</strong></span> <span class='ocrx_word' id='word_1_742' title='bbox 2635 5520 2970 5594; x_wconf 86' lang='lat' dir='ltr'><strong>imperator,</strong></span> <span class='ocrx_word' id='word_1_743' title='bbox 2991 5521 3280 5582; x_wconf 88' lang='lat' dir='ltr'><strong>immenso</strong></span> <span class='ocrx_word' id='word_1_744' title='bbox 3309 5522 3508 5584; x_wconf 89' lang='lat' dir='ltr'><strong>furore</strong></span> <span class='ocrx_word' id='word_1_745' title='bbox 3536 5541 3748 5582; x_wconf 82' lang='lat' dir='ltr'><strong>accen-</strong></span> 
     </span>
    </p>
   </div>
   <div class='ocr_carea' id='block_1_56' title="bbox 360 5617 3741 5696">
    <p class='ocr_par' dir='ltr' id='par_1_56' title="bbox 360 5617 3741 5696">
     <span class='ocr_line' id='line_1_56' title="bbox 360 5617 3741 5696; baseline -0 -16"><span class='ocrx_word' id='word_1_746' title='bbox 360 5623 429 5680; x_wconf 82' lang='lat'>10</span> <span class='ocrx_word' id='word_1_747' title='bbox 465 5644 588 5695; x_wconf 79' lang='lat' dir='ltr'><strong>sus,</strong></span> <span class='ocrx_word' id='word_1_748' title='bbox 623 5627 750 5684; x_wconf 72' lang='lat' dir='ltr'><strong>sine</strong></span> <span class='ocrx_word' id='word_1_749' title='bbox 779 5625 990 5681; x_wconf 90' lang='lat' dir='ltr'><strong>litteris</strong></span> <span class='ocrx_word' id='word_1_750' title='bbox 1018 5625 1203 5681; x_wconf 61' lang='lat' dir='ltr'><strong>etiam</strong></span> <span class='ocrx_word' id='word_1_751' title='bbox 1225 5622 1294 5676; x_wconf 90' lang='lat' dir='ltr'><strong>ad</strong></span> <span class='ocrx_word' id='word_1_752' title='bbox 1330 5623 1724 5678; x_wconf 79' lang='lat' dir='ltr'><strong>Romanorum</strong></span> <span class='ocrx_word' id='word_1_753' title='bbox 1757 5619 1992 5676; x_wconf 88' lang='lat' dir='ltr'><strong>directis</strong></span> <span class='ocrx_word' id='word_1_754' title='bbox 2022 5617 2354 5692; x_wconf 85' lang='lat' dir='ltr'><strong>pontiﬁcem</strong></span> <span class='ocrx_word' id='word_1_755' title='bbox 2389 5621 2444 5672; x_wconf 91' lang='lat' dir='ltr'><strong>et</strong></span> <span class='ocrx_word' id='word_1_756' title='bbox 2476 5622 2766 5687; x_wconf 86' lang='lat' dir='ltr'><strong>senatum,</strong></span> <span class='ocrx_word' id='word_1_757' title='bbox 2790 5618 3035 5676; x_wconf 81' lang='lat' dir='ltr'><strong>Romam</strong></span> <span class='ocrx_word' id='word_1_758' title='bbox 3061 5617 3260 5682; x_wconf 87' lang='lat' dir='ltr'><strong>venire</strong></span> <span class='ocrx_word' id='word_1_759' title='bbox 3288 5618 3570 5678; x_wconf 88' lang='lat' dir='ltr'><strong>velociter</strong></span> <span class='ocrx_word' id='word_1_760' title='bbox 3597 5637 3741 5696; x_wconf 88' lang='lat' dir='ltr'><strong>pro-</strong></span> 
     </span>
    </p>
   </div>
   <div class='ocr_carea' id='block_1_57' title="bbox 1505 5731 2538 5782">
    <p class='ocr_par' dir='ltr' id='par_1_57' title="bbox 1505 5731 2538 5782">
     <span class='ocr_line' id='line_1_57' title="bbox 1505 5731 2538 5782; baseline -0.003 -1"><span class='ocrx_word' id='word_1_761' title='bbox 1505 5736 1756 5782; x_wconf 74' lang='lat' dir='ltr'><strong>NOTULE</strong></span> <span class='ocrx_word' id='word_1_762' title='bbox 1798 5733 2178 5779; x_wconf 69' lang='lat' dir='ltr'><strong>IARGINALES</strong></span> <span class='ocrx_word' id='word_1_763' title='bbox 2218 5731 2538 5778; x_wconf 72' lang='lat' dir='ltr'><strong>FABBOTTI.</strong></span> 
     </span>
    </p>
   </div>
   <div class='ocr_carea' id='block_1_58' title="bbox 397 5815 1105 5889">
    <p class='ocr_par' dir='ltr' id='par_1_58' title="bbox 397 5815 1105 5889">
     <span class='ocr_line' id='line_1_58' title="bbox 397 5815 1105 5889; baseline -0.001 -16"><span class='ocrx_word' id='word_1_764' title='bbox 397 5815 472 5889; x_wconf 89' lang='lat' dir='ltr'><strong>(a)</strong></span> <span class='ocrx_word' id='word_1_765' title='bbox 503 5822 665 5877; x_wconf 83' lang='lat' dir='ltr'><strong>Forte</strong></span> <span class='ocrx_word' id='word_1_766' title='bbox 691 5816 1105 5877; x_wconf 70' lang='lat' dir='ltr'><strong>hmineribus.</strong></span> 
     </span>
    </p>
   </div>
  </div>
