3928 6210
124 227 282 291 αἰῶ
812 218 1183 281 HISTORIA
1224 219 1324 280 DE
1362 218 1570 282 iVlTlS
1615 220 1804 284 ROM.
1835 220 2083 286 tuom.
2110 256 2188 271 -—
2217 222 2703 289 BENEDICTUS
2744 226 2850 288 III.
3360 220 3535 291 13m

138 356 3531 385 *Μ

1296 437 1479 507 CVI.
1543 439 2171 512 BENEDlC'l‘US
2223 444 2357 512 lll.

922 573 1086 619 anno
1115 572 1356 620 CHRISTI
1387 562 1528 634 855,
1564 576 1999 623 LOTHARII‘IMP.
2034 565 2136 636 16,
2166 582 2488 627 menaeus
2517 584 2611 641 III,
2638 569 2735 627 14.

330 762 492 820 ὔΰϐ
522 760 869 818 Benedictus
916 760 1148 829 tertius,
1179 762 1413 819 natione
1458 762 1776 833 Romanus,
1811 781 1879 820 ex
1908 770 2071 838 patre
2121 766 2303 834 Petro,
2339 767 2492 824 sedit
2538 785 2724 825 annos
2775 768 2944 834 duos,
2974 782 3214 831 menses
3264 783 3383 835 sex,
3414 767 3543 823 dies

262 862 490 917 decem.
524 860 737 916 Beatus
783 859 872 914 vir
928 860 1039 916 iste
1088 859 1488 916 dilectissimis
1515 861 1837 919 visceribus
1885 864 2097 933 editus,
2134 864 2355 921 sidereo
2416 865 2640 938 pollens
2699 883 2844 932 rore,
2880 881 3266 935 crescensque
3297 862 3543 920 celerius

264 958 600 1015 divinorum
631 955 828 1014 studio
859 956 1092 1029 apicum
1124 958 1307 1029 patris
1349 958 1419 1013 ad
1453 960 1840 1015 erudiendum
1873 961 2112 1016 arbitrio
2144 961 2411 1017 traditur
2446 963 2578 1029 Qui,
2605 962 2779 1019 veluti
2814 962 3059 1035 spongia
3090 961 3374 1017 citissime
3402 960 3547 1034 lym-

264 1055 450 1128 pham
473 1054 659 1128 capit,
672 1070 972 1110 sacrorum
995 1054 1077 1109 ita
1093 1053 1459 1111 voluminum
1484 1056 1689 1112 didicit
1708 1057 2011 1127 lectiones,
2034 1058 2485 1132 rudimentaque
2506 1061 2792 1133 cognovit,
2811 1058 3053 1131 accepit,
3073 1059 3405 1130 mentisque
3428 1076 3547 1113 sua:

197 1155 232 1210 5
264 1152 612 1209 fundatione
642 1149 857 1224 posuit,
881 1155 937 1205 et
966 1149 1360 1207 invisibilibus
1410 1152 1706 1209 radicibus
1752 1157 2109 1227 propagavit.
2136 1156 2521 1213 Celeberrima
2551 1157 2790 1229 quidem
2822 1174 2955 1214 cum
2987 1158 3059 1212 de
3106 1174 3172 1213 eo
3220 1156 3377 1212 fama
3406 1172 3547 1229 per-

264 1250 628 1323 vulgaretur,
660 1248 720 1304 in
752 1248 1142 1304 Lateranense
1188 1249 1610 1321 patriarchium
1642 1252 2002 1324 perducitur,
2036 1252 2305 1325 cleroque
2357 1254 2600 1311 locatur.
2634 1256 2773 1310 Erat
2821 1259 3016 1312 autem
3065 1255 3300 1327 sapiens
3346 1254 3544 1322 verbo,

268 1348 544 1406 doctrina
591 1345 926 1419 praeclarus,
955 1345 1184 1401 sobrius
1231 1347 1685 1414 conversatione,
1711 1348 1942 1421 loquela
1989 1350 2291 1423 pacificus,
2315 1351 2540 1407 cunctis
2571 1353 2952 1425 compatiens,
2985 1351 3377 1424 omnibusque
3405 1351 3546 1407 obe-

272 1446 467 1514 diens,
488 1442 1244 1516 denique'benignissimus.
1272 1445 1414 1499 Cum
1447 1461 1581 1500 eum
1612 1445 1938 1501 intueretur
1966 1462 2118 1518 papa
2141 1449 2449 1521 Gregorius
2471 1449 2764 1506 almificus
2795 1449 3046 1522 peritum
3071 1448 3351 1504 doctrinis
3374 1452 3549 1521 atque

276 1544 864 1616 proficuum,sanctaz
880 1539 1045 1596 illum
1066 1540 1369 1597 constituit
1391 1542 1662 1597 Romanae
1683 1542 1950 1598 Ecclesiae
1973 1544 2398 1600 subdiaconum
2420 1564 2433 1614 ;
2464 1544 2525 1601 in
2557 1563 2672 1618 quo
2695 1547 2898 1603 ordine
2919 1545 3089 1619 plura
3110 1563 3287 1602 sacrae
3309 1561 3551 1601 conver-

175 1644 239 1697 10
276 1639 527 1698 sationis
547 1638 871 1697 certamina
891 1637 1116 1706 habuit,
1142 1655 1280 1694 nam
1310 1654 1541 1694 carnem
1564 1638 1699 1695 vicit
1720 1656 1786 1695 ac
1817 1640 2023 1695 mundi
2057 1642 2405 1714 principem,
2430 1647 2488 1697 et
2517 1642 2713 1698 omnia
2734 1644 2861 1716 ejus
2884 1647 3231 1717 argumenta
3257 1640 3549 1715 nequissi-

268 1755 389 1795 ma.
411 1737 569 1795 Obiit
598 1737 805 1794 deinde
835 1736 1149 1809 Gregorius
1182 1736 1415 1809 praesul,
1442 1736 1828 1810 migravitque
1859 1738 1931 1793 ad
1964 1737 2303 1794 Dominum.
2325 1741 2562 1812 Sergius
2603 1746 2801 1796 autem
2834 1741 3232 1814 gubernacula
3274 1742 3548 1797 Romanae

267 1836 537 1909 suscepit
565 1836 813 1892 antistes
833 1834 1121 1900 Ecclesiaa,
1148 1851 1332 1906 eoque
1364 1834 1634 1889 defuncto
1682 1834 2062 1907 apostolicam
2097 1836 2208 1892 Leo
2240 1854 2390 1909 papa
2421 1838 2621 1893 sedem
2667 1838 2943 1910 suscepit.
2969 1838 3216 1911 Oppido,
3245 1838 3345 1910 qui
3379 1837 3546 1892 illum

270 1950 378 2008 pro
410 1932 769 1990 felicissimis
800 1932 1028 1987 actibus
1057 1930 1307 2003 diligens
1338 1948 1591 2003 superno
1623 1938 2010 2004 compunctus
2043 1937 2189 1988 nutu
2220 1933 2439 1989 caelesti
2480 1951 2614 1990 cum
2648 1935 2817 1992 titulo
2868 1936 3089 2009 ingenti
3139 1936 3548 2009 presbyterum

273 2030 639 2088 consecravit
667 2030 905 2086 honore.
925 2030 1106 2099 Cujus
1138 2029 1437 2085 beatitudo
1469 2029 1527 2084 in
1558 2035 1789 2085 tantum
1822 2023 1992 2103 longe
2038 2031 2265 2103 lateque
2313 2031 2539 2087 refulsit
2584 2037 2761 2104 atque
2809 2035 3145 2106 przeﬂoruit,
3176 2039 3242 2089 ut
3272 2034 3549 2089 omnibus

174 2133 246 2185 215
284 2128 668 2185 beatissimus
697 2128 872 2183 dictis
895 2131 952 2183 et
970 2143 1140 2198 opere
1161 2127 1470 2182 diceretur.
1491 2126 1797 2182 Evidenter
1825 2133 2022 2184 autem
2056 2128 2110 2183 in
2145 2146 2211 2183 eo
2244 2130 2442 2184 divina
2472 2147 2814 2202 permanere
2844 2130 3133 2203 sapientia
3164 2132 3550 2203 cognosceba-

280 2231 401 2294 tur,
426 2225 566 2299 quia
595 2223 880 2297 largiﬂuis
913 2224 1191 2296 purisque
1223 2225 1351 2296 ejus
1383 2241 1587 2280 omnes
1618 2225 1842 2279 fovebat
1873 2226 2200 2293 atl‘ectibus,
2231 2231 2289 2282 et
2330 2226 2458 2283 luce
2491 2227 2707 2283 clarius
2736 2230 3104 2301 perornabat,
3131 2229 3452 2300 caducique
3483 2244 3551 2283 ac
3590 2220 3595 2227 ’

282 2322 594 2381 transituri
623 2322 828 2378 mundi
860 2322 1225 2379 delectabilia
1255 2325 1585 2396 respuebat,
1612 2331 1668 2380 et
1696 2324 1979 2397 quidquid
2016 2327 2289 2381 utebatur
2316 2328 2515 2398 egenis
2545 2333 2720 2399 atque
2750 2328 3106 2400 pauperibus
3136 2328 3430 2400 erogabat.
3455 2327 3555 2383 Je-

272 2421 471 2494 juniis
500 2413 633 2476 vero
653 2419 903 2487 validus,
927 2420 1187 2476 oratione
1215 2421 1492 2477 assiduus
1514 2421 1865 2492 persistebat
1895 2422 2249 2495 pervigilque
2281 2424 2340 2479 in
2364 2424 2465 2479 Dei
2489 2425 2747 2496 quotidie
2766 2426 3044 2482 laudibus
3064 2426 3555 2482 commorabatur.

348 2519 512 2578 ’867
540 2524 660 2574 Leo
688 2517 927 2591 quidem
958 2517 1058 2573 ubi
1091 2518 1199 2573 hac
1230 2517 1358 2575 luce
1387 2519 1724 2575 subtractus
1755 2520 1966 2592 praesul
1996 2521 2288 2588 occubuit,
2316 2537 2447 2577 mox
2477 2521 2670 2578 omnis
2701 2523 2891 2579 clerus
2920 2521 3099 2579 istius
3130 2523 3404 2579 Romanae
3428 2539 3561 2595 pro-

288 2615 668 2687 tectze'sedis,
687 2614 1058 2687 universique
1088 2631 1375 2688 proceres,
1401 2621 1763 2689 cunctusque
1795 2623 2035 2673 senatus
2080 2634 2147 2673 ac
2195 2618 2448 2691 populus
2493 2621 2830 2693 congregati
2864 2604 3008 2677 sunt
3052 2621 3283 2676 Domini
3318 2620 3564 2676 clemen-

286 2715 435 2771 tiam
467 2718 789 2781 exorantes,
817 2718 882 2768 ut
903 2712 1234 2769 beatiﬁcum
1258 2713 1374 2769 illis
1395 2714 1669 2769 omnibus
1692 2714 2093 2770 demonstrare
2114 2715 2454 2787 dignaretur
2477 2721 2795 2788 pxsturem,
2816 2717 2915 2790 qui
2940 2717 3175 2772 culmen
3198 2717 3561 2789 apostolatus

300 2828 504 2886 regere
531 2810 812 2867 valuisset
840 2809 1175 2881 tranquille.
1200 2810 1491 2866 Divinitus
1521 2810 1702 2883 igitur
1729 2812 1976 2867 wthereo
2005 2818 2148 2867 tunc
2191 2812 2411 2868 lumine
2454 2813 2824 2880 inflammati,
2858 2830 2976 2870 uno
3003 2829 3292 2870 consensu
3327 2828 3562 2885 unoque
3619 2792 3626 2799 I

204 2912 254 2967 ‘5
286 2926 429 2967 eum
461 2907 769 2965 conamine
799 2906 1176 2964 Benedictum
1216 2924 1319 2980 pro
1348 2906 1526 2963 tantis
1574 2908 1792 2979 quibus
1841 2908 2095 2981 pollebat
2123 2908 2306 2966 sacris
2337 2909 2611 2982 operibus
2651 2910 2987 2982 pontiﬁcem
3037 2910 3560 2985 promulgaverunt

284 3008 528 3082 eligere.
553 3005 712 3062 Illico
730 3022 864 3061 vero
891 3004 1067 3060 alacri
1096 3004 1368 3061 universa
1396 3005 1593 3061 studio
1642 3004 1807 3076 plebs
1837 3008 1895 3061 et
1924 3005 2123 3078 populi
2155 3012 2339 3063 coetus
2376 3006 2590 3063 caelesti
2624 3007 2793 3065 titulo
2824 3012 3221 3082 properantes,
3242 3008 3360 3064 Deo
3391 3007 3561 3063 illum

291 3104 681 3179 omnipotenti
712 3106 778 3158 ut
804 3101 1012 3159 solitus
1046 3102 1233 3159 fuerat
1262 3103 1610 3158 invenerunt
1638 3103 1980 3158 fundentem
2013 3105 2355 3160 orationem.
2380 3105 2636 3178 Surgens
2666 3110 2859 3161 autem
2889 3111 2946 3162 et
2974 3106 3175 3180 populi
3208 3105 3561 3163 densissima

295 3219 545 3262 cernens
574 3201 813 3275 agmina
839 3217 962 3257 rem
995 3200 1280 3273 cognovit,
1303 3204 1361 3255 et
1390 3203 1583 3255 mente
1614 3200 1897 3271 concepit.
1933 3199 2157 3257 Interea
2186 3200 2389 3257 multis
2420 3219 2555 3257 cum
2599 3201 2873 3275 lacrymis
2902 3220 3092 3276 genua
3121 3204 3361 3260 ﬂectens
3384 3202 3562 3259 ﬂebili

294 3318 438 3360 voce
467 3315 672 3358 omnes
701 3299 1145 3373 deprecabatur,
1170 3298 1367 3354 taliter
1395 3297 1598 3354 dicens
1622 3314 1635 3352 :
1661 3296 1785 3353 Non
1817 3313 1909 3353 me
1939 3314 1974 3352 a
2005 3314 2133 3354 mea
2152 3298 2456 3355 deducatis
2486 3298 2728 3356 ecclesia
2756 3317 2915 3375 rogo,
2940 3302 3081 3374 quia
3109 3302 3255 3358 tanti
3290 3300 3565 3358 culmin’is

195 3399 260 3457 10
294 3417 417 3457 non
448 3398 677 3455 sufﬁcio
708 3397 1001 3455 sustinere
1031 3412 1136 3453 nec
1166 3394 1428 3467 baiulare
1457 3379 1790 3468 gravamen.

352 3497 524 3555 £558
552 3496 640 3552 Illi
660 3510 794 3552 vero
814 3493 1149 3550 nullatenus
1166 3493 1602 3565 acquieverunt,
1624 3492 1723 3548 sed
1743 3491 2064 3547 virtutibus
2081 3509 2215 3547 eum
2239 3511 2307 3549 ex
2326 3494 2529 3550 eodem
2549 3495 2718 3552 titulo
2741 3495 3145 3553 abstrahentes
3168 3514 3303 3553 cum
3324 3495 3563 3570 hymnis

295 3602 353 3654 et
384 3595 633 3652 canticis
689 3592 1074 3667 spiritalibus,
1109 3589 1307 3663 ampla
1359 3589 1745 3646 exsultatione
1775 3593 1833 3645 et
1863 3588 2144 3645 inetl‘abili
2200 3591 2417 3662 gaudio
2448 3591 2508 3647 in
2540 3592 2960 3665 patriarchium
3019 3595 3404 3651 Lateranense
3434 3610 3568 3666 per-

293 3696 600 3763 ducentes,
634 3690 954 3766 pontificali
986 3689 1153 3756 solio,
1188 3692 1253 3744 ut
1283 3705 1411 3744 mos
1440 3692 1530 3743 est
1588 3686 1955 3760 pontificum,
2002 3704 2265 3759 canaque
2307 3691 2667 3746 consuetudo
2697 3692 3076 3761 demonstrat,
3112 3696 3438 3766 posuerunt
3467 3692 3564 3764 (α).

295 3795 557 3850 Latatur
585 3799 890 3866 propterea
917 3788 1087 3853 Urbs,
1121 3785 1376 3843 exsultat
1417 3784 1694 3851 Ecclesia,
1726 3785 2096 3857 congaudent
2140 3801 2327 3853 senes,
2358 3790 2713 3860 ovantesque
2767 3789 2993 3846 divinas
3046 3790 3427 3846 modulantur
3456 3789 3570 3845 vir-

205 3892 259 3947 !5
294 3889 718 3967 gines'laudes,
751 3889 1014 3945 ditantur
1055 3899 1359 3957 pauperes,
1392 3880 1826 3953 locupletantur
1870 3881 2094 3953 inopes,
2128 3881 2507 3939 consolantur
2535 3883 2766 3957 captivi,
2792 3891 3158 3960 consurgunt
3203 3886 3444 3954 debiles,
3478 3886 3570 3942 in-

294 3989 453 4045 ﬁrmi
486 3990 772 4044 sanantur
799 3982 1087 4056 celerique
1117 3982 1263 4055 pede
1294 3982 1672 4044 concurrunt,
1690 3979 1831 4050 quia
1858 3982 2096 4035 extensa
2133 3979 2193 4034 in
2230 3979 2313 4035 eis
2344 3979 2583 4037 tristitia
2611 3983 2822 4050 fuerat,
2849 3984 3394 4058 contemplabantur
3423 4000 3567 4039 con-

293 4087 451 4156 fusa,
473 4089 532 4142 et
558 4081 960 4157 tranquillitas
999 4078 1269 4152 ﬂorigera
1320 4076 1865 4132 videbatur'erecta.
1901 4074 1999 4132 His
2030 4076 2226 4149 itaque
2266 4076 2539 4149 peractis,
2563 4078 2754 4136 clerus
2811 4085 2868 4137 et
2918 4085 3114 4139 cuncti
3170 4097 3436 4155 proceres
3470 4081 3570 4138 de-

276 4190 521 4244 :cretum
553 4186 966 4258 componentes
1022 4179 1277 4254 propriis
1326 4176 1601 4234 manibus
1661 4176 2104 4246 roboraverunt,
2136 4181 2192 4233 et
2223 4178 2583 4235 consuetudo
2614 4181 2808 4252 prisca
2837 4185 2902 4238 ut
2931 4183 3119 4256 poscit
3168 4180 3573 4239 invictissimis

295 4282 574 4341 Lothario
604 4260 673 4338 ac
703 4279 990 4338 Ludovico
1021 4277 1461 4335 destinaverunt
1489 4275 1792 4348 Augustis.
1816 4279 2019 4348 Ipsum
2051 4278 2245 4331 autem
2279 4275 2376 4348 qui
2406 4276 2773 4334 deducebant
2801 4278 2979 4352 legati
3000 4282 3299 4338 decretum
3331 4281 3571 4336 fuerunt

194 4383 260 4438 10
296 4382 360 4438 hi
395 4398 408 4437 :
442 4380 718 4437 Nicotaus
745 4377 1014 4435 videlicet
1042 4374 1358 4448 Anagninze
1389 4373 1633 4429 antistes
1677 4372 1964 4441 Ecclesia,
1988 4377 2045 4428 et
2075 4372 2399 4429 Mercurius
2447 4374 2728 4447 magister
2772 4374 3055 4433 militum.
3079 4377 3322 4433 Arsenio
3371 4375 3567 4448 Eugu-

294 4479 742 4552 binctepiscopo
774 4475 1074 4533 obviantes
1104 4471 1428 4529 adinvicem
1458 4469 1820 4527 confabulari
1849 4473 2149 4542 coeperunt
2177 4486 2190 4525 :
2227 4470 2327 4542 qui
2358 4469 2588 4526 callidis
2619 4488 2719 4529 eos
2751 4474 3124 4531 sermonibus
3154 4473 3366 4530 liniens
3394 4473 3572 4529 corda

300 4593 507 4635 corum
538 4575 766 4633 mollire
794 4574 987 4648 cmpit,
1020 4569 1293 4643 beatique
1343 4568 1684 4625 ﬁdelitatem
1725 4569 1853 4640 jam
1886 4568 1988 4623 fati
2032 4566 2467 4623 declinaverunt
2497 4567 2683 4638 electi,
2718 4586 2851 4626 cum
2885 4571 3100 4644 quibus
3147 4572 3325 4630 etiam
3373 4571 3571 4628 consi-

299 4675 451 4731 lium
498 4673 729 4731 studuit
757 4673 1124 4739 confirmare,
1159 4672 1227 4724 ut
1274 4666 1608 4739 depositum
1658 4665 2331 4736 anathematizatumque
2383 4664 2956 4739 Anastasium,quod
2990 4669 3187 4726 divina
3231 4669 3571 4727 nullatenus

296 4772 674 4846 permittebat
702 4769 1030 4837 clementia,
1064 4765 1439 4840 pontificatus
1469 4763 1652 4819 infula
1681 4767 2080 4836 perornarent.
2111 4763 2330 4817 Euntes
2362 4761 2558 4833 itaque
2602 4762 2891 4819 Ludovico
2922 4766 3221 4822 decretum
3269 4766 3572 4840 benignis-

195 4870 266 4927 45
302 4870 454 4927 sime
486 4869 697 4926 Caesari
724 4870 953 4936 dantes,
986 4863 1207 4938 duplici
1237 4880 1415 4936 quam
1446 4861 1745 4918 mentibus
1775 4862 2056 4935 gerebant
2084 4859 2404 4915 intentione
2437 4859 2679 4914 Romam
2711 4862 2921 4917 reversi
2955 4867 3114 4932 sunt,
3139 4865 3571 4937 adventumque

301 4968 622 5024 missorum
651 4967 994 5023 nuntiantes
1020 4961 1392 5036 imperalium
1423 4959 1701 5034 epistolas
1731 4959 1919 5016 eidem
1951 4957 2166 5030 insigni
2200 4956 2535 5013 obtulerunt
2563 4955 2765 5024 electo,
2791 4958 3007 5029 quibus
3036 4962 3285 5033 Augusti
3318 4963 3573 5019 contine-

300 5066 520 5123 bantur
548 5082 848 5139 responsa.
881 5062 988 5130 Qui
1019 5060 1179 5117 omni
1210 5058 1362 5116 clero
1395 5076 1462 5115 ac
1492 5056 1740 5131 rcipubl.
1765 5057 2011 5113 coetibus
2033 5054 2176 5112 diris
2200 5052 2750 5121 machinationibus,
2772 5054 3104 5124 consilium,
3131 5059 3286 5129 quod
3316 5058 3570 5130 Eugubii

216 5177 225 5184 '
297 5167 366 5220 ut
398 5162 778 5236 ‘praxtulimus
819 5178 953 5218 cum
1007 5157 1250 5215 Arsenio
1303 5159 1656 5223 statuerunt,
1707 5154 2025 5227 adimplere
2082 5152 2382 5225 cupientes
2438 5149 2751 5206 dicebant:
2786 5151 3001 5208 Omnes
3056 5153 3117 5208 in
3167 5154 3397 5210 obviam
3458 5155 3569 5211 im-

294 5259 617 5334 perialibus
647 5259 826 5318 simul
854 5258 1163 5315 nobiscum
1208 5254 1361 5312 exire
1394 5255 1623 5310 studete
1665 5251 1894 5326 legatis,
1929 5256 2220 5324 quatenus
2250 5248 2495 5322 Augusti
2521 5247 2891 5321 jussionibus
2941 5250 3278 5307 obedientes
3322 5252 3569 5310 existere

180 5360 263 5414 :20
297 5357 563 5416 valeatis.

370 5456 523 5513 559
552 5459 693 5513 Post
732 5427 957 5527 aliquot
1003 5467 1236 5526 quoque
1281 5448 1405 5505 dies
1463 5447 1575 5519 ipsi
1627 5464 1774 5519 quos
1832 5445 2371 5518 praenuntiaverunt
2425 5441 2591 5500 missi
2645 5442 3055 5519 Hortam,quae
3114 5445 3568 5519 quadragesimo

308 5552 593 5612 milliaria
618 5572 654 5611 a
684 5555 869 5611 Roma
899 5552 1100 5623 distat,
1121 5549 1596 5622 properaverant.
1629 5546 1712 5601 Ex
1740 5543 1957 5618 quibus
1987 5544 2047 5599 in
2079 5561 2208 5600 eam
2240 5540 2608 5612 Adelbertus,
2641 5542 3084 5618 Bernardusque
3112 5543 3363 5617 ingressi
3394 5543 3572 5600 comi-

295 5656 391 5712 tes
421 5652 656 5710 cuidam
706 5651 844 5708 olim
892 5651 1190 5714 damnato,
1233 5643 1476 5701 Arsenio
1533 5647 1776 5716 cogente
1831 5641 2212 5714 episcopo,se
2251 5641 2682 5710 coniunxerunt
2736 5642 3070 5717 presbytero
3125 5641 3361 5699 nomine
3415 5644 3569 5698 Ana-

299 5749 505 5819 stasio,
539 5750 640 5822 qui
671 5748 730 5805 in
763 5751 964 5806 sancta
997 5746 1217 5821 synodo
1272 5743 1455 5799 beatae
1512 5740 1842 5814 presidente
1874 5741 2062 5795 Leone
2092 5738 2387 5794 me'noriae
2417 5737 2665 5811 praesule
2720 5739 2829 5798 rite
2887 5744 3211 5801 secundum
3267 5758 3568 5801 sacrorum

1347 5854 1601 5901 NOTULE
1644 5853 2026 5901 MABGINABES
2069 5851 2367 5897 FAB'ROTTI
2376 5880 2390 5894 .

225 5946 309 6021 (α)
335 5946 480 6006 Hinc
504 5945 654 6003 clare
682 5944 853 6020 liquet
881 5943 1047 5999 Leoni
1074 5942 1143 6001 IV
1166 5955 1280 5999 non
1305 5938 1571 5996 Joannem
1602 5937 1733 5996 VIII
1750 5936 2044 6010 feminam,
2074 5932 2168 5992 sed
2194 5931 2551 5993 Benedictum
2574 5938 2912 6001 mamma.
