3928 6210
384 167 537 229 1347
1527 171 1948 236 ANASTASII
1995 171 2650 236 BIBLIOTHEGARII.
3637 171 3806 234 l3‘8

448 299 485 352 5
523 296 1019 370 promulgationes
1049 315 1336 355 canonum
1371 303 1932 371 excommunicatus,
1966 303 2266 376 depositus
2297 308 2354 359 et
2384 303 2758 359 anathemate
2805 301 3036 356 vinctus
3081 299 3311 356 fuerat:
3339 317 3454 356 non
3504 301 3805 358 habentes

527 397 702 451 Deum
764 413 878 467 [1N8
927 396 1130 462 oculis,
1165 397 1469 469 ipsiusque
1509 405 1795 470 prmcepta
1825 402 2179 454 confundere
2239 405 2303 454 ut
2352 399 2581 472 tyranni
2640 397 2966 470 cupientes,
2999 396 3296 453 evidenter
3353 398 3807 455 meditabantur

522 492 774 565 qualiter
803 494 1075 548 eumdem
1107 495 1356 564 ejectum
1391 495 2069 570 anathematizatumque
2115 497 2491 553 Anastasium
2537 494 2852 568 apostolico
2885 493 3142 551 culmine
3187 493 3564 552 sublevarent
3593 500 3806 553 contra

519 589 888 646 traditionem
949 591 1332 662 omniumque
1391 593 1720 648 sanctiones
1781 594 2546 666 pontificum,virorumque
2605 592 2916 648 almorum.
2952 591 3116 647 Missi
3173 608 3428 664 quoque,
3461 609 3615 666 quos
3669 595 3804 666 jam

520 706 700 761 supra
730 688 1128 754 meminimus,
1159 689 1258 761 qui
1307 690 1642 761 imperatori
1675 695 1942 747 nostrum
1973 693 2271 748 decretum
2311 689 2721 764 benignissimi
2751 689 2822 746 de
2851 689 3133 747 electione
3185 689 3482 746 Benedicti
3528 707 3806 764 porrexe-

415 787 482 843 10
520 792 670 854 rant,
707 787 763 841 id
795 790 884 841 est
912 785 1184 842 Nicolaus
1215 787 1544 860 episcopus,
1577 793 1632 844 et
1667 789 1990 845 Mercurius
2020 790 2300 862 magister
2329 789 2609 856 militum,
2644 787 2943 844 mentibus
2974 787 3276 860 cognitum
3308 793 3662 861 conceptum
3701 789 3805 846 ha-

520 885 722 940 bentes
753 883 1060 939 consilium
1095 901 1228 939 cum
1277 883 1407 940 aliis
1452 886 1806 957 quibusdam
1841 888 2084 942 Romam
2117 886 2336 960 egressi
2368 885 2677 953 nobilium,
2707 885 2767 941 id
2818 889 2906 940 est
2951 883 3226 956 Gregorio
3257 884 3806 960 Christ0phoroque

519 981 816 1052 magistris
875 981 1152 1047 militum,
1204 982 1431 1037 obviam
1465 985 1632 1054 quasi
1688 984 2056 1056 imperatoris
2087 984 2294 1056 legatis
2325 984 2565 1056 profecti
2598 987 2756 1048 sunt,
2790 983 3147 1054 Hortamque
3192 983 3650 1055 properantibus
3707 1002 3804 1040 ur-

517 1081 670 1145 bem,
706 1078 1004 1134 ﬁdelitatis
1063 1083 1494 1135 sacramentum
1527 1083 1682 1153 quod
1718 1083 1969 1138 fecerant
2027 1081 2280 1138 alxnitico
2334 1081 2644 1137 Benedicto
2704 1079 3190 1153 parvipendentes
3245 1079 3802 1172 obliviscentesque,

519 1176 698 1232 electo
733 1177 1009 1232 damnato
1061 1195 1122 1232 se
1170 1179 1619 1248 conjunxerunt,
1653 1180 2034 1252 depositoque
2083 1181 2419 1252 presbytero
2451 1178 2558 1234 hac
2590 1179 2700 1234 sub
2731 1177 3034 1234 occasione
3082 1175 3268 1252 multi,
3303 1179 3701 1235 concedentes
3735 1181 3802 1236 ab

415 1277 480 1330 15
519 1275 660 1330 urbe
693 1273 962 1328 similiter
993 1279 1358 1347 peregerunt,
1385 1276 1706 1349 cogitantes
1753 1276 2274 1348 concilium,juxta
2303 1276 2447 1332 illud
2475 1276 2770 1348 propheta;
2815 1274 3069 1348 elogium
3095 1275 3192 1348 (a),
3217 1251 3372 1348 quod
3420 1293 3538 1332 non
3589 1282 3803 1350 potue-

517 1378 653 1429 runt
685 1371 964 1427 stabilire.
990 1372 1140 1428 Urbe
1190 1371 1397 1428 deinde
1455 1379 1731 1430 exeuntes
1763 1375 1834 1431 ab
1865 1375 2041 1430 llorta
2062 1375 2231 1446 juxta
2261 1373 2560 1430 basilicam
2595 1373 2746 1430 beati
2792 1372 2988 1428 Lencii
3047 1371 3323 1445 martyris
3381 1379 3802 1446 pervenerunt,

517 1471 872 1526 insultantes
905 1475 959 1526 et
989 1470 1308 1543 gloriantes
1341 1471 1397 1526 in
1432 1490 1540 1528 sua
1567 1473 1798 1537 virtute,
1829 1489 1962 1528 cum
1995 1471 2212 1545 quibus
2243 1472 2582 1528 Radualdus
2614 1469 2951 1526 Portuensis
2979 1469 3312 1542 episcopus,
3338 1470 3802 1544 Tudertinaaque

518 1569 682 1626 urbis
718 1568 934 1640 Aga'lm
966 1567 1210 1623 antistes
1266 1569 1527 1632 aderant,
1556 1570 1654 1641 qui
1689 1569 1838 1625 clam
1872 1570 2058 1625 Roma
2103 1569 2491 1625 discesserant
2541 1569 2706 1625 urbe.
2739 1569 2809 1624 Et
2856 1569 3045 1624 eidem
3095 1567 3594 1626 anathematizato
3642 1574 3802 1627 terra

518 1666 726 1722 irretiti
758 1666 1005 1736 caligine
1037 1683 1098 1720 se
1122 1666 1461 1735 junxerant,
1496 1667 1791 1721 obscurati
1826 1684 2025 1734 sensu,
2059 1671 2252 1722 mente
2281 1670 2338 1722 et
2368 1665 2585 1721 anima.

591 1773 743 1829 560
766 1772 881 1826 Iloc
909 1773 918 1824 i
929 1787 1029 1844 pse
1053 1771 1150 1826 Dei
1174 1770 1429 1826 famulus
1453 1773 1698 1826 audiens
1722 1773 2066 1828 Benedictus
2088 1771 2326 1840 electus,
2343 1772 2408 1828 G.
2429 1772 2494 1828 G.
2521 1773 2928 1846 Majonemque
2942 1772 3302 1828 venerabiles
3325 1774 3792 1848 prudentesque,

517 1876 573 1927 et
603 1870 760 1925 omni
796 1869 1041 1925 scicntia
1074 1869 1276 1941 plenos
1307 1869 1632 1942 episcopos,
1654 1869 1798 1940 ipsis
1831 1869 2232 1942 imperialibus
2267 1869 2464 1924 missis
2494 1886 2629 1924 cum
2653 1869 2949 1942 aliquibus
2978 1871 3190 1929 litteris
3220 1873 3451 1928 studuit
3471 1874 3796 1940 destinare,

519 1987 666 2042 quos
699 1967 1200 2039 apprehendentes
1231 1967 1390 2022 Artio
1421 1967 1909 2022 anathematizato
1941 1971 2214 2022 monente
2247 1967 2580 2040 presbytero
2609 1967 2918 2023 vinxerunt
2941 1973 2998 2025 et
3027 1970 3372 2028 custodibus
3391 1971 3792 2040 tradiderunt,

518 2068 670 2140 queri
706 2083 809 2120 nec
842 2065 1072 2120 barbari
1105 2064 1351 2137 gentiles
1383 2063 1440 2118 in
1471 2063 1680 2136 legatis
1727 2065 2037 2136 perfecisse
2068 2064 2409 2120 audiuntur.
2444 2065 2823 2121 Postmodum
2874 2071 3070 2123 autem
3102 2067 3316 2140 sapius
3345 2068 3543 2126 dictus
3578 2069 3793 2127 Christi

446 2167 480 2216 5
521 2164 789 2217 minister
823 2163 1166 2216 Benedictus
1197 2161 1414 2215 electus
1445 2161 1759 2215 Adrianum
1795 2161 2087 2233 insignem
2132 2162 2598 2220 srrundicerium
2649 2168 2862 2219 sanetae
2893 2166 3049 2222 sedis
3079 2166 3410 2238 apostolicae
3443 2167 3588 2236 illis,
3621 2172 3792 2241 atque

519 2261 860 2330 Gregorium
894 2261 1098 2313 ducem
1133 2259 1360 2312 obviam
1395 2259 1622 2313 direxit.

595 2369 736 2422 561
779 2366 966 2420 Altera
1019 2371 1210 2419 autem
1246 2365 1361 2430 die,
1391 2365 1669 2419 missione
1719 2366 2046 2436 fungentes,
2079 2367 2235 2420 omni
2298 2365 2448 2421 clero
2507 2373 2836 2440 cunctoque
2893 2368 3121 2425 senatui
3153 2373 3210 2425 ct
3241 2369 3512 2426 universo
3575 2370 3786 2444 populo

523 2465 941 2519 mandaverunt
972 2466 1034 2516 ut
1063 2462 1291 2516 obviam
1326 2461 1442 2516 illis
1475 2465 1635 2516 trans
1658 2461 1916 2516 Milvium
1945 2466 2178 2534 pontem
2203 2461 2572 2533 imperatoris
2593 2465 2966 2537 jussionibus
2986 2467 3334 2523 irent.Tunc
3365 2485 3574 2524 omnes
3597 2467 3789 2524 dolum

519 2563 842 2618 nescientes
870 2559 1113 2616 Romani
1139 2577 1327 2631 neque
1352 2559 1639 2615 fallaciam
1665 2559 2097 2630 acquieverunt,
2114 2558 2495 2632 Milviumquc
2517 2566 2677 2618 trans
2698 2567 2933 2635 pontem
2956 2562 3167 2619 Urbem
3191 2564 3410 2638 egressi
3434 2565 3789 2620 unanimiter

518 2663 916 2732 perrexerunt.
942 2656 1395 2728 Properantibus
1428 2659 1663 2730 quidem
1697 2657 1765 2711 ad
1801 2654 2076 2728 martyris
2108 2657 2236 2727 jam
2267 2656 2366 2712 fati
2405 2657 2732 2727 basilicam,
2761 2659 2874 2732 ipsi
2905 2660 2975 2715 de
3005 2660 3222 2733 quibus
3243 2661 3371 2732 jam
3403 2678 3588 2734 supra
3617 2661 3784 2736 legati

445 2759 482 2814 5
520 2755 919 2820 meminimus,
949 2753 1136 2809 eidem
1161 2755 1423 2826 deposito
1445 2755 2050 2825 anathematizatoque
2071 2753 2408 2826 presbytero
2431 2756 2702 2829 episcopo
2719 2756 2910 2812 clerus
2931 2757 3206 2814 Romanis
3227 2757 3416 2830 plebis
3431 2775 3498 2814 ac
3520 2775 3784 2831 proceres

514 2853 910 2919 obviaverunt,
945 2868 1080 2906 cum
1113 2851 1330 2923 quibus
1362 2850 1576 2924 pariter
1604 2851 1934 2924 equitantcs
1965 2867 2068 2923 per
2096 2851 2338 2908 Neronis
2369 2869 2640 2924 campum
2675 2852 2918 2909 Urbium
2951 2853 3079 2924 jam
3107 2853 3340 2910 mmniis
3371 2855 3779 2928 properabant.

513 2950 829 3006 Adrianum
856 2965 1082 3021 qusque
1107 2947 1396 3021 insignem
1421 2949 1911 3016 sccundicerium,
1929 2949 1999 3005 de
2031 2967 2143 3022 quo
2175 2967 2356 3022 supra
2376 2950 2707 3016 retulimus,
2728 2949 3007 3007 vallatum
3031 2951 3378 3008 custodibus
3399 2952 3781 3020 deducebant,

515 3047 857 3103 Gratianum
878 3063 1011 3101 vero
1033 3045 1181 3100 sacri
1216 3063 1394 3118 super
1419 3046 1588 3100 istam
1615 3045 1952 3118 patriarchii
1983 3050 2158 3118 atque
2181 3046 2554 3103 Theodorum
2597 3047 2966 3104 seriniarium
3009 3047 3511 3121 apprehendentes
3530 3049 3784 3106 reclusos

515 3145 734 3200 lanceis
757 3143 1082 3199 retinebant
1103 3147 1158 3198 et
1177 3142 1466 3209 astrictos,
1481 3144 1635 3215 quod
1663 3143 1999 3199 nullatenus
2019 3145 2421 3217 Augustorum
2437 3145 2706 3216 jussione
2726 3149 3121 3218 praeceperant
3140 3161 3248 3201 nec
3265 3161 3466 3202 eorum
3491 3144 3784 3202 voluntate

406 3244 476 3300 40
512 3243 893 3308 dictaverant,
911 3241 1011 3296 sed
1035 3241 1144 3297 hoc
1168 3239 1367 3295 infelix
1387 3241 1632 3312 depositi
1662 3241 2036 3314 prazsumptio
2061 3243 2269 3314 agebat
2290 3243 2631 3315 presbyteri,
2648 3241 2748 3314 qui
2765 3243 3082 3299 virtutibus
3103 3243 3456 3300 Leonianam
3478 3259 3616 3299 cum
3637 3243 3776 3316 ipsis

513 3339 755 3396 Cresaris
787 3339 991 3411 legatis
1022 3337 1356 3410 ingrediens
1385 3337 1597 3392 Urbem
1631 3337 2027 3410 apostolorum
2061 3343 2294 3410 repente
2327 3344 2504 3411 qnam
2536 3356 2651 3394 non
2686 3339 2966 3395 debuerat
2996 3339 3278 3412 principis
3312 3339 3554 3396 introire
3584 3339 3780 3397 basili-

512 3454 662 3508 cam,
696 3435 794 3491 Dei
829 3435 1252 3507 parvipcndens
1272 3434 1592 3504 judicium,
1618 3435 1894 3490 audacter
1921 3436 2152 3503 invasit,
2180 3439 2455 3507 tantaque
2487 3452 2552 3491 ac
2581 3435 2721 3492 talia
2751 3435 3020 3492 infaustae
3040 3436 3398 3510 operationis
3426 3435 3586 3493 mala
3611 3453 3774 3510 pere-

513 3534 599 3606 git
629 3532 826 3604 qualia
849 3548 952 3587 nec
985 3532 1272 3586 Saracena
1301 3531 1358 3585 in
1392 3547 1460 3586 ea
1490 3533 1756 3603 pefficere
1789 3549 2000 3589 manus
2022 3531 2396 3605 prwsumpsit
2413 3533 2502 3588 vel
2524 3533 2809 3588 arbitrata
2833 3537 2942 3590 est.
2969 3534 3262 3607 Imagines
3287 3535 3448 3590 enim
3473 3534 3783 3608 confringit

511 3629 750 3703 ignique
780 3628 1186 3696 concremavit,
1212 3632 1268 3684 et
1297 3629 1582 3700 synodum
1615 3647 1792 3702 quam
1825 3647 2004 3703 supra
2037 3631 2357 3686 sanctuarii
2383 3631 2600 3702 januas
2630 3630 2809 3686 beata:
2831 3631 3129 3688 memoeia:
3164 3633 3276 3688 Leo
3301 3631 3465 3705 pingi
3489 3647 3645 3704 papa
3664 3633 3782 3704 jus-

406 3730 474 3784 15
511 3732 667 3784 serat
696 3726 1001 3793 destruxit,
1028 3725 1376 3798 Dominique
1398 3725 1537 3782 Jesu
1561 3727 1772 3782 Christi
1795 3729 2038 3799 ejusque
2063 3745 2294 3799 semper
2324 3727 2580 3801 Virginis
2601 3727 2910 3784 Genitricis
2938 3727 3170 3784 iconam
3199 3728 3463 3802 bipenni,
3486 3729 3642 3801 quod
3668 3746 3776 3786 non

509 3827 808 3890 debuerat,
835 3825 904 3880 ad
942 3824 1059 3879 ima
1091 3824 1320 3893 dejecit.
1347 3841 1450 3897 pro
1482 3842 1598 3897 quo
1649 3825 1975 3882 detestabili
2016 3842 2188 3898 opere
2217 3825 2546 3882 orthodoxae
2577 3827 2768 3882 cuncti
2825 3825 3078 3884 cultores
3134 3826 3269 3882 fidei
3326 3825 3614 3901 lacrymas
3650 3827 3778 3884 fun-

509 3925 714 3979 dentes
745 3921 1230 3994 ingemiscebant,
1251 3925 1310 3976 et
1338 3921 1579 3978 tristitia
1609 3921 1988 3995 replebantur
2013 3939 2081 3978 ac
2111 3940 2376 3979 maerore.

590 4031 742 4088 562
775 4028 876 4084 His
907 4029 1100 4101 itaque
1131 4027 1381 4100 peractis
1418 4027 1615 4083 hostili
1637 4029 1850 4085 virtute
1909 4029 2033 4101 ipse
2057 4030 2224 4084 Rom.
2249 4028 2549 4101 depositus
2577 4029 2904 4103 ingreditur
2960 4030 3280 4104 presbyter,
3303 4030 3682 4104 celeriterque
3709 4031 3776 4087 ad

508 4129 895 4186 Lateranense
939 4125 1270 4199 properavit
1299 4143 1435 4181 cum
1466 4125 1856 4199 iniquissimis
1879 4127 2007 4198 ejus
2039 4127 2414 4200 sequacibus,
2435 4131 2494 4184 et
2523 4127 2788 4185 saeculari
2823 4128 3086 4202 potentia
3111 4127 3536 4201 patriarehium
3560 4129 3766 4186 mults-

508 4243 620 4300 que
651 4225 899 4282 telorum
941 4223 1254 4297 generibus
1286 4225 1504 4296 januas
1525 4225 1653 4296 ejus
1683 4224 1950 4297 aperiens
1969 4229 2253 4298 tyrannus
2270 4225 2446 4282 veluti
2471 4231 2752 4282 cruentus
2774 4243 2873 4282 eas
2899 4225 3178 4293 introivit,
3202 4225 3467 4298 solioque
3491 4227 3643 4299 quod
3678 4241 3776 4282 nec

509 4325 788 4382 manibus
819 4323 1102 4378 debuerat
1141 4325 1497 4378 contrectare
1530 4323 1762 4390 resedit,
1798 4327 1855 4378 et
1884 4323 2118 4379 cuidam
2167 4322 2634 4396 Balneoregiensi
2667 4323 2960 4396 episcopo,
2985 4323 3084 4396 qui
3130 4322 3499 4380 vocitabatur
3543 4323 3773 4380 nomine

429 4425 466 4480 5
504 4424 823 4488 Romanus,
853 4423 1078 4475 tantum
1113 4436 1246 4475 cum
1279 4437 1394 4474 non
1427 4436 1597 4492 opere
1627 4420 1830 4476 ferinis
1859 4421 2246 4477 obumbratus
2276 4421 2574 4477 mentibus
2604 4425 2958 4489 cerneretur,
2985 4421 3256 4493 pracepit
3275 4425 3344 4476 ut
3365 4419 3767 4478 beatissimum

505 4520 1094 4590 Benedictum,quem
1127 4517 1321 4573 omnis
1352 4518 1616 4574 Romana
1643 4521 1708 4574 ut
1740 4517 2108 4591 praetulimus
2136 4517 2300 4590 plebs
2327 4518 2598 4592 elegerat,
2623 4519 2941 4591 pontiﬁcali
2963 4535 3078 4591 quo
3099 4518 3396 4575 residebat
3413 4518 3647 4587 ejiceret
3676 4534 3763 4573 so-

503 4619 602 4675 lio.
627 4616 736 4685 Qui
765 4615 938 4672 etiam
972 4615 1322 4670 vestimenta
1351 4614 1727 4686 pontificalia,
1755 4616 1971 4688 quibus
2001 4615 2246 4672 indutus
2275 4620 2418 4683 erat,
2453 4621 2519 4672 ut
2549 4615 2837 4672 barbarus
2866 4615 3002 4672 tulit
3031 4619 3204 4689 atque
3234 4614 3595 4688 exspoliavit,
3620 4613 3772 4670 mul-

503 4717 698 4790 tisque
727 4731 861 4772 eum
896 4712 1128 4786 injuriis
1148 4713 1604 4784 verberibusque
1635 4713 1895 4785 replevit.
1920 4715 2085 4770 Tunc
2115 4713 2240 4787 ipse
2270 4713 2571 4786 depositus
2598 4713 2947 4770 Anastasius
2977 4713 3250 4770 eumdem
3281 4711 3772 4787 benignissimum

502 4813 878 4872 Benedictum
911 4811 1183 4877 electum,
1217 4810 1480 4866 humana
1509 4827 1625 4866 non
1657 4811 1756 4866 Dei
1787 4811 1999 4868 virtute
2037 4811 2401 4878 custodibus,
2434 4809 2536 4884 qui
2583 4810 2802 4868 arctius
2851 4827 2987 4868 eum
3035 4811 3526 4884 constringerent,
3547 4810 3769 4866 tradere

397 4917 464 4971 10
501 4911 748 4980 studuit,
773 4908 983 4966 Joanni
1019 4907 1242 4964 scilicet
1269 4908 1639 4980 Adrianoque
1668 4909 1894 4963 dudum
1926 4908 2418 4982 presbyteris,qui
2449 4925 2484 4964 a
2513 4909 2702 4964 Leone
2745 4906 2994 4980 praesule
3023 4924 3127 4980 pro
3156 4906 3396 4964 illorum
3431 4903 3766 4964 criminibus

502 5008 762 5067 damnati
794 5009 1023 5064 fuerant
1053 5010 1226 5078 atque
1258 5005 1505 5078 depositi
1533 5023 1604 5060 ex
1631 5005 1788 5062 omni
1823 5006 2166 5063 sacerdotali
2197 5005 2408 5063 otﬁcio.
2439 5007 2569 5062 Mox
2598 4999 3045 5062 universa‘Urbs
3077 5003 3307 5061 ululatu
3329 5003 3657 5078 amplisque
3686 5019 3767 5058 re-

503 5109 659 5182 pleta
689 5110 778 5164 est
809 5105 1062 5173 ﬂetibus,
1089 5108 1145 5159 et
1173 5103 1333 5177 gravi
1365 5121 1665 5160 murmure
1697 5108 1976 5175 quassata
1995 5105 2248 5176 jacebat.
2279 5102 2439 5160 Illico
2461 5103 2700 5175 quidem
2721 5120 2926 5160 omnes
2955 5102 3211 5176 episcopi
3242 5101 3550 5174 clerusqns
3579 5117 3647 5156 ac
3667 5099 3763 5156 Dei

503 5205 757 5281 populus
789 5207 992 5260 sancta
1019 5206 1355 5258 sanctorum
1388 5201 1660 5275 ingressi,
1682 5203 1996 5258 tundentes
2034 5206 2269 5274 pectora
2301 5218 2408 5257 sua
2437 5201 2694 5274 profusis
2725 5199 2998 5274 lacrymis
3029 5200 3186 5256 intra
3211 5198 3566 5256 vestibulum
3593 5201 3655 5254 et
3681 5196 3760 5252 al-

501 5310 628 5360 tare
659 5302 781 5360 solo
824 5299 1120 5374 prostrati,
1147 5299 1441 5372 jaccbant,
1466 5299 1565 5354 Dei
1597 5303 1830 5354 orantes
1865 5299 2230 5370 majestatem
2261 5302 2327 5354 ut
2359 5297 2506 5354 tanti
2536 5297 2750 5355 erroris
2799 5297 3047 5372 coligine
3077 5314 3186 5354 sua
3215 5313 3318 5354 eos
3344 5295 3546 5354 vitrice
3569 5295 3761 5352 dextra

396 5402 466 5458 45
501 5401 797 5458 liberaret.
822 5397 1096 5470 Septima:
1125 5401 1250 5452 tum
1287 5395 1437 5452 feriae
1470 5413 1680 5452 cursus
1711 5397 2114 5469 peragebatur.

573 5510 723 5566 563
745 5507 942 5563 Altera
963 5521 1094 5560 vero
1112 5503 1204 5560 die
1226 5501 1482 5575 praedicti
1503 5501 1757 5576 episcopi
1781 5521 1916 5559 cum
1943 5503 2214 5560 universo
2233 5503 2384 5560 clero
2403 5519 2469 5558 ac
2491 5501 2704 5576 populo
2727 5501 2786 5558 in
2805 5501 3126 5559 Emiliante
3157 5501 3332 5558 titulo
3355 5499 3754 5565 convenerunt,

500 5605 560 5662 in
578 5623 690 5680 quo
712 5605 890 5662 etiam
909 5600 1152 5674 Augusti
1174 5600 1386 5674 saepius
1409 5599 1548 5656 dicti
1567 5599 1741 5672 legati
1766 5601 2079 5658 frementes
2099 5617 2429 5674 magnaque
2450 5603 2742 5656 tumentes
2759 5599 3034 5674 superbia
3047 5603 3458 5675 pervenerunt,
3469 5601 3527 5656 et
3543 5595 3756 5670 impetu

1537 5794 1796 5846 NOTULE
1835 5797 2143 5847 FABROTTI
2185 5795 2593 5846 KARGINALES.

433 5888 508 5964 (a)
535 5888 688 5950 Psal.
719 5903 816 5947 xx.
