3928 6210
147 176 282 237 1349
782 172 1154 235 HISTORIA
1196 174 1299 234 DE
1344 172 1541 237 VITIS
1588 175 1775 237 ROM.
1823 176 2054 238 PONT.
2087 210 2165 228 ρ-
2209 174 2695 239 BENEDICTUS
2740 176 2845 238 III.
3360 179 3519 243 I350

276 306 423 362 facto
452 303 803 368 absidam,in
839 320 956 376 qua
985 303 1238 376 episcopi
1273 305 1587 377 psallentes
1608 307 2084 363 residebantcum
2098 307 3515 381 clero,leonesvelutiferocissimiconscenderunt,

273 401 591 473 erectisque
613 400 833 472 jaculis
862 418 961 457 eos
990 403 1353 458 conabantur
1382 403 1593 459 elidere
1625 405 1983 475 ensilmsque
2014 405 2532 477 punire,dicentes:
2554 405 2995 476 Acquiescite,et
3009 411 3197 463 vestro
3227 425 3517 467 consensu

201 503 233 557 5
266 497 581 556 Pontilicali
629 499 977 555 Anastasius
1024 498 1269 555 culmini
1319 501 1689 573 subrogatur.
1726 500 1812 556 Illi
1863 519 1996 557 vero
2049 507 2251 557 sancto
2285 501 2486 572 repleti
2534 501 2754 573 Spiritu
2790 502 3182 569 afﬁrmabant,
3213 506 3514 563 dicentes:

265 598 569 668 Nunquam
604 595 664 651 in
696 596 1029 668 depositum
1061 601 1117 653 et
1149 597 1520 653 anathemate
1550 615 1585 653 a
1616 604 1818 653 sancto
1850 598 2099 670 praesule
2131 600 2417 671 beataque
2448 599 2668 671 synodo
2700 597 2961 653 vinetum
2994 602 3519 669 consentimus,sed

264 694 449 750 modis
479 694 754 749 omnibus
805 693 1117 766 abjicimus
1165 698 1221 749 et
1267 712 1302 750 a
1348 695 1449 749 Dei
1500 695 1746 751 ccetibus
1785 712 2182 768 segregamus.
2218 696 2333 767 Ipsi
2391 696 2643 767 denique
2691 696 2995 751 furibundi
3042 697 3378 755 verberibus
3426 717 3524 756 eos

263 791 682 863 tormentisque
711 790 985 847 dicebant
1015 808 1077 846 se
1106 791 1249 847 velle
1279 809 1378 847 eos
1408 792 1745 864 punire,sed
1780 794 2158 848 beatissimus
2190 793 2409 865 Deique
2440 793 2863 865 omnipotentis
2895 794 3232 860 antistes,et
3260 796 3362 867 qui
3391 813 3523 852 cum

265 889 404 962 ipsis
436 889 955 956 aderant,terrores
983 888 1070 943 vcl
1105 889 1296 945 minas
1325 906 1526 945 eorum
1561 891 2043 961 parvipendentes
2074 890 2407 946 immobiles
2440 890 3103 963 perstiterunt.Quorum
3136 894 3525 949 constantiam

177 989 234 1044 10
259 989 378 1058 jam
411 985 551 1041 dicti
583 985 786 1042 Franci
820 991 1124 1042 cernentes
1156 987 1227 1041 ab
1258 986 1341 1042 eis
1372 986 1459 1042 ira
1489 987 1886 1043 discesserunt
1914 986 2137 1059 repleti,
2172 992 2229 1043 et
2260 988 2318 1041 in
2347 989 2643 1059 quoddam
2674 988 3011 1043 cubiculum
3055 989 3243 1061 ipsius
3273 990 3527 1047 basilica;

268 1088 402 1139 sunt
432 1083 705 1155 ingressi,
740 1083 1083 1155 diversaque
1113 1084 1358 1140 consilia
1398 1084 1853 1151 meditabantur,
1887 1084 1944 1139 in
1992 1085 2147 1156 quod
2194 1086 2369 1140 etiam
2420 1085 2589 1141 Ostiae
2642 1091 2697 1141 et
2746 1086 2953 1141 Albani
3002 1088 3248 1143 antistes
3296 1095 3527 1144 coactos

267 1181 884 1253 introduxerunt,quos
915 1181 1165 1237 molliori
1197 1198 1466 1237 sermone
1496 1181 1852 1253 blandisque
1884 1183 2156 1238 reducere
2182 1183 2619 1238 adulationibus
2649 1182 3041 1251 decertabant,
3060 1187 3118 1239 et
3147 1187 3524 1256 postmodum

266 1278 484 1351 asperis
516 1278 1008 1351 promissionibus
1038 1279 1727 1351 circumdabant,quibus
1748 1279 1997 1334 stridula
2018 1278 2193 1335 etiam
2216 1296 2351 1336 voce
2380 1278 3023 1335 dicebantzNullatenus
3035 1281 3211 1336 vitam
3227 1283 3525 1354 possidere

266 1375 630 1448 potestis,sed
664 1375 898 1448 capitali
928 1376 1309 1447 subjacebitis
1341 1376 1771 1443 sanctioni,nisi
1805 1377 2258 1432 consecrationis
2290 1377 2592 1433 Anastasio
2624 1376 2870 1449 gratiam
2904 1377 3295 1435 dederitis.llli
3327 1384 3523 1437 autem

175 1474 234 1531 l5
266 1476 395 1529 ante
425 1489 487 1528 se
516 1472 691 1527 morti
726 1474 954 1529 tradere
980 1474 1350 1546 proferebant
1379 1474 1869 1545 membratimque
1912 1492 1974 1528 se
2021 1473 2251 1541 laniari,
2285 1492 2463 1545 quam
2514 1474 2796 1546 deposito,
2830 1474 3202 1530 anathemate
3250 1477 3525 1533 damnato

268 1570 718 1627 consecrationis
749 1570 1073 1626 tribuerent
1101 1570 1930 1643 benedictionem.Arguebant
1947 1576 2143 1626 autem
2167 1572 2400 1627 eosdem
2416 1572 2651 1637 missos,
2666 1576 2722 1627 et
2738 1572 3035 1627 universas
3050 1573 3528 1632 demonstrabant

267 1684 437 1724 sacrm
463 1668 863 1739 responsionis
889 1669 1233 1741 scripturas,
1266 1669 1515 1740 qualiter
1566 1668 1903 1724 nullatenus
1954 1670 2225 1724 eumdem
2276 1671 2606 1742 depositum
2660 1670 2718 1724 in
2770 1670 2975 1725 ordine
3022 1687 3195 1741 quem
3251 1674 3527 1743 poscebat

267 1765 617 1822 constituere
646 1764 985 1822 valuissent.
1015 1766 1282 1822 Protinus
1311 1784 1443 1822 vero
1477 1766 1755 1822 secretius
1786 1766 2049 1839 linguam
2081 1783 2282 1822 eorum
2312 1766 2751 1822 eonl'abulantes
2784 1767 2945 1822 furor
2975 1768 3073 1839 qui
3107 1768 3161 1821 in
3193 1770 3277 1824 eis
3306 1772 3523 1826 exube-

266 1864 426 1918 rabat
460 1862 695 1933 minuit,
732 1863 1141 1935 mentibusque
1173 1882 1374 1919 eorum
1407 1864 1714 1919 videbatur
1742 1864 2042 1936 expulsus.
2948 1862 2962 1871 ’

335 1960 485 2016 564
518 1958 714 2015 Tertia
740 1977 872 2015 vero
906 1960 1047 2016 feria
1078 1960 1406 2016 lucescente
1437 1979 1641 2016 omnes
1670 1961 1925 2033 episcopi
1958 1979 2090 2016 cum
2124 1960 2275 2016 clero
2307 1979 2371 2016 ac
2403 1961 2617 2033 populo
2650 1962 2707 2015 in
2761 1961 3001 2017 basilica
3032 1962 3363 2032 Salvatoris,
3398 1982 3524 2036 qua!

266 2054 744 2111 Constantiniana
774 2055 1345 2129 dicitur,congregati
1378 2062 1607 2112 sunt.ln
1641 2075 1757 2129 qua
1787 2058 1978 2112 omnis
2003 2057 2257 2128 plebs,ac
2277 2057 2472 2129 p0pu1i
2492 2057 3521 2115 multitudoextensavoceclamavit:

270 2154 637 2208 Benedictum
672 2153 1077 2208 beatissimum
1112 2172 1323 2226 papam
1355 2154 1646 2223 volumus,
1682 2156 1993 2227 ipsumque
2043 2156 2446 2209 desideramus
2478 2172 2489 2209 :
2525 2156 2681 2226 quod
2701 2157 2825 2225 jam
2861 2156 2960 2209 fati
2993 2157 3296 2211 audientes
3328 2157 3521 2230 legati,

262 2251 645 2306 mirabantur.
671 2250 949 2306 Videntes
979 2252 1173 2323 itaque
1205 2252 1344 2324 quia
1372 2252 1431 2307 in
1459 2253 1834 2307 Anastasium
1868 2252 2081 2307 Christi
2115 2253 2308 2307 unitas
2339 2251 2608 2324 almaque
2640 2253 2946 2307 concordia
2989 2253 3150 2307 nullo
3186 2254 3526 2310 flectebatur

203 2348 234 2401 5
266 2346 582 2421 ingenio,in
615 2348 870 2420 quodam
902 2348 1239 2421 patriarchii
1275 2348 1544 2405 cubiculo
1576 2350 1881 2421 episcopos
1914 2355 2390 2417 convocaverunt,
2425 2354 2599 2421 atque
2630 2348 2772 2404 alios
2804 2350 3133 2405 sacerdotes
3160 2368 3294 2405 cum
3327 2352 3479 2407 clero
3512 2370 3526 2408 :

268 2462 393 2501 cum
423 2445 644 2517 quibus
673 2445 935 2519 amplum
967 2446 1185 2519 agitare
1217 2448 1573 2503 studuerunt
1604 2448 2072 2513 conflictum;sed
2094 2453 2212 2502 tam
2236 2447 2638 2518 probabilibus
2652 2446 3285 2503 missorumaudaciam
3301 2467 3533 2523 supera-

264 2548 464 2599 verunt
497 2543 867 2600 sermonibus
900 2549 1072 2616 atque
1104 2544 1481 2612 doctrinis,ut
1508 2544 1763 2600 infausta
1797 2545 2029 2599 illorum
2056 2544 2267 2600 mentis
2291 2544 2564 2615 cogitatio
2583 2544 2906 2616 contempla
2921 2550 3078 2600 retur
3098 2547 3347 2601 contrita
3361 2552 3535 2619 atque

268 2642 529 2697 confusa.
562 2643 679 2697 Hoc
710 2648 1011 2697 cernentes
1043 2642 1207 2696 missi
1245 2642 1676 2697 venerabilibus
1702 2644 1974 2698 dixerunt
2006 2642 2577 2714 cpiscopis:Accipite
2607 2648 2862 2697 vestrum
2893 2643 3236 2713 electum,et
3264 2644 3321 2699 in
3354 2662 3532 2717 quam

268 2739 436 2794 vultis
466 2739 772 2794 basilicam
806 2756 940 2794 eum
973 2739 1262 2795 deducite.
1296 2740 1364 2794 Et
1395 2740 1566 2795 modo
1612 2740 2009 2805 Anastasium,
2045 2756 2219 2811 quem
2268 2740 2599 2811 depositum
2650 2739 2864 2806 dicitis,
2899 2740 2970 2794 ab
3021 2740 3129 2796 hoc
3178 2727 3531 2812 patriarchio

181 2834 240 2890 40
273 2836 558 2908 ejicimus.
591 2837 851 2908 Tresque
882 2840 984 2909 per
1013 2836 1135 2892 dies
1157 2836 1452 2908 jejunium
1485 2854 1617 2892 cum
1649 2836 2012 2892 orationibus
2046 2835 2425 2902 celebremus,
2458 2841 2514 2890 et
2542 2836 2917 2908 postmodum
2949 2837 3236 2908 quidquid
3276 2855 3533 2911 superna

269 2932 575 2990 clementia
600 2934 1089 2989 demonstraverit
1118 2934 1448 3007 impleatur.
1472 2934 1721 2989 Almifici
1753 2950 1886 2990 vero
1919 2932 2173 3006 episcopi
2207 2932 2606 2987 clamaverunt
2638 2949 2649 2986 :
2684 2932 2964 3002 Ejiciatur
2994 2938 3194 2989 nostra
3221 2935 3530 3006 praesentia

268 3030 493 3087 invasor
524 3036 701 3102 atque
730 3031 1032 3104 depositus
1059 3030 1489 3098 Anastasius,et
1519 3031 1590 3087 ab
1621 3031 1729 3086 hoc
1762 3030 2083 3103 expellatur
2112 3030 2546 3102 patriarchio,et
2575 3035 2715 3085 tunc
2742 3031 2990 3087 facimus
3008 3034 3164 3104 quod
3188 3032 3524 3090 hortamini.

332 3128 479 3185 565
534 3126 692 3184 Illico
742 3128 1054 3200 praedictus
1105 3128 1448 3183 Anastasius
1499 3144 1713 3201 magna
1762 3145 1896 3183 cum
1937 3127 2300 3200 turpitudine
2349 3128 2419 3183 de
2466 3127 2817 3200 patriarchio
2865 3129 3085 3199 ejectus
3117 3134 3293 3202 atque
3323 3131 3529 3204 expul-

270 3242 384 3289 sus.
421 3229 552 3294 est;
606 3228 672 3280 ut
724 3242 927 3281 omnes
977 3224 1358 3282 multimodas
1403 3226 1732 3282 orthodoxae
1780 3226 2032 3281 cultores
2099 3226 2231 3281 ﬁdei
2276 3225 2523 3281 Domino
2582 3229 2777 3281 nostro
2825 3226 2965 3281 Jesu
3013 3226 3241 3283 Christo
3299 3229 3527 3299 persol-

268 3327 462 3379 verent
508 3328 723 3397 grates.
776 3322 1042 3396 Episcopi
1088 3322 1321 3396 quidem
1372 3340 1507 3379 cum
1556 3323 1827 3380 universo
1876 3323 2028 3379 clero
2080 3340 2145 3379 ac
2193 3324 2408 3397 p0pulo
2455 3324 2861 3380 beatissimum
2914 3324 3262 3397 accipientes
3293 3327 3535 3383 Benedi-

272 3425 424 3478 ctum
473 3423 728 3494 ejectum
780 3422 850 3478 de
889 3422 1151 3490 basilica,
1204 3421 1262 3477 in
1333 3438 1452 3493 qua
1499 3420 1637 3477 cleri
1689 3424 2147 3490 commorantur,
2199 3423 2600 3490 deduxerunt;
2652 3421 2791 3494 quia
2841 3421 3057 3477 ibidem
3110 3422 3452 3480 custodibus
3498 3442 3533 3481 a

206 3519 239 3573 5
273 3520 589 3577 saevissimo
640 3520 827 3574 fuerat
874 3520 1181 3576 Anastasio
1230 3518 1567 3576 collocatus.
1619 3520 1725 3586 Qui
1776 3537 1910 3575 cum
1959 3519 2118 3574 omni
2166 3519 2464 3576 alacritate
2513 3524 2685 3593 atque
2733 3519 3117 3576 exsultatione
3163 3537 3295 3576 cum
3322 3520 3450 3594 ipso
3471 3522 3532 3578 in

272 3617 571 3674 basilicam
602 3616 937 3684 Salvatoris,
972 3635 1098 3690 quas
1128 3616 1609 3673 Constantiniana
1637 3617 1869 3684 dicitur,
1903 3618 2445 3674 descenderunt.De
2476 3636 2594 3690 qua
2623 3623 2919 3685 exeuntes,
2953 3635 3086 3674 eum
3118 3636 3297 3692 super
3317 3636 3534 3692 equum

274 3720 526 3783 ovantes,
564 3714 623 3769 in
656 3732 770 3787 quo
805 3716 917 3770 Leo
950 3712 1161 3786 praesul
1210 3715 1408 3769 sedere
1454 3718 1852 3784 consueverat,
1886 3718 2224 3786 posuerunt.
2270 3718 2451 3780 Quem
2499 3715 2675 3771 etiam
2708 3732 2921 3789 magna
2950 3716 3149 3788 populi
3178 3718 3538 3788 pra‘cedente

272 3818 498 3868 caterva
555 3810 616 3866 in
667 3812 972 3867 basilicam
1021 3811 1121 3866 Dei
1169 3810 1497 3881 Genitricis,
1549 3829 1677 3883 quae
1726 3812 1797 3866 ad
1848 3812 2108 3882 Praesepe
2158 3810 2392 3879 dicitur,
2454 3812 2864 3868 deduxerunt:
2916 3811 2974 3867 in
3041 3830 3158 3885 qua
3191 3814 3439 3885 jejuniis
3479 3819 3537 3871 et

273 3910 634 3966 orationibus
665 3910 854 3965 tribus
885 3909 1091 3965 diebus
1121 3908 1508 3981 noctibusque
1536 3912 1828 3976 vacantes,
1864 3925 2160 3963 summam
2194 3911 2557 3980 majestatem
2591 3908 2820 3964 Domini
2852 3908 3055 3964 multis
3086 3926 3219 3964 cum
3259 3909 3535 3983 lacrymis

176 4005 240 4060 lO
272 4008 606 4064 exorabant.

341 4105 492 4161 568
521 4104 874 4177 Expletoque
896 4104 1150 4176 jejunio,
1198 4120 1401 4160 omnes
1452 4103 1549 4176 qui
1588 4121 1649 4160 se
1698 4102 2186 4158 anathematizato
2236 4102 2615 4175 depositoque
2664 4103 3086 4173 conjunxerant
3124 4102 3318 4159 divino
3369 4121 3531 4160 com-

271 4203 468 4274 puncti
520 4207 667 4257 nutu
717 4201 934 4274 Deique
985 4201 1373 4257 inﬂammanti
1424 4202 1635 4269 favore,
1688 4200 1745 4255 in
1785 4200 1913 4272 jam
1962 4200 2140 4255 fatam
2188 4199 2493 4255 basilicam
2524 4200 2583 4255 in
2616 4217 2731 4272 qua
2762 4199 3161 4268 beatissimus,
3192 4201 3530 4272 utprzetuli-

272 4316 422 4367 mus,
456 4299 803 4355 Benedictus
843 4302 984 4366 erat,
1020 4299 1330 4354 unanimes
1362 4302 1779 4365 convenerunt,
1829 4303 1887 4354 et
1930 4298 2310 4369 procedentes
2356 4297 2600 4370 vestigia
2653 4296 2840 4370 ipsius
2889 4296 3142 4352 osculari
3191 4303 3527 4370 casperunt;

272 4396 368 4469 qui
429 4401 487 4453 et
534 4396 805 4452 dicebant
838 4412 850 4452 :
883 4396 1240 4464 Erravimus,
1274 4400 1330 4451 et
1376 4395 1601 4452 lubrico
1650 4414 1684 4452 a
1732 4400 1787 4451 te
1834 4396 1979 4467 pede
2028 4393 2451 4461 discessimus;
2505 4395 2604 4450 sed
2655 4399 2854 4467 pastor
2893 4392 3070 4450 veluti
3123 4394 3533 4453 sanctissimus

203 4491 237 4546 5
270 4493 464 4549 ovium
521 4491 755 4565 suscipe
804 4490 1040 4565 agmina
1085 4509 1189 4564 per
1234 4509 1443 4548 nemus
1491 4492 1765 4560 errantia,
1818 4492 2118 4563 fessosque
2148 4489 2279 4545 sinu
2311 4489 2615 4562 agniculos
2663 4489 2889 4563 collige,
2940 4489 3175 4563 tuisque
3207 4508 3312 4547 nos
3333 4491 3536 4547 obum-

269 4590 373 4645 bra
402 4591 516 4647 sub
550 4590 676 4645 alis.
711 4588 986 4646 Protinus
1036 4590 1160 4662 ipse
1210 4607 1244 4645 a
1292 4590 1409 4645 Deo
1457 4594 1755 4661 protectus
1805 4588 2153 4645 Benedictus
2200 4587 2454 4643 extensis
2498 4586 2775 4653 brachiis,
2809 4587 2972 4660 puris
3003 4588 3298 4644 mentibus
3329 4588 3533 4644 corde-

271 4703 381 4759 que
430 4687 687 4760 benigno
739 4703 941 4742 omnes
993 4686 1265 4759 amplecti
1313 4686 1570 4753 sitiebat,
1620 4691 1677 4743 et
1745 4686 1961 4743 osculis
2009 4686 2377 4759 perornabat,
2425 4685 2643 4756 quibus
2693 4684 2870 4740 etiam
2921 4684 3196 4742 dicebat:
3252 4685 3531 4757 Gaudete,

269 4785 483 4859 inquit,
531 4784 923 4852 dilectissimi,
969 4788 1026 4841 et
1075 4784 1264 4858 magis
1307 4782 1610 4851 exsultate',
1662 4786 1803 4857 quia
1846 4783 2167 4840 Eeclesiam
2217 4800 2340 4855 quae
2390 4781 2575 4837 scissa
2624 4782 2812 4837 fuerat
2875 4781 3142 4838 Christus
3188 4782 3289 4838 Dei
3352 4781 3535 4839 Filius

271 4899 377 4939 sua
425 4882 596 4938 unire
644 4882 859 4938 virtute
910 4881 1186 4955 dignatus
1232 4886 1339 4938 est.
1374 4882 1503 4937 Haec
1550 4882 1753 4938 dicens
1794 4887 1852 4938 et
1897 4881 1990 4937 his
2041 4880 2255 4937 similia
2296 4879 2637 4952 praedicans,
2672 4878 2849 4934 etiam
2878 4877 2992 4950 ipsi
3041 4878 3375 4951 imperiales
3425 4880 3534 4935 ibi-

180 4979 236 5031 10
271 4980 402 5035 dem
454 4983 851 5035 convenerunt
898 4978 1094 5052 legati,
1129 4979 1229 5051 qui
1280 4977 1617 5035 salubribus
1646 4980 1837 5035 verbis
1884 4995 1951 5034 ac
2000 4977 2364 5033 mollioribus
2394 4993 2527 5031 cum
2577 4977 2779 5031 eodem
2813 4976 3095 5031 secretius
3126 4975 3305 5031 electo
3336 4976 3533 5032 confa-

267 5074 645 5133 bulabantur.
680 5074 886 5130 Subito
916 5092 1050 5131 vero
1083 5090 1286 5131 omnes
1318 5074 1573 5147 episcopi
1607 5076 2034 5147 universusque
2065 5074 2254 5130 clerus
2286 5078 2462 5145 atque
2492 5072 2803 5127 innumera
2832 5071 3079 5127 Romani
3125 5071 3327 5144 populi
3382 5073 3535 5128 mul-

268 5173 459 5228 titudo
509 5189 577 5227 ex
625 5173 826 5228 eadem
859 5189 993 5228 eum
1027 5173 1382 5229 deducentes
1414 5173 1678 5243 basilica,
1707 5190 1840 5228 cum
1875 5173 2109 5245 hymnis
2158 5176 2216 5227 et
2270 5170 2532 5226 canticus
2585 5168 2986 5242 spiritualibus
3016 5168 3077 5224 in
3117 5169 3536 5241 patriarchium

270 5270 663 5326 Lateranense
712 5269 1181 5341 introduxerunt,
1215 5275 1271 5326 et
1317 5270 1377 5325 in
1423 5269 1742 5342 pontificali
1792 5270 1937 5325 solio
1990 5270 2062 5325 de
2112 5286 2225 5341 quo
2275 5270 2497 5340 ejectus
2527 5268 2713 5322 fuerat
2742 5271 3078 5338 posuerunt.
3112 5265 3376 5338 Denique
3407 5269 3536 5323 uni-

269 5383 436 5423 versa
467 5366 988 5440 congratulabatur
1015 5368 1293 5433 Ecclesia,
1326 5371 1383 5422 et
1415 5366 1605 5422 omnis
1637 5367 1892 5439 populus
1922 5366 2136 5438 amplis
2164 5366 2404 5421 vocibus
2434 5364 2771 5421 resultabat.
2807 5363 3085 5419 Praeterea
3116 5363 3417 5419 Dominico
3447 5365 3538 5422 die

175 5462 238 5517 15
273 5462 536 5520 diluculo
566 5463 626 5519 in
658 5462 965 5520 basilicam
996 5464 1152 5520 beati
1182 5463 1333 5521 Petri
1364 5463 1633 5537 apostoli,
1667 5463 1740 5518 ab
1772 5463 2084 5535 episcopis,
2118 5445 2289 5533 clero,
2326 5462 2662 5535 proceribus
2693 5461 2978 5517 deductus
3007 5464 3115 5528 est,
3151 5465 3209 5515 et
3256 5460 3313 5515 in
3368 5478 3538 5518 cons-

271 5565 438 5633 pectu
475 5560 762 5627 omnium,
786 5560 1191 5634 imperialibus
1223 5561 1423 5618 missis
1453 5559 1846 5626 cernentibus,
1882 5560 1941 5614 in
1973 5559 2293 5631 apostolica
2321 5561 2479 5626 sede,
2513 5565 2577 5616 ut
2606 5577 2733 5616 mos
2779 5564 2868 5615 est
2913 5563 2970 5615 et
3014 5558 3258 5631 antiqua
3302 5561 3540 5618 traditio

271 5658 477 5726 dictat,
511 5662 885 5714 consecratus
916 5658 1337 5732 ordinatusque
1366 5663 1455 5716 est
1473 5657 1748 5730 pontifex.
1782 5655 2121 5711 Portuensis
2151 5672 2285 5711 vero
2316 5658 2628 5730 episcopus
2658 5656 2988 5730 prohibitus
3025 5656 3097 5712 ab
3143 5655 3409 5726 ecclesia,
3445 5676 3540 5715 or-

271 5757 634 5814 dinationem
662 5772 839 5829 quam
868 5756 1150 5812 debuerat
1178 5774 1356 5830 super
1385 5772 1521 5812 eum
1548 5752 1881 5810 nullatenus
1912 5753 2066 5822 fecit,
2101 5753 2256 5827 quod
2289 5754 2662 5813 anathemate
2691 5772 2820 5815 sese
2841 5756 3118 5831 junxerat
3147 5771 3213 5817 ac
3246 5754 3307 5813 in
3339 5757 3543 5834 perju-

272 5854 342 5913 rii
370 5853 712 5931 voraginem
741 5851 1029 5912 ceciderat
1058 5857 1234 5931 atque
1265 5853 1558 5914 manebat.
