  <div class='ocr_page' id='page_1' title='image "/cluster/home/n/w/nwhite01/storage/ocr_20150623/128/uva.x000829780/675.png"; bbox 0 0 3928 6210; ppageno 0'>
   <div class='ocr_carea' id='block_1_1' title="bbox 349 140 3769 216">
    <p class='ocr_par' dir='ltr' id='par_1_1' title="bbox 349 140 3769 216">
     <span class='ocr_line' id='line_1_1' title="bbox 349 140 3769 216; baseline 0.001 -5"><span class='ocrx_word' id='word_1_1' title='bbox 349 150 498 211; x_wconf 68' lang='lat'><strong>&quot;51</strong></span> <span class='ocrx_word' id='word_1_2' title='bbox 1501 148 1914 212; x_wconf 80' lang='lat' dir='ltr'><strong>ANAS&#39;I‘ASII</strong></span> <span class='ocrx_word' id='word_1_3' title='bbox 1945 149 2610 214; x_wconf 61' lang='lat' dir='ltr'><strong>.BIBLIOTHEGARII.</strong></span> <span class='ocrx_word' id='word_1_4' title='bbox 3605 140 3769 216; x_wconf 62' lang='lat' dir='ltr'><strong>H52</strong></span> 
     </span>
    </p>
   </div>
   <div class='ocr_carea' id='block_1_2' title="bbox 553 279 3767 357">
    <p class='ocr_par' dir='ltr' id='par_1_2' title="bbox 553 279 3767 357">
     <span class='ocr_line' id='line_1_2' title="bbox 553 279 3767 357; baseline 0.001 -19"><span class='ocrx_word' id='word_1_5' title='bbox 553 280 704 338; x_wconf 65' lang='lat'><strong>507</strong></span> <span class='ocrx_word' id='word_1_6' title='bbox 745 281 880 336; x_wconf 90' lang='lat' dir='ltr'><strong>Post</strong></span> <span class='ocrx_word' id='word_1_7' title='bbox 905 297 1072 336; x_wconf 88' lang='lat' dir='ltr'><strong>sacra</strong></span> <span class='ocrx_word' id='word_1_8' title='bbox 1102 284 1299 337; x_wconf 83' lang='lat' dir='ltr'><strong>autem</strong></span> <span class='ocrx_word' id='word_1_9' title='bbox 1327 283 1466 338; x_wconf 89' lang='lat' dir='ltr'><strong>tunc</strong></span> <span class='ocrx_word' id='word_1_10' title='bbox 1497 281 1816 337; x_wconf 87' lang='lat' dir='ltr'><strong>missarum</strong></span> <span class='ocrx_word' id='word_1_11' title='bbox 1847 282 2131 339; x_wconf 79' lang='lat' dir='ltr'><strong>solemnia</strong></span> <span class='ocrx_word' id='word_1_12' title='bbox 2159 282 2453 339; x_wconf 88' lang='lat' dir='ltr'><strong>celebrata</strong></span> <span class='ocrx_word' id='word_1_13' title='bbox 2481 283 2542 338; x_wconf 90' lang='lat' dir='ltr'><strong>in</strong></span> <span class='ocrx_word' id='word_1_14' title='bbox 2559 279 3767 357; x_wconf 69' lang='lat' dir='ltr'><strong>patriarchiiLammnenstspontifexordi-</strong></span> 
     </span>
    </p>
   </div>
   <div class='ocr_carea' id='block_1_3' title="bbox 491 377 3762 455">
    <p class='ocr_par' dir='ltr' id='par_1_3' title="bbox 491 377 3762 455">
     <span class='ocr_line' id='line_1_3' title="bbox 491 377 3762 455; baseline 0.001 -19"><span class='ocrx_word' id='word_1_15' title='bbox 491 383 664 436; x_wconf 90' lang='lat' dir='ltr'><strong>natus</strong></span> <span class='ocrx_word' id='word_1_16' title='bbox 696 395 962 434; x_wconf 82' lang='lat' dir='ltr'><strong>reversus</strong></span> <span class='ocrx_word' id='word_1_17' title='bbox 991 382 1082 434; x_wconf 92' lang='lat' dir='ltr'><strong>est</strong></span> <span class='ocrx_word' id='word_1_18' title='bbox 1109 377 1436 434; x_wconf 93' lang='lat' dir='ltr'><strong>ecclesiam.</strong></span> <span class='ocrx_word' id='word_1_19' title='bbox 1465 379 1602 433; x_wconf 88' lang='lat' dir='ltr'><strong>Erat</strong></span> <span class='ocrx_word' id='word_1_20' title='bbox 1633 379 1789 434; x_wconf 91' lang='lat' dir='ltr'><strong>enim</strong></span> <span class='ocrx_word' id='word_1_21' title='bbox 1841 380 2194 436; x_wconf 69' lang='lat' dir='ltr'><strong>mitissimus</strong></span> <span class='ocrx_word' id='word_1_22' title='bbox 2243 385 2301 436; x_wconf 89' lang='lat' dir='ltr'><strong>et</strong></span> <span class='ocrx_word' id='word_1_23' title='bbox 2347 381 2624 436; x_wconf 88' lang='lat' dir='ltr'><strong>omnibus</strong></span> <span class='ocrx_word' id='word_1_24' title='bbox 2671 381 2856 438; x_wconf 90' lang='lat' dir='ltr'><strong>sacris</strong></span> <span class='ocrx_word' id='word_1_25' title='bbox 2905 381 3215 438; x_wconf 86' lang='lat' dir='ltr'><strong>decoratus</strong></span> <span class='ocrx_word' id='word_1_26' title='bbox 3263 381 3762 455; x_wconf 56' lang='lat' dir='ltr'><strong>operibus,vultu</strong></span> 
     </span>
    </p>
   </div>
   <div class='ocr_carea' id='block_1_4' title="bbox 489 474 3768 552">
    <p class='ocr_par' dir='ltr' id='par_1_4' title="bbox 489 474 3768 552">
     <span class='ocr_line' id='line_1_4' title="bbox 489 474 3768 552; baseline 0.001 -19"><span class='ocrx_word' id='word_1_27' title='bbox 489 477 733 550; x_wconf 85' lang='lat' dir='ltr'><strong>pulcher</strong></span> <span class='ocrx_word' id='word_1_28' title='bbox 761 481 817 532; x_wconf 91' lang='lat' dir='ltr'><strong>et</strong></span> <span class='ocrx_word' id='word_1_29' title='bbox 844 482 1038 532; x_wconf 80' lang='lat' dir='ltr'><strong>mente</strong></span> <span class='ocrx_word' id='word_1_30' title='bbox 1069 475 1284 546; x_wconf 91' lang='lat' dir='ltr'><strong>clarus,</strong></span> <span class='ocrx_word' id='word_1_31' title='bbox 1315 474 1505 531; x_wconf 87' lang='lat' dir='ltr'><strong>dulcis</strong></span> <span class='ocrx_word' id='word_1_32' title='bbox 1535 477 1730 545; x_wconf 86' lang='lat' dir='ltr'><strong>verbo,</strong></span> <span class='ocrx_word' id='word_1_33' title='bbox 1763 478 2032 534; x_wconf 81' lang='lat' dir='ltr'><strong>doctrina</strong></span> <span class='ocrx_word' id='word_1_34' title='bbox 2063 477 2399 534; x_wconf 83' lang='lat' dir='ltr'><strong>benevolus.</strong></span> <span class='ocrx_word' id='word_1_35' title='bbox 2432 477 2543 532; x_wconf 90' lang='lat' dir='ltr'><strong>Sed</strong></span> <span class='ocrx_word' id='word_1_36' title='bbox 2578 477 2718 549; x_wconf 84' lang='lat' dir='ltr'><strong>quia</strong></span> <span class='ocrx_word' id='word_1_37' title='bbox 2747 483 2957 534; x_wconf 82' lang='lat' dir='ltr'><strong>cuncta</strong></span> <span class='ocrx_word' id='word_1_38' title='bbox 2985 495 3100 534; x_wconf 87' lang='lat' dir='ltr'><strong>non</strong></span> <span class='ocrx_word' id='word_1_39' title='bbox 3139 477 3476 536; x_wconf 77' lang='lat' dir='ltr'><strong>sufﬁcimus</strong></span> <span class='ocrx_word' id='word_1_40' title='bbox 3521 495 3630 552; x_wconf 88' lang='lat' dir='ltr'><strong>per</strong></span> <span class='ocrx_word' id='word_1_41' title='bbox 3671 493 3768 536; x_wconf 85' lang='grc' dir='ltr'><strong>σι·-</strong></span> 
     </span>
    </p>
   </div>
   <div class='ocr_carea' id='block_1_5' title="bbox 488 573 3764 649">
    <p class='ocr_par' dir='ltr' id='par_1_5' title="bbox 488 573 3764 649">
     <span class='ocr_line' id='line_1_5' title="bbox 488 573 3764 649; baseline 0.001 -17"><span class='ocrx_word' id='word_1_42' title='bbox 488 576 686 632; x_wconf 91' lang='lat' dir='ltr'><strong>dinem</strong></span> <span class='ocrx_word' id='word_1_43' title='bbox 717 590 1009 641; x_wconf 79' lang='lat' dir='ltr'><strong>enarrare,</strong></span> <span class='ocrx_word' id='word_1_44' title='bbox 1042 575 1114 629; x_wconf 92' lang='lat' dir='ltr'><strong>ad</strong></span> <span class='ocrx_word' id='word_1_45' title='bbox 1145 590 1212 628; x_wconf 88' lang='lat' dir='ltr'><strong>ea</strong></span> <span class='ocrx_word' id='word_1_46' title='bbox 1240 591 1369 646; x_wconf 61' lang='lat' dir='ltr'><strong>quae</strong></span> <span class='ocrx_word' id='word_1_47' title='bbox 1399 573 1643 630; x_wconf 83' lang='lat' dir='ltr'><strong>diversis</strong></span> <span class='ocrx_word' id='word_1_48' title='bbox 1674 580 2012 632; x_wconf 87' lang='lat' dir='ltr'><strong>sanctorum</strong></span> <span class='ocrx_word' id='word_1_49' title='bbox 2043 575 2186 631; x_wconf 90' lang='lat' dir='ltr'><strong>locis</strong></span> <span class='ocrx_word' id='word_1_50' title='bbox 2215 573 2428 631; x_wconf 86' lang='lat' dir='ltr'><strong>obtulit</strong></span> <span class='ocrx_word' id='word_1_51' title='bbox 2456 575 2764 632; x_wconf 70' lang='lat' dir='ltr'><strong>extendere</strong></span> <span class='ocrx_word' id='word_1_52' title='bbox 2795 574 3091 632; x_wconf 79' lang='lat' dir='ltr'><strong>calamum</strong></span> <span class='ocrx_word' id='word_1_53' title='bbox 3122 577 3490 632; x_wconf 88' lang='lat' dir='ltr'><strong>studeamus.</strong></span> <span class='ocrx_word' id='word_1_54' title='bbox 3510 577 3586 633; x_wconf 67' lang='lat' dir='ltr'><strong>&#39;In</strong></span> <span class='ocrx_word' id='word_1_55' title='bbox 3637 576 3764 649; x_wconf 89' lang='lat' dir='ltr'><strong>pri-</strong></span> 
     </span>
    </p>
   </div>
   <div class='ocr_carea' id='block_1_6' title="bbox 418 669 3773 747">
    <p class='ocr_par' dir='ltr' id='par_1_6' title="bbox 418 669 3773 747">
     <span class='ocr_line' id='line_1_6' title="bbox 418 669 3773 747; baseline 0 -17"><span class='ocrx_word' id='word_1_56' title='bbox 418 677 454 730; x_wconf 85' lang='lat'>5</span> <span class='ocrx_word' id='word_1_57' title='bbox 491 691 588 730; x_wconf 90' lang='lat' dir='ltr'><strong>mo</strong></span> <span class='ocrx_word' id='word_1_58' title='bbox 636 672 873 745; x_wconf 89' lang='lat' dir='ltr'><strong>quidem</strong></span> <span class='ocrx_word' id='word_1_59' title='bbox 922 669 1297 743; x_wconf 77' lang='lat' dir='ltr'><strong>pontiﬁcatus</strong></span> <span class='ocrx_word' id='word_1_60' title='bbox 1343 670 1436 726; x_wconf 89' lang='lat' dir='ltr'><strong>sui</strong></span> <span class='ocrx_word' id='word_1_61' title='bbox 1485 672 1719 727; x_wconf 85' lang='lat' dir='ltr'><strong>exordio</strong></span> <span class='ocrx_word' id='word_1_62' title='bbox 1763 689 2017 745; x_wconf 86' lang='lat' dir='ltr'><strong>superno</strong></span> <span class='ocrx_word' id='word_1_63' title='bbox 2069 673 2451 729; x_wconf 80' lang='lat' dir='ltr'><strong>exardescens</strong></span> <span class='ocrx_word' id='word_1_64' title='bbox 2481 684 2679 727; x_wconf 90' lang='lat' dir='ltr'><strong>amore</strong></span> <span class='ocrx_word' id='word_1_65' title='bbox 2709 672 2770 727; x_wconf 89' lang='lat' dir='ltr'><strong>in</strong></span> <span class='ocrx_word' id='word_1_66' title='bbox 2801 671 3046 729; x_wconf 86' lang='lat' dir='ltr'><strong>basilica</strong></span> <span class='ocrx_word' id='word_1_67' title='bbox 3077 672 3420 740; x_wconf 85' lang='lat' dir='ltr'><strong>Salvatoris,</strong></span> <span class='ocrx_word' id='word_1_68' title='bbox 3455 689 3586 747; x_wconf 57' lang='lat' dir='ltr'><strong>quae</strong></span> <span class='ocrx_word' id='word_1_69' title='bbox 3617 671 3773 731; x_wconf 85' lang='lat' dir='ltr'><strong>Con-</strong></span> 
     </span>
    </p>
   </div>
   <div class='ocr_carea' id='block_1_7' title="bbox 487 767 3772 846">
    <p class='ocr_par' dir='ltr' id='par_1_7' title="bbox 487 767 3772 846">
     <span class='ocr_line' id='line_1_7' title="bbox 487 767 3772 846; baseline 0 -18"><span class='ocrx_word' id='word_1_70' title='bbox 487 769 848 828; x_wconf 89' lang='lat' dir='ltr'><strong>stantiniana</strong></span> <span class='ocrx_word' id='word_1_71' title='bbox 875 767 1113 838; x_wconf 88' lang='lat' dir='ltr'><strong>dicitur,</strong></span> <span class='ocrx_word' id='word_1_72' title='bbox 1143 767 1333 840; x_wconf 90' lang='lat' dir='ltr'><strong>ipsius</strong></span> <span class='ocrx_word' id='word_1_73' title='bbox 1383 768 1788 840; x_wconf 82' lang='lat' dir='ltr'><strong>Redemptoris</strong></span> <span class='ocrx_word' id='word_1_74' title='bbox 1835 769 2068 825; x_wconf 87' lang='lat' dir='ltr'><strong>Domini</strong></span> <span class='ocrx_word' id='word_1_75' title='bbox 2117 768 2303 825; x_wconf 84' lang='lat' dir='ltr'><strong>nostri</strong></span> <span class='ocrx_word' id='word_1_76' title='bbox 2333 768 2473 825; x_wconf 84' lang='lat' dir='ltr'><strong>Jesu</strong></span> <span class='ocrx_word' id='word_1_77' title='bbox 2504 767 2717 826; x_wconf 86' lang='lat' dir='ltr'><strong>Christi</strong></span> <span class='ocrx_word' id='word_1_78' title='bbox 2746 770 2908 826; x_wconf 67' lang='lat' dir='ltr'><strong>mirae</strong></span> <span class='ocrx_word' id='word_1_79' title='bbox 2938 770 3396 842; x_wconf 86' lang='lat' dir='ltr'><strong>pulchritudinis</strong></span> <span class='ocrx_word' id='word_1_80' title='bbox 3426 787 3498 828; x_wconf 82' lang='lat' dir='ltr'><strong>ex</strong></span> <span class='ocrx_word' id='word_1_81' title='bbox 3524 777 3772 846; x_wconf 85' lang='lat' dir='ltr'><strong>argento</strong></span> 
     </span>
    </p>
   </div>
   <div class='ocr_carea' id='block_1_8' title="bbox 488 864 3770 942">
    <p class='ocr_par' dir='ltr' id='par_1_8' title="bbox 488 864 3770 942">
     <span class='ocr_line' id='line_1_8' title="bbox 488 864 3770 942; baseline 0.001 -18"><span class='ocrx_word' id='word_1_82' title='bbox 488 866 804 942; x_wconf 87' lang='lat' dir='ltr'><strong>purissimo</strong></span> <span class='ocrx_word' id='word_1_83' title='bbox 835 881 1093 936; x_wconf 88' lang='lat' dir='ltr'><strong>auroque</strong></span> <span class='ocrx_word' id='word_1_84' title='bbox 1127 865 1426 936; x_wconf 85' lang='lat' dir='ltr'><strong>perfusam</strong></span> <span class='ocrx_word' id='word_1_85' title='bbox 1457 864 1591 920; x_wconf 88' lang='lat' dir='ltr'><strong>fecit</strong></span> <span class='ocrx_word' id='word_1_86' title='bbox 1612 865 2096 931; x_wconf 88' lang='lat' dir='ltr'><strong>iconam,leonem</strong></span> <span class='ocrx_word' id='word_1_87' title='bbox 2129 867 2558 938; x_wconf 87' lang='lat' dir='ltr'><strong>draconemque</strong></span> <span class='ocrx_word' id='word_1_88' title='bbox 2589 866 2838 938; x_wconf 87' lang='lat' dir='ltr'><strong>pedibus</strong></span> <span class='ocrx_word' id='word_1_89' title='bbox 2867 867 3770 941; x_wconf 77' lang='lat' dir='ltr'><strong>conculcantem,pensanJibras</strong></span> 
     </span>
    </p>
   </div>
   <div class='ocr_carea' id='block_1_9' title="bbox 485 961 3766 1039">
    <p class='ocr_par' dir='ltr' id='par_1_9' title="bbox 485 961 3766 1039">
     <span class='ocr_line' id='line_1_9' title="bbox 485 961 3766 1039; baseline 0 -18"><span class='ocrx_word' id='word_1_90' title='bbox 485 965 775 1021; x_wconf 84' lang='lat' dir='ltr'><strong>sexdecim</strong></span> <span class='ocrx_word' id='word_1_91' title='bbox 809 967 864 1019; x_wconf 88' lang='lat' dir='ltr'><strong>et</strong></span> <span class='ocrx_word' id='word_1_92' title='bbox 895 961 1094 1018; x_wconf 87' lang='lat' dir='ltr'><strong>semis.</strong></span> <span class='ocrx_word' id='word_1_93' title='bbox 1127 963 1196 1018; x_wconf 87' lang='lat' dir='ltr'><strong>Et</strong></span> <span class='ocrx_word' id='word_1_94' title='bbox 1226 963 1285 1018; x_wconf 90' lang='lat' dir='ltr'><strong>in</strong></span> <span class='ocrx_word' id='word_1_95' title='bbox 1318 961 1563 1018; x_wconf 85' lang='lat' dir='ltr'><strong>basilica</strong></span> <span class='ocrx_word' id='word_1_96' title='bbox 1591 968 1806 1017; x_wconf 69' lang='lat' dir='ltr'><strong>sanctae</strong></span> <span class='ocrx_word' id='word_1_97' title='bbox 1837 962 1938 1018; x_wconf 85' lang='lat' dir='ltr'><strong>Dei</strong></span> <span class='ocrx_word' id='word_1_98' title='bbox 1975 962 2282 1018; x_wconf 88' lang='lat' dir='ltr'><strong>Genitricis</strong></span> <span class='ocrx_word' id='word_1_99' title='bbox 2307 976 2656 1034; x_wconf 85' lang='lat' dir='ltr'><strong>semperque</strong></span> <span class='ocrx_word' id='word_1_100' title='bbox 2685 961 2947 1035; x_wconf 86' lang='lat' dir='ltr'><strong>Vtrginis</strong></span> <span class='ocrx_word' id='word_1_101' title='bbox 2977 963 3237 1020; x_wconf 67' lang='lat' dir='ltr'><strong>Dominae</strong></span> <span class='ocrx_word' id='word_1_102' title='bbox 3268 969 3501 1033; x_wconf 64' lang='lat' dir='ltr'><strong>nostrae,</strong></span> <span class='ocrx_word' id='word_1_103' title='bbox 3523 979 3657 1039; x_wconf 70' lang='lat' dir='ltr'><strong>quae</strong></span> <span class='ocrx_word' id='word_1_104' title='bbox 3685 961 3766 1022; x_wconf 74' lang='lat' dir='ltr'><strong>ad</strong></span> 
     </span>
    </p>
   </div>
   <div class='ocr_carea' id='block_1_10' title="bbox 487 1057 3764 1136">
    <p class='ocr_par' dir='ltr' id='par_1_10' title="bbox 487 1057 3764 1136">
     <span class='ocr_line' id='line_1_10' title="bbox 487 1057 3764 1136; baseline 0 -18"><span class='ocrx_word' id='word_1_105' title='bbox 487 1063 746 1133; x_wconf 76' lang='lat' dir='ltr'><strong>Praesepe</strong></span> <span class='ocrx_word' id='word_1_106' title='bbox 776 1063 1173 1132; x_wconf 88' lang='lat' dir='ltr'><strong>nuncupatur,</strong></span> <span class='ocrx_word' id='word_1_107' title='bbox 1206 1076 1445 1115; x_wconf 84' lang='lat' dir='ltr'><strong>auream</strong></span> <span class='ocrx_word' id='word_1_108' title='bbox 1479 1057 1694 1116; x_wconf 84' lang='lat' dir='ltr'><strong>obtulit</strong></span> <span class='ocrx_word' id='word_1_109' title='bbox 1724 1059 2327 1131; x_wconf 87' lang='lat' dir='ltr'><strong>pretiosissimamque</strong></span> <span class='ocrx_word' id='word_1_110' title='bbox 2356 1074 2629 1114; x_wconf 86' lang='lat' dir='ltr'><strong>coronam</strong></span> <span class='ocrx_word' id='word_1_111' title='bbox 2659 1073 2868 1130; x_wconf 85' lang='lat' dir='ltr'><strong>unam,</strong></span> <span class='ocrx_word' id='word_1_112' title='bbox 2897 1075 3146 1133; x_wconf 89' lang='lat' dir='ltr'><strong>pensan.</strong></span> <span class='ocrx_word' id='word_1_113' title='bbox 3177 1061 3358 1119; x_wconf 80' lang='lat' dir='ltr'><strong>libras</strong></span> <span class='ocrx_word' id='word_1_114' title='bbox 3387 1067 3675 1136; x_wconf 83' lang='lat' dir='ltr'><strong>quatuor:</strong></span> <span class='ocrx_word' id='word_1_115' title='bbox 3699 1063 3764 1119; x_wconf 89' lang='lat' dir='ltr'><strong>in</strong></span> 
     </span>
    </p>
   </div>
   <div class='ocr_carea' id='block_1_11' title="bbox 379 1156 3769 1234">
    <p class='ocr_par' dir='ltr' id='par_1_11' title="bbox 379 1156 3769 1234">
     <span class='ocr_line' id='line_1_11' title="bbox 379 1156 3769 1234; baseline 0 -19"><span class='ocrx_word' id='word_1_116' title='bbox 379 1161 447 1216; x_wconf 86' lang='grc'><strong>10</strong></span> <span class='ocrx_word' id='word_1_117' title='bbox 483 1175 602 1232; x_wconf 89' lang='lat' dir='ltr'><strong>qua</strong></span> <span class='ocrx_word' id='word_1_118' title='bbox 625 1174 761 1214; x_wconf 89' lang='lat' dir='ltr'><strong>vero</strong></span> <span class='ocrx_word' id='word_1_119' title='bbox 793 1156 1036 1212; x_wconf 90' lang='lat' dir='ltr'><strong>basilica</strong></span> <span class='ocrx_word' id='word_1_120' title='bbox 1067 1157 1476 1228; x_wconf 85' lang='lat' dir='ltr'><strong>baptisterium</strong></span> <span class='ocrx_word' id='word_1_121' title='bbox 1509 1158 1875 1212; x_wconf 84' lang='lat' dir='ltr'><strong>destructum</strong></span> <span class='ocrx_word' id='word_1_122' title='bbox 1908 1156 2096 1212; x_wconf 90' lang='lat' dir='ltr'><strong>multa</strong></span> <span class='ocrx_word' id='word_1_123' title='bbox 2127 1174 2231 1227; x_wconf 92' lang='lat' dir='ltr'><strong>per</strong></span> <span class='ocrx_word' id='word_1_124' title='bbox 2261 1161 2527 1228; x_wconf 86' lang='lat' dir='ltr'><strong>tempora</strong></span> <span class='ocrx_word' id='word_1_125' title='bbox 2558 1157 3062 1226; x_wconf 88' lang='lat' dir='ltr'><strong>manserat,celeri</strong></span> <span class='ocrx_word' id='word_1_126' title='bbox 3095 1157 3310 1221; x_wconf 85' lang='lat' dir='ltr'><strong>studio.</strong></span> <span class='ocrx_word' id='word_1_127' title='bbox 3334 1159 3595 1218; x_wconf 83' lang='lat' dir='ltr'><strong>futuram</strong></span> <span class='ocrx_word' id='word_1_128' title='bbox 3621 1167 3769 1234; x_wconf 75' lang='lat' dir='ltr'><strong>spe-</strong></span> 
     </span>
    </p>
   </div>
   <div class='ocr_carea' id='block_1_12' title="bbox 480 1245 3768 1330">
    <p class='ocr_par' dir='ltr' id='par_1_12' title="bbox 480 1245 3768 1330">
     <span class='ocr_line' id='line_1_12' title="bbox 480 1245 3768 1330; baseline 0 -17"><span class='ocrx_word' id='word_1_129' title='bbox 480 1275 620 1313; x_wconf 88' lang='lat' dir='ltr'><strong>rans</strong></span> <span class='ocrx_word' id='word_1_130' title='bbox 649 1274 684 1312; x_wconf 91' lang='lat' dir='ltr'><strong>a</strong></span> <span class='ocrx_word' id='word_1_131' title='bbox 714 1245 960 1312; x_wconf 80' lang='lat' dir='ltr'><strong>Domino</strong></span> <span class='ocrx_word' id='word_1_132' title='bbox 991 1255 1892 1322; x_wconf 87' lang='lat' dir='ltr'><strong>retributionem,restauravit,et</strong></span> <span class='ocrx_word' id='word_1_133' title='bbox 1917 1255 1990 1310; x_wconf 90' lang='lat' dir='ltr'><strong>ad</strong></span> <span class='ocrx_word' id='word_1_134' title='bbox 2023 1254 2343 1326; x_wconf 87' lang='lat' dir='ltr'><strong>pristinum</strong></span> <span class='ocrx_word' id='word_1_135' title='bbox 2376 1257 2595 1310; x_wconf 89' lang='lat' dir='ltr'><strong>statum</strong></span> <span class='ocrx_word' id='word_1_136' title='bbox 2625 1255 2864 1326; x_wconf 87' lang='lat' dir='ltr'><strong>perduci</strong></span> <span class='ocrx_word' id='word_1_137' title='bbox 2895 1256 3378 1330; x_wconf 80' lang='lat' dir='ltr'><strong>pmcuravit.ipse</strong></span> <span class='ocrx_word' id='word_1_138' title='bbox 3409 1271 3648 1330; x_wconf 83' lang='lat' dir='ltr'><strong>quoque</strong></span> <span class='ocrx_word' id='word_1_139' title='bbox 3673 1258 3768 1314; x_wconf 80' lang='lat' dir='ltr'><strong>in-</strong></span> 
     </span>
    </p>
   </div>
   <div class='ocr_carea' id='block_1_13' title="bbox 481 1349 3764 1428">
    <p class='ocr_par' dir='ltr' id='par_1_13' title="bbox 481 1349 3764 1428">
     <span class='ocr_line' id='line_1_13' title="bbox 481 1349 3764 1428; baseline 0.002 -20"><span class='ocrx_word' id='word_1_140' title='bbox 481 1353 668 1426; x_wconf 80' lang='lat' dir='ltr'><strong>signis</strong></span> <span class='ocrx_word' id='word_1_141' title='bbox 698 1357 754 1408; x_wconf 89' lang='lat' dir='ltr'><strong>et</strong></span> <span class='ocrx_word' id='word_1_142' title='bbox 785 1352 1165 1407; x_wconf 89' lang='lat' dir='ltr'><strong>beatissimus</strong></span> <span class='ocrx_word' id='word_1_143' title='bbox 1193 1367 1346 1424; x_wconf 86' lang='lat' dir='ltr'><strong>papa</strong></span> <span class='ocrx_word' id='word_1_144' title='bbox 1374 1353 1434 1406; x_wconf 91' lang='lat' dir='ltr'><strong>in</strong></span> <span class='ocrx_word' id='word_1_145' title='bbox 1463 1349 1706 1406; x_wconf 89' lang='lat' dir='ltr'><strong>basilica</strong></span> <span class='ocrx_word' id='word_1_146' title='bbox 1736 1351 1887 1406; x_wconf 86' lang='lat' dir='ltr'><strong>beati</strong></span> <span class='ocrx_word' id='word_1_147' title='bbox 1921 1351 2070 1406; x_wconf 89' lang='lat' dir='ltr'><strong>Petri</strong></span> <span class='ocrx_word' id='word_1_148' title='bbox 2103 1349 2349 1422; x_wconf 87' lang='lat' dir='ltr'><strong>apostoli</strong></span> <span class='ocrx_word' id='word_1_149' title='bbox 2395 1367 2468 1407; x_wconf 79' lang='lat' dir='ltr'><strong>ex</strong></span> <span class='ocrx_word' id='word_1_150' title='bbox 2511 1357 2752 1425; x_wconf 82' lang='lat' dir='ltr'><strong>argento</strong></span> <span class='ocrx_word' id='word_1_151' title='bbox 2781 1353 3194 1412; x_wconf 84' lang='lat' dir='ltr'><strong>mundissimo</strong></span> <span class='ocrx_word' id='word_1_152' title='bbox 3223 1365 3505 1428; x_wconf 87' lang='lat' dir='ltr'><strong>&#39;auroque</strong></span> <span class='ocrx_word' id='word_1_153' title='bbox 3555 1357 3764 1413; x_wconf 81' lang='lat' dir='ltr'><strong>fusam</strong></span> 
     </span>
    </p>
   </div>
   <div class='ocr_carea' id='block_1_14' title="bbox 480 1446 3765 1526">
    <p class='ocr_par' dir='ltr' id='par_1_14' title="bbox 480 1446 3765 1526">
     <span class='ocr_line' id='line_1_14' title="bbox 480 1446 3765 1526; baseline 0.001 -20"><span class='ocrx_word' id='word_1_154' title='bbox 480 1450 822 1506; x_wconf 84' lang='lat' dir='ltr'><strong>cantharam</strong></span> <span class='ocrx_word' id='word_1_155' title='bbox 854 1447 1264 1515; x_wconf 89' lang='lat' dir='ltr'><strong>interrasilem,</strong></span> <span class='ocrx_word' id='word_1_156' title='bbox 1297 1447 1356 1502; x_wconf 91' lang='lat' dir='ltr'><strong>in</strong></span> <span class='ocrx_word' id='word_1_157' title='bbox 1388 1465 1506 1520; x_wconf 90' lang='lat' dir='ltr'><strong>qua</strong></span> <span class='ocrx_word' id='word_1_158' title='bbox 1534 1447 1674 1504; x_wconf 88' lang='lat' dir='ltr'><strong>thus</strong></span> <span class='ocrx_word' id='word_1_159' title='bbox 1704 1448 1979 1514; x_wconf 86' lang='lat' dir='ltr'><strong>mittitur,</strong></span> <span class='ocrx_word' id='word_1_160' title='bbox 2010 1446 2218 1504; x_wconf 88' lang='lat' dir='ltr'><strong>obtulit</strong></span> <span class='ocrx_word' id='word_1_161' title='bbox 2253 1465 2266 1504; x_wconf 91' lang='lat'><strong>:</strong></span> <span class='ocrx_word' id='word_1_162' title='bbox 2301 1447 2402 1504; x_wconf 90' lang='lat' dir='ltr'><strong>ubi</strong></span> <span class='ocrx_word' id='word_1_163' title='bbox 2431 1449 2608 1505; x_wconf 89' lang='lat' dir='ltr'><strong>etiam</strong></span> <span class='ocrx_word' id='word_1_164' title='bbox 2637 1449 2991 1508; x_wconf 81' lang='lat' dir='ltr'><strong>candelabra</strong></span> <span class='ocrx_word' id='word_1_165' title='bbox 3019 1456 3242 1526; x_wconf 86' lang='lat' dir='ltr'><strong>septem</strong></span> <span class='ocrx_word' id='word_1_166' title='bbox 3265 1463 3426 1510; x_wconf 66' lang='lat' dir='ltr'><strong>eum</strong></span> <span class='ocrx_word' id='word_1_167' title='bbox 3473 1453 3765 1510; x_wconf 77' lang='lat' dir='ltr'><strong>cornth</strong></span> 
     </span>
    </p>
   </div>
   <div class='ocr_carea' id='block_1_15' title="bbox 479 1526 2132 1621">
    <p class='ocr_par' dir='ltr' id='par_1_15' title="bbox 479 1526 2132 1621">
     <span class='ocr_line' id='line_1_15' title="bbox 479 1526 2132 1621; baseline -0.002 -17"><span class='ocrx_word' id='word_1_168' title='bbox 479 1565 550 1604; x_wconf 79' lang='lat' dir='ltr'><strong>ex</strong></span> <span class='ocrx_word' id='word_1_169' title='bbox 579 1551 819 1621; x_wconf 81' lang='lat' dir='ltr'><strong>argento</strong></span> <span class='ocrx_word' id='word_1_170' title='bbox 848 1547 1166 1620; x_wconf 88' lang='lat' dir='ltr'><strong>purissimo</strong></span> <span class='ocrx_word' id='word_1_171' title='bbox 1197 1526 1409 1602; x_wconf 76' lang='lat' dir='ltr'><strong>obtulit</strong></span> <span class='ocrx_word' id='word_1_172' title='bbox 1437 1562 1615 1602; x_wconf 88' lang='lat' dir='ltr'><strong>aurea</strong></span> <span class='ocrx_word' id='word_1_173' title='bbox 1645 1545 1893 1601; x_wconf 75' lang='lat' dir='ltr'><strong>nitentia</strong></span> <span class='ocrx_word' id='word_1_174' title='bbox 1921 1545 2132 1601; x_wconf 91' lang='lat' dir='ltr'><strong>colore.</strong></span> 
     </span>
    </p>
   </div>
   <div class='ocr_carea' id='block_1_16' title="bbox 553 1675 3763 1752">
    <p class='ocr_par' dir='ltr' id='par_1_16' title="bbox 553 1675 3763 1752">
     <span class='ocr_line' id='line_1_16' title="bbox 553 1675 3763 1752; baseline 0.001 -16"><span class='ocrx_word' id='word_1_175' title='bbox 553 1680 704 1736; x_wconf 66' lang='lat'><strong>588</strong></span> <span class='ocrx_word' id='word_1_176' title='bbox 735 1679 865 1736; x_wconf 87' lang='lat' dir='ltr'><strong>Jam</strong></span> <span class='ocrx_word' id='word_1_177' title='bbox 897 1682 955 1734; x_wconf 91' lang='lat' dir='ltr'><strong>et</strong></span> <span class='ocrx_word' id='word_1_178' title='bbox 987 1677 1046 1732; x_wconf 91' lang='lat' dir='ltr'><strong>in</strong></span> <span class='ocrx_word' id='word_1_179' title='bbox 1078 1675 1322 1732; x_wconf 86' lang='lat' dir='ltr'><strong>basilica</strong></span> <span class='ocrx_word' id='word_1_180' title='bbox 1353 1676 1606 1731; x_wconf 89' lang='lat' dir='ltr'><strong>doctoris</strong></span> <span class='ocrx_word' id='word_1_181' title='bbox 1625 1675 1996 1732; x_wconf 88' lang='lat' dir='ltr'><strong>mundibeati</strong></span> <span class='ocrx_word' id='word_1_182' title='bbox 2026 1675 2187 1732; x_wconf 90' lang='lat' dir='ltr'><strong>Pauli</strong></span> <span class='ocrx_word' id='word_1_183' title='bbox 2213 1675 2458 1751; x_wconf 74' lang='lat' dir='ltr'><strong>apostoli</strong></span> <span class='ocrx_word' id='word_1_184' title='bbox 2478 1677 2999 1752; x_wconf 85' lang='lat' dir='ltr'><strong>sepulcrum,quod</strong></span> <span class='ocrx_word' id='word_1_185' title='bbox 3021 1679 3763 1738; x_wconf 87' lang='lat' dir='ltr'><strong>aSaracenisdestructum</strong></span> 
     </span>
    </p>
   </div>
   <div class='ocr_carea' id='block_1_17' title="bbox 477 1769 3759 1849">
    <p class='ocr_par' dir='ltr' id='par_1_17' title="bbox 477 1769 3759 1849">
     <span class='ocr_line' id='line_1_17' title="bbox 477 1769 3759 1849; baseline 0.001 -15"><span class='ocrx_word' id='word_1_186' title='bbox 477 1781 682 1844; x_wconf 77' lang='lat' dir='ltr'><strong>fuerat,</strong></span> <span class='ocrx_word' id='word_1_187' title='bbox 719 1775 1066 1849; x_wconf 86' lang='lat' dir='ltr'><strong>perornavit,</strong></span> <span class='ocrx_word' id='word_1_188' title='bbox 1100 1791 1343 1847; x_wconf 89' lang='lat' dir='ltr'><strong>pensan.</strong></span> <span class='ocrx_word' id='word_1_189' title='bbox 1377 1772 1559 1829; x_wconf 89' lang='lat' dir='ltr'><strong>libras</strong></span> <span class='ocrx_word' id='word_1_190' title='bbox 1590 1791 1834 1830; x_wconf 90' lang='lat' dir='ltr'><strong>numero</strong></span> <span class='ocrx_word' id='word_1_191' title='bbox 1865 1779 2098 1830; x_wconf 88' lang='lat' dir='ltr'><strong>centum</strong></span> <span class='ocrx_word' id='word_1_192' title='bbox 2131 1777 2269 1830; x_wconf 85' lang='lat' dir='ltr'><strong>tres.</strong></span> <span class='ocrx_word' id='word_1_193' title='bbox 2299 1775 2480 1832; x_wconf 83' lang='lat' dir='ltr'><strong>Erant</strong></span> <span class='ocrx_word' id='word_1_194' title='bbox 2506 1775 2564 1830; x_wconf 92' lang='lat' dir='ltr'><strong>in</strong></span> <span class='ocrx_word' id='word_1_195' title='bbox 2597 1774 2843 1833; x_wconf 90' lang='lat' dir='ltr'><strong>basilica</strong></span> <span class='ocrx_word' id='word_1_196' title='bbox 2871 1777 3050 1832; x_wconf 80' lang='lat' dir='ltr'><strong>beatae</strong></span> <span class='ocrx_word' id='word_1_197' title='bbox 3089 1775 3192 1834; x_wconf 89' lang='lat' dir='ltr'><strong>Dei</strong></span> <span class='ocrx_word' id='word_1_198' title='bbox 3242 1769 3555 1834; x_wconf 85' lang='lat' dir='ltr'><strong>Genitricis</strong></span> <span class='ocrx_word' id='word_1_199' title='bbox 3587 1783 3759 1837; x_wconf 88' lang='lat' dir='ltr'><strong>trans</strong></span> 
     </span>
    </p>
   </div>
   <div class='ocr_carea' id='block_1_18' title="bbox 475 1871 3753 1950">
    <p class='ocr_par' dir='ltr' id='par_1_18' title="bbox 475 1871 3753 1950">
     <span class='ocr_line' id='line_1_18' title="bbox 475 1871 3753 1950; baseline 0 -18"><span class='ocrx_word' id='word_1_200' title='bbox 475 1875 745 1950; x_wconf 88' lang='lat' dir='ltr'><strong>Tyberim</strong></span> <span class='ocrx_word' id='word_1_201' title='bbox 777 1873 989 1929; x_wconf 77' lang='lat' dir='ltr'><strong>obtulit</strong></span> <span class='ocrx_word' id='word_1_202' title='bbox 1017 1877 1234 1928; x_wconf 89' lang='lat' dir='ltr'><strong>vestem</strong></span> <span class='ocrx_word' id='word_1_203' title='bbox 1268 1889 1468 1936; x_wconf 91' lang='lat' dir='ltr'><strong>unam,</strong></span> <span class='ocrx_word' id='word_1_204' title='bbox 1505 1871 1561 1926; x_wconf 93' lang='lat' dir='ltr'><strong>in</strong></span> <span class='ocrx_word' id='word_1_205' title='bbox 1594 1871 1840 1926; x_wconf 79' lang='lat' dir='ltr'><strong>circuitu</strong></span> <span class='ocrx_word' id='word_1_206' title='bbox 1870 1876 2134 1927; x_wconf 90' lang='lat' dir='ltr'><strong>ornatam</strong></span> <span class='ocrx_word' id='word_1_207' title='bbox 2167 1873 2238 1927; x_wconf 93' lang='lat' dir='ltr'><strong>de</strong></span> <span class='ocrx_word' id='word_1_208' title='bbox 2269 1871 2517 1938; x_wconf 86' lang='lat' dir='ltr'><strong>olovero,</strong></span> <span class='ocrx_word' id='word_1_209' title='bbox 2550 1872 2864 1930; x_wconf 87' lang='lat' dir='ltr'><strong>habentem</strong></span> <span class='ocrx_word' id='word_1_210' title='bbox 2900 1873 2956 1928; x_wconf 90' lang='lat' dir='ltr'><strong>in</strong></span> <span class='ocrx_word' id='word_1_211' title='bbox 2984 1874 3176 1931; x_wconf 90' lang='lat' dir='ltr'><strong>medio</strong></span> <span class='ocrx_word' id='word_1_212' title='bbox 3208 1891 3439 1932; x_wconf 89' lang='lat' dir='ltr'><strong>crucem</strong></span> <span class='ocrx_word' id='word_1_213' title='bbox 3474 1875 3548 1932; x_wconf 92' lang='lat' dir='ltr'><strong>de</strong></span> <span class='ocrx_word' id='word_1_214' title='bbox 3577 1877 3753 1950; x_wconf 86' lang='lat' dir='ltr'><strong>chry-</strong></span> 
     </span>
    </p>
   </div>
   <div class='ocr_carea' id='block_1_19' title="bbox 476 1968 3759 2045">
    <p class='ocr_par' dir='ltr' id='par_1_19' title="bbox 476 1968 3759 2045">
     <span class='ocr_line' id='line_1_19' title="bbox 476 1968 3759 2045; baseline 0 -15"><span class='ocrx_word' id='word_1_215' title='bbox 476 1971 891 2030; x_wconf 87' lang='lat' dir='ltr'><strong>soclavo.Fecit</strong></span> <span class='ocrx_word' id='word_1_216' title='bbox 923 1975 1117 2026; x_wconf 90' lang='lat' dir='ltr'><strong>autem</strong></span> <span class='ocrx_word' id='word_1_217' title='bbox 1151 1969 1209 2024; x_wconf 90' lang='lat' dir='ltr'><strong>in</strong></span> <span class='ocrx_word' id='word_1_218' title='bbox 1244 1968 1491 2025; x_wconf 89' lang='lat' dir='ltr'><strong>basilica</strong></span> <span class='ocrx_word' id='word_1_219' title='bbox 1521 1969 1700 2024; x_wconf 70' lang='lat' dir='ltr'><strong>beata:</strong></span> <span class='ocrx_word' id='word_1_220' title='bbox 1733 1969 1832 2024; x_wconf 88' lang='lat' dir='ltr'><strong>Dei</strong></span> <span class='ocrx_word' id='word_1_221' title='bbox 1869 1969 2334 2041; x_wconf 75' lang='lat' dir='ltr'><strong>Genitricis,qua:</strong></span> <span class='ocrx_word' id='word_1_222' title='bbox 2365 1974 2606 2025; x_wconf 89' lang='lat' dir='ltr'><strong>vocatur</strong></span> <span class='ocrx_word' id='word_1_223' title='bbox 2637 1970 2909 2044; x_wconf 81' lang='lat' dir='ltr'><strong>Antiqua,</strong></span> <span class='ocrx_word' id='word_1_224' title='bbox 2935 1988 3112 2045; x_wconf 88' lang='lat' dir='ltr'><strong>quam</strong></span> <span class='ocrx_word' id='word_1_225' title='bbox 3143 1989 3178 2029; x_wconf 90' lang='lat' dir='ltr'><strong>a</strong></span> <span class='ocrx_word' id='word_1_226' title='bbox 3209 1972 3614 2031; x_wconf 82' lang='lat' dir='ltr'><strong>fundamentis</strong></span> <span class='ocrx_word' id='word_1_227' title='bbox 3645 1973 3759 2031; x_wconf 87' lang='lat' dir='ltr'><strong>Leo</strong></span> 
     </span>
    </p>
   </div>
   <div class='ocr_carea' id='block_1_20' title="bbox 401 2065 3754 2143">
    <p class='ocr_par' dir='ltr' id='par_1_20' title="bbox 401 2065 3754 2143">
     <span class='ocr_line' id='line_1_20' title="bbox 401 2065 3754 2143; baseline 0.001 -17"><span class='ocrx_word' id='word_1_228' title='bbox 401 2073 438 2126; x_wconf 90' lang='grc'><strong>5</strong></span> <span class='ocrx_word' id='word_1_229' title='bbox 475 2087 628 2143; x_wconf 89' lang='lat' dir='ltr'><strong>papa</strong></span> <span class='ocrx_word' id='word_1_230' title='bbox 658 2069 811 2124; x_wconf 87' lang='lat' dir='ltr'><strong>viam</strong></span> <span class='ocrx_word' id='word_1_231' title='bbox 837 2071 1009 2140; x_wconf 86' lang='lat' dir='ltr'><strong>juxta</strong></span> <span class='ocrx_word' id='word_1_232' title='bbox 1039 2069 1276 2122; x_wconf 87' lang='lat' dir='ltr'><strong>Sacram</strong></span> <span class='ocrx_word' id='word_1_233' title='bbox 1310 2070 1735 2132; x_wconf 82' lang='lat' dir='ltr'><strong>construxerat,</strong></span> <span class='ocrx_word' id='word_1_234' title='bbox 1768 2065 1895 2122; x_wconf 88' lang='lat' dir='ltr'><strong>vela</strong></span> <span class='ocrx_word' id='word_1_235' title='bbox 1923 2067 1994 2121; x_wconf 91' lang='lat' dir='ltr'><strong>de</strong></span> <span class='ocrx_word' id='word_1_236' title='bbox 2026 2067 2266 2121; x_wconf 84' lang='lat' dir='ltr'><strong>fundato</strong></span> <span class='ocrx_word' id='word_1_237' title='bbox 2297 2082 2431 2122; x_wconf 90' lang='lat' dir='ltr'><strong>cum</strong></span> <span class='ocrx_word' id='word_1_238' title='bbox 2465 2067 2737 2141; x_wconf 87' lang='lat' dir='ltr'><strong>periclysi</strong></span> <span class='ocrx_word' id='word_1_239' title='bbox 2769 2069 2840 2124; x_wconf 91' lang='lat' dir='ltr'><strong>de</strong></span> <span class='ocrx_word' id='word_1_240' title='bbox 2871 2068 3128 2125; x_wconf 88' lang='lat' dir='ltr'><strong>blatthin</strong></span> <span class='ocrx_word' id='word_1_241' title='bbox 3161 2086 3406 2126; x_wconf 90' lang='lat' dir='ltr'><strong>numero</strong></span> <span class='ocrx_word' id='word_1_242' title='bbox 3445 2069 3754 2128; x_wconf 85' lang='lat' dir='ltr'><strong>tredecim.</strong></span> 
     </span>
    </p>
   </div>
   <div class='ocr_carea' id='block_1_21' title="bbox 477 2162 3754 2240">
    <p class='ocr_par' dir='ltr' id='par_1_21' title="bbox 477 2162 3754 2240">
     <span class='ocr_line' id='line_1_21' title="bbox 477 2162 3754 2240; baseline 0 -18"><span class='ocrx_word' id='word_1_243' title='bbox 477 2168 582 2234; x_wconf 82' lang='lat' dir='ltr'><strong>Qui</strong></span> <span class='ocrx_word' id='word_1_244' title='bbox 617 2167 792 2222; x_wconf 82' lang='lat' dir='ltr'><strong>etiam</strong></span> <span class='ocrx_word' id='word_1_245' title='bbox 826 2166 884 2220; x_wconf 93' lang='lat' dir='ltr'><strong>in</strong></span> <span class='ocrx_word' id='word_1_246' title='bbox 918 2165 1159 2220; x_wconf 81' lang='lat' dir='ltr'><strong>basilica</strong></span> <span class='ocrx_word' id='word_1_247' title='bbox 1190 2164 1341 2220; x_wconf 84' lang='lat' dir='ltr'><strong>beati</strong></span> <span class='ocrx_word' id='word_1_248' title='bbox 1377 2164 1670 2219; x_wconf 81' lang='lat' dir='ltr'><strong>Laurentii</strong></span> <span class='ocrx_word' id='word_1_249' title='bbox 1706 2163 2000 2234; x_wconf 81' lang='lat' dir='ltr'><strong>martyris,</strong></span> <span class='ocrx_word' id='word_1_250' title='bbox 2029 2162 2139 2218; x_wconf 86' lang='lat' dir='ltr'><strong>sita</strong></span> <span class='ocrx_word' id='word_1_251' title='bbox 2174 2162 2310 2218; x_wconf 88' lang='lat' dir='ltr'><strong>foris</strong></span> <span class='ocrx_word' id='word_1_252' title='bbox 2343 2181 2544 2218; x_wconf 89' lang='lat' dir='ltr'><strong>muros</strong></span> <span class='ocrx_word' id='word_1_253' title='bbox 2577 2163 2850 2232; x_wconf 82' lang='lat' dir='ltr'><strong>civitatis,</strong></span> <span class='ocrx_word' id='word_1_254' title='bbox 2871 2163 3082 2222; x_wconf 92' lang='lat' dir='ltr'><strong>obtulit</strong></span> <span class='ocrx_word' id='word_1_255' title='bbox 3113 2182 3318 2222; x_wconf 89' lang='lat' dir='ltr'><strong>aureas</strong></span> <span class='ocrx_word' id='word_1_256' title='bbox 3349 2165 3542 2223; x_wconf 86' lang='lat' dir='ltr'><strong>claves</strong></span> <span class='ocrx_word' id='word_1_257' title='bbox 3573 2171 3754 2240; x_wconf 88' lang='lat' dir='ltr'><strong>atque</strong></span> 
     </span>
    </p>
   </div>
   <div class='ocr_carea' id='block_1_22' title="bbox 474 2259 3747 2334">
    <p class='ocr_par' dir='ltr' id='par_1_22' title="bbox 474 2259 3747 2334">
     <span class='ocr_line' id='line_1_22' title="bbox 474 2259 3747 2334; baseline 0.001 -17"><span class='ocrx_word' id='word_1_258' title='bbox 474 2263 854 2318; x_wconf 77' lang='lat' dir='ltr'><strong>concessit.ln</strong></span> <span class='ocrx_word' id='word_1_259' title='bbox 889 2279 1086 2316; x_wconf 83' lang='lat' dir='ltr'><strong>mense</strong></span> <span class='ocrx_word' id='word_1_260' title='bbox 1116 2278 1249 2316; x_wconf 89' lang='lat' dir='ltr'><strong>vero</strong></span> <span class='ocrx_word' id='word_1_261' title='bbox 1281 2261 1486 2332; x_wconf 89' lang='lat' dir='ltr'><strong>quinto</strong></span> <span class='ocrx_word' id='word_1_262' title='bbox 1518 2260 1973 2316; x_wconf 83' lang='lat' dir='ltr'><strong>consecrationis</strong></span> <span class='ocrx_word' id='word_1_263' title='bbox 2004 2259 2181 2331; x_wconf 85' lang='lat' dir='ltr'><strong>hujus</strong></span> <span class='ocrx_word' id='word_1_264' title='bbox 2214 2260 2470 2331; x_wconf 76' lang='lat' dir='ltr'><strong>przeclari</strong></span> <span class='ocrx_word' id='word_1_265' title='bbox 2506 2261 2887 2334; x_wconf 80' lang='lat' dir='ltr'><strong>pontificis,id</strong></span> <span class='ocrx_word' id='word_1_266' title='bbox 2919 2266 3006 2318; x_wconf 91' lang='lat' dir='ltr'><strong>est</strong></span> <span class='ocrx_word' id='word_1_267' title='bbox 3037 2279 3237 2319; x_wconf 86' lang='lat' dir='ltr'><strong>mense</strong></span> <span class='ocrx_word' id='word_1_268' title='bbox 3266 2263 3747 2328; x_wconf 84' lang='lat' dir='ltr'><strong>Januario,die...</strong></span> 
     </span>
    </p>
   </div>
   <div class='ocr_carea' id='block_1_23' title="bbox 473 2357 3747 2434">
    <p class='ocr_par' dir='ltr' id='par_1_23' title="bbox 473 2357 3747 2434">
     <span class='ocr_line' id='line_1_23' title="bbox 473 2357 3747 2434; baseline 0.001 -20"><span class='ocrx_word' id='word_1_269' title='bbox 473 2361 685 2415; x_wconf 78' lang='lat' dir='ltr'><strong>fluvius</strong></span> <span class='ocrx_word' id='word_1_270' title='bbox 716 2359 815 2430; x_wconf 78' lang='lat' dir='ltr'><strong>qui</strong></span> <span class='ocrx_word' id='word_1_271' title='bbox 848 2358 1179 2430; x_wconf 82' lang='lat' dir='ltr'><strong>appellatur</strong></span> <span class='ocrx_word' id='word_1_272' title='bbox 1208 2359 1450 2430; x_wconf 81' lang='lat' dir='ltr'><strong>Tyberis</strong></span> <span class='ocrx_word' id='word_1_273' title='bbox 1482 2357 1708 2413; x_wconf 84' lang='lat' dir='ltr'><strong>alveum</strong></span> <span class='ocrx_word' id='word_1_274' title='bbox 1743 2374 2016 2429; x_wconf 77' lang='lat' dir='ltr'><strong>egressus</strong></span> <span class='ocrx_word' id='word_1_275' title='bbox 2047 2362 2136 2412; x_wconf 90' lang='lat' dir='ltr'><strong>est</strong></span> <span class='ocrx_word' id='word_1_276' title='bbox 2167 2375 2339 2412; x_wconf 83' lang='lat' dir='ltr'><strong>suum</strong></span> <span class='ocrx_word' id='word_1_277' title='bbox 2391 2363 2450 2414; x_wconf 89' lang='lat' dir='ltr'><strong>et</strong></span> <span class='ocrx_word' id='word_1_278' title='bbox 2497 2375 2600 2430; x_wconf 90' lang='lat' dir='ltr'><strong>per</strong></span> <span class='ocrx_word' id='word_1_279' title='bbox 2649 2359 3001 2432; x_wconf 85' lang='lat' dir='ltr'><strong>campestria</strong></span> <span class='ocrx_word' id='word_1_280' title='bbox 3032 2377 3094 2416; x_wconf 92' lang='lat' dir='ltr'><strong>se</strong></span> <span class='ocrx_word' id='word_1_281' title='bbox 3133 2360 3311 2424; x_wconf 85' lang='lat' dir='ltr'><strong>dedit,</strong></span> <span class='ocrx_word' id='word_1_282' title='bbox 3344 2361 3747 2434; x_wconf 89' lang='lat' dir='ltr'><strong>intumuitque</strong></span> 
     </span>
    </p>
   </div>
   <div class='ocr_carea' id='block_1_24' title="bbox 474 2454 3746 2532">
    <p class='ocr_par' dir='ltr' id='par_1_24' title="bbox 474 2454 3746 2532">
     <span class='ocr_line' id='line_1_24' title="bbox 474 2454 3746 2532; baseline 0.001 -21"><span class='ocrx_word' id='word_1_283' title='bbox 474 2456 858 2511; x_wconf 89' lang='lat' dir='ltr'><strong>inundatione</strong></span> <span class='ocrx_word' id='word_1_284' title='bbox 890 2472 1176 2527; x_wconf 89' lang='lat' dir='ltr'><strong>aquarum</strong></span> <span class='ocrx_word' id='word_1_285' title='bbox 1211 2454 1529 2510; x_wconf 85' lang='lat' dir='ltr'><strong>multarum</strong></span> <span class='ocrx_word' id='word_1_286' title='bbox 1562 2460 1620 2510; x_wconf 88' lang='lat' dir='ltr'><strong>et</strong></span> <span class='ocrx_word' id='word_1_287' title='bbox 1650 2456 1953 2527; x_wconf 83' lang='lat' dir='ltr'><strong>ingressus</strong></span> <span class='ocrx_word' id='word_1_288' title='bbox 1984 2458 2072 2509; x_wconf 81' lang='lat' dir='ltr'><strong>est</strong></span> <span class='ocrx_word' id='word_1_289' title='bbox 2105 2472 2208 2526; x_wconf 89' lang='lat' dir='ltr'><strong>per</strong></span> <span class='ocrx_word' id='word_1_290' title='bbox 2239 2455 2616 2527; x_wconf 82' lang='lat' dir='ltr'><strong>posterulam,</strong></span> <span class='ocrx_word' id='word_1_291' title='bbox 2649 2474 2776 2530; x_wconf 62' lang='lat' dir='ltr'><strong>quae</strong></span> <span class='ocrx_word' id='word_1_292' title='bbox 2808 2456 3134 2529; x_wconf 83' lang='lat' dir='ltr'><strong>appellatur</strong></span> <span class='ocrx_word' id='word_1_293' title='bbox 3163 2463 3377 2513; x_wconf 66' lang='lat' dir='ltr'><strong>sanctae</strong></span> <span class='ocrx_word' id='word_1_294' title='bbox 3411 2459 3746 2532; x_wconf 53' lang='lat' dir='ltr'><strong>Agalhmﬂn</strong></span> 
     </span>
    </p>
   </div>
   <div class='ocr_carea' id='block_1_25' title="bbox 367 2551 3744 2627">
    <p class='ocr_par' dir='ltr' id='par_1_25' title="bbox 367 2551 3744 2627">
     <span class='ocr_line' id='line_1_25' title="bbox 367 2551 3744 2627; baseline 0.001 -17"><span class='ocrx_word' id='word_1_295' title='bbox 367 2557 435 2610; x_wconf 86' lang='grc'><strong>10</strong></span> <span class='ocrx_word' id='word_1_296' title='bbox 473 2554 678 2609; x_wconf 87' lang='lat' dir='ltr'><strong>urbem</strong></span> <span class='ocrx_word' id='word_1_297' title='bbox 715 2553 1035 2608; x_wconf 81' lang='lat' dir='ltr'><strong>Romanam</strong></span> <span class='ocrx_word' id='word_1_298' title='bbox 1070 2552 1213 2608; x_wconf 91' lang='lat' dir='ltr'><strong>hora</strong></span> <span class='ocrx_word' id='word_1_299' title='bbox 1243 2551 1378 2607; x_wconf 90' lang='lat' dir='ltr'><strong>diei.</strong></span> <span class='ocrx_word' id='word_1_300' title='bbox 1412 2553 1799 2608; x_wconf 82' lang='lat' dir='ltr'><strong>Transcendit</strong></span> <span class='ocrx_word' id='word_1_301' title='bbox 1828 2553 2046 2608; x_wconf 88' lang='lat' dir='ltr'><strong>interea</strong></span> <span class='ocrx_word' id='word_1_302' title='bbox 2076 2552 2376 2625; x_wconf 87' lang='lat' dir='ltr'><strong>aliquibus</strong></span> <span class='ocrx_word' id='word_1_303' title='bbox 2407 2553 2568 2620; x_wconf 91' lang='lat' dir='ltr'><strong>locis,</strong></span> <span class='ocrx_word' id='word_1_304' title='bbox 2597 2559 2654 2610; x_wconf 90' lang='lat' dir='ltr'><strong>et</strong></span> <span class='ocrx_word' id='word_1_305' title='bbox 2684 2553 2989 2627; x_wconf 86' lang='lat' dir='ltr'><strong>ingressus</strong></span> <span class='ocrx_word' id='word_1_306' title='bbox 3019 2559 3109 2612; x_wconf 89' lang='lat' dir='ltr'><strong>est</strong></span> <span class='ocrx_word' id='word_1_307' title='bbox 3135 2554 3192 2610; x_wconf 91' lang='lat' dir='ltr'><strong>in</strong></span> <span class='ocrx_word' id='word_1_308' title='bbox 3235 2555 3548 2612; x_wconf 84' lang='lat' dir='ltr'><strong>ecclesiam</strong></span> <span class='ocrx_word' id='word_1_309' title='bbox 3599 2557 3744 2612; x_wconf 88' lang='lat' dir='ltr'><strong>beati</strong></span> 
     </span>
    </p>
   </div>
   <div class='ocr_carea' id='block_1_26' title="bbox 477 2649 3743 2727">
    <p class='ocr_par' dir='ltr' id='par_1_26' title="bbox 477 2649 3743 2727">
     <span class='ocr_line' id='line_1_26' title="bbox 477 2649 3743 2727; baseline -0 -16"><span class='ocrx_word' id='word_1_310' title='bbox 477 2651 760 2722; x_wconf 90' lang='lat' dir='ltr'><strong>Silvestri,</strong></span> <span class='ocrx_word' id='word_1_311' title='bbox 793 2650 875 2706; x_wconf 90' lang='lat' dir='ltr'><strong>ita</strong></span> <span class='ocrx_word' id='word_1_312' title='bbox 903 2655 968 2705; x_wconf 93' lang='lat' dir='ltr'><strong>ut</strong></span> <span class='ocrx_word' id='word_1_313' title='bbox 997 2655 1053 2706; x_wconf 90' lang='lat' dir='ltr'><strong>et</strong></span> <span class='ocrx_word' id='word_1_314' title='bbox 1081 2651 1300 2723; x_wconf 89' lang='lat' dir='ltr'><strong>gradus</strong></span> <span class='ocrx_word' id='word_1_315' title='bbox 1327 2667 1531 2706; x_wconf 89' lang='lat' dir='ltr'><strong>omnes</strong></span> <span class='ocrx_word' id='word_1_316' title='bbox 1562 2650 1900 2706; x_wconf 87' lang='lat' dir='ltr'><strong>ascenderet</strong></span> <span class='ocrx_word' id='word_1_317' title='bbox 1930 2649 1988 2704; x_wconf 91' lang='lat' dir='ltr'><strong>in</strong></span> <span class='ocrx_word' id='word_1_318' title='bbox 2020 2649 2324 2706; x_wconf 90' lang='lat' dir='ltr'><strong>basilicam</strong></span> <span class='ocrx_word' id='word_1_319' title='bbox 2357 2650 2509 2706; x_wconf 90' lang='lat' dir='ltr'><strong>beati</strong></span> <span class='ocrx_word' id='word_1_320' title='bbox 2541 2651 2800 2726; x_wconf 80' lang='lat' dir='ltr'><strong>Dionysii</strong></span> <span class='ocrx_word' id='word_1_321' title='bbox 2839 2669 2955 2726; x_wconf 70' lang='lat' dir='ltr'><strong>prae</strong></span> <span class='ocrx_word' id='word_1_322' title='bbox 3005 2651 3385 2710; x_wconf 89' lang='lat' dir='ltr'><strong>multitudine</strong></span> <span class='ocrx_word' id='word_1_323' title='bbox 3433 2671 3743 2727; x_wconf 87' lang='lat' dir='ltr'><strong>aquarum,</strong></span> 
     </span>
    </p>
   </div>
   <div class='ocr_carea' id='block_1_27' title="bbox 471 2746 3743 2826">
    <p class='ocr_par' dir='ltr' id='par_1_27' title="bbox 471 2746 3743 2826">
     <span class='ocr_line' id='line_1_27' title="bbox 471 2746 3743 2826; baseline 0.002 -21"><span class='ocrx_word' id='word_1_324' title='bbox 471 2753 707 2820; x_wconf 81' lang='lat' dir='ltr'><strong>excepto</strong></span> <span class='ocrx_word' id='word_1_325' title='bbox 741 2765 854 2803; x_wconf 89' lang='lat' dir='ltr'><strong>uno</strong></span> <span class='ocrx_word' id='word_1_326' title='bbox 885 2746 984 2820; x_wconf 90' lang='lat' dir='ltr'><strong>qui</strong></span> <span class='ocrx_word' id='word_1_327' title='bbox 1018 2747 1289 2820; x_wconf 89' lang='lat' dir='ltr'><strong>superius</strong></span> <span class='ocrx_word' id='word_1_328' title='bbox 1315 2752 1520 2812; x_wconf 91' lang='lat' dir='ltr'><strong>erat,et</strong></span> <span class='ocrx_word' id='word_1_329' title='bbox 1551 2746 1756 2802; x_wconf 85' lang='lat' dir='ltr'><strong>exinde</strong></span> <span class='ocrx_word' id='word_1_330' title='bbox 1787 2747 2063 2820; x_wconf 85' lang='lat' dir='ltr'><strong>expandit</strong></span> <span class='ocrx_word' id='word_1_331' title='bbox 2093 2765 2154 2803; x_wconf 91' lang='lat' dir='ltr'><strong>se</strong></span> <span class='ocrx_word' id='word_1_332' title='bbox 2186 2765 2362 2820; x_wconf 89' lang='lat' dir='ltr'><strong>super</strong></span> <span class='ocrx_word' id='word_1_333' title='bbox 2393 2748 2802 2823; x_wconf 65' lang='lat' dir='ltr'><strong>plateam,qua</strong></span> <span class='ocrx_word' id='word_1_334' title='bbox 2831 2751 3174 2808; x_wconf 89' lang='lat' dir='ltr'><strong>vocaturvia</strong></span> <span class='ocrx_word' id='word_1_335' title='bbox 3193 2756 3414 2820; x_wconf 88' lang='lat' dir='ltr'><strong>Lata,et</strong></span> <span class='ocrx_word' id='word_1_336' title='bbox 3443 2751 3743 2826; x_wconf 87' lang='lat' dir='ltr'><strong>ingressus</strong></span> 
     </span>
    </p>
   </div>
   <div class='ocr_carea' id='block_1_28' title="bbox 467 2844 3741 2925">
    <p class='ocr_par' dir='ltr' id='par_1_28' title="bbox 467 2844 3741 2925">
     <span class='ocr_line' id='line_1_28' title="bbox 467 2844 3741 2925; baseline 0.002 -22"><span class='ocrx_word' id='word_1_337' title='bbox 467 2851 557 2904; x_wconf 91' lang='lat' dir='ltr'><strong>est</strong></span> <span class='ocrx_word' id='word_1_338' title='bbox 585 2847 644 2902; x_wconf 92' lang='lat' dir='ltr'><strong>in</strong></span> <span class='ocrx_word' id='word_1_339' title='bbox 668 2845 973 2902; x_wconf 89' lang='lat' dir='ltr'><strong>basilicam</strong></span> <span class='ocrx_word' id='word_1_340' title='bbox 1004 2850 1218 2900; x_wconf 61' lang='lat' dir='ltr'><strong>sancta</strong></span> <span class='ocrx_word' id='word_1_341' title='bbox 1250 2844 1351 2901; x_wconf 92' lang='lat' dir='ltr'><strong>Dei</strong></span> <span class='ocrx_word' id='word_1_342' title='bbox 1382 2845 1691 2900; x_wconf 88' lang='lat' dir='ltr'><strong>Genitricis</strong></span> <span class='ocrx_word' id='word_1_343' title='bbox 1721 2844 1937 2912; x_wconf 72' lang='grc' dir='ltr'><strong>Μαι-ξω,</strong></span> <span class='ocrx_word' id='word_1_344' title='bbox 1970 2849 2026 2900; x_wconf 89' lang='lat' dir='ltr'><strong>et</strong></span> <span class='ocrx_word' id='word_1_345' title='bbox 2055 2845 2274 2901; x_wconf 90' lang='lat' dir='ltr'><strong>ibidem</strong></span> <span class='ocrx_word' id='word_1_346' title='bbox 2302 2849 2534 2903; x_wconf 87' lang='lat' dir='ltr'><strong>tantum</strong></span> <span class='ocrx_word' id='word_1_347' title='bbox 2565 2847 2852 2905; x_wconf 81' lang='lat' dir='ltr'><strong>intumuit</strong></span> <span class='ocrx_word' id='word_1_348' title='bbox 2881 2866 3037 2922; x_wconf 88' lang='lat' dir='ltr'><strong>aqua</strong></span> <span class='ocrx_word' id='word_1_349' title='bbox 3066 2853 3130 2906; x_wconf 91' lang='lat' dir='ltr'><strong>ut</strong></span> <span class='ocrx_word' id='word_1_350' title='bbox 3149 2850 3326 2906; x_wconf 90' lang='lat' dir='ltr'><strong>etiam</strong></span> <span class='ocrx_word' id='word_1_351' title='bbox 3351 2854 3533 2924; x_wconf 70' lang='lat' dir='ltr'><strong>portas</strong></span> <span class='ocrx_word' id='word_1_352' title='bbox 3557 2850 3741 2925; x_wconf 88' lang='lat' dir='ltr'><strong>ipsius</strong></span> 
     </span>
    </p>
   </div>
   <div class='ocr_carea' id='block_1_29' title="bbox 468 2941 3739 3021">
    <p class='ocr_par' dir='ltr' id='par_1_29' title="bbox 468 2941 3739 3021">
     <span class='ocr_line' id='line_1_29' title="bbox 468 2941 3739 3021; baseline 0.002 -22"><span class='ocrx_word' id='word_1_353' title='bbox 468 2943 725 3000; x_wconf 73' lang='lat' dir='ltr'><strong>ecclesias</strong></span> <span class='ocrx_word' id='word_1_354' title='bbox 758 2959 874 2998; x_wconf 90' lang='lat' dir='ltr'><strong>non</strong></span> <span class='ocrx_word' id='word_1_355' title='bbox 900 2942 1238 2998; x_wconf 87' lang='lat' dir='ltr'><strong>viderentur</strong></span> <span class='ocrx_word' id='word_1_356' title='bbox 1266 2960 1381 3014; x_wconf 63' lang='lat' dir='ltr'><strong>prie</strong></span> <span class='ocrx_word' id='word_1_357' title='bbox 1415 2941 1793 2998; x_wconf 87' lang='lat' dir='ltr'><strong>multitudine</strong></span> <span class='ocrx_word' id='word_1_358' title='bbox 1821 2959 2129 3014; x_wconf 86' lang='lat' dir='ltr'><strong>aquarum.</strong></span> <span class='ocrx_word' id='word_1_359' title='bbox 2163 2944 2241 2998; x_wconf 92' lang='lat' dir='ltr'><strong>Ac</strong></span> <span class='ocrx_word' id='word_1_360' title='bbox 2273 2943 2409 3000; x_wconf 89' lang='lat' dir='ltr'><strong>inde</strong></span> <span class='ocrx_word' id='word_1_361' title='bbox 2440 2945 2706 3002; x_wconf 90' lang='lat' dir='ltr'><strong>ascendit</strong></span> <span class='ocrx_word' id='word_1_362' title='bbox 2737 2963 2840 3020; x_wconf 89' lang='lat' dir='ltr'><strong>per</strong></span> <span class='ocrx_word' id='word_1_363' title='bbox 2876 2947 3098 3020; x_wconf 88' lang='lat' dir='ltr'><strong>plateas</strong></span> <span class='ocrx_word' id='word_1_364' title='bbox 3145 2952 3201 3004; x_wconf 91' lang='lat' dir='ltr'><strong>et</strong></span> <span class='ocrx_word' id='word_1_365' title='bbox 3241 2948 3402 3004; x_wconf 87' lang='lat' dir='ltr'><strong>vicos</strong></span> <span class='ocrx_word' id='word_1_366' title='bbox 3450 2965 3644 3021; x_wconf 88' lang='lat' dir='ltr'><strong>usque</strong></span> <span class='ocrx_word' id='word_1_367' title='bbox 3671 2949 3739 3005; x_wconf 89' lang='lat' dir='ltr'><strong>ad</strong></span> 
     </span>
    </p>
   </div>
   <div class='ocr_carea' id='block_1_30' title="bbox 367 3040 3738 3118">
    <p class='ocr_par' dir='ltr' id='par_1_30' title="bbox 367 3040 3738 3118">
     <span class='ocr_line' id='line_1_30' title="bbox 367 3040 3738 3118; baseline 0.001 -19"><span class='ocrx_word' id='word_1_368' title='bbox 367 3045 436 3099; x_wconf 86' lang='grc'><strong>15</strong></span> <span class='ocrx_word' id='word_1_369' title='bbox 477 3041 689 3098; x_wconf 86' lang='lat' dir='ltr'><strong>clivum</strong></span> <span class='ocrx_word' id='word_1_370' title='bbox 721 3040 1032 3114; x_wconf 83' lang='lat' dir='ltr'><strong>argentarii</strong></span> <span class='ocrx_word' id='word_1_371' title='bbox 1067 3057 1080 3095; x_wconf 91' lang='lat'>:</span> <span class='ocrx_word' id='word_1_372' title='bbox 1114 3040 1319 3096; x_wconf 89' lang='lat' dir='ltr'><strong>exinde</strong></span> <span class='ocrx_word' id='word_1_373' title='bbox 1349 3057 1483 3096; x_wconf 90' lang='lat' dir='ltr'><strong>vero</strong></span> <span class='ocrx_word' id='word_1_374' title='bbox 1516 3041 1760 3096; x_wconf 81' lang='lat' dir='ltr'><strong>reflexus</strong></span> <span class='ocrx_word' id='word_1_375' title='bbox 1791 3041 2093 3112; x_wconf 87' lang='lat' dir='ltr'><strong>ingressus</strong></span> <span class='ocrx_word' id='word_1_376' title='bbox 2125 3045 2212 3096; x_wconf 88' lang='lat' dir='ltr'><strong>est</strong></span> <span class='ocrx_word' id='word_1_377' title='bbox 2243 3057 2345 3113; x_wconf 92' lang='lat' dir='ltr'><strong>per</strong></span> <span class='ocrx_word' id='word_1_378' title='bbox 2375 3042 2685 3113; x_wconf 84' lang='lat' dir='ltr'><strong>porticum,</strong></span> <span class='ocrx_word' id='word_1_379' title='bbox 2721 3061 2848 3117; x_wconf 70' lang='lat' dir='ltr'><strong>qua:</strong></span> <span class='ocrx_word' id='word_1_380' title='bbox 2879 3049 2968 3102; x_wconf 87' lang='lat' dir='ltr'><strong>est</strong></span> <span class='ocrx_word' id='word_1_381' title='bbox 2993 3045 3200 3118; x_wconf 80' lang='lat' dir='ltr'><strong>.po’sita</strong></span> <span class='ocrx_word' id='word_1_382' title='bbox 3248 3050 3381 3102; x_wconf 90' lang='lat' dir='ltr'><strong>ante</strong></span> <span class='ocrx_word' id='word_1_383' title='bbox 3435 3045 3738 3103; x_wconf 86' lang='lat' dir='ltr'><strong>ecclesiam</strong></span> 
     </span>
    </p>
   </div>
   <div class='ocr_carea' id='block_1_31' title="bbox 465 3137 3733 3214">
    <p class='ocr_par' dir='ltr' id='par_1_31' title="bbox 465 3137 3733 3214">
     <span class='ocr_line' id='line_1_31' title="bbox 465 3137 3733 3214; baseline 0.002 -19"><span class='ocrx_word' id='word_1_384' title='bbox 465 3139 652 3196; x_wconf 89' lang='lat' dir='ltr'><strong>sancti</strong></span> <span class='ocrx_word' id='word_1_385' title='bbox 685 3137 1090 3207; x_wconf 90' lang='lat' dir='ltr'><strong>Marci,mense</strong></span> <span class='ocrx_word' id='word_1_386' title='bbox 1121 3137 1579 3210; x_wconf 80' lang='lat' dir='ltr'><strong>supradicto,die</strong></span> <span class='ocrx_word' id='word_1_387' title='bbox 1615 3142 1778 3194; x_wconf 79' lang='lat' dir='ltr'><strong>sexto</strong></span> <span class='ocrx_word' id='word_1_388' title='bbox 1811 3138 2196 3210; x_wconf 85' lang='lat' dir='ltr'><strong>apparitionis</strong></span> <span class='ocrx_word' id='word_1_389' title='bbox 2232 3137 2460 3194; x_wconf 89' lang='lat' dir='ltr'><strong>Domini</strong></span> <span class='ocrx_word' id='word_1_390' title='bbox 2492 3141 2674 3197; x_wconf 88' lang='lat' dir='ltr'><strong>nostri</strong></span> <span class='ocrx_word' id='word_1_391' title='bbox 2707 3142 2846 3199; x_wconf 87' lang='lat' dir='ltr'><strong>Jesu</strong></span> <span class='ocrx_word' id='word_1_392' title='bbox 2873 3141 3084 3199; x_wconf 89' lang='lat' dir='ltr'><strong>Christi</strong></span> <span class='ocrx_word' id='word_1_393' title='bbox 3115 3144 3443 3200; x_wconf 89' lang='lat' dir='ltr'><strong>secundum</strong></span> <span class='ocrx_word' id='word_1_394' title='bbox 3477 3161 3733 3214; x_wconf 87' lang='lat' dir='ltr'><strong>carnem,</strong></span> 
     </span>
    </p>
   </div>
   <div class='ocr_carea' id='block_1_32' title="bbox 464 3236 3739 3312">
    <p class='ocr_par' dir='ltr' id='par_1_32' title="bbox 464 3236 3739 3312">
     <span class='ocr_line' id='line_1_32' title="bbox 464 3236 3739 3312; baseline 0.002 -20"><span class='ocrx_word' id='word_1_395' title='bbox 464 3237 522 3293; x_wconf 89' lang='lat' dir='ltr'><strong>id</strong></span> <span class='ocrx_word' id='word_1_396' title='bbox 553 3243 640 3294; x_wconf 91' lang='lat' dir='ltr'><strong>est</strong></span> <span class='ocrx_word' id='word_1_397' title='bbox 667 3237 1230 3310; x_wconf 66' lang='lat' dir='ltr'><strong>TheophaniaeJnde</strong></span> <span class='ocrx_word' id='word_1_398' title='bbox 1264 3241 1461 3292; x_wconf 89' lang='lat' dir='ltr'><strong>autem</strong></span> <span class='ocrx_word' id='word_1_399' title='bbox 1497 3236 1784 3308; x_wconf 89' lang='lat' dir='ltr'><strong>impetum</strong></span> <span class='ocrx_word' id='word_1_400' title='bbox 1815 3237 2034 3292; x_wconf 81' lang='lat' dir='ltr'><strong>faciens</strong></span> <span class='ocrx_word' id='word_1_401' title='bbox 2065 3237 2236 3310; x_wconf 78' lang='lat' dir='ltr'><strong>ccepit</strong></span> <span class='ocrx_word' id='word_1_402' title='bbox 2269 3239 2577 3294; x_wconf 89' lang='lat' dir='ltr'><strong>decurrere</strong></span> <span class='ocrx_word' id='word_1_403' title='bbox 2603 3236 2660 3292; x_wconf 89' lang='lat' dir='ltr'><strong>in</strong></span> <span class='ocrx_word' id='word_1_404' title='bbox 2690 3237 2946 3294; x_wconf 89' lang='lat' dir='ltr'><strong>cloacam</strong></span> <span class='ocrx_word' id='word_1_405' title='bbox 2981 3257 3107 3312; x_wconf 68' lang='lat' dir='ltr'><strong>quae</strong></span> <span class='ocrx_word' id='word_1_406' title='bbox 3137 3243 3225 3296; x_wconf 89' lang='lat' dir='ltr'><strong>est</strong></span> <span class='ocrx_word' id='word_1_407' title='bbox 3246 3241 3422 3312; x_wconf 79' lang='lat' dir='ltr'><strong>juxta</strong></span> <span class='ocrx_word' id='word_1_408' title='bbox 3453 3245 3739 3297; x_wconf 88' lang='lat' dir='ltr'><strong>monaste-</strong></span> 
     </span>
    </p>
   </div>
   <div class='ocr_carea' id='block_1_33' title="bbox 465 3332 3738 3410">
    <p class='ocr_par' dir='ltr' id='par_1_33' title="bbox 465 3332 3738 3410">
     <span class='ocr_line' id='line_1_33' title="bbox 465 3332 3738 3410; baseline 0.001 -20"><span class='ocrx_word' id='word_1_409' title='bbox 465 3334 620 3390; x_wconf 88' lang='lat' dir='ltr'><strong>rium</strong></span> <span class='ocrx_word' id='word_1_410' title='bbox 651 3335 836 3391; x_wconf 89' lang='lat' dir='ltr'><strong>sancti</strong></span> <span class='ocrx_word' id='word_1_411' title='bbox 869 3332 1128 3389; x_wconf 89' lang='lat' dir='ltr'><strong>Silvestri</strong></span> <span class='ocrx_word' id='word_1_412' title='bbox 1159 3337 1216 3389; x_wconf 90' lang='lat' dir='ltr'><strong>et</strong></span> <span class='ocrx_word' id='word_1_413' title='bbox 1245 3332 1432 3389; x_wconf 91' lang='lat' dir='ltr'><strong>sancti</strong></span> <span class='ocrx_word' id='word_1_414' title='bbox 1463 3334 1758 3390; x_wconf 89' lang='lat' dir='ltr'><strong>Laurentii</strong></span> <span class='ocrx_word' id='word_1_415' title='bbox 1790 3335 2083 3408; x_wconf 87' lang='lat' dir='ltr'><strong>martyris,</strong></span> <span class='ocrx_word' id='word_1_416' title='bbox 2116 3335 2269 3407; x_wconf 91' lang='lat' dir='ltr'><strong>quod</strong></span> <span class='ocrx_word' id='word_1_417' title='bbox 2300 3340 2540 3391; x_wconf 89' lang='lat' dir='ltr'><strong>vocatur</strong></span> <span class='ocrx_word' id='word_1_418' title='bbox 2569 3334 2866 3392; x_wconf 88' lang='lat' dir='ltr'><strong>Pallacini.</strong></span> <span class='ocrx_word' id='word_1_419' title='bbox 2897 3335 2968 3392; x_wconf 86' lang='lat' dir='ltr'><strong>Et</strong></span> <span class='ocrx_word' id='word_1_420' title='bbox 2997 3336 3068 3392; x_wconf 94' lang='lat' dir='ltr'><strong>ab</strong></span> <span class='ocrx_word' id='word_1_421' title='bbox 3099 3337 3226 3408; x_wconf 91' lang='lat' dir='ltr'><strong>ipso</strong></span> <span class='ocrx_word' id='word_1_422' title='bbox 3258 3336 3350 3392; x_wconf 91' lang='lat' dir='ltr'><strong>die</strong></span> <span class='ocrx_word' id='word_1_423' title='bbox 3379 3341 3438 3392; x_wconf 90' lang='lat' dir='ltr'><strong>et</strong></span> <span class='ocrx_word' id='word_1_424' title='bbox 3466 3337 3738 3410; x_wconf 88' lang='lat' dir='ltr'><strong>deinceps</strong></span> 
     </span>
    </p>
   </div>
   <div class='ocr_carea' id='block_1_34' title="bbox 465 3430 3736 3504">
    <p class='ocr_par' dir='ltr' id='par_1_34' title="bbox 465 3430 3736 3504">
     <span class='ocr_line' id='line_1_34' title="bbox 465 3430 3736 3504; baseline 0.002 -17"><span class='ocrx_word' id='word_1_425' title='bbox 465 3432 638 3504; x_wconf 75' lang='lat' dir='ltr'><strong>cmpit</strong></span> <span class='ocrx_word' id='word_1_426' title='bbox 667 3430 950 3504; x_wconf 91' lang='lat' dir='ltr'><strong>paulatim</strong></span> <span class='ocrx_word' id='word_1_427' title='bbox 983 3448 1136 3503; x_wconf 89' lang='lat' dir='ltr'><strong>aqua</strong></span> <span class='ocrx_word' id='word_1_428' title='bbox 1165 3430 1374 3499; x_wconf 91' lang='lat' dir='ltr'><strong>minui,</strong></span> <span class='ocrx_word' id='word_1_429' title='bbox 1407 3435 1466 3486; x_wconf 89' lang='lat' dir='ltr'><strong>et</strong></span> <span class='ocrx_word' id='word_1_430' title='bbox 1497 3431 1707 3487; x_wconf 88' lang='lat' dir='ltr'><strong>ﬂuvius</strong></span> <span class='ocrx_word' id='word_1_431' title='bbox 1740 3436 1870 3504; x_wconf 88' lang='lat' dir='ltr'><strong>post</strong></span> <span class='ocrx_word' id='word_1_432' title='bbox 1902 3431 2086 3488; x_wconf 92' lang='lat' dir='ltr'><strong>multo</strong></span> <span class='ocrx_word' id='word_1_433' title='bbox 2117 3433 2334 3489; x_wconf 87' lang='lat' dir='ltr'><strong>damno</strong></span> <span class='ocrx_word' id='word_1_434' title='bbox 2373 3434 2523 3489; x_wconf 88' lang='lat' dir='ltr'><strong>facto</strong></span> <span class='ocrx_word' id='word_1_435' title='bbox 2556 3432 2613 3487; x_wconf 91' lang='lat' dir='ltr'><strong>in</strong></span> <span class='ocrx_word' id='word_1_436' title='bbox 2649 3449 2821 3488; x_wconf 91' lang='lat' dir='ltr'><strong>suum</strong></span> <span class='ocrx_word' id='word_1_437' title='bbox 2855 3433 3083 3489; x_wconf 89' lang='lat' dir='ltr'><strong>alveum</strong></span> <span class='ocrx_word' id='word_1_438' title='bbox 3131 3451 3400 3490; x_wconf 89' lang='lat' dir='ltr'><strong>reversus</strong></span> <span class='ocrx_word' id='word_1_439' title='bbox 3450 3439 3564 3491; x_wconf 91' lang='lat' dir='ltr'><strong>est.</strong></span> <span class='ocrx_word' id='word_1_440' title='bbox 3599 3435 3736 3492; x_wconf 87' lang='lat' dir='ltr'><strong>Nam</strong></span> 
     </span>
    </p>
   </div>
   <div class='ocr_carea' id='block_1_35' title="bbox 357 3526 3740 3606">
    <p class='ocr_par' dir='ltr' id='par_1_35' title="bbox 357 3526 3740 3606">
     <span class='ocr_line' id='line_1_35' title="bbox 357 3526 3740 3606; baseline 0.001 -21"><span class='ocrx_word' id='word_1_441' title='bbox 357 3531 429 3585; x_wconf 87' lang='grc'>20</span> <span class='ocrx_word' id='word_1_442' title='bbox 466 3530 672 3584; x_wconf 91' lang='lat' dir='ltr'><strong>domos</strong></span> <span class='ocrx_word' id='word_1_443' title='bbox 701 3526 924 3594; x_wconf 89' lang='lat' dir='ltr'><strong>evertit,</strong></span> <span class='ocrx_word' id='word_1_444' title='bbox 961 3543 1130 3599; x_wconf 84' lang='lat' dir='ltr'><strong>agros</strong></span> <span class='ocrx_word' id='word_1_445' title='bbox 1163 3529 1495 3594; x_wconf 89' lang='lat' dir='ltr'><strong>desertavit,</strong></span> <span class='ocrx_word' id='word_1_446' title='bbox 1528 3528 1780 3584; x_wconf 89' lang='lat' dir='ltr'><strong>evellens</strong></span> <span class='ocrx_word' id='word_1_447' title='bbox 1812 3533 2036 3601; x_wconf 82' lang='lat' dir='ltr'><strong>segetes</strong></span> <span class='ocrx_word' id='word_1_448' title='bbox 2067 3532 2124 3584; x_wconf 90' lang='lat' dir='ltr'><strong>et</strong></span> <span class='ocrx_word' id='word_1_449' title='bbox 2154 3529 2458 3586; x_wconf 89' lang='lat' dir='ltr'><strong>eradicans</strong></span> <span class='ocrx_word' id='word_1_450' title='bbox 2491 3530 2752 3587; x_wconf 88' lang='lat' dir='ltr'><strong>arbusta.</strong></span> <span class='ocrx_word' id='word_1_451' title='bbox 2788 3531 2889 3587; x_wconf 85' lang='lat' dir='ltr'><strong>His</strong></span> <span class='ocrx_word' id='word_1_452' title='bbox 2920 3531 3120 3605; x_wconf 89' lang='lat' dir='ltr'><strong>itaque</strong></span> <span class='ocrx_word' id='word_1_453' title='bbox 3162 3531 3416 3604; x_wconf 87' lang='lat' dir='ltr'><strong>peractis</strong></span> <span class='ocrx_word' id='word_1_454' title='bbox 3465 3535 3740 3606; x_wconf 70' lang='lat' dir='ltr'><strong>praefatus</strong></span> 
     </span>
    </p>
   </div>
   <div class='ocr_carea' id='block_1_36' title="bbox 464 3624 3740 3704">
    <p class='ocr_par' dir='ltr' id='par_1_36' title="bbox 464 3624 3740 3704">
     <span class='ocr_line' id='line_1_36' title="bbox 464 3624 3740 3704; baseline 0.002 -22"><span class='ocrx_word' id='word_1_455' title='bbox 464 3624 842 3682; x_wconf 89' lang='lat' dir='ltr'><strong>beatissimus</strong></span> <span class='ocrx_word' id='word_1_456' title='bbox 873 3641 1026 3696; x_wconf 88' lang='lat' dir='ltr'><strong>papa</strong></span> <span class='ocrx_word' id='word_1_457' title='bbox 1057 3626 1238 3682; x_wconf 92' lang='lat' dir='ltr'><strong>nimio</strong></span> <span class='ocrx_word' id='word_1_458' title='bbox 1269 3643 1465 3682; x_wconf 89' lang='lat' dir='ltr'><strong>amore</strong></span> <span class='ocrx_word' id='word_1_459' title='bbox 1494 3627 1845 3684; x_wconf 89' lang='lat' dir='ltr'><strong>constrictus</strong></span> <span class='ocrx_word' id='word_1_460' title='bbox 1875 3628 1934 3681; x_wconf 92' lang='lat' dir='ltr'><strong>in</strong></span> <span class='ocrx_word' id='word_1_461' title='bbox 1966 3625 2211 3682; x_wconf 89' lang='lat' dir='ltr'><strong>ecclesia</strong></span> <span class='ocrx_word' id='word_1_462' title='bbox 2240 3627 2341 3682; x_wconf 92' lang='lat' dir='ltr'><strong>Dei</strong></span> <span class='ocrx_word' id='word_1_463' title='bbox 2373 3627 2683 3684; x_wconf 88' lang='lat' dir='ltr'><strong>Genitricis</strong></span> <span class='ocrx_word' id='word_1_464' title='bbox 2714 3645 3059 3702; x_wconf 87' lang='lat' dir='ltr'><strong>semperque</strong></span> <span class='ocrx_word' id='word_1_465' title='bbox 3098 3629 3356 3704; x_wconf 85' lang='lat' dir='ltr'><strong>Virginis</strong></span> <span class='ocrx_word' id='word_1_466' title='bbox 3410 3630 3612 3687; x_wconf 67' lang='lat' dir='ltr'><strong>Mariae</strong></span> <span class='ocrx_word' id='word_1_467' title='bbox 3640 3631 3740 3688; x_wconf 79' lang='lat' dir='ltr'><strong>do-</strong></span> 
     </span>
    </p>
   </div>
   <div class='ocr_carea' id='block_1_37' title="bbox 464 3722 3740 3801">
    <p class='ocr_par' dir='ltr' id='par_1_37' title="bbox 464 3722 3740 3801">
     <span class='ocr_line' id='line_1_37' title="bbox 464 3722 3740 3801; baseline 0.003 -26"><span class='ocrx_word' id='word_1_468' title='bbox 464 3722 636 3776; x_wconf 64' lang='lat' dir='ltr'><strong>mina:</strong></span> <span class='ocrx_word' id='word_1_469' title='bbox 669 3725 902 3786; x_wconf 64' lang='lat' dir='ltr'><strong>nostra&#39;,</strong></span> <span class='ocrx_word' id='word_1_470' title='bbox 936 3737 1064 3793; x_wconf 63' lang='lat' dir='ltr'><strong>qum</strong></span> <span class='ocrx_word' id='word_1_471' title='bbox 1095 3722 1332 3794; x_wconf 88' lang='lat' dir='ltr'><strong>ponitur</strong></span> <span class='ocrx_word' id='word_1_472' title='bbox 1363 3727 1525 3778; x_wconf 91' lang='lat' dir='ltr'><strong>trans</strong></span> <span class='ocrx_word' id='word_1_473' title='bbox 1557 3723 1854 3795; x_wconf 89' lang='lat' dir='ltr'><strong>Tyberim,</strong></span> <span class='ocrx_word' id='word_1_474' title='bbox 1887 3723 2020 3778; x_wconf 82' lang='lat' dir='ltr'><strong>fecit</strong></span> <span class='ocrx_word' id='word_1_475' title='bbox 2048 3728 2266 3779; x_wconf 83' lang='lat' dir='ltr'><strong>vestem</strong></span> <span class='ocrx_word' id='word_1_476' title='bbox 2299 3724 2360 3780; x_wconf 88' lang='lat' dir='ltr'><strong>in</strong></span> <span class='ocrx_word' id='word_1_477' title='bbox 2399 3724 2567 3781; x_wconf 88' lang='lat' dir='ltr'><strong>altari</strong></span> <span class='ocrx_word' id='word_1_478' title='bbox 2615 3725 2825 3798; x_wconf 78' lang='lat' dir='ltr'><strong>majori</strong></span> <span class='ocrx_word' id='word_1_479' title='bbox 2875 3727 2945 3782; x_wconf 91' lang='lat' dir='ltr'><strong>de</strong></span> <span class='ocrx_word' id='word_1_480' title='bbox 2993 3726 3388 3801; x_wconf 82' lang='lat' dir='ltr'><strong>chrysoclavo,</strong></span> <span class='ocrx_word' id='word_1_481' title='bbox 3423 3727 3740 3786; x_wconf 86' lang='lat' dir='ltr'><strong>habentem</strong></span> 
     </span>
    </p>
   </div>
   <div class='ocr_carea' id='block_1_38' title="bbox 463 3819 2013 3894">
    <p class='ocr_par' dir='ltr' id='par_1_38' title="bbox 463 3819 2013 3894">
     <span class='ocr_line' id='line_1_38' title="bbox 463 3819 2013 3894; baseline 0.001 -19"><span class='ocrx_word' id='word_1_482' title='bbox 463 3819 772 3876; x_wconf 86' lang='lat' dir='ltr'><strong>historiam</strong></span> <span class='ocrx_word' id='word_1_483' title='bbox 805 3819 1230 3892; x_wconf 89' lang='lat' dir='ltr'><strong>assumptionis</strong></span> <span class='ocrx_word' id='word_1_484' title='bbox 1259 3821 1524 3894; x_wconf 86' lang='lat' dir='ltr'><strong>ejusdem</strong></span> <span class='ocrx_word' id='word_1_485' title='bbox 1558 3821 1650 3876; x_wconf 87' lang='lat' dir='ltr'><strong>Dei</strong></span> <span class='ocrx_word' id='word_1_486' title='bbox 1684 3821 2013 3877; x_wconf 86' lang='lat' dir='ltr'><strong>Genitricis.</strong></span> 
     </span>
    </p>
   </div>
   <div class='ocr_carea' id='block_1_39' title="bbox 523 3941 3736 4041">
    <p class='ocr_par' dir='ltr' id='par_1_39' title="bbox 523 3941 3736 4041">
     <span class='ocr_line' id='line_1_39' title="bbox 523 3941 3736 4041; baseline 0.002 -41"><span class='ocrx_word' id='word_1_487' title='bbox 523 3943 685 4000; x_wconf 74' lang='lat'><strong>&#39;569</strong></span> <span class='ocrx_word' id='word_1_488' title='bbox 698 3941 1107 3999; x_wconf 90' lang='lat' dir='ltr'><strong>Obtulitetiam</strong></span> <span class='ocrx_word' id='word_1_489' title='bbox 1136 3943 1197 3998; x_wconf 90' lang='lat' dir='ltr'><strong>in</strong></span> <span class='ocrx_word' id='word_1_490' title='bbox 1230 3943 1584 4000; x_wconf 86' lang='lat' dir='ltr'><strong>monasterio</strong></span> <span class='ocrx_word' id='word_1_491' title='bbox 1617 3943 1804 4000; x_wconf 88' lang='lat' dir='ltr'><strong>sancti</strong></span> <span class='ocrx_word' id='word_1_492' title='bbox 1834 3943 2048 4000; x_wconf 87' lang='lat' dir='ltr'><strong>Christi</strong></span> <span class='ocrx_word' id='word_1_493' title='bbox 2080 3943 2353 4018; x_wconf 77' lang='lat' dir='ltr'><strong>martyris</strong></span> <span class='ocrx_word' id='word_1_494' title='bbox 2383 3944 2859 4020; x_wconf 89' lang='lat' dir='ltr'><strong>Anastasii,quod</strong></span> <span class='ocrx_word' id='word_1_495' title='bbox 2891 3949 3131 4004; x_wconf 86' lang='lat' dir='ltr'><strong>vocatur</strong></span> <span class='ocrx_word' id='word_1_496' title='bbox 3159 3949 3229 4004; x_wconf 89' lang='lat' dir='ltr'><strong>ad</strong></span> <span class='ocrx_word' id='word_1_497' title='bbox 3261 3949 3462 4020; x_wconf 85' lang='lat' dir='ltr'><strong>Aquas</strong></span> <span class='ocrx_word' id='word_1_498' title='bbox 3493 3949 3736 4041; x_wconf 58' lang='lat' dir='ltr'><strong>Salvius,</strong></span> 
     </span>
    </p>
   </div>
   <div class='ocr_carea' id='block_1_40' title="bbox 459 4040 3736 4116">
    <p class='ocr_par' dir='ltr' id='par_1_40' title="bbox 459 4040 3736 4116">
     <span class='ocr_line' id='line_1_40' title="bbox 459 4040 3736 4116; baseline 0.003 -20"><span class='ocrx_word' id='word_1_499' title='bbox 459 4040 756 4116; x_wconf 85' lang='lat' dir='ltr'><strong>gabathan</strong></span> <span class='ocrx_word' id='word_1_500' title='bbox 788 4041 1076 4098; x_wconf 84' lang='lat' dir='ltr'><strong>saxiscam</strong></span> <span class='ocrx_word' id='word_1_501' title='bbox 1109 4059 1176 4098; x_wconf 85' lang='lat' dir='ltr'><strong>ex</strong></span> <span class='ocrx_word' id='word_1_502' title='bbox 1205 4045 1444 4116; x_wconf 88' lang='lat' dir='ltr'><strong>argento</strong></span> <span class='ocrx_word' id='word_1_503' title='bbox 1474 4041 1791 4115; x_wconf 90' lang='lat' dir='ltr'><strong>purissimo</strong></span> <span class='ocrx_word' id='word_1_504' title='bbox 1824 4059 2023 4110; x_wconf 87' lang='lat' dir='ltr'><strong>unam,</strong></span> <span class='ocrx_word' id='word_1_505' title='bbox 2057 4059 2303 4116; x_wconf 90' lang='lat' dir='ltr'><strong>pensan.</strong></span> <span class='ocrx_word' id='word_1_506' title='bbox 2339 4043 2522 4100; x_wconf 89' lang='lat' dir='ltr'><strong>libras</strong></span> <span class='ocrx_word' id='word_1_507' title='bbox 2554 4061 2800 4101; x_wconf 89' lang='lat' dir='ltr'><strong>numero</strong></span> <span class='ocrx_word' id='word_1_508' title='bbox 2830 4049 2970 4102; x_wconf 90' lang='lat' dir='ltr'><strong>tres.</strong></span> <span class='ocrx_word' id='word_1_509' title='bbox 3003 4045 3236 4102; x_wconf 84' lang='lat' dir='ltr'><strong>Necnon</strong></span> <span class='ocrx_word' id='word_1_510' title='bbox 3277 4050 3337 4102; x_wconf 90' lang='lat' dir='ltr'><strong>et</strong></span> <span class='ocrx_word' id='word_1_511' title='bbox 3383 4046 3447 4103; x_wconf 89' lang='lat' dir='ltr'><strong>in</strong></span> <span class='ocrx_word' id='word_1_512' title='bbox 3497 4040 3736 4106; x_wconf 80' lang='lat' dir='ltr'><strong>basilica</strong></span> 
     </span>
    </p>
   </div>
   <div class='ocr_carea' id='block_1_41' title="bbox 461 4137 3735 4215">
    <p class='ocr_par' dir='ltr' id='par_1_41' title="bbox 461 4137 3735 4215">
     <span class='ocr_line' id='line_1_41' title="bbox 461 4137 3735 4215; baseline 0.002 -21"><span class='ocrx_word' id='word_1_513' title='bbox 461 4138 640 4194; x_wconf 68' lang='lat' dir='ltr'><strong>beatae</strong></span> <span class='ocrx_word' id='word_1_514' title='bbox 666 4138 766 4194; x_wconf 90' lang='lat' dir='ltr'><strong>Dei</strong></span> <span class='ocrx_word' id='word_1_515' title='bbox 800 4137 1132 4210; x_wconf 86' lang='lat' dir='ltr'><strong>Genitricis,</strong></span> <span class='ocrx_word' id='word_1_516' title='bbox 1165 4155 1293 4210; x_wconf 76' lang='lat' dir='ltr'><strong>quae</strong></span> <span class='ocrx_word' id='word_1_517' title='bbox 1319 4138 1459 4195; x_wconf 89' lang='lat' dir='ltr'><strong>olim</strong></span> <span class='ocrx_word' id='word_1_518' title='bbox 1489 4140 1744 4212; x_wconf 86' lang='lat' dir='ltr'><strong>Antiqua</strong></span> <span class='ocrx_word' id='word_1_519' title='bbox 1769 4139 2106 4208; x_wconf 85' lang='lat' dir='ltr'><strong>vocabatur,</strong></span> <span class='ocrx_word' id='word_1_520' title='bbox 2139 4157 2294 4196; x_wconf 91' lang='lat' dir='ltr'><strong>nunc</strong></span> <span class='ocrx_word' id='word_1_521' title='bbox 2327 4145 2523 4198; x_wconf 89' lang='lat' dir='ltr'><strong>autem</strong></span> <span class='ocrx_word' id='word_1_522' title='bbox 2547 4142 2668 4199; x_wconf 86' lang='lat' dir='ltr'><strong>sita</strong></span> <span class='ocrx_word' id='word_1_523' title='bbox 2697 4147 2786 4198; x_wconf 89' lang='lat' dir='ltr'><strong>est</strong></span> <span class='ocrx_word' id='word_1_524' title='bbox 2807 4143 2983 4214; x_wconf 81' lang='lat' dir='ltr'><strong>juxta</strong></span> <span class='ocrx_word' id='word_1_525' title='bbox 3009 4142 3163 4198; x_wconf 88' lang='lat' dir='ltr'><strong>viam</strong></span> <span class='ocrx_word' id='word_1_526' title='bbox 3185 4142 3595 4215; x_wconf 82' lang='lat' dir='ltr'><strong>Sarcam,fecit</strong></span> <span class='ocrx_word' id='word_1_527' title='bbox 3615 4162 3735 4202; x_wconf 88' lang='lat' dir='ltr'><strong>ves-</strong></span> 
     </span>
    </p>
   </div>
   <div class='ocr_carea' id='block_1_42' title="bbox 458 4235 3728 4309">
    <p class='ocr_par' dir='ltr' id='par_1_42' title="bbox 458 4235 3728 4309">
     <span class='ocr_line' id='line_1_42' title="bbox 458 4235 3728 4309; baseline 0.002 -18"><span class='ocrx_word' id='word_1_528' title='bbox 458 4241 576 4292; x_wconf 91' lang='lat' dir='ltr'><strong>tem</strong></span> <span class='ocrx_word' id='word_1_529' title='bbox 607 4253 742 4292; x_wconf 90' lang='lat' dir='ltr'><strong>cum</strong></span> <span class='ocrx_word' id='word_1_530' title='bbox 773 4235 1144 4309; x_wconf 84' lang='lat' dir='ltr'><strong>ehrysoclavo</strong></span> <span class='ocrx_word' id='word_1_531' title='bbox 1175 4236 1486 4293; x_wconf 88' lang='lat' dir='ltr'><strong>habentem</strong></span> <span class='ocrx_word' id='word_1_532' title='bbox 1519 4237 1826 4294; x_wconf 90' lang='lat' dir='ltr'><strong>historiam</strong></span> <span class='ocrx_word' id='word_1_533' title='bbox 1859 4237 2179 4294; x_wconf 83' lang='lat' dir='ltr'><strong>nativitatis</strong></span> <span class='ocrx_word' id='word_1_534' title='bbox 2214 4239 2446 4294; x_wconf 89' lang='lat' dir='ltr'><strong>Domini</strong></span> <span class='ocrx_word' id='word_1_535' title='bbox 2480 4239 2664 4296; x_wconf 88' lang='lat' dir='ltr'><strong>nostri</strong></span> <span class='ocrx_word' id='word_1_536' title='bbox 2694 4240 2836 4296; x_wconf 88' lang='lat' dir='ltr'><strong>Jesu</strong></span> <span class='ocrx_word' id='word_1_537' title='bbox 2865 4239 3077 4296; x_wconf 87' lang='lat' dir='ltr'><strong>Christi</strong></span> <span class='ocrx_word' id='word_1_538' title='bbox 3110 4240 3446 4298; x_wconf 85' lang='lat' dir='ltr'><strong>secundum</strong></span> <span class='ocrx_word' id='word_1_539' title='bbox 3473 4259 3728 4300; x_wconf 83' lang='lat' dir='ltr'><strong>carnem.</strong></span> 
     </span>
    </p>
   </div>
   <div class='ocr_carea' id='block_1_43' title="bbox 384 4332 3724 4413">
    <p class='ocr_par' dir='ltr' id='par_1_43' title="bbox 384 4332 3724 4413">
     <span class='ocr_line' id='line_1_43' title="bbox 384 4332 3724 4413; baseline 0.002 -23"><span class='ocrx_word' id='word_1_540' title='bbox 384 4334 422 4390; x_wconf 90' lang='lat'>5</span> <span class='ocrx_word' id='word_1_541' title='bbox 457 4332 645 4390; x_wconf 90' lang='lat' dir='ltr'><strong>Simili</strong></span> <span class='ocrx_word' id='word_1_542' title='bbox 673 4333 847 4389; x_wconf 92' lang='lat' dir='ltr'><strong>modo</strong></span> <span class='ocrx_word' id='word_1_543' title='bbox 879 4337 936 4388; x_wconf 90' lang='lat' dir='ltr'><strong>et</strong></span> <span class='ocrx_word' id='word_1_544' title='bbox 963 4333 1023 4389; x_wconf 90' lang='lat' dir='ltr'><strong>in</strong></span> <span class='ocrx_word' id='word_1_545' title='bbox 1054 4333 1410 4390; x_wconf 87' lang='lat' dir='ltr'><strong>monasterio</strong></span> <span class='ocrx_word' id='word_1_546' title='bbox 1441 4334 1594 4390; x_wconf 90' lang='lat' dir='ltr'><strong>beati</strong></span> <span class='ocrx_word' id='word_1_547' title='bbox 1625 4334 1858 4391; x_wconf 90' lang='lat' dir='ltr'><strong>Martini</strong></span> <span class='ocrx_word' id='word_1_548' title='bbox 1892 4334 2025 4390; x_wconf 90' lang='lat' dir='ltr'><strong>fecit</strong></span> <span class='ocrx_word' id='word_1_549' title='bbox 2055 4335 2313 4392; x_wconf 89' lang='lat' dir='ltr'><strong>canistra</strong></span> <span class='ocrx_word' id='word_1_550' title='bbox 2341 4353 2409 4393; x_wconf 81' lang='lat' dir='ltr'><strong>ex</strong></span> <span class='ocrx_word' id='word_1_551' title='bbox 2439 4337 2586 4394; x_wconf 85' lang='lat' dir='ltr'><strong>afoci</strong></span> <span class='ocrx_word' id='word_1_552' title='bbox 2617 4338 2732 4394; x_wconf 88' lang='lat' dir='ltr'><strong>duo</strong></span> <span class='ocrx_word' id='word_1_553' title='bbox 2761 4353 2832 4393; x_wconf 81' lang='lat' dir='ltr'><strong>ex</strong></span> <span class='ocrx_word' id='word_1_554' title='bbox 2859 4343 3098 4412; x_wconf 84' lang='lat' dir='ltr'><strong>argento</strong></span> <span class='ocrx_word' id='word_1_555' title='bbox 3129 4336 3724 4413; x_wconf 62' lang='lat' dir='ltr'><strong>purissimmpensan.</strong></span> 
     </span>
    </p>
   </div>
   <div class='ocr_carea' id='block_1_44' title="bbox 453 4429 3732 4512">
    <p class='ocr_par' dir='ltr' id='par_1_44' title="bbox 453 4429 3732 4512">
     <span class='ocr_line' id='line_1_44' title="bbox 453 4429 3732 4512; baseline 0.003 -26"><span class='ocrx_word' id='word_1_556' title='bbox 453 4429 632 4486; x_wconf 88' lang='lat' dir='ltr'><strong>libras</strong></span> <span class='ocrx_word' id='word_1_557' title='bbox 664 4447 910 4486; x_wconf 90' lang='lat' dir='ltr'><strong>numero</strong></span> <span class='ocrx_word' id='word_1_558' title='bbox 942 4436 1194 4503; x_wconf 88' lang='lat' dir='ltr'><strong>quatuor</strong></span> <span class='ocrx_word' id='word_1_559' title='bbox 1224 4435 1280 4486; x_wconf 88' lang='lat' dir='ltr'><strong>et</strong></span> <span class='ocrx_word' id='word_1_560' title='bbox 1311 4430 1660 4488; x_wconf 88' lang='lat' dir='ltr'><strong>semis.1tem</strong></span> <span class='ocrx_word' id='word_1_561' title='bbox 1684 4433 2032 4489; x_wconf 90' lang='lat' dir='ltr'><strong>venerabilis</strong></span> <span class='ocrx_word' id='word_1_562' title='bbox 2063 4438 2121 4490; x_wconf 90' lang='lat' dir='ltr'><strong>et</strong></span> <span class='ocrx_word' id='word_1_563' title='bbox 2151 4434 2465 4506; x_wconf 63' lang='lat' dir='ltr'><strong>praeclarus</strong></span> <span class='ocrx_word' id='word_1_564' title='bbox 2495 4437 2756 4508; x_wconf 83' lang='lat' dir='ltr'><strong>pontifex</strong></span> <span class='ocrx_word' id='word_1_565' title='bbox 2785 4436 2920 4492; x_wconf 89' lang='lat' dir='ltr'><strong>fecit</strong></span> <span class='ocrx_word' id='word_1_566' title='bbox 2950 4435 3010 4492; x_wconf 86' lang='lat' dir='ltr'><strong>in</strong></span> <span class='ocrx_word' id='word_1_567' title='bbox 3041 4435 3289 4494; x_wconf 78' lang='lat' dir='ltr'><strong>ecclesia</strong></span> <span class='ocrx_word' id='word_1_568' title='bbox 3319 4438 3477 4494; x_wconf 86' lang='lat' dir='ltr'><strong>beati</strong></span> <span class='ocrx_word' id='word_1_569' title='bbox 3503 4437 3732 4512; x_wconf 64' lang='grc' dir='ltr'><strong>(Σιγνίασὶ</strong></span> 
     </span>
    </p>
   </div>
   <div class='ocr_carea' id='block_1_45' title="bbox 456 4525 3732 4610">
    <p class='ocr_par' dir='ltr' id='par_1_45' title="bbox 456 4525 3732 4610">
     <span class='ocr_line' id='line_1_45' title="bbox 456 4525 3732 4610; baseline 0.003 -26"><span class='ocrx_word' id='word_1_570' title='bbox 456 4525 752 4600; x_wconf 81' lang='lat' dir='ltr'><strong>martyris,</strong></span> <span class='ocrx_word' id='word_1_571' title='bbox 785 4544 912 4600; x_wconf 72' lang='lat' dir='ltr'><strong>quae</strong></span> <span class='ocrx_word' id='word_1_572' title='bbox 941 4527 1180 4600; x_wconf 90' lang='lat' dir='ltr'><strong>ponitur</strong></span> <span class='ocrx_word' id='word_1_573' title='bbox 1209 4527 1300 4584; x_wconf 90' lang='lat' dir='ltr'><strong>via</strong></span> <span class='ocrx_word' id='word_1_574' title='bbox 1329 4527 1836 4598; x_wconf 88' lang='lat' dir='ltr'><strong>Ostiensi,vestem</strong></span> <span class='ocrx_word' id='word_1_575' title='bbox 1867 4531 1938 4586; x_wconf 90' lang='lat' dir='ltr'><strong>de</strong></span> <span class='ocrx_word' id='word_1_576' title='bbox 1967 4531 2209 4588; x_wconf 88' lang='lat' dir='ltr'><strong>fundato</strong></span> <span class='ocrx_word' id='word_1_577' title='bbox 2243 4533 2578 4590; x_wconf 89' lang='lat' dir='ltr'><strong>unam.Pari</strong></span> <span class='ocrx_word' id='word_1_578' title='bbox 2610 4535 2784 4590; x_wconf 89' lang='lat' dir='ltr'><strong>modo</strong></span> <span class='ocrx_word' id='word_1_579' title='bbox 2811 4538 2871 4591; x_wconf 90' lang='lat' dir='ltr'><strong>et</strong></span> <span class='ocrx_word' id='word_1_580' title='bbox 2898 4533 2958 4589; x_wconf 89' lang='lat' dir='ltr'><strong>in</strong></span> <span class='ocrx_word' id='word_1_581' title='bbox 2990 4533 3235 4591; x_wconf 82' lang='lat' dir='ltr'><strong>ecclesia</strong></span> <span class='ocrx_word' id='word_1_582' title='bbox 3263 4534 3422 4592; x_wconf 85' lang='lat' dir='ltr'><strong>beati</strong></span> <span class='ocrx_word' id='word_1_583' title='bbox 3453 4537 3732 4610; x_wconf 79' lang='lat' dir='ltr'><strong>martyris</strong></span> 
     </span>
    </p>
   </div>
   <div class='ocr_carea' id='block_1_46' title="bbox 461 4623 3726 4708">
    <p class='ocr_par' dir='ltr' id='par_1_46' title="bbox 461 4623 3726 4708">
     <span class='ocr_line' id='line_1_46' title="bbox 461 4623 3726 4708; baseline 0.003 -26"><span class='ocrx_word' id='word_1_584' title='bbox 461 4623 692 4697; x_wconf 89' lang='lat' dir='ltr'><strong>Felicis,</strong></span> <span class='ocrx_word' id='word_1_585' title='bbox 727 4641 853 4697; x_wconf 65' lang='lat' dir='ltr'><strong>quae</strong></span> <span class='ocrx_word' id='word_1_586' title='bbox 885 4625 1123 4698; x_wconf 90' lang='lat' dir='ltr'><strong>ponitur</strong></span> <span class='ocrx_word' id='word_1_587' title='bbox 1149 4624 1210 4682; x_wconf 91' lang='lat' dir='ltr'><strong>in</strong></span> <span class='ocrx_word' id='word_1_588' title='bbox 1242 4625 1456 4693; x_wconf 89' lang='lat' dir='ltr'><strong>Pineis,</strong></span> <span class='ocrx_word' id='word_1_589' title='bbox 1481 4626 1614 4682; x_wconf 89' lang='lat' dir='ltr'><strong>fecit</strong></span> <span class='ocrx_word' id='word_1_590' title='bbox 1637 4632 1856 4684; x_wconf 90' lang='lat' dir='ltr'><strong>vestem</strong></span> <span class='ocrx_word' id='word_1_591' title='bbox 1889 4629 1960 4685; x_wconf 90' lang='lat' dir='ltr'><strong>de</strong></span> <span class='ocrx_word' id='word_1_592' title='bbox 1989 4629 2232 4686; x_wconf 90' lang='lat' dir='ltr'><strong>fundato</strong></span> <span class='ocrx_word' id='word_1_593' title='bbox 2266 4647 2608 4703; x_wconf 90' lang='lat' dir='ltr'><strong>unam,cum</strong></span> <span class='ocrx_word' id='word_1_594' title='bbox 2638 4631 2901 4706; x_wconf 89' lang='lat' dir='ltr'><strong>gryphis.</strong></span> <span class='ocrx_word' id='word_1_595' title='bbox 2932 4632 3088 4689; x_wconf 88' lang='lat' dir='ltr'><strong>Fecit</strong></span> <span class='ocrx_word' id='word_1_596' title='bbox 3113 4649 3248 4688; x_wconf 88' lang='lat' dir='ltr'><strong>vero</strong></span> <span class='ocrx_word' id='word_1_597' title='bbox 3275 4633 3550 4707; x_wconf 79' lang='lat' dir='ltr'><strong>egregius</strong></span> <span class='ocrx_word' id='word_1_598' title='bbox 3577 4651 3726 4708; x_wconf 67' lang='lat' dir='ltr'><strong>pre-</strong></span> 
     </span>
    </p>
   </div>
   <div class='ocr_carea' id='block_1_47' title="bbox 458 4721 3730 4804">
    <p class='ocr_par' dir='ltr' id='par_1_47' title="bbox 458 4721 3730 4804">
     <span class='ocr_line' id='line_1_47' title="bbox 458 4721 3730 4804; baseline 0.002 -24"><span class='ocrx_word' id='word_1_599' title='bbox 458 4721 553 4780; x_wconf 90' lang='lat' dir='ltr'><strong>sul</strong></span> <span class='ocrx_word' id='word_1_600' title='bbox 587 4722 642 4778; x_wconf 91' lang='lat' dir='ltr'><strong>in</strong></span> <span class='ocrx_word' id='word_1_601' title='bbox 675 4722 846 4780; x_wconf 85' lang='lat' dir='ltr'><strong>titulo</strong></span> <span class='ocrx_word' id='word_1_602' title='bbox 871 4723 1025 4779; x_wconf 90' lang='lat' dir='ltr'><strong>beati</strong></span> <span class='ocrx_word' id='word_1_603' title='bbox 1056 4722 1415 4798; x_wconf 83' lang='lat' dir='ltr'><strong>Chrysogoni</strong></span> <span class='ocrx_word' id='word_1_604' title='bbox 1446 4725 1718 4798; x_wconf 87' lang='lat' dir='ltr'><strong>martyris</strong></span> <span class='ocrx_word' id='word_1_605' title='bbox 1749 4725 1960 4783; x_wconf 79' lang='lat' dir='ltr'><strong>calices</strong></span> <span class='ocrx_word' id='word_1_606' title='bbox 1990 4744 2059 4783; x_wconf 82' lang='lat' dir='ltr'><strong>ex</strong></span> <span class='ocrx_word' id='word_1_607' title='bbox 2088 4732 2326 4802; x_wconf 85' lang='lat' dir='ltr'><strong>argento</strong></span> <span class='ocrx_word' id='word_1_608' title='bbox 2357 4729 2675 4801; x_wconf 88' lang='lat' dir='ltr'><strong>purissimo</strong></span> <span class='ocrx_word' id='word_1_609' title='bbox 2691 4746 2934 4786; x_wconf 91' lang='lat' dir='ltr'><strong>numero</strong></span> <span class='ocrx_word' id='word_1_610' title='bbox 2951 4730 3350 4804; x_wconf 82' lang='lat' dir='ltr'><strong>quinque,qui</strong></span> <span class='ocrx_word' id='word_1_611' title='bbox 3377 4730 3730 4804; x_wconf 81' lang='lat' dir='ltr'><strong>pens.simul</strong></span> 
     </span>
    </p>
   </div>
   <div class='ocr_carea' id='block_1_48' title="bbox 354 4819 3730 4902">
    <p class='ocr_par' dir='ltr' id='par_1_48' title="bbox 354 4819 3730 4902">
     <span class='ocr_line' id='line_1_48' title="bbox 354 4819 3730 4902; baseline 0.004 -28"><span class='ocrx_word' id='word_1_612' title='bbox 354 4820 422 4876; x_wconf 90' lang='grc'><strong>10</strong></span> <span class='ocrx_word' id='word_1_613' title='bbox 457 4819 640 4876; x_wconf 88' lang='lat' dir='ltr'><strong>libras</strong></span> <span class='ocrx_word' id='word_1_614' title='bbox 669 4825 727 4875; x_wconf 92' lang='lat' dir='ltr'><strong>et</strong></span> <span class='ocrx_word' id='word_1_615' title='bbox 756 4821 960 4876; x_wconf 88' lang='lat' dir='ltr'><strong>uncias</strong></span> <span class='ocrx_word' id='word_1_616' title='bbox 991 4820 1191 4876; x_wconf 84' lang='lat' dir='ltr'><strong>semis.</strong></span> <span class='ocrx_word' id='word_1_617' title='bbox 1225 4821 1372 4876; x_wconf 90' lang='lat' dir='ltr'><strong>Nam</strong></span> <span class='ocrx_word' id='word_1_618' title='bbox 1403 4825 1460 4877; x_wconf 90' lang='lat' dir='ltr'><strong>et</strong></span> <span class='ocrx_word' id='word_1_619' title='bbox 1492 4821 1550 4877; x_wconf 91' lang='lat' dir='ltr'><strong>in</strong></span> <span class='ocrx_word' id='word_1_620' title='bbox 1581 4822 1752 4880; x_wconf 88' lang='lat' dir='ltr'><strong>titulo</strong></span> <span class='ocrx_word' id='word_1_621' title='bbox 1781 4823 1989 4880; x_wconf 83' lang='lat' dir='ltr'><strong>Calixti</strong></span> <span class='ocrx_word' id='word_1_622' title='bbox 2021 4826 2159 4882; x_wconf 90' lang='lat' dir='ltr'><strong>fecit</strong></span> <span class='ocrx_word' id='word_1_623' title='bbox 2187 4843 2382 4883; x_wconf 87' lang='lat' dir='ltr'><strong>amam</strong></span> <span class='ocrx_word' id='word_1_624' title='bbox 2415 4844 2590 4883; x_wconf 87' lang='lat' dir='ltr'><strong>uaam</strong></span> <span class='ocrx_word' id='word_1_625' title='bbox 2622 4843 2691 4883; x_wconf 86' lang='lat' dir='ltr'><strong>ex</strong></span> <span class='ocrx_word' id='word_1_626' title='bbox 2721 4833 2960 4902; x_wconf 87' lang='lat' dir='ltr'><strong>argento</strong></span> <span class='ocrx_word' id='word_1_627' title='bbox 3001 4828 3342 4900; x_wconf 85' lang='lat' dir='ltr'><strong>purissimo,</strong></span> <span class='ocrx_word' id='word_1_628' title='bbox 3375 4843 3621 4902; x_wconf 84' lang='lat' dir='ltr'><strong>pensan.</strong></span> <span class='ocrx_word' id='word_1_629' title='bbox 3655 4828 3730 4886; x_wconf 88' lang='lat' dir='ltr'><strong>li-</strong></span> 
     </span>
    </p>
   </div>
   <div class='ocr_carea' id='block_1_49' title="bbox 457 4917 3731 4996">
    <p class='ocr_par' dir='ltr' id='par_1_49' title="bbox 457 4917 3731 4996">
     <span class='ocr_line' id='line_1_49' title="bbox 457 4917 3731 4996; baseline 0.003 -23"><span class='ocrx_word' id='word_1_630' title='bbox 457 4917 596 4973; x_wconf 90' lang='lat' dir='ltr'><strong>bras</strong></span> <span class='ocrx_word' id='word_1_631' title='bbox 625 4917 844 4974; x_wconf 89' lang='lat' dir='ltr'><strong>decem.</strong></span> <span class='ocrx_word' id='word_1_632' title='bbox 881 4917 965 4972; x_wconf 89' lang='lat' dir='ltr'><strong>Ibi</strong></span> <span class='ocrx_word' id='word_1_633' title='bbox 997 4921 1053 4974; x_wconf 90' lang='lat' dir='ltr'><strong>et</strong></span> <span class='ocrx_word' id='word_1_634' title='bbox 1083 4917 1195 4990; x_wconf 91' lang='lat' dir='ltr'><strong>ipsi</strong></span> <span class='ocrx_word' id='word_1_635' title='bbox 1229 4918 1364 4974; x_wconf 87' lang='lat' dir='ltr'><strong>fecit</strong></span> <span class='ocrx_word' id='word_1_636' title='bbox 1393 4919 1678 4992; x_wconf 86' lang='lat' dir='ltr'><strong>gabathas</strong></span> <span class='ocrx_word' id='word_1_637' title='bbox 1709 4925 1982 4993; x_wconf 90' lang='lat' dir='ltr'><strong>quatuor,</strong></span> <span class='ocrx_word' id='word_1_638' title='bbox 2017 4940 2261 4996; x_wconf 87' lang='lat' dir='ltr'><strong>pensan.</strong></span> <span class='ocrx_word' id='word_1_639' title='bbox 2295 4923 2475 4980; x_wconf 90' lang='lat' dir='ltr'><strong>libras</strong></span> <span class='ocrx_word' id='word_1_640' title='bbox 2501 4941 2707 4980; x_wconf 88' lang='lat' dir='ltr'><strong>novem</strong></span> <span class='ocrx_word' id='word_1_641' title='bbox 2737 4930 2794 4980; x_wconf 89' lang='lat' dir='ltr'><strong>et</strong></span> <span class='ocrx_word' id='word_1_642' title='bbox 2823 4926 3024 4982; x_wconf 88' lang='lat' dir='ltr'><strong>semis.</strong></span> <span class='ocrx_word' id='word_1_643' title='bbox 3057 4925 3343 4983; x_wconf 86' lang='lat' dir='ltr'><strong>Similiter</strong></span> <span class='ocrx_word' id='word_1_644' title='bbox 3385 4933 3446 4983; x_wconf 84' lang='lat' dir='ltr'><strong>et</strong></span> <span class='ocrx_word' id='word_1_645' title='bbox 3471 4927 3731 4984; x_wconf 83' lang='lat' dir='ltr'><strong>canistra</strong></span> 
     </span>
    </p>
   </div>
   <div class='ocr_carea' id='block_1_50' title="bbox 458 5014 3728 5098">
    <p class='ocr_par' dir='ltr' id='par_1_50' title="bbox 458 5014 3728 5098">
     <span class='ocr_line' id='line_1_50' title="bbox 458 5014 3728 5098; baseline 0.003 -28"><span class='ocrx_word' id='word_1_646' title='bbox 458 5031 684 5082; x_wconf 88' lang='lat' dir='ltr'><strong>novem,</strong></span> <span class='ocrx_word' id='word_1_647' title='bbox 719 5030 961 5086; x_wconf 90' lang='lat' dir='ltr'><strong>pensan.</strong></span> <span class='ocrx_word' id='word_1_648' title='bbox 994 5014 1238 5071; x_wconf 89' lang='lat' dir='ltr'><strong>insimul</strong></span> <span class='ocrx_word' id='word_1_649' title='bbox 1285 5015 1465 5072; x_wconf 90' lang='lat' dir='ltr'><strong>libras</strong></span> <span class='ocrx_word' id='word_1_650' title='bbox 1497 5016 1585 5072; x_wconf 83' lang='grc' dir='ltr'><strong>Η.</strong></span> <span class='ocrx_word' id='word_1_651' title='bbox 1614 5019 1701 5073; x_wconf 92' lang='lat' dir='ltr'><strong>Ad</strong></span> <span class='ocrx_word' id='word_1_652' title='bbox 1745 5017 1980 5075; x_wconf 88' lang='lat' dir='ltr'><strong>laudem</strong></span> <span class='ocrx_word' id='word_1_653' title='bbox 2025 5023 2082 5076; x_wconf 91' lang='lat' dir='ltr'><strong>et</strong></span> <span class='ocrx_word' id='word_1_654' title='bbox 2109 5021 2357 5094; x_wconf 83' lang='lat' dir='ltr'><strong>gloriam</strong></span> <span class='ocrx_word' id='word_1_655' title='bbox 2389 5021 2576 5094; x_wconf 87' lang='lat' dir='ltr'><strong>ipsius</strong></span> <span class='ocrx_word' id='word_1_656' title='bbox 2605 5021 2864 5080; x_wconf 73' lang='lat' dir='ltr'><strong>ecclesia:</strong></span> <span class='ocrx_word' id='word_1_657' title='bbox 2894 5023 3030 5080; x_wconf 88' lang='lat' dir='ltr'><strong>fecit</strong></span> <span class='ocrx_word' id='word_1_658' title='bbox 3074 5023 3458 5097; x_wconf 77' lang='lat' dir='ltr'><strong>Evangelium</strong></span> <span class='ocrx_word' id='word_1_659' title='bbox 3486 5029 3728 5098; x_wconf 77' lang='lat' dir='ltr'><strong>argento</strong></span> 
     </span>
    </p>
   </div>
   <div class='ocr_carea' id='block_1_51' title="bbox 459 5111 3725 5192">
    <p class='ocr_par' dir='ltr' id='par_1_51' title="bbox 459 5111 3725 5192">
     <span class='ocr_line' id='line_1_51' title="bbox 459 5111 3725 5192; baseline 0.002 -24"><span class='ocrx_word' id='word_1_660' title='bbox 459 5128 719 5182; x_wconf 87' lang='lat' dir='ltr'><strong>auroque</strong></span> <span class='ocrx_word' id='word_1_661' title='bbox 747 5111 1049 5184; x_wconf 85' lang='lat' dir='ltr'><strong>perfusum</strong></span> <span class='ocrx_word' id='word_1_662' title='bbox 1083 5129 1292 5182; x_wconf 91' lang='lat' dir='ltr'><strong>unum,</strong></span> <span class='ocrx_word' id='word_1_663' title='bbox 1324 5130 1568 5186; x_wconf 89' lang='lat' dir='ltr'><strong>pensan.</strong></span> <span class='ocrx_word' id='word_1_664' title='bbox 1600 5113 1780 5172; x_wconf 87' lang='lat' dir='ltr'><strong>libras</strong></span> <span class='ocrx_word' id='word_1_665' title='bbox 1811 5116 2166 5190; x_wconf 88' lang='lat' dir='ltr'><strong>quindecim.</strong></span> <span class='ocrx_word' id='word_1_666' title='bbox 2204 5121 2350 5175; x_wconf 84' lang='lat' dir='ltr'><strong>[tem</strong></span> <span class='ocrx_word' id='word_1_667' title='bbox 2381 5119 2462 5175; x_wconf 87' lang='lat' dir='ltr'><strong>ibi</strong></span> <span class='ocrx_word' id='word_1_668' title='bbox 2493 5120 2618 5192; x_wconf 88' lang='lat' dir='ltr'><strong>ipse</strong></span> <span class='ocrx_word' id='word_1_669' title='bbox 2650 5119 2788 5176; x_wconf 88' lang='lat' dir='ltr'><strong>fecit</strong></span> <span class='ocrx_word' id='word_1_670' title='bbox 2833 5121 3119 5178; x_wconf 80' lang='lat' dir='ltr'><strong>cortinam</strong></span> <span class='ocrx_word' id='word_1_671' title='bbox 3168 5136 3373 5190; x_wconf 87' lang='lat' dir='ltr'><strong>unam,</strong></span> <span class='ocrx_word' id='word_1_672' title='bbox 3405 5122 3725 5179; x_wconf 80' lang='lat' dir='ltr'><strong>canistrum</strong></span> 
     </span>
    </p>
   </div>
   <div class='ocr_carea' id='block_1_52' title="bbox 462 5210 3728 5294">
    <p class='ocr_par' dir='ltr' id='par_1_52' title="bbox 462 5210 3728 5294">
     <span class='ocr_line' id='line_1_52' title="bbox 462 5210 3728 5294; baseline 0.003 -29"><span class='ocrx_word' id='word_1_673' title='bbox 462 5225 670 5276; x_wconf 90' lang='lat' dir='ltr'><strong>unum,</strong></span> <span class='ocrx_word' id='word_1_674' title='bbox 701 5225 902 5264; x_wconf 90' lang='lat' dir='ltr'><strong>arcum</strong></span> <span class='ocrx_word' id='word_1_675' title='bbox 932 5225 1067 5265; x_wconf 91' lang='lat' dir='ltr'><strong>cum</strong></span> <span class='ocrx_word' id='word_1_676' title='bbox 1097 5210 1327 5266; x_wconf 90' lang='lat' dir='ltr'><strong>duabus</strong></span> <span class='ocrx_word' id='word_1_677' title='bbox 1355 5211 1708 5284; x_wconf 84' lang='lat' dir='ltr'><strong>gammadiis</strong></span> <span class='ocrx_word' id='word_1_678' title='bbox 1737 5230 1806 5270; x_wconf 83' lang='lat' dir='ltr'><strong>ex</strong></span> <span class='ocrx_word' id='word_1_679' title='bbox 1837 5219 2076 5288; x_wconf 83' lang='lat' dir='ltr'><strong>argento</strong></span> <span class='ocrx_word' id='word_1_680' title='bbox 2105 5215 2443 5289; x_wconf 86' lang='lat' dir='ltr'><strong>purissimo,</strong></span> <span class='ocrx_word' id='word_1_681' title='bbox 2469 5233 2713 5290; x_wconf 90' lang='lat' dir='ltr'><strong>pensan.</strong></span> <span class='ocrx_word' id='word_1_682' title='bbox 2742 5217 2984 5274; x_wconf 88' lang='lat' dir='ltr'><strong>insimul</strong></span> <span class='ocrx_word' id='word_1_683' title='bbox 3003 5217 3197 5276; x_wconf 78' lang='lat' dir='ltr'><strong>libras</strong></span> <span class='ocrx_word' id='word_1_684' title='bbox 3225 5218 3728 5294; x_wconf 72' lang='lat' dir='ltr'><strong>quadraginta.&quot;Et</strong></span> 
     </span>
    </p>
   </div>
   <div class='ocr_carea' id='block_1_53' title="bbox 359 5305 2983 5388">
    <p class='ocr_par' dir='ltr' id='par_1_53' title="bbox 359 5305 2983 5388">
     <span class='ocr_line' id='line_1_53' title="bbox 359 5305 2983 5388; baseline 0.005 -30"><span class='ocrx_word' id='word_1_685' title='bbox 359 5305 426 5360; x_wconf 92' lang='grc'>15</span> <span class='ocrx_word' id='word_1_686' title='bbox 463 5307 524 5363; x_wconf 90' lang='lat' dir='ltr'><strong>in</strong></span> <span class='ocrx_word' id='word_1_687' title='bbox 555 5305 802 5364; x_wconf 86' lang='lat' dir='ltr'><strong>ecclesia</strong></span> <span class='ocrx_word' id='word_1_688' title='bbox 826 5305 1006 5362; x_wconf 59' lang='lat' dir='ltr'><strong>beatae</strong></span> <span class='ocrx_word' id='word_1_689' title='bbox 1037 5305 1292 5364; x_wconf 72' lang='lat' dir='ltr'><strong>Balbinae</strong></span> <span class='ocrx_word' id='word_1_690' title='bbox 1321 5309 1595 5382; x_wconf 90' lang='lat' dir='ltr'><strong>martyris</strong></span> <span class='ocrx_word' id='word_1_691' title='bbox 1625 5311 1839 5366; x_wconf 90' lang='lat' dir='ltr'><strong>obtulit</strong></span> <span class='ocrx_word' id='word_1_692' title='bbox 1867 5313 2136 5386; x_wconf 84' lang='lat' dir='ltr'><strong>Evangeli</strong></span> <span class='ocrx_word' id='word_1_693' title='bbox 2147 5331 2245 5370; x_wconf 91' lang='lat' dir='ltr'><strong>um</strong></span> <span class='ocrx_word' id='word_1_694' title='bbox 2275 5318 2612 5388; x_wconf 79' lang='lat' dir='ltr'><strong>exargento</strong></span> <span class='ocrx_word' id='word_1_695' title='bbox 2643 5313 2983 5388; x_wconf 85' lang='lat' dir='ltr'><strong>purissimo.</strong></span> 
     </span>
    </p>
   </div>
   <div class='ocr_carea' id='block_1_54' title="bbox 533 5435 3722 5518">
    <p class='ocr_par' dir='ltr' id='par_1_54' title="bbox 533 5435 3722 5518">
     <span class='ocr_line' id='line_1_54' title="bbox 533 5435 3722 5518; baseline 0.002 -23"><span class='ocrx_word' id='word_1_696' title='bbox 533 5437 688 5495; x_wconf 70' lang='lat'><strong>510</strong></span> <span class='ocrx_word' id='word_1_697' title='bbox 715 5437 931 5492; x_wconf 89' lang='lat' dir='ltr'><strong>Verum</strong></span> <span class='ocrx_word' id='word_1_698' title='bbox 963 5439 1138 5494; x_wconf 88' lang='lat' dir='ltr'><strong>etiam</strong></span> <span class='ocrx_word' id='word_1_699' title='bbox 1169 5443 1228 5496; x_wconf 90' lang='lat' dir='ltr'><strong>et</strong></span> <span class='ocrx_word' id='word_1_700' title='bbox 1254 5439 1314 5495; x_wconf 90' lang='lat' dir='ltr'><strong>in</strong></span> <span class='ocrx_word' id='word_1_701' title='bbox 1347 5438 1588 5496; x_wconf 86' lang='lat' dir='ltr'><strong>basilica</strong></span> <span class='ocrx_word' id='word_1_702' title='bbox 1613 5441 1865 5498; x_wconf 89' lang='lat' dir='ltr'><strong>doctoris</strong></span> <span class='ocrx_word' id='word_1_703' title='bbox 1895 5443 2101 5499; x_wconf 90' lang='lat' dir='ltr'><strong>mundi</strong></span> <span class='ocrx_word' id='word_1_704' title='bbox 2131 5444 2284 5500; x_wconf 88' lang='lat' dir='ltr'><strong>beati</strong></span> <span class='ocrx_word' id='word_1_705' title='bbox 2316 5435 2756 5518; x_wconf 83' lang='lat' dir='ltr'><strong>Pauliapostoli</strong></span> <span class='ocrx_word' id='word_1_706' title='bbox 2781 5447 2924 5503; x_wconf 75' lang='lat' dir='ltr'><strong>fecit</strong></span> <span class='ocrx_word' id='word_1_707' title='bbox 2965 5451 3188 5504; x_wconf 83' lang='lat' dir='ltr'><strong>vestem</strong></span> <span class='ocrx_word' id='word_1_708' title='bbox 3220 5447 3309 5504; x_wconf 84' lang='lat' dir='ltr'><strong>de</strong></span> <span class='ocrx_word' id='word_1_709' title='bbox 3353 5445 3722 5518; x_wconf 79' lang='lat' dir='ltr'><strong>chrysoclavo</strong></span> 
     </span>
    </p>
   </div>
   <div class='ocr_carea' id='block_1_55' title="bbox 459 5533 3719 5617">
    <p class='ocr_par' dir='ltr' id='par_1_55' title="bbox 459 5533 3719 5617">
     <span class='ocr_line' id='line_1_55' title="bbox 459 5533 3719 5617; baseline 0.002 -27"><span class='ocrx_word' id='word_1_710' title='bbox 459 5535 622 5591; x_wconf 73' lang='lat' dir='ltr'><strong>mirae</strong></span> <span class='ocrx_word' id='word_1_711' title='bbox 653 5533 1079 5606; x_wconf 87' lang='lat' dir='ltr'><strong>magnitudinis</strong></span> <span class='ocrx_word' id='word_1_712' title='bbox 1108 5541 1165 5591; x_wconf 92' lang='lat' dir='ltr'><strong>et</strong></span> <span class='ocrx_word' id='word_1_713' title='bbox 1185 5536 1642 5608; x_wconf 87' lang='lat' dir='ltr'><strong>pulchritudinis</strong></span> <span class='ocrx_word' id='word_1_714' title='bbox 1672 5540 2001 5597; x_wconf 89' lang='lat' dir='ltr'><strong>decoratam</strong></span> <span class='ocrx_word' id='word_1_715' title='bbox 2033 5541 2311 5598; x_wconf 89' lang='lat' dir='ltr'><strong>unam.Et</strong></span> <span class='ocrx_word' id='word_1_716' title='bbox 2341 5541 2400 5596; x_wconf 92' lang='lat' dir='ltr'><strong>in</strong></span> <span class='ocrx_word' id='word_1_717' title='bbox 2427 5541 2836 5599; x_wconf 86' lang='lat' dir='ltr'><strong>ecclesiabeati</strong></span> <span class='ocrx_word' id='word_1_718' title='bbox 2867 5540 3719 5617; x_wconf 56' lang='lat' dir='ltr'><strong>Petri&#39;principisapo‘stolorum</strong></span> 
     </span>
    </p>
   </div>
   <div class='ocr_carea' id='block_1_56' title="bbox 467 5631 3718 5715">
    <p class='ocr_par' dir='ltr' id='par_1_56' title="bbox 467 5631 3718 5715">
     <span class='ocr_line' id='line_1_56' title="bbox 467 5631 3718 5715; baseline 0.003 -29"><span class='ocrx_word' id='word_1_719' title='bbox 467 5631 741 5687; x_wconf 90' lang='lat' dir='ltr'><strong>nutritori</strong></span> <span class='ocrx_word' id='word_1_720' title='bbox 773 5645 880 5685; x_wconf 89' lang='lat' dir='ltr'><strong>suo</strong></span> <span class='ocrx_word' id='word_1_721' title='bbox 907 5647 1022 5702; x_wconf 67' lang='lat' dir='ltr'><strong>prae</strong></span> <span class='ocrx_word' id='word_1_722' title='bbox 1051 5632 1233 5688; x_wconf 85' lang='lat' dir='ltr'><strong>nimio</strong></span> <span class='ocrx_word' id='word_1_723' title='bbox 1265 5649 1462 5690; x_wconf 88' lang='lat' dir='ltr'><strong>amore</strong></span> <span class='ocrx_word' id='word_1_724' title='bbox 1493 5636 1874 5694; x_wconf 83' lang='lat' dir='ltr'><strong>exardescens</strong></span> <span class='ocrx_word' id='word_1_725' title='bbox 1905 5639 1977 5694; x_wconf 93' lang='lat' dir='ltr'><strong>ad</strong></span> <span class='ocrx_word' id='word_1_726' title='bbox 2007 5639 2458 5710; x_wconf 86' lang='lat' dir='ltr'><strong>coeperiendum</strong></span> <span class='ocrx_word' id='word_1_727' title='bbox 2488 5639 2754 5696; x_wconf 88' lang='lat' dir='ltr'><strong>billicum</strong></span> <span class='ocrx_word' id='word_1_728' title='bbox 2769 5639 3718 5715; x_wconf 76' lang='lat' dir='ltr'><strong>confessionisfecitcooperculum</strong></span> 
     </span>
    </p>
   </div>
   <div class='ocr_carea' id='block_1_57' title="bbox 461 5725 3718 5814">
    <p class='ocr_par' dir='ltr' id='par_1_57' title="bbox 461 5725 3718 5814">
     <span class='ocr_line' id='line_1_57' title="bbox 461 5725 3718 5814; baseline 0.003 -30"><span class='ocrx_word' id='word_1_729' title='bbox 461 5743 531 5784; x_wconf 83' lang='lat' dir='ltr'><strong>ex</strong></span> <span class='ocrx_word' id='word_1_730' title='bbox 558 5745 704 5784; x_wconf 90' lang='lat' dir='ltr'><strong>auro</strong></span> <span class='ocrx_word' id='word_1_731' title='bbox 735 5725 1072 5799; x_wconf 87' lang='lat' dir='ltr'><strong>purissimo,</strong></span> <span class='ocrx_word' id='word_1_732' title='bbox 1097 5745 1339 5800; x_wconf 83' lang='lat' dir='ltr'><strong>pensan.</strong></span> <span class='ocrx_word' id='word_1_733' title='bbox 1371 5730 1554 5786; x_wconf 88' lang='lat' dir='ltr'><strong>libras</strong></span> <span class='ocrx_word' id='word_1_734' title='bbox 1587 5736 1723 5790; x_wconf 90' lang='lat' dir='ltr'><strong>tres.</strong></span> <span class='ocrx_word' id='word_1_735' title='bbox 1754 5737 1827 5790; x_wconf 87' lang='lat' dir='ltr'><strong>Et</strong></span> <span class='ocrx_word' id='word_1_736' title='bbox 1856 5735 1914 5791; x_wconf 94' lang='lat' dir='ltr'><strong>in</strong></span> <span class='ocrx_word' id='word_1_737' title='bbox 1945 5736 2299 5793; x_wconf 88' lang='lat' dir='ltr'><strong>monasterio</strong></span> <span class='ocrx_word' id='word_1_738' title='bbox 2331 5741 2670 5794; x_wconf 87' lang='lat' dir='ltr'><strong>sanctorum</strong></span> <span class='ocrx_word' id='word_1_739' title='bbox 2689 5737 2902 5796; x_wconf 87' lang='lat' dir='ltr'><strong>Christi</strong></span> <span class='ocrx_word' id='word_1_740' title='bbox 2932 5745 3263 5812; x_wconf 82' lang='lat' dir='ltr'><strong>martyrum</strong></span> <span class='ocrx_word' id='word_1_741' title='bbox 3295 5737 3480 5814; x_wconf 84' lang='lat' dir='ltr'><strong>Sergii</strong></span> <span class='ocrx_word' id='word_1_742' title='bbox 3499 5741 3554 5795; x_wconf 87' lang='lat' dir='ltr'><strong>et</strong></span> <span class='ocrx_word' id='word_1_743' title='bbox 3573 5737 3718 5794; x_wconf 72' lang='lat' dir='ltr'><strong>Buc-</strong></span> 
     </span>
    </p>
   </div>
   <div class='ocr_carea' id='block_1_58' title="bbox 393 5821 3714 5916">
    <p class='ocr_par' dir='ltr' id='par_1_58' title="bbox 393 5821 3714 5916">
     <span class='ocr_line' id='line_1_58' title="bbox 393 5821 3714 5916; baseline 0.005 -38"><span class='ocrx_word' id='word_1_744' title='bbox 393 5821 429 5878; x_wconf 88' lang='lat'><strong>5</strong></span> <span class='ocrx_word' id='word_1_745' title='bbox 463 5823 745 5901; x_wconf 86' lang='lat' dir='ltr'><strong>chi,quod</strong></span> <span class='ocrx_word' id='word_1_746' title='bbox 777 5821 1106 5898; x_wconf 84' lang='lat' dir='ltr'><strong>appellatur</strong></span> <span class='ocrx_word' id='word_1_747' title='bbox 1125 5824 1408 5897; x_wconf 84' lang='lat' dir='ltr'><strong>Calliniei,</strong></span> <span class='ocrx_word' id='word_1_748' title='bbox 1439 5825 1576 5884; x_wconf 88' lang='lat' dir='ltr'><strong>fecit</strong></span> <span class='ocrx_word' id='word_1_749' title='bbox 1600 5828 1810 5889; x_wconf 87' lang='lat' dir='ltr'><strong>calices</strong></span> <span class='ocrx_word' id='word_1_750' title='bbox 1857 5831 1928 5892; x_wconf 87' lang='lat' dir='ltr'><strong>de</strong></span> <span class='ocrx_word' id='word_1_751' title='bbox 1957 5837 2196 5908; x_wconf 80' lang='lat' dir='ltr'><strong>argento</strong></span> <span class='ocrx_word' id='word_1_752' title='bbox 2229 5833 2546 5911; x_wconf 85' lang='lat' dir='ltr'><strong>purissimo</strong></span> <span class='ocrx_word' id='word_1_753' title='bbox 2567 5834 2725 5916; x_wconf 80' lang='lat' dir='ltr'><strong>duos</strong></span> <span class='ocrx_word' id='word_1_754' title='bbox 2753 5839 2813 5894; x_wconf 86' lang='lat' dir='ltr'><strong>et</strong></span> <span class='ocrx_word' id='word_1_755' title='bbox 2838 5839 3116 5911; x_wconf 65' lang='lat' dir='ltr'><strong>partean</strong></span> <span class='ocrx_word' id='word_1_756' title='bbox 3135 5834 3714 5908; x_wconf 77' lang='lat' dir='ltr'><strong>unam,colatorium</strong></span> 
     </span>
    </p>
   </div>
  </div>
