3928 6210
151 171 292 232 1353
827 168 1189 229 HISTORIA
1240 169 1339 228 DE
1383 168 1584 228 Vl'l‘lS
1633 170 1702 228 Η(

2001 122 2199 228 l'l‘..—
2220 170 2710 231 BENEDICTUS
2759 171 2863 229 lll.
3391 171 3552 232 1354

283 316 497 368 unum,
526 298 869 360 oautharam
893 315 1092 364 unam,
1118 298 1653 371 thymiamaterium
1678 315 1885 366 unum,
1905 316 2146 370 pensan.
2172 300 2348 356 simul
2379 298 2561 356 libras
2584 305 2856 372 quatuor.
2882 275 3017 355 lm'se
3037 300 3272 372 quidem
3304 301 3554 373 insignis

277 406 335 460 et
365 398 748 456 beatissimus
780 397 1039 470 pontifex
1087 397 1142 452 in
1195 415 1448 469 superno
1498 397 1838 453 fundamine
1864 399 2077 452 mentis
2100 398 2528 453 observantiam
2561 415 2802 469 ponens,
2833 395 3206 470 nilﬂterrenis
3258 401 3554 472 ﬁnemque

277 498 660 564 habentibus,
682 497 782 553 sed
816 494 1222 568 spiritualibus
1254 495 1709 567 salubribusque
1761 497 2167 551 tantummodo
2199 497 2473 568 operibus
2505 483 3024 574 delectabaturglct
3070 497 3128 550 in
3175 499 3396 554 cunctis
3428 518 3552 572 qum

283 595 499 653 salutis
529 600 670 651 sunt
697 593 958 666 quotidie
992 592 1268 664 praeclaro
1295 593 1510 648 intuitu
1538 594 1939 664 permanebat.

351 695 501 751 51]
540 693 642 748 His
671 709 804 748 vero
831 691 1016 747 sacris
1048 690 1347 746 beneficiis
1374 695 1616 746 ornatus
1647 690 2044 762 apostolorum
2078 691 2349 764 principi,
2375 691 2690 764 populique
2714 691 2982 762 janitori,
3009 693 3221 747 obtulit
3245 695 3401 750 mirae
3435 696 3558 767 pul-

276 790 637 848 chritudinis
657 795 876 846 vestem
900 805 1078 844 unam
1103 806 1244 844 auro
1266 793 1688 861 textam,opere
1713 789 2033 860 decoreque
2055 788 2390 860 fulgentem,
2409 789 2721 845 almitlcam
2747 790 3226 845 Annuntiationis
3250 792 3556 848 habentem

181 951 186 955 _
277 889 589 945 historiam
612 892 670 944 et
697 886 1301 960 hypapanti,qualiter
1322 887 1445 958 ipse
1474 885 1810 958 unigenitus
1833 886 1931 941 Dei
1958 886 2138 941 Filius
2160 886 2444 958 templum
2470 887 2772 959 ingressus
2794 889 3101 944 doctorum
3127 891 3180 944 in
3210 891 3400 944 medio
3426 893 3562 946 resi-

278 987 898 1044 debat.Verumtamen
923 984 1107 1040 isdem
1132 985 1444 1056 praedictus
1467 989 1523 1038 et
1541 983 1917 1039 beatissimus
1944 985 2152 1056 praesul
2180 984 2360 1039 nimio
2381 1003 2578 1041 amore
2603 1003 2909 1052 accensus,
2958 987 3175 1058 Deique
3199 987 3557 1045 adminiculo

205 1088 240 1142 5
279 1084 734 1152 suifultus,fecit
763 1083 824 1140 in
855 1082 1098 1140 basilica
1127 1083 1277 1138 beati
1312 1100 1377 1137 ac
1406 1081 1619 1154 egregii
1653 1083 2048 1154 praadicatoris
2076 1081 2236 1137 Pauli
2261 1082 2509 1154 apostoli
2536 1101 2778 1154 regnum
2805 1085 2872 1139 de
2896 1103 3036 1140 auro
3071 1087 3391 1157 purissimo
3425 1106 3560 1160 spa-

278 1184 601 1242 noclistum
622 1199 756 1238 cum
784 1179 1070 1239 catenulis
1094 1181 1238 1246 suis,
1263 1179 1486 1235 habens
1506 1179 1566 1234 in
1592 1179 1781 1235 medio
1803 1197 2034 1236 crucem
2057 1198 2318 1246 auream,
2343 1181 2477 1236 item
2503 1182 2856 1253 spaniscam,
2883 1201 3008 1255 qua:
3038 1184 3294 1255 pendent
3321 1185 3556 1240 assidue

279 1299 462 1354 super
491 1281 755 1352 ejusdem
789 1278 990 1348 altare,
1016 1295 1258 1351 pensan.
1284 1277 1463 1332 libras
1487 1277 1633 1332 duas
1656 1281 1713 1332 et
1745 1277 1980 1332 unciam
2003 1295 2201 1333 unam.
2227 1277 2449 1333 Obtulit
2479 1295 2712 1351 quoque
2743 1281 2798 1334 in
2822 1281 3026 1336 eadem
3059 1281 3298 1337 basilica
3320 1283 3556 1338 cantha-

278 1399 408 1438 ram
436 1381 508 1437 de
529 1383 769 1452 argento
803 1375 1193 1434 mundissimo
1215 1392 1416 1441 unam,
1440 1392 1682 1446 pensan.
1707 1374 1912 1430 uncias
1933 1392 2160 1430 novem.
2185 1379 2315 1448 Ipse
2335 1394 2466 1432 vero
2489 1375 2739 1448 insignis
2760 1383 2815 1433 et
2839 1379 3216 1435 beatissimus
3242 1397 3392 1453 papa
3418 1381 3554 1436 fecit

279 1494 488 1536 cruces
518 1480 826 1550 argenteas
857 1478 1101 1546 septem,
1125 1489 1252 1545 qua:
1284 1488 1387 1545 per
1415 1470 1634 1527 olitana
1679 1476 1943 1544 tempora
1973 1489 2075 1544 per
2101 1489 2306 1528 omnes
2337 1475 2654 1531 catholicas
2685 1475 2962 1532 ecclesias
2995 1494 3154 1532 more
3202 1477 3372 1533 solito
3404 1496 3553 1551 pre-

178 1581 241 1640 10
276 1575 589 1641 cedebant,
617 1579 676 1632 et
705 1573 843 1645 quia
873 1588 987 1644 prin
1019 1570 1201 1628 nimia
1230 1573 1516 1626 vetustate
1547 1569 1850 1626 confracta:
1877 1569 2115 1626 “fuerant
2161 1571 2348 1626 isdem
2402 1572 2715 1644 praeclarus
2747 1578 2802 1628 et
2834 1575 3246 1631 sanctissimus
3277 1576 3487 1647 prwsul
3521 1595 3554 1633 a

279 1675 508 1732 noviter
537 1670 887 1729 restauravit
916 1674 973 1726 et
1000 1670 1058 1726 in
1091 1668 1406 1741 pristinum
1456 1672 1674 1724 statum
1707 1668 1917 1723 iterum
1959 1668 2204 1736 reduxit,
2251 1686 2377 1740 quae
2409 1687 2652 1741 pensan,
2687 1671 2864 1726 simul
2913 1671 3092 1728 libras
3125 1672 3554 1745 quinquaginta

281 1790 466 1832 unam
498 1777 556 1829 et
587 1769 786 1829 semis.
812 1769 1046 1827 Necnon
1078 1773 1137 1824 et
1167 1767 1224 1823 in
1255 1765 1498 1822 basilica
1528 1765 1714 1821 sancti
1737 1765 1950 1822 Christi
1986 1767 2256 1838 martyris
2307 1768 2456 1823 beati
2513 1768 3002 1841 Sebastiani,qua3
3048 1771 3284 1840 ponitur
3313 1771 3370 1825 in
3404 1770 3550 1840 loco,

279 1872 384 1946 qui
414 1874 659 1927 vocatur
689 1869 981 1928 Frascata.
1007 1865 1219 1923 obtulit
1247 1864 1403 1920 idem
1436 1871 1597 1936 pater
1626 1864 1894 1936 egregius
1924 1868 2143 1920 vestem
2177 1865 2246 1919 de
2280 1865 2519 1920 fundato
2553 1884 2731 1921 unam
2765 1867 3078 1923 habentem
3110 1869 3168 1922 in
3198 1869 3389 1924 medio
3423 1887 3552 1924 cru-

280 1988 409 2029 cem
446 1986 580 2027 cum
613 1965 965 2042 gammadiis
986 1966 1056 2021 de
1086 1961 1470 2036 quadrapulo.
1506 1960 1692 2017 Simili
1727 1962 1898 2016 modo
1932 1962 2066 2016 fecit
2096 1962 2152 2016 in
2188 1961 2429 2018 basilica
2461 1964 2609 2018 beati
2635 1970 2689 2019 et
2721 1965 2935 2036 egregii
2971 1965 3363 2037 prazdicatoris
3393 1966 3551 2022 Pauli

182 2073 243 2125 15
281 2067 532 2141 apostoli
561 2069 780 2123 vestem
812 2063 1053 2120 rubeam
1087 2062 1156 2116 de
1188 2059 1428 2116 arodina
1460 2061 1510 2124 1,
1533 2077 1668 2114 cum
1697 2058 2089 2132 chrysoclavo.

355 2167 511 2224 512
541 2164 758 2221 Verum
789 2162 965 2220 etiam
999 2164 1056 2216 et
1095 2158 1154 2214 in
1187 2156 1353 2212 titulo
1404 2155 1590 2212 sancti
1619 2156 1840 2229 Cyriaci
1891 2156 2164 2229 martyris
2197 2158 2326 2213 fecit
2355 2163 2571 2214 vestem
2621 2159 2690 2214 de
2741 2161 2981 2215 fundato
3031 2179 3229 2218 unam.
3265 2167 3395 2235 Ipse
3423 2180 3555 2218 vero

283 2264 666 2322 beatissimus
688 2261 943 2335 pontifex
974 2258 1354 2314 exardescens
1376 2271 1573 2310 amore
1606 2255 1739 2310 fecit
1770 2255 1827 2308 in
1860 2254 2102 2309 basilica
2131 2255 2280 2310 beati
2306 2256 2454 2310 Petri
2488 2257 2730 2329 apostoli
2766 2259 3067 2316 nulritoris
3089 2262 3179 2316 sui
3211 2261 3459 2333 pharum
3493 2280 3559 2318 ex

283 2367 526 2437 argento
548 2378 734 2419 unum
760 2358 921 2416 mire
943 2352 1507 2428 magnitudinis,qui
1536 2368 1778 2424 pensan.
1803 2351 2002 2422 libras,
2017 2357 2073 2407 et
2104 2353 2374 2409 uncias...
2396 2355 2499 2409 llic
2521 2373 2652 2411 vero
2681 2357 3057 2413 beatissimus
3079 2361 3336 2431 pontifex
3357 2361 3562 2415 divina

283 2459 671 2534 inspiratione
721 2456 994 2528 repletus,
1023 2453 1159 2510 fecit
1190 2452 1250 2508 in
1276 2450 1521 2507 ecclesia
1553 2449 1704 2505 beati
1738 2449 1942 2505 Levita:
1974 2451 2290 2518 Laurentii,
2320 2451 2461 2507 foris
2517 2470 2716 2509 muros
2774 2454 2954 2526 hujus
2985 2456 3234 2513 civitatis
3265 2458 3558 2526 Romanae,

212 2561 248 2615 5
283 2564 507 2614 vestem
539 2557 608 2612 de
637 2556 882 2611 tundato
915 2567 1114 2617 unam,
1142 2566 1275 2604 cum
1318 2546 1711 2620 chrysoclavo,
1748 2547 1906 2601 mira:
1938 2548 2365 2620 magnitudinis
2397 2549 2750 2607 decoratam.
2787 2554 2896 2608 Sed
2947 2558 3004 2609 et
3055 2554 3242 2626 ipsius
3273 2556 3562 2628 praecipue

282 2660 447 2712 sarta
479 2658 631 2710 tecta
662 2651 917 2708 ecclesiae
950 2647 1101 2704 beati
1147 2646 1296 2702 Petri
1328 2644 1574 2717 apostoli
1610 2645 1916 2701 nutritoris
1949 2645 2060 2715 sui,
2085 2645 2140 2700 id
2173 2650 2262 2700 est
2293 2642 2496 2701 na’vem
2548 2651 2850 2719 majorem,
2877 2655 2932 2705 et
2963 2651 3138 2706 aliam
3172 2670 3400 2720 navem,
3434 2670 3559 2724 quae

287 2769 471 2826 super
502 2768 713 2823 corpus
744 2751 872 2820 ejus
904 2752 1011 2814 est,
1037 2745 1265 2817 magnis
1289 2743 1555 2799 trabibus
1589 2741 1880 2814 impositis
1903 2759 2147 2797 numero
2171 2749 2391 2814 septem
2417 2745 2761 2816 procacique
2794 2748 3038 2802 artiﬁcio
3070 2749 3304 2803 elevatis
3326 2750 3562 2805 luciflue

285 2848 603 2908 renovavit.
627 2849 696 2904 Et
724 2846 785 2902 in
816 2844 988 2901 titulo
1020 2843 1174 2900 beati
1198 2841 1419 2914 Cyriaci
1451 2838 1723 2912 martyris
1754 2837 1965 2894 obtulit
1996 2839 2369 2910 Evangelium
2406 2859 2586 2895 unum
2615 2859 2681 2896 ex
2713 2848 2954 2915 argento
2985 2846 3301 2916 purissimo
3330 2848 3401 2901 ad
3434 2847 3561 2902 lau-

284 2949 423 3004 dem
446 2951 502 3002 et
522 2945 767 3018 gloriam
790 2943 978 3017 ipsius
1001 2939 1275 2997 ecclesiaa.
1302 2938 1402 2994 His
1427 2937 1620 3008 itaque
1647 2936 1896 3008 peractis
1921 2937 2194 3010 praefatus
2219 2937 2595 2993 beatissimus
2616 2956 2768 3011 papa
2787 2940 2968 2996 nimio
2991 2959 3187 2998 amore
3208 2943 3560 2999 constrictus

184 3047 248 3102 10
285 3046 348 3102 in
382 3043 628 3101 ecclesia
656 3043 835 3099 beata:
867 3040 967 3097 Dei
996 3037 1306 3096 Genitricis
1335 3051 1680 3108 semperque
1703 3033 1960 3107 Virginis
2002 3033 2194 3089 Mariae
2237 3035 2485 3090 dominae
2523 3041 2755 3105 nostrae,
2775 3055 2901 3109 quae
2935 3039 3174 3111 ponitur
3201 3045 3367 3097 trans
3398 3042 3562 3098 Tibe-

284 3144 424 3209 rim,
445 3142 712 3199 absidem
745 3140 1028 3211 majorem
1059 3135 1248 3210 ipsius
1277 3132 1553 3199 ecclesias,
1579 3133 1636 3187 in
1671 3131 1858 3187 ruinis
1881 3131 2155 3203 positam,
2177 3133 2400 3187 noviter
2429 3137 2603 3205 atque
2625 3151 2658 3189 a
2677 3135 3078 3192 fundamentis
3108 3138 3325 3194 faciens
3343 3140 3414 3195 ad
3439 3157 3562 3196 mc-

292 3243 496 3301 liorem
527 3240 708 3297 erexit
727 3227 971 3296 statum.
992 3239 1299 3294 Fenestras
1337 3249 1470 3288 vero
1490 3232 1689 3287 vitreis
1722 3229 2013 3286 coloribus
2048 3230 2293 3301 ornavit,
2318 3235 2373 3286 et
2405 3231 2630 3304 pictura
2657 3233 2868 3290 musivi
2907 3235 3215 3291 decoravit.
3241 3237 3473 3294 Necnon
3505 3242 3564 3295 et

286 3341 580 3417 porticum
611 3343 784 3412 atque
814 3333 1222 3410 baptisterium
1254 3348 1388 3388 cum
1421 3329 1754 3396 secretario,
1778 3328 1976 3384 omnia
2006 3332 2062 3383 et
2091 3328 2148 3383 in
2183 3328 2456 3385 omnibus
2489 3335 2646 3386 sarta
2675 3336 2826 3387 tecta
2846 3331 3068 3388 noviter
3099 3334 3410 3389 renovavit.
3437 3334 3560 3391 Cae-

292 3438 608 3496 meterium
629 3453 763 3492 vero
790 3434 944 3490 beati
980 3430 1157 3488 Marci
1189 3429 1541 3486 confessoris
1571 3433 1744 3500 atque
1776 3426 2092 3499 pontificis,
2116 3428 2271 3499 quod
2306 3427 2542 3500 ponitur
2569 3429 2705 3484 foris
2738 3435 2964 3502 portam
2992 3431 3258 3504 Appiam,
3284 3433 3343 3487 in
3375 3432 3561 3490 ruinis

186 3539 252 3596 l5
281 3539 410 3610 jam
442 3535 722 3609 positum,
747 3531 986 3590 omnino
1019 3527 1388 3586 restauravit.
1410 3527 1643 3582 Necnon
1675 3529 1731 3581 et
1751 3524 1810 3579 in
1837 3524 2082 3580 ecclesia
2101 3525 2402 3581 beatorum
2428 3527 2580 3582 Petri
2605 3531 2661 3583 et
2684 3528 3004 3584 Marcellini
3027 3534 3370 3603 martyrum,
3393 3531 3563 3602 cujus

294 3639 515 3692 tectum
539 3633 666 3705 jam
695 3634 981 3688 vetustate
1008 3628 1263 3702 positum
1295 3625 1554 3682 vicinum
1588 3623 1768 3679 ruina:
1799 3623 2104 3690 existebat,
2129 3624 2410 3695 depositis
2440 3625 2858 3682 vetustissimis
2909 3629 3176 3685 trabibus
3208 3633 3266 3684 et
3294 3628 3424 3686 aliis
3455 3629 3570 3688 im:

291 3732 521 3807 positis,
556 3730 780 3786 noviter
807 3727 1004 3800 ipsum
1035 3730 1255 3781 tectum
1283 3728 1456 3795 atque
1488 3721 1776 3793 porticum
1819 3720 1878 3775 in
1912 3720 2156 3775 circuitu
2191 3721 2390 3776 omnia
2421 3723 2642 3777 noviter
2671 3726 3039 3782 restauravit.

365 3830 517 3888 518
551 3829 615 3884 In
647 3825 892 3883 basilica
917 3839 1149 3897 quoque
1172 3823 1300 3894 jam
1329 3821 1544 3893 sepius
1565 3819 1703 3874 dicti
1727 3817 1943 3892 egregii
1968 3818 2224 3874 doctoris
2247 3819 2450 3874 mundi
2475 3820 2626 3875 beati
2654 3821 2813 3876 Pauli
2837 3823 3083 3894 apostoli
3107 3823 3290 3879 isdem
3326 3825 3568 3880 antistes

291 3926 707 3986 sanctissimus
731 3923 1080 3979 Benedictus
1107 3918 1319 3994 praesul
1342 3917 1720 3991 pulcherrimi
1745 3916 1970 3972 decoris
2001 3920 2120 3971 rete
2144 3917 2362 3972 factum
2401 3919 2548 3972 miro
2570 3935 2741 3988 opere
2771 3924 2956 3974 totum
2981 3937 3048 3974 ex
3069 3921 3319 3992 gemmis
3339 3921 3566 3976 alvabe-

291 4026 372 4082 ris
396 4029 453 4081 et
471 4023 651 4079 bullis
685 4021 897 4090 aureis,
923 4019 1230 4077 conclusas
1249 4017 1423 4073 etiam
1453 4015 1767 4088 auripetias
1792 4014 1849 4069 in
1885 4032 1945 4069 se
1976 4013 2200 4070 habens
2232 4013 2827 4082 smaltitas,videlieet
2858 4018 3062 4088 majori
3096 4035 3341 4073 numero
3363 4019 3567 4091 viginti

293 4139 497 4190 unam,
521 4138 656 4177 cum
688 4118 820 4175 aliis
852 4118 1071 4191 pariter
1101 4116 1459 4182 minoribus;
1497 4130 1722 4168 necnon
1755 4116 1813 4168 et
1842 4111 2185 4167 amendulas
2217 4129 2424 4167 aureas
2446 4129 2690 4168 numero
2722 4113 3018 4180 undecim,
3043 4118 3099 4168 et
3119 4131 3383 4186 gemmas
3405 4116 3570 4190 chry-

219 4223 255 4278 5
291 4220 556 4278 soclavas
588 4198 908 4292 pendentes
938 4231 1184 4271 numero
1217 4214 1439 4280 decem,
1476 4228 1690 4284 magno
1731 4225 1928 4265 amore
1959 4210 2232 4283 praecepit
2275 4209 2420 4277 fieri,
2453 4215 2508 4265 et
2540 4227 2716 4283 super
2744 4217 3253 4268 saerumsanctum
3287 4213 3466 4270 altare
3496 4215 3568 4271 ad

292 4320 573 4375 honorem
602 4313 863 4389 Apostoli
894 4315 1139 4370 offerens
1170 4311 1419 4384 pendere
1441 4309 1622 4382 jussit
1650 4309 1903 4366 assidue.
1924 4307 2140 4362 Verum
2182 4308 2357 4362 etiam
2401 4307 2649 4364 zethereo
2681 4313 3068 4381 compunctus
3100 4315 3247 4366 nutu
3280 4328 3561 4384 magnam

294 4420 513 4472 sanetae
544 4412 821 4481 ecclesiis,
845 4416 910 4468 ut
939 4412 1184 4469 idoneus
1211 4407 1427 4465 Christi
1460 4407 1753 4474 minister,
1781 4423 1980 4464 curam
2003 4406 2174 4461 corde
2200 4405 2518 4478 purissimo
2549 4405 2948 4463 indesinenter
2971 4425 3199 4480 gerens,
3223 4413 3443 4464 textum
3468 4410 3574 4466 sci-

292 4515 430 4570 licet
459 4516 517 4570 et
544 4511 882 4576 voluminis,
906 4510 964 4566 in
998 4526 1112 4582 quo
1144 4511 1415 4564 constant
1441 4524 1586 4562 verte
1632 4504 2058 4579 praedicationis
2089 4504 2270 4572 Pauli,
2294 4503 2558 4560 videlicet
2588 4505 2861 4577 apostoli,
2893 4511 2950 4562 et
2998 4506 3247 4562 aliorum
3279 4509 3569 4580 apostolo-

297 4629 430 4668 rum
459 4609 730 4682 Epistolze
772 4612 949 4680 atque
999 4605 1416 4684 prophetarum
1450 4603 1853 4661 ordinabiliter
1883 4603 2210 4659 constitutae
2242 4601 2538 4669 lectiones,
2568 4620 2692 4674 quae
2724 4620 2758 4658 a
2788 4605 3248 4660 subdiaconibus
3295 4604 3571 4676 leguntur

192 4711 256 4765 10
294 4727 398 4782 per
427 4710 667 4763 cunctas
693 4705 1071 4762 ecclesiarum
1105 4703 1384 4760 stationes
1418 4720 1578 4758 more
1609 4702 1799 4770 solito,
1827 4719 2066 4757 sursum
2098 4700 2157 4755 in
2190 4700 2437 4756 amboue
2469 4704 2702 4772 raptum
2735 4701 2822 4756 vel
2856 4702 3147 4774 perditum
3178 4719 3212 4757 a
3243 4707 3444 4758 sancta
3475 4719 3572 4758 ec-

296 4804 477 4861 clesia
505 4804 688 4859 fuisse
718 4802 1068 4876 percipiens,
1092 4805 1298 4874 captus
1327 4817 1542 4872 magna
1561 4799 2006 4872 vehementique
2027 4797 2414 4855 sollicitudine
2436 4797 2550 4853 tale
2573 4797 2815 4870 dignum
2844 4798 3114 4854 similiter
3132 4799 3402 4855 volumen
3432 4817 3574 4873 prae-

297 4919 505 4976 parare
535 4901 784 4966 studuit,
808 4901 869 4956 in
901 4917 1018 4972 quo
1061 4903 1289 4956 Graecas
1319 4903 1374 4954 et
1405 4898 1642 4955 Latinas
1699 4897 1998 4963 lectiones,
2025 4914 2174 4968 quas
2204 4897 2295 4951 die
2334 4896 2588 4951 Sabbato
2647 4900 2847 4952 sancto
2908 4897 3160 4967 Paschzc,
3192 4897 3487 4969 simulque
3516 4901 3575 4954 et

298 5003 501 5055 sancto
534 4998 901 5053 Pentecostes
931 4995 1273 5053 subdiaconi
1329 4994 1520 5066 legere
1553 4995 1709 5050 soliti
1752 4998 1890 5048 sunt
1938 4993 2273 5065 Scripturas
2305 4993 2542 5064 adjungi
2579 4993 2867 5065 praecepit,
2895 4992 3173 5066 mirzeque
3218 4995 3574 5067 operationis

299 5095 521 5152 tabulis
551 5095 840 5168 argenteis
874 5095 1146 5151 decenter
1175 5095 1467 5149 adornans
1499 5095 1711 5147 sancta:
1741 5090 1995 5146 ecclesiae
2030 5092 2302 5147 Romana:
2334 5090 2579 5146 libenter
2607 5091 2836 5146 obtulit.

373 5192 529 5248 574
561 5191 749 5263 Hujus
780 5191 1146 5263 temporibus
1178 5187 1446 5255 Michael,
1479 5188 1636 5243 filius
1657 5187 1962 5258 Theophili
1996 5187 2368 5260 imperatoris
2389 5188 3040 5261 Constantinopolitanm
3067 5190 3231 5245 urbis
3263 5190 3579 5262 imperator

298 5289 372 5344 ob
405 5305 665 5344 amorem
701 5287 1098 5360 apostolorum
1130 5285 1293 5342 misit
1323 5286 1394 5340 ad
1428 5286 1662 5340 beatum
1695 5285 1928 5340 Petrum
1962 5285 2295 5356 apostolum
2330 5287 2550 5341 donum
2583 5303 2684 5358 per
2714 5303 2953 5341 manum
2987 5286 3184 5341 Lazari
3220 5286 3492 5343 monachi
3521 5290 3580 5342 et

300 5386 554 5459 pictoriee
588 5386 732 5442 artis
765 5385 946 5442 nimie
978 5385 1213 5453 eruditi,
1236 5399 1445 5457 genere
1472 5399 1605 5438 vero
1628 5383 1858 5449 Chazai,
1883 5381 1941 5436 id
1976 5388 2064 5438 est
2094 5383 2474 5454 Evangelium
2507 5385 2576 5440 de
2607 5402 2747 5440 auro
2787 5383 3102 5456 purissimo
3151 5401 3285 5440 cum
3333 5382 3578 5440 diversis

299 5482 597 5556 lapidibus
631 5483 904 5556 pretiosis
931 5501 944 5539 :
981 5481 1220 5538 calicem
1251 5498 1383 5536 vero
1415 5479 1686 5535 similiter
1715 5479 1786 5534 de
1816 5496 1956 5534 auro
2002 5483 2059 5534 et
2107 5480 2403 5551 lapidibus
2436 5482 2888 5554 circumdatum,
2921 5481 3159 5538 reticulo
3192 5483 3479 5554 pendente
3510 5483 3581 5538 de

227 5581 263 5636 5
299 5582 552 5654 gemmis
583 5581 733 5640 albis
763 5579 1035 5654 pretiosis
1066 5579 1225 5635 mira:
1258 5576 1715 5650 pulchritudinis
1737 5577 2097 5642 decoratum,
2121 5582 2176 5632 et
2197 5577 2323 5632 vela
2355 5579 2470 5634 duo
2496 5581 2565 5635 de
2597 5580 2843 5649 olovero,
2871 5597 3004 5637 cum
3027 5597 3197 5636 cruce
3227 5581 3297 5635 de
3328 5580 3579 5651 olovero,

301 5684 358 5735 et
386 5679 528 5735 lista
559 5678 836 5735 similiter
863 5679 935 5734 de
966 5677 1362 5750 chrysoclavo,
1385 5679 1443 5730 et
1475 5691 1650 5747 parva
1681 5674 2041 5745 coopertoria
2083 5673 2270 5745 ipsius
2303 5675 2523 5742 calicis,
2549 5678 2704 5733 sicut
2755 5697 2881 5735 mos
2913 5679 3238 5735 Graecorum
3271 5683 3379 5733 est.
3405 5679 3585 5735 Simi-

302 5775 436 5832 liter
464 5781 522 5831 et
549 5781 768 5831 vestem
801 5777 873 5832 de
904 5793 1168 5848 purpura
1198 5771 1486 5847 imperiali
1519 5773 1743 5828 munda
1773 5789 1949 5844 super
1977 5771 2156 5827 altare
2189 5772 2385 5843 majus
2417 5790 2484 5828 ex
2514 5776 2674 5830 omni
2707 5781 2872 5850 parte
2904 5794 3040 5833 cum
3084 5775 3327 5834 historia
3358 5781 3415 5833 et
3445 5795 3586 5838 can-

299 5873 463 5932 cellis
493 5879 549 5929 et
582 5872 734 5930 rosis
763 5874 834 5928 de
873 5872 1270 5944 chrysoclavo,
1295 5886 1522 5944 magnae
1572 5869 2030 5944 pulchritudinis
2077 5869 2437 5943 deornatam,
2469 5871 2643 5930 etiam
2674 5877 2731 5932 et
2761 5873 2956 5935 velum
2990 5878 3062 5937 de
3093 5875 3345 5938 stauraci
3375 5894 3588 5951 unum,

300 5987 436 6034 cum
467 5987 641 6033 cruce
670 5971 741 6032 de
772 5970 1146 6051 chrysoclavo
1177 5975 1235 6033 ct
1261 5969 1474 6033 litteris
1506 5972 1578 6034 de
1608 5987 1750 6034 auro
1781 5969 2015 6032 Graecis.

478 6071 745 6138 ΡΑτιιοι..
790 6071 882 6138 CX
889 6070 1100 6137 XVIII.

3188 6076 3265 6141 43
