3928 6210
339 103 497 164 1355

1493 97 1908 160 ANAS'I‘ASII
1953 95 2606 158 BIBLIOTHECARII.

3601 97 3762 159 1356

552 233 645 289 57
658 233 702 289 5
736 232 923 304 Hujus
954 232 1316 306 temporibus
1348 249 1446 288 rex
1470 233 1764 288 Saxonum
1798 231 2035 288 nomine
2055 247 2234 288 causa
2263 229 2544 286 orationis
2562 229 2824 298 veniens,
2848 228 3068 288 relictis
3095 228 3374 288 omnibus
3405 229 3535 288 suis
3557 231 3762 305 rebus,

483 347 728 403 regnum
757 330 1058 403 proprium
1082 348 1255 386 suum
1279 331 1526 397 dimisit,
1548 331 1793 385 Romam
1819 347 2137 402 properans
2158 329 2231 384 ad
2253 329 2459 384 limina
2481 327 2876 400 apostolorum
2900 327 3052 385 Petri
3074 333 3131 385 et
3149 326 3312 384 Pauli
3336 345 3474 385 cum
3496 328 3763 386 multitu-

486 429 622 484 dine
654 428 872 500 populi,
899 433 954 483 et
983 428 1192 484 obtulit
1224 430 1377 484 dana
1397 429 1564 483 beato
1590 429 1754 483 Petro
1777 427 2038 500 apostolo
2063 444 2336 484 coronam
2359 444 2428 483 ex
2459 443 2598 482 auro
2628 425 2966 499 purissimo,
2997 441 3241 499 pensan.
3264 427 3448 486 libras
3468 430 3758 500 quatuor;

489 527 706 582 baucas
739 543 805 582 ex
836 543 977 582 auro
1003 526 1320 598 purissimo
1353 527 1520 595 (luas,
1545 543 1787 598 pensan.
1812 525 2014 582 libras.
2043 569 2056 582 .

2086 567 2100 580 .
2129 567 2141 580 .
2169 568 2182 582 .
2216 529 2446 598 spatam
2475 541 2610 581 cum
2643 541 2784 581 auro
2811 524 3129 598 purissimo
3161 523 3426 599 ligatam.
3451 525 3602 582 Item
3623 524 3764 582 ima-

416 627 452 680 5
489 625 655 698 gines
677 625 824 680 duas
847 625 923 679 mi
933 643 990 680 u.
1016 641 1082 680 ex
1104 641 1244 680 auro
1278 623 1622 696 purissimo;
1647 623 1932 697 gabathas
1957 622 2216 680 saxiscas
2238 623 2307 678 de
2329 627 2568 696 argento
2588 627 2862 678 exaurato
2885 626 3164 694 quatuor;
3187 640 3395 680 saraca
3413 625 3486 680 de
3507 623 3759 694 olovero,

490 739 625 778 cum
657 721 1027 796 chrysoclavo
1056 725 1118 790 2;
1153 723 1426 778 camisias
1456 722 1618 777 albas
1650 721 1936 794 sigillatas
1968 720 2342 793 holosericas,
2367 738 2502 776 cum
2527 719 2919 793 chrysoclavo,
2943 723 3000 776 et
3016 719 3143 777 vela
3171 723 3398 794 majora
3419 723 3492 778 de
3513 722 3764 780 fundato

490 821 626 876 duo.
654 821 722 876 Et
751 821 876 892 ipse
907 836 1002 874 rex
1035 821 1350 887 Saxonum,
1376 819 1708 892 postulante
1735 818 2106 875 sanctissimo
2135 819 2351 874 domno
2374 817 2684 874 Benedicto
2711 835 2864 890 papa
2884 821 2950 873 ut
2969 819 3183 874 faceret
3203 834 3405 892 regam
3431 819 3494 876 in
3515 819 3766 878 ecclesia

490 918 643 974 beati
678 917 826 972 Petri
859 917 1101 989 apostoli
1149 915 1444 990 publicam
1477 918 1546 972 de
1573 917 1827 989 pondere
1860 916 2008 982 auri,
2039 915 2129 972 vel
2177 933 2300 989 arg.
2333 915 2638 983 librarum,
2669 915 2979 988 episcopis,
3013 916 3388 990 presbyteris,
3413 917 3684 974 diaconis
3711 924 3766 976 ct

491 1015 759 1071 universo
789 1015 940 1071 clero
971 1019 1027 1070 et
1053 1015 1440 1087 optimatibus
1469 1014 1748 1071 Romanis
1779 1013 1983 1069 tribuit
2013 1031 2244 1082 aurum,
2278 1013 2492 1086 populo
2521 1031 2654 1070 vero
2701 1013 3021 1070 minuitum
3050 1019 3380 1087 argentum.
3403 1016 3476 1072 Et
3499 1021 3768 1090 postmo-

386 1116 456 1171 10
494 1113 636 1169 dum
668 1113 833 1169 {inita
864 1131 1044 1169 causa
1071 1113 1351 1169 orationis
1384 1131 1648 1169 reversus
1669 1117 1757 1168 est
1788 1113 1858 1168 ad
1890 1113 2190 1185 proprium
2213 1129 2460 1186 regnum
2483 1129 2688 1180 suum;
2721 1117 2780 1168 et
2806 1116 2941 1184 post
2971 1129 3191 1185 paucos
3219 1112 3347 1171 dies
3365 1111 3547 1171 vitam
3579 1115 3768 1172 ﬁnivit

491 1217 548 1267 et
578 1211 827 1284 perrexit
854 1213 926 1266 ad
959 1212 1298 1268 Dominum.

565 1310 718 1366 516
743 1309 994 1365 Multum
1018 1309 1268 1381 denique
1291 1310 1442 1364 idem
1467 1309 1678 1382 praesul
1701 1313 2036 1365 sanctarum
2060 1309 2161 1366 Dei
2183 1308 2562 1365 ecclesiarum
2585 1325 2788 1364 curam
2815 1323 3042 1381 gerens,
3061 1326 3409 1382 semperque
3429 1310 3527 1383 pio
3551 1310 3766 1369 mentis

498 1409 706 1463 affectu
735 1425 799 1462 ac
823 1406 1016 1462 studio
1043 1407 1102 1461 in
1126 1405 1358 1462 illarum
1381 1407 1744 1479 reparatione
1765 1408 2048 1480 gaudens,
2064 1407 2123 1463 in
2147 1407 2388 1463 basilica
2408 1406 2572 1478 regni
2589 1406 2868 1462 caelorum
2890 1405 3160 1481 clavigeri
3183 1408 3491 1465 nutritoris
3510 1407 3610 1465 sui
3633 1409 3767 1482 pha-

498 1522 627 1560 rum
661 1505 1004 1560 cantharum
1039 1509 1377 1576 argenteum
1411 1506 1708 1560 sedentem
1741 1505 1798 1560 in
1831 1505 2076 1578 pedibus
2107 1509 2358 1578 quatuor
2387 1521 2422 1560 a
2450 1505 2754 1560 Saracenis
2783 1502 2923 1560 olim
2956 1503 3240 1574 ablatum,
3263 1506 3323 1562 in
3345 1523 3462 1579 quo
3484 1507 3561 1564 ad
3591 1507 3766 1564 decus

373 1637 390 1652 κ
496 1603 684 1674 ipsius
713 1602 963 1658 basilicae
986 1601 1046 1658 in
1077 1603 1285 1658 diebus
1310 1602 1470 1656 festis
1494 1607 1668 1674 atque
1689 1602 2007 1658 Dominicis
2029 1603 2267 1658 lucerna
2290 1601 2468 1658 simul
2491 1606 2547 1658 et
2566 1601 2714 1658 cerei
2735 1602 3122 1675 ponebantur,
3141 1604 3312 1674 juxta
3331 1603 3647 1661 lectorium
3669 1603 3769 1660 mi-

423 1701 460 1755 5
499 1699 657 1755 rilico
689 1717 859 1772 opere
885 1700 1037 1768 fecit,
1063 1717 1130 1755 ac
1153 1700 1466 1770 renovavit,
1496 1717 1740 1772 pensan.
1765 1699 1965 1756 libras.
1985 1744 1999 1756 .
2019 1744 2031 1757 .
2051 1743 2064 1756 .

2087 1743 2098 1755 .
2121 1701 2258 1756 Erat
2277 1700 2434 1756 enim
2457 1701 2527 1756 ad
2553 1699 2732 1756 divini
2755 1700 2949 1757 cultus
2967 1717 3229 1758 amorem
3255 1718 3490 1776 semper
3505 1703 3766 1760 intentus

497 1798 774 1870 pacisque
795 1802 1111 1869 amator,et
1132 1797 1394 1854 omnium
1422 1815 1811 1870 supernorum
1834 1799 2065 1871 pudicis
2088 1799 2354 1854 moribus
2375 1815 2617 1871 operum
2641 1797 2849 1855 cultor.
2869 1797 2972 1855 Hic
2988 1798 3292 1856 constituit
3313 1804 3378 1856 ut
3396 1817 3537 1856 cum
3557 1801 3769 1874 episco-

493 1912 624 1967 pus,
649 1894 735 1951 vel
767 1896 1088 1968 presbyter,
1116 1901 1216 1952 aut
1245 1896 1525 1951 diaconus
1551 1900 1890 1964 moreretur,
1916 1896 2174 1970 pontifex
2205 1913 2324 1952 una
2349 1911 2485 1952 eum
2515 1895 2791 1952 omnibus
2813 1896 3102 1970 episcOpis
3122 1901 3180 1953 et
3208 1897 3570 1971 presbyteris
3595 1903 3765 1972 atque

495 1993 862 2062 diaconibus,
889 2011 1113 2049 necnon
1147 1998 1202 2048 et
1234 1993 1475 2066 reliquis
1507 1993 1734 2050 clericis
1763 1995 1834 2050 ad
1865 1995 1993 2066 ejus
2025 1993 2426 2066 sepeliendum
2457 2011 2669 2066 corpus
2698 1999 2757 2050 et
2788 1995 3313 2051 commendendam
3345 1995 3613 2053 animam
3640 2013 3764 2065 con_

496 2091 754 2147 veniret:
781 2090 1050 2148 similiter
1077 2091 1255 2146 etiam
1289 2091 1401 2164 ipsi
1433 2092 1689 2148 facerent
1710 2109 1842 2148 cum
1878 2093 2137 2165 pontifex
2156 2092 2230 2148 ab
2262 2091 2372 2148 hac
2401 2091 2529 2148 luce
2553 2091 2886 2166 migrasset,
2909 2092 3065 2165 quod
3088 2109 3203 2148 non
3225 2093 3420 2150 solum
3443 2094 3649 2152 docuit
3670 2095 3763 2152 sed

395 2191 462 2244 10
500 2192 556 2246 et
587 2188 743 2244 fecit.
767 2190 946 2260 Cujus
965 2189 1210 2262 vestigia
1231 2206 1483 2262 sequens
1507 2206 1810 2246 successor
1835 2191 1962 2262 ejus
1982 2190 2041 2246 in
2065 2207 2243 2247 causa
2262 2189 2498 2263 pietatis
2518 2190 2718 2263 hujus,
2743 2191 2896 2246 sicut
2914 2194 2974 2247 et
2999 2191 3060 2246 in
3083 2190 3307 2248 ceteris
3327 2207 3465 2248 eum
3485 2196 3761 2266 tanquam

499 2286 682 2342 haeres
713 2285 1125 2343 devotissimus
1155 2286 1421 2343 imitatus
1451 2292 1558 2344 est.
1585 2287 1685 2342 llic
1717 2287 1853 2343 fecit
1881 2288 2311 2344 ordinationem
2337 2304 2518 2343 unam
2547 2305 2652 2360 per
2680 2304 2944 2344 mensem
2975 2287 3376 2357 Decembrem,
3399 2291 3759 2365 presbyteros

500 2383 780 2456 quinque,
805 2383 1116 2440 diaconum
1147 2401 1354 2454 unum,
1381 2385 1684 2458 episcopos
1713 2401 1818 2458 per
1837 2385 2068 2442 diversa
2091 2385 2218 2442 loca
2243 2402 2490 2442 numero
2511 2385 2813 2460 sexaginta
2839 2389 2897 2442 et
2923 2402 3044 2444 sex.
3071 2386 3348 2460 Sepultus
3368 2405 3505 2446 vero
3525 2393 3618 2447 est
3634 2393 3758 2447 ante

502 2481 654 2538 fores
687 2481 940 2538 basilicae
971 2482 1121 2538 beati
1155 2483 1306 2539 Petri
1336 2482 1606 2556 apostoli.

1709 2632 1950 2690 VARle
1991 2634 2294 2691 LECTION
2302 2635 2404 2692 ES.

594 2785 677 2840 Ex
703 2783 882 2840 codice
913 2785 1092 2856 Regio,
1130 2785 1420 2840 Μίκκαν-ἰηο
1451 2791 1502 2840 et
1533 2785 1770 2840 Thuano.

433 2927 576 2981 Num
593 2927 719 2993 556,
739 2927 820 2981 lin
843 2927 892 2992 1,
909 2924 1254 2981 Benedictus
1277 2925 1510 2982 natione
1533 2926 1700 2982 Rom.
1719 2927 1796 2982 lin
1821 2927 1842 2982 -l
1873 2932 1929 2982 et
1951 2931 2006 2996 2,

365 2997 490 3070 dies
521 3015 745 3070 novem.
781 2998 862 3052 lin
891 2998 948 3064 3,
979 2997 1196 3070 studio,
1228 3001 1299 3070 et
1327 2998 1451 3052 arb.
1484 2999 1756 3053 traditur.
1790 2999 2008 3070 Grego-

362 3069 487 3124 rius
505 3067 793 3123 almificus
816 3067 1028 3137 prmsul
1047 3067 1202 3122 hunc
1213 3067 1302 3122 vid
1313 3084 1416 3123 ens
1434 3069 1696 3124 moribus
1713 3067 2006 3137 ornatum,

361 3139 788 3219 subdiaconum
817 3139 1009 3219 hujus
1025 3145 1236 3219 sanctis
1272 3139 1543 3219 Romanae
1563 3139 1830 3219 Ecclesiae
1851 3141 2006 3219 fecit.

361 3211 544 3336 Culjus
572 3211 872 3292 beatitudo
906 3211 962 3264 in
996 3215 1247 3296 tantum,
1274 3219 1334 3264 ut
1365 3212 1513 3335 inﬂa
1556 3211 1640 3265 lin
1670 3213 1754 3266 14.
1782 3213 1862 3266 lin
1887 3213 2006 3294 cati.

363 3299 425 3336 re
471 3287 645 3336 oruit.
670 3287 734 3336 ut
763 3283 834 3336 ab
858 3281 1151 3336 omnibus.
1180 3283 1260 3336 tm
1289 3281 1376 3336 15.
1451 3287 1712 3336 iceretur.
1737 3283 1848 3336 Leo
1880 3301 2006 3336 aui-

363 3281 734 3354 reﬂoruit,gut
763 3283 834 3336 ab
858 3281 1151 3354 omnibus.
1180 3283 1260 3336 (in
1289 3281 1376 3354 15,
1407 3281 1712 3338 diceretur.
1737 3283 1848 3338 Leo
1880 3283 2010 3354 qui-

364 3353 496 3408 dem
522 3352 628 3408 hae
650 3352 778 3406 luce
799 3353 1134 3406 subtractus
1157 3351 1366 3423 praesul
1391 3354 1684 3410 occubuit.
1705 3354 1834 3408 Mox
1853 3351 2009 3409 enim

363 3423 558 3479 omnis
589 3423 782 3478 clarus
812 3423 982 3476 istius
1013 3439 1046 3476 a
1077 3423 1192 3477 Deo
1229 3429 1496 3494 protectae
1529 3425 1799 3480 Romanis
1832 3426 2007 3494 sedis,

361 3493 937 3574 universiproceres,
963 3493 1328 3565 cunctusque
1368 3494 1621 3566 populus
1651 3513 1716 3551 ac
1747 3493 2007 3565 senatus,

359 3570 494 3632 etc.,
527 3571 589 3618 ut
618 3564 700 3618 lin
735 3565 783 3630 1,
816 3579 952 3617 num
979 3579 1088 3634 seq.

434 3639 580 3709 Nam
611 3636 736 3709 557,
769 3635 847 3709 (in
878 3636 932 3709 3_.
971 3633 1227 3691 ut’beat.
1259 3633 1436 3709 illidin
1469 3637 1744 3709 omnibus
1777 3637 1833 3690 d.
1858 3637 1915 3691 d.
1950 3654 2006 3709 p.

367 3705 744 3780 gui._ap._cul.
767 3706 851 3760 lin
887 3707 1160 3780 4.‘tr‘anq.
1185 3706 1291 3772 Qui
1323 3707 1624 3780 divinitus,
1649 3705 2012 3780 aethereoque

366 3775 591 3832 lumine
608 3775 974 3848 inﬂammati.
994 3776 1076 3848 lin
1093 3775 1146 3841 5—,
1163 3777 1488 3844 conamine,
1513 3797 1614 3848 pro
1636 3779 1835 3833 tantis.
1855 3775 1934 3834 Ιίἠ
1953 3781 2008 3848 6,

366 3848 544 3904 alacri
594 3847 789 3920 studio
837 3847 960 3902 uni.
995 3847 1072 3919 pl.
1103 3853 1160 3903 et
1190 3866 1322 3920 pop.
1349 3865 1398 3904 c.
1426 3849 1484 3903 in
1513 3847 1723 3904 Calixti
1771 3847 2010 3906 titulum

365 3925 747 3992 properantes
777 3919 912 3974 Deo.
943 3920 1021 3974 lin
1051 3922 1106 3986 7,
1133 3919 1381 3992 surgens
1411 3925 1606 3975 autem
1637 3925 1694 3974 et
1720 3921 1916 3992 populi
1951 3922 2008 3976 d.

361 3991 638 4057 fundens,
667 3994 723 4046 et
753 4007 996 4046 cernens
1018 3996 1168 4062 (puto
1199 3991 1480 4047 abundare
1511 4008 1687 4047 vocem
1715 3991 2010 4060 fundens).

361 4064 455 4134 lin,
475 4064 528 4126 8,
559 4079 712 4134 genu
744 4063 1001 4134 ﬂectens.

433 4131 713 4196 Num'558,
734 4133 814 4186 (in
827 4131 1320 4204 2,7spiritualibus.
1338 4133 1419 4187 ιίη
1436 4131 1566 4204 cad,
1582 4132 1640 4187 in
1659 4132 2011 4204 patriarchio

361 4205 766 4277 perducentes,
798 4203 1022 4260 scilicet
1072 4203 1450 4277 Lateranensi
1497 4203 1675 4275 pont.’
1701 4207 1783 4259 (in
1819 4206 1874 4271 3,
1896 4221 2009 4277 Δρο-

359 4273 755 4346 suerunt.Qui
800 4291 935 4346 cum
967 4275 1126 4346 omni
1175 4273 1704 4346 alacritatefatque
1750 4273 2009 4330 exsulta-

358 4347 517 4402 tione
546 4361 680 4401 cum
713 4345 839 4416 ipso
871 4345 930 4400 in
953 4344 1254 4400 basilicam
1279 4344 1702 4417 Salvator-is,'ut
1719 4363 1856 4401 num
1881 4349 2006 4416 565,

360 4419 441 4474 lin
467 4419 523 4473 5.

431 4488 728 4560 Num_565,
754 4487 833 4542 lin
861 4489 918 4553 7,
935 4503 1230 4560 ovaquem
1261 4486 1300 4542 l.
1325 4487 1407 4542 (in
1427 4488 1480 4560 8,
1503 4491 1731 4544 caterva
1761 4489 2006 4560 praeced.

358 4560 419 4616 in
453 4558 696 4614 basilica
731 4561 790 4613 D.
821 4561 903 4614 lin
923 4559 978 4623 9,
1001 4575 1125 4629 vae.
1160 4560 1387 4629 majest.
1427 4559 1486 4613 υ.

427 4632 570 4686 Num
597 4631 722 4696 556,
759 4631 837 4685 (in
871 4630 920 4689 1.
952 4628 1190 4700 Expleto
1220 4628 1353 4684 vero
1391 4629 1641 4700 jejunio,
1671 4646 1875 4686 omnes
1907 4647 2006 4686 su-

357 4701 594 4776 percilio
625 4701 1032 4776 deposito_(M.,
1057 4700 1358 4776 positpjse
1389 4700 1438 4754 ei
1470 4707 1916 4776 conjunxerunt2
1951 4707 2009 4758 et

357 4770 552 4830 divino
574 4770 766 4844 comp.
792 4790 849 4826 n.
873 4770 1092 4844 Deique
1129 4770 1235 4826 inf.
1269 4774 1497 4844 fcrvore
1517 4770 1590 4826 in'
1601 4772 1729 4842 jam
1756 4771 2005 4844 fataba-

356 4844 542 4909 silica,
567 4841 805 4915 qua,'u_t
854 4841 1264 4915 praetulimus,_
1291 4841 1634 4915 Benedictus
1674 4843 2002 4915 residebat,

357 4913 871 4971 electus'unanimi
895 4929 1058 4986 conv.
1083 4917 1139 4970 et
1169 4913 1406 4986 quidem
1433 4913 1558 4981 (M.,
1585 4914 1849 4986 quidam)
1881 4932 2007 4985 pro-

357 4931 577 4971 electus
609 4931 870 4970 unanim.
895 4931 1058 4969 conv.
1083 4931 1139 4970 et
1169 4931 1406 5038 quidem
1433 4931 1558 4981 (Μ.,
1585 4931 1849 4986 quidam)
1881 4932 2004 4985 pro-

356 4987 617 5043 cidentes
648 4992 790 5040 vest.
815 4985 1000 5056 ipsius
1043 5001 1179 5040 oscu
1209 4984 1294 5040 ari
1326 5001 1470 5056 coep.
1498 4986 1578 5040 lin
1608 4986 1660 5052 4,
1693 4985 1793 5040 sed
1825 4986 2004 5041 veluti

352 5063 554 5131 pastor
579 5055 1033 5131 sacratissimus.
1060 5057 1138 5110 (in
1158 5058 1211 5121 6,
1237 5055 1516 5131 purisque
1539 5072 1616 5111 In.
1642 5056 2006 5131 e‘_t_corde_be-

352 5126 530 5200 nigno
561 5143 766 5200 omnes
795 5126 1152 5200 amplectens
1174 5126 1566 5200 osculabatur,
1590 5127 1807 5200 quibus
1827 5126 2000 5182 etiam

349 5197 616 5256 dicebat:
651 5197 910 5254 Gaudete
947 5198 1227 5253 dilectiss.
1253 5200 1332 5252 (in
1365 5201 1417 5263 8,
1443 5197 1568 5252 fuit.
1596 5197 1676 5252 [in
1705 5199 1740 5252 9
1770 5197 1910 5264 haec,
1945 5203 2004 5254 et

346 5271 442 5327 his
469 5269 688 5325 similia
719 5269 832 5323 (lic.
859 5275 916 5323 et
949 5269 1058 5340 ipsi
1089 5269 1222 5324 i.lin
1247 5271 1314 5324 10
1341 5275 1398 5323 et
1433 5271 1515 5335 11,
1539 5269 2004 5324 confabulaban-

346 5347 464 5398 tur.
489 5342 826 5412 (Numicum
856 5346 1011 5412 esset
1055 5340 1271 5395 electus
1306 5340 1564 5412 factione
1596 5341 2002 5412 epiSCOporum

350 5411 632 5470 Rodoaldi
659 5411 996 5467 Portuensis
1022 5415 1078 5465 et
1102 5411 1319 5467 Arsenii
1352 5411 1670 5478 Hortensis,
1697 5415 1893 5466 actum
1917 5417 2004 5466 est

349 5489 470 5556 uta
490 5482 698 5556 legatis
721 5483 1138 5556 imperatorum
1150 5482 1435 5556 Ludovici
1457 5488 1513 5538 et
1539 5482 2003 5556 Lotha_rii,card_i-

346 5528 510 5611 nales
539 5528 885 5624 gegerent‘ur
913 5552 1117 5608 multis
1145 5553 1400 5624 injuriis,
1430 5559 1491 5624 et
1524 5528 1994 5608 comminationi-
2032 5528 2072 5593 (ἶ
2181 5553 2330 5604 Num
2352 5528 2484 5624 574:
2517 5551 2596 5624 (in
2626 5528 2679 5616 3:
2704 5565 2743 5621 g

344 5627 478 5691 bus,
502 5630 560 5680 et
585 5623 916 5698 gladiorum
950 5641 1014 5698 se
1054 5623 1558 5698 evaginationibus
1595 5623 1991 5698 Anastasium,

387 5711 524 5753 uem
541 5695 788 5768 quartus
805 5695 918 5750 Leo
933 5695 1299 5768 deposuerat,
1315 5695 1428 5768 sibi
1442 5711 1787 5768 promovere
1807 5695 1994 5768 ponti-

2033 2787 2090 2854 Α
2121 2785 2380 2853 leguntur
2396 2785 2575 2854 :(Hazc
2594 2787 2808 2843 inclusa
2827 2789 3008 2855 uncis)
3023 2805 3058 2842 a
3077 2791 3516 2846 consarcinatore
3539 2792 3754 2848 inserta-

2117 2857 2487 2930 Posptpperbum
2507 2874 2702 2930 super,
2725 2859 2973 2928 additur,
2988 2860 3185 2930 subito
3204 2859 3385 2917 enim.
3405 2862 3490 2917 (in
3515 2861 3756 2930 12,spiri-

2116 2927 2396 3001 tualibus.
2417 2928 2498 3001 (in
2517 2927 2602 2998 13,
2617 2934 2674 3001 et
2689 2930 2893 3001 pontif.
2915 2929 3022 2986 sol.
3043 2932 3130 2986 (in
3150 2932 3603 3000 14,exsultabat.
3622 2927 3751 2988 (nte.

2118 3015 2216 3076 rea
2235 2997 2514 3076 Dom_._lin
2540 2997 2707 3076 1_5,_in
2739 3001 2997 3076 basilica.
3026 3003 3110 3058 lin
3137 2997 3292 3076 eqd”
3313 3003 3672 3076 proceribus,
3694 3018 3754 3058 ac

2118 3069 2196 3146 rei
2205 3069 2515 3140 penatibus
2536 3071 2668 3146 ded.
2688 3076 2794 3146 est.
2816 3073 2896 3127 (in
2919 3073 3006 3146 1_7_,
3025 3069 3603 3146 ponti‘festacraque
3625 3079 3754 3130 tunc

2118 3141 2434 3196 missarum
2467 3140 2836 3217 solemnitate
2864 3140 3154 3200 celebrata
3176 3144 3239 3199 in
3273 3140 3622 3217 patriarchio
3656 3146 3754 3201 La-

2119 3217 2302 3292 teran.
2328 3212 2644 3292 pontiﬁcali
2669 3213 2978 3292 ordinatus
3019 3212 3292 3292 reversus
3311 3221 3413 3292 est
3434 3215 3639 3292 gloria.
3660 3217 3754 3292 llic

2119 3282 2494 3358 beatissimus
2515 3283 2725 3358 praesul
2744 3285 3180 3358 quamplurima
3194 3285 3348 3358 dona
3363 3282 3576 3343 obtulit
3595 3287 3756 3344 eccle-

2119 3353 2225 3433 siis
2252 3353 2373 3433 Dei.
2398 3354 2500 3410 Hic
2516 3353 2846 3433 constituit,
2873 3353 2944 3412 ut'
2959 3357 3446 3433 cumepiscopus,
3468 3361 3758 3433 presbyter

2119 3429 2220 3480 aut
2249 3424 2530 3480 diaconus
2562 3443 2642 3497 p.,
2675 3432 2812 3494 etc.,
2843 3435 2906 3484 ut
2929 3444 3066 3484 num
3093 3424 3219 3497 576,
3253 3424 3340 3484 liii
3365 3431 3420 3485 6.

2188 3499 2335 3552 Num
2361 3497 2485 3564 576,
2511 3498 2590 3552 (in
2611 3499 2664 3563 8,
2688 3497 2973 3554 diaconis.
2997 3500 3077 3555 (in
3105 3499 3161 3568 9,
3182 3516 3386 3556 verum
3409 3500 3588 3556 etiam
3609 3499 3752 3556 fecit.

2120 3567 2199 3622 lin
2232 3568 2610 3645 11,_presbyt.
2641 3569 2696 3645 6.
2727 3569 2936 3645 Hau,
2967 3587 3110 3645 num
3139 3567 3230 3626 20.
3263 3570 3348 3628 lin
3377 3573 3466 3630 13.
3498 3576 3682 3645 apost.
3702 3575 3754 3628 et

2119 3637 2369 3693 cessavit
2395 3637 2769 3712 episcopatus
2799 3637 2927 3697 dies
2958 3643 3046 3697 11.

2447 3753 2601 3826 Apud
2626 3756 2855 3811 Peniam
2883 3772 2953 3812 ex
2981 3755 3160 3814 codice
3188 3757 3436 3814 Cavcnsi.

2193 3841 2333 3916 Num
2357 3842 2486 3916 556,
2510 3843 2588 3898 lin
2607 3843 2662 3910 9,
2687 3842 2856 3916 plura
2875 3861 3052 3916 sacrae
3083 3846 3353 3902 convenit
3383 3846 3631 3904 actionis
3650 3864 3754 3904 cer-

2119 3913 2364 3991 tamina.
2397 3913 2568 3991 Nam.
2589 3916 2668 3991 (in
2688 3913 2752 3991 1
2767 3955 2781 3980 ,
2805 3915 2952 3991 obiit
2967 3917 3198 3991 quippe
3213 3918 3382 3991 Greg.
3407 3920 3582 3991 (£13712
3599 3919 3752 3991 et13,

2121 3983 2288 4038 illum
2315 3983 2796 4056 perfelicissimis.
2821 3987 2902 4042 lin
2927 3983 3017 4056 17,
3036 3983 3256 4062 egenis,
3279 3983 3458 4062 athuc
3491 3983 3752 4064 inopibus

2119 4070 2333 4181 “(354m
2513 4127 2592 4182 (in
2612 4127 2667 4199 6,
2691 4131 2873 4184 coetus
2903 4127 3108 4186 Calixti
3127 4129 3320 4186 titulo.
3343 4131 3425 4189 (in
3453 4133 3508 4204 8,
3533 4131 3754 4206 agmina

2119 4203 2488 4342 Γθῖἓτῐέοέἑὲ,
2523 4267 2604 4325 lin
2633 4269 2687 4336 9,
2715 4269 3038 4342 decretum.
3072 4271 3368 4331 Nicolaus.
3399 4274 3483 4330 (in
3511 4273 3600 4342 10,
3623 4273 3752 4330 Mer-

2117 4339 2336 4420 curius,
2362 4344 2535 4420 atque
2573 4340 2854 4413 magister
2897 4341 3022 4398 mil.
3052 4343 3295 4402 Arsenio
3345 4339 3614 4419 Eugubio
3658 4345 3751 4402 ob-

2115 4416 2340 4467 viantes
2367 4416 2728 4482 episcOpum.
3443 4416 3464 4419 θ

2185 4483 2330 4539 Num
2357 4483 2482 4548 559,
2507 4483 2589 4538 lin
2620 4484 2708 4549 13,
2731 4483 3028 4541 ﬁdelitatis
3051 4484 3305 4542 almifico
3331 4489 3749 4543 sacramentum

2117 4570 2174 4626 q.
2201 4554 2307 4610 fec.
2332 4554 2411 4636 (in
2445 4555 2529 4620 17,
2553 4553 2934 4636 insultantes,
2957 4555 3207 4630 talisque
3231 4557 3552 4631 gloriantes
3582 4555 3751 4614 homi-

2115 4642 2282 4689 num,
2311 4629 2486 4695 atque
2514 4629 2810 4681 virtutem.
3120 4629 3129 4630 “
3240 4629 3260 4631 ⁷

2184 4697 2329 4772 Num
2355 4697 2482 4772 560,
2515 4696 2595 4772 lin
2625 4697 2678 4762 4,
2713 4697 2867 4772 quod
2897 4697 3158 4772 barbari,
3187 4715 3294 4755 nec
3323 4698 3570 4772 gentiles
3599 4699 3658 4755 in
3684 4695 3752 4754 le-

2114 4768 2286 4842 gatis,
2311 4766 2691 4842 vel‘nationes
2719 4766 3008 4842 perficere,
3024 4766 3370 4828 audiuntur.

2184 4842 2333 4894 Num
2360 4837 2485 4904 561,
2518 4839 2600 4911 lin
2629 4839 2683 4906 9,
2715 4837 2962 4911 Augusti
2985 4841 3142 4911 juss.

2183 4911 2326 4984 Ilium
2353 4911 2462 4984 562
2488 4909 2570 4984 lin
2595 4911 2652 4984 7_,
2675 4909 3053 4984 custodibus,
3064 4911 3420 4984 arcibusque
3448 4929 3606 4984 eum,

2183 4982 2324 5054 Nam
2351 4981 2476 5054 563,
2509 4983 2592 5054 (in
2621 4981 2674 5054 1,
2707 4980 2891 5037 altera
2919 4983 3158 5054 quidem
3189 4983 3302 5040 die.

2182 5053 2325 5132 illum
2607 5053 2676 5132 β,
2693 5052 3011 5132 cernentes
3039 5070 3200 5132 ven._
3224 5125 3240 5132 _
3283 5125 3296 5132 _
3368 5130 3375 5132 _
3445 5125 3461 5132 _
3540 5129 3548 5132 _
3731 5121 3742 5132 .

2180 5124 2321 5206 {Vum
2347 5124 2472 5189 566,
2503 5123 2678 5209 (51.3,.
2693 5122 3047 5209 benedictus.
3090 5123 3384 5209 residebat
3413 5125 3627 5182 electus
3657 5122 3744 5180 uni

2112 5195 2320 5251 animae
2350 5211 2514 5250 conv.
2543 5193 2629 5250 ιίη
2659 5195 2746 5259 10,
2779 5194 3145 5252 mollioribus
3175 5197 3406 5252 eodem.
3480 5251 3489 5260 ,

2112 5336 2126 5340 Α
2181 5267 2325 5340 Num
2353 5267 2486 5340 570,
2512 5266 2592 5340 tiu
2622 5267 2674 5332 4,
2711 5265 3048 5340 purissimo,
3078 5267 3236 5340 quod
3264 5284 3432 5340 pens.
3463 5267 3550 5324 (in
3575 5269 3630 5335 5,
3665 5281 3746 5322 cu-

2111 5336 2409 5392 latorium.
2445 5337 2522 5392 (in
2545 5337 2606 5409 7,
2639 5335 2854 5409 mentis
2885 5338 3012 5409 ejus
3043 5335 3171 5394 obs.

2182 5409 2325 5464 Num
2351 5409 2476 5472 571,
2511 5407 2592 5463 lin
2627 5408 2684 5474 3,
2713 5407 3012 5479 ypopanti.

2182 5483 2331 5567 Otum
2626 5479 2679 5567 1,
2711 5478 2801 5533 tit.
2830 5478 2988 5567 beati
3019 5479 3149 5552 Cyr.
3211 5552 3247 5567 η

2181 5553 2330 5604 Num
2359 5551 2484 5614 574,
2517 5551 2596 5604 (in
2626 5549 2679 5616 3,
2704 5565 2743 5621 g
2785 5567 2837 5605 v.
2863 5549 3178 5607 Cbazarus.
3204 5552 3285 5607 lin
3305 5554 3361 5620 7,
3387 5551 3606 5608 munda
3635 5549 3680 5604 1.

2175 5625 2324 5676 Num
2347 5622 2475 5688 575,
2499 5622 2578 5676 lin
2610 5623 2662 5692 4,
2695 5623 2863 5694 spata
2890 5623 2938 5676 1.
2964 5622 3045 5678 lin
3086 5621 3141 5690 9,
3185 5639 3416 5680 aurum.
3461 5623 3544 5678 Ad
3575 5633 3739 5695 popu-

2099 5692 2224 5748 lum
2253 5709 2306 5747 v.

341 5712 524 5824 quem
541 5712 788 5766 quartus
807 5712 918 5750 nec
933 5712 1299 5768 deposuerat,
1314 5712 1428 5778 sini
1441 5712 1787 5778 promovere
1807 5712 1994 5776 ponti-
2100 5712 2224 5748 ium
2253 5712 2306 5747 v.
2553 5764 2566 5779 .
3135 5763 3146 5774 _

388 5782 546 5834 cem;
581 5765 684 5841 sed
713 5766 830 5822 Deo
860 5769 1190 5841 prastante,
1213 5770 1494 5841 patientia
1520 5770 1582 5841 et
1596 5769 1994 5841 unanimitate
2031 5827 2038 5832 ,
2097 5774 2142 5832 ιιι
2170 5767 2335 5841 ΝιέηνιΔ
2363 5763 2488 5831 576,
2521 5765 2604 5822 tm
2655 5765 2706 5836 1,
2740 5763 2998 5824 multum
3045 5779 3268 5841 quippe
3315 5767 3503 5825 sanet.
3536 5763 3618 5822 ιίιι
3661 5758 3736 5828 11,

349 5853 461 5900 sua
487 5834 726 5895 eosdem
755 5834 1302 5915 superaverunt).'ln
1331 5852 1427 5896 ora
1453 5837 1607 5912 regii
1649 5835 1849 5899 codicis
1877 5837 1996 5899 hac
2103 5834 2365 5912 presbyt.
2396 5851 2472 5896 v1.
