3928 6210
167 237 304 302 ieci
924 235 1294 298 HISTORIA
1340 238 1441 300 DE
1482 238 1687 301 vms
1736 239 1924 301 non.
1970 242 2201 303 rem.
2229 210 2716 309 ~NICOL'AUS
2760 248 2809 309 1.
3415 254 3576 315 4362

420 368 525 431 84
553 367 744 427 Simili
774 368 948 431 modo
978 369 1293 444 praclarus
1324 376 1381 428 et
1410 370 1788 429 beatissimus
1820 375 2078 447 pontifex
2108 376 2243 432 fecit
2271 376 2331 433 in
2363 379 2722 436 monasterio
2754 380 2938 438 sancti
2967 380 3276 455 Valentini,
3295 387 3455 460 quod
3487 391 3581 446 est

289 473 556 544 positum
586 468 645 525 in
677 466 970 526 territorio
1001 469 1333 536 Narniensi,
1360 470 1533 542 juxta
1564 472 1980 541 Interamnam,
2012 478 2234 530 vestem
2283 476 2354 531 de
2404 476 2651 533 fundato
2695 495 2896 547 unam,
2927 480 3239 538 habentem
3267 485 3576 545 historiam

293 575 578 637 Leonum,
607 570 667 623 et
694 567 754 623 in
784 566 1036 623 circuitu
1067 567 1386 640 myzinum.
1422 570 1568 624 Item
1599 569 1948 626 venerabilis
1979 575 2036 627 et
2062 571 2381 643 praclarus
2410 575 2671 646 pontifex
2699 576 2950 633 formam
2982 595 3166 651 aqua,
3185 598 3310 653 qua
3334 590 3576 642 vocatur

290 667 491 731 Tocia,
524 669 585 722 at
613 682 748 722 vero
772 665 900 737 jam
931 681 1036 738 per
1061 665 1290 721 evoluta
1319 682 1608 722 annorum
1641 666 1833 738 spatia
1859 667 2037 723 nimis
2070 670 2431 727 confractum
2462 672 2830 741 existentem,
2873 692 2977 746 per
3025 694 3203 749 quam
3230 679 3574 739 decurrebat

218 767 254 823 5
291 782 451 837 aqua
482 780 584 836 per
606 762 1011 819 centenarium
1031 761 1092 819 in
1116 763 1320 819 urbem
1343 764 1691 832 Romanam,
1719 782 1753 820 a
1774 765 2173 823 fundamentis
2191 770 2264 823 ad
2284 769 2691 826 fabricandum
2712 775 2887 845 atque
2905 777 3351 832 restaurandum
3370 780 3571 835 eadem

291 864 484 920 forma
504 861 869 935 praparavit.
885 860 1103 918 Verum
1126 861 1302 918 etiam
1328 866 1383 918 et
1405 862 1464 917 in
1487 861 1733 919 ecclesia
1754 863 2017 935 ejusdem
2039 864 2140 920 Dei
2168 864 2479 923 Genitricis
2502 872 2559 923 et
2580 870 2808 925 Domini
2832 872 3015 927 nostri
3038 873 3178 929 Jesu
3202 874 3572 948 Christi,qua

288 965 534 1018 vocatur
555 958 889 1027 Cosmedin,
912 958 1048 1015 fecit
1066 958 1392 1031 hospitium
1423 958 1652 1032 largum
1673 977 1739 1016 ac
1757 962 2104 1034 spatiosum,
2124 964 2385 1036 satisque
2402 966 2760 1039 pracipuum
2780 970 2850 1024 ad
2870 987 3039 1041 opem
3064 976 3239 1043 atque
3260 972 3574 1029 utilitatem

290 1058 663 1132 pontificum,
697 1056 800 1115 ubi
832 1061 1233 1130 opportunum
1264 1057 1441 1114 fuerit
1472 1075 1607 1114 cum
1639 1060 1916 1116 omnibus
1948 1060 2049 1133 qui
2074 1060 2158 1116 eis
2204 1062 2567 1119 famulantur
2595 1065 2959 1138 amplissime
2991 1069 3342 1141 hospitetur.
3386 1071 3575 1127 Simili

289 1156 466 1212 modo
487 1155 621 1213 etin
643 1153 892 1211 ecclesia
909 1154 1061 1212 beati
1086 1154 1237 1211 Petri
1262 1155 1548 1228 principis
1571 1157 1969 1229 apostolorum
1993 1159 2268 1216 nutritori
2291 1177 2399 1217 suo
2422 1161 2635 1217 obtulit
2654 1163 2779 1218 vela
2801 1164 2860 1219 in
2883 1182 3053 1221 arcus
3074 1167 3416 1239 presbyterii
3438 1185 3572 1224 cum

188 1255 255 1314 10
290 1254 361 1312 ch
371 1252 688 1328 rysoclavo,
705 1251 1022 1309 habentem
1052 1250 1381 1322 historiam,
1398 1252 1635 1309 leonum
1658 1254 1876 1328 figuras
1892 1272 2136 1313 numero
2157 1259 2565 1332 quadraginta.
2584 1262 2648 1315 In
2666 1262 2869 1317 eadem
2887 1279 3021 1319 vero
3045 1268 3283 1320 strenuo
3302 1269 3570 1321 catenam

297 1368 475 1425 opere
500 1350 713 1407 factam
743 1348 993 1407 contulit
1020 1365 1089 1407 ex
1118 1355 1361 1422 argento
1388 1350 1804 1417 mundissimo,
1823 1368 1951 1425 qua
1983 1371 2150 1426 pens.
2172 1354 2356 1412 libras
2386 1374 2629 1414 numero
2662 1362 2933 1431 quatuor.
2968 1361 3113 1417 Nam
3145 1365 3201 1417 et
3225 1361 3286 1416 in
3317 1362 3570 1419 oratorio

293 1453 511 1507 sancta
543 1447 768 1514 Crucis,
786 1448 941 1521 quod
974 1448 1128 1504 infra
1152 1447 1458 1504 basilicam
1490 1449 1646 1505 beati
1674 1450 1824 1505 Petri
1856 1452 2102 1523 apostoli
2137 1455 2523 1511 constitutum
2555 1460 2661 1522 est,
2696 1457 2831 1512 fecit
2877 1459 3191 1531 gabatham
3234 1461 3305 1515 de
3334 1465 3572 1533 argento

296 1545 961 1619 unam,pensan.libras
993 1546 1161 1603 duas.
1179 1546 1307 1619 Ipse
1338 1547 1577 1620 quidem
1610 1547 2048 1606 sacratissimus
2078 1552 2338 1623 pontifex
2353 1553 2562 1609 fecitin
2582 1555 2828 1612 basilica
2849 1558 3103 1614 doctoris
3134 1559 3398 1631 gentium
3421 1560 3571 1616 beati

294 1644 462 1703 Pauli
493 1643 743 1717 apostoli
776 1644 1192 1701 candelabrum
1224 1648 1565 1718 argenteum
1596 1664 1805 1714 unum,
1840 1648 2200 1721 pens.libras
2232 1668 2475 1709 numero
2507 1654 2655 1710 duas
2686 1660 2742 1710 et
2774 1655 2979 1711 uncias
3010 1672 3127 1712 sex.
3146 1657 3361 1713 Verum
3395 1659 3570 1714 etiam

201 1744 266 1801 15
303 1742 365 1799 in
385 1740 559 1800 titulo
580 1741 736 1799 beati
754 1741 991 1800 Eusebii
1013 1742 1364 1800 confessoris
1385 1743 1602 1801 Christi
1624 1745 1761 1802 fecit
1783 1762 1962 1819 super
1977 1747 2279 1819 cyborium
2302 1765 2531 1807 crucem
2565 1768 2698 1808 cum
2721 1752 2844 1809 velo
2866 1754 2938 1809 de
2959 1758 3198 1826 argento
3229 1755 3567 1828 purissimo,

300 1857 474 1914 pene.
504 1839 687 1896 libras
716 1844 988 1912 quatuor.

368 1938 520 1997 585
554 1938 744 2009 Hujus
765 1937 1129 2010 temporibus
1151 1938 1420 2008 Michael,
1445 1939 1604 2015 ﬁlius
1634 1941 1940 2015 Theophili
1975 1941 2344 2016 imperatoris
2375 1945 3027 2018 Constantinopolitana
3048 1948 3232 2017 urbis,
3250 1949 3571 2021 imperator

294 2036 368 2093 ob
389 2052 651 2093 amorem
680 2035 1079 2109 apostolorum
1108 2036 1272 2093 misit
1300 2038 1373 2094 ad
1403 2038 1640 2094 beatum
1673 2039 1909 2096 Petrum
1940 2041 2272 2113 apostolum
2306 2042 2459 2098 dona
2490 2060 2592 2115 per
2621 2042 2944 2116 episcopos,
2991 2062 3241 2118 quorum
3275 2047 3395 2103 hac
3426 2065 3570 2119 sunt

292 2134 539 2193 nomina
570 2151 583 2190 :
615 2133 951 2192 Methodius
981 2135 1467 2208 metropolitanus
1496 2140 1555 2193 et
1584 2137 1818 2194 Samuel
1851 2138 2128 2212 episcopi,
2160 2145 2220 2201 et
2244 2140 2341 2196 alii
2375 2142 2491 2197 duo
2521 2143 2769 2214 depositi
2803 2144 2876 2198 ab
2901 2143 3121 2200 honore
3167 2146 3566 2219 episcopatus,

295 2248 550 2305 quorum
582 2231 824 2290 nomina
841 2231 964 2289 hac
985 2232 1569 2301 sunt:Zacharias,et
1600 2234 1750 2291 alius
1780 2236 2233 2308 Theophilus,et
2248 2237 2399 2295 alius
2418 2238 2738 2311 imperialis
2767 2239 2955 2296 laicus
2986 2242 3222 2297 nomine
3244 2244 3569 2318 Arsavir(a)

226 2331 263 2389 5
296 2328 828 2404 protospatharius,
858 2328 917 2384 id
946 2333 1036 2386 est
1064 2334 1336 2401 patenam
1368 2347 1437 2386 ex
1467 2349 1610 2388 auro
1640 2333 2132 2404 purissimo,eum
2163 2335 2409 2392 diversis
2438 2336 2737 2409 lapidibus
2758 2338 3031 2409 pretiosis
3062 2338 3212 2395 albis
3235 2340 3490 2412 prasinis
3518 2345 3575 2396 et

299 2426 713 2501 hyacinthinis.
733 2426 1018 2484 Similiter
1036 2427 1276 2484 calicem
1309 2429 1378 2484 de
1409 2446 1571 2497 auro,
1586 2446 1655 2485 ex
1674 2429 1971 2503 lapidibus
2002 2432 2458 2502 circumdatum,
2474 2433 2600 2489 etin
2622 2434 2870 2489 circuitu
2895 2437 3214 2507 pendentes
3232 2437 3575 2509 hyacinthos

299 2524 358 2583 in
380 2523 505 2582 filio
535 2540 732 2592 aureo,
757 2527 815 2580 et
844 2523 1061 2597 repidis
1083 2525 1314 2581 duobus
1335 2524 1396 2580 in
1418 2530 1554 2598 typo
1578 2544 1891 2599 pavonum,
1917 2545 2050 2584 cum
2074 2511 2258 2585 scutis
2280 2533 2337 2585 et
2360 2530 2603 2586 diversis
2625 2530 2922 2603 lapidibus
2943 2533 3216 2604 pretiosis
3245 2533 3575 2607 hyacinthis

298 2622 473 2694 albis,
489 2621 589 2694 qui
619 2621 978 2694 pens.simul
1008 2621 1190 2678 libras
1219 2625 1903 2682 numero......Similiter
1929 2644 2062 2683 vero
2095 2632 2153 2683 et
2172 2632 2390 2683 vestem
2425 2628 2495 2683 de
2527 2628 2897 2700 chrysoclavo
2944 2648 3078 2685 cum
3129 2631 3380 2704 gemmis
3401 2630 3569 2700 albis,

299 2720 617 2776 habentem
646 2719 953 2776 historiam
986 2718 1321 2790 Salvatoris,
1335 2724 1393 2776 et
1411 2722 1648 2778 beatum
1671 2724 2000 2795 apostolum
2033 2725 2266 2781 Petrum
2300 2728 2359 2781 et
2389 2724 2634 2781 Paulum
2666 2731 2725 2781 et
2753 2718 2899 2781 alios
2928 2727 3502 2798 apostolos,arhusta
3514 2732 3572 2784 et

202 2819 267 2877 10
303 2835 470 2874 rosas
503 2821 748 2889 utraque
778 2822 939 2889 parte
970 2816 1193 2884 altaris,
1226 2817 1483 2891 legentes
1516 2822 1587 2876 de
1617 2820 1856 2876 nomine
1885 2821 2074 2893 ipsius
2102 2821 2667 2894 imperatoris,mira
2700 2823 3122 2895 magnitudinis
3153 2827 3209 2879 et
3237 2823 3566 2896 pulchritu-

300 2914 459 2971 dinis
485 2915 707 2971 decore.
740 2915 810 2971 Et
839 2914 956 2971 alia
984 2915 1173 2972 multa
1203 2917 1355 2973 dona
1384 2918 1745 2991 porrigentes
1776 2919 2059 2991 pontifici,
2090 2918 2399 2991 legationis
2425 2920 2601 2975 verba
2631 2919 2742 2975 sibi
2772 2920 3039 2991 injuneta
3068 2922 3337 2994 protinus
3369 2923 3565 2979 edide-

298 3016 458 3069 runt.
484 3012 658 3069 Porro
689 3013 844 3069 fatus
867 3012 1186 3085 imperator
1204 3015 1534 3071 Gracorum
1556 3015 1793 3072 inventa
1811 3034 1915 3089 pro
1936 3017 2261 3090 imaginum
2286 3017 2718 3090 depositoribus
2743 3019 3047 3075 occasione
3067 3036 3388 3087 sacrarum,
3423 3021 3566 3076 mis-

296 3128 398 3167 sos
427 3110 759 3182 apostolica
789 3111 947 3169 sedis
977 3128 1081 3183 per
1110 3114 1445 3185 suprafatos
1474 3130 1612 3169 suos
1638 3113 1861 3187 legatos
1892 3115 2459 3188 Constantinopolim
2483 3115 2655 3189 dirigi
2678 3116 3325 3188 postulavit,intentans
3347 3117 3571 3175 scilicet

296 3224 541 3265 causam
571 3208 782 3281 Ignatii
816 3208 1179 3282 patriarcha,
1211 3214 1269 3266 et
1296 3210 1486 3266 Photii
1517 3212 2169 3286 Constantinopolitana
2201 3213 2469 3269 Ecclesia
2500 3200 3111 3287 pervaseriszcupiens
3134 3215 3270 3271 hinc
3293 3217 3567 3272 eumdem

202 3306 267 3362 15
301 3308 576 3369 sanctum
603 3305 796 3363 virum
822 3307 1118 3379 Ignatium
1144 3307 1367 3381 judicio
1397 3310 1556 3365 sedis
1586 3310 1915 3382 apostolica
1947 3311 2153 3367 callide
2183 3328 2285 3384 per
2306 3312 2585 3368 invidiam
2603 3316 2668 3368 ut
2692 3312 3066 3385 postmodum
3088 3313 3278 3385 patuit
3298 3314 3573 3369 condem-

187 3459 192 3464 _
299 3418 464 3470 nare,
498 3402 889 3476 Photiumque
918 3404 1279 3478 necphytum
1312 3406 1426 3479 ipsi
1453 3406 1722 3463 Ecclesia
1751 3409 2090 3483 subrogare.

374 3500 529 3559 586
559 3502 724 3558 Tunc
751 3501 1010 3573 pontifex
1040 3518 1314 3559 summus
1361 3502 1732 3576 imperatoris
1792 3506 1986 3561 adhuc
2043 3506 2313 3579 pessima
2371 3506 2742 3581 cogitationis
2796 3506 3058 3580 ignarus,
3091 3508 3238 3563 duos
3269 3506 3572 3579 episcopos

301 3596 463 3666 illuc,
489 3597 749 3654 Reduald
761 3616 859 3655 um
882 3598 1106 3656 scilicet
1125 3603 1182 3655 et
1199 3600 1562 3669 Zachariam,
1587 3602 1816 3659 direxit.
1842 3603 2188 3676 Pracipiens
2217 3610 2283 3659 ut
2312 3604 2599 3677 quidquid
2631 3606 2702 3661 de
2733 3605 2916 3661 sacris
2948 3604 3308 3678 imaginibus
3328 3604 3572 3676 quaestio

300 3696 534 3753 afferret
563 3696 839 3770 synodice
865 3696 1208 3765 diffinirent,
1225 3701 1283 3753 et
1301 3698 1491 3771 ipsius
1514 3699 1726 3772 Ignatii
1748 3701 2115 3773 patriarcha,
2141 3702 2447 3775 Photiique
2466 3701 2741 3775 neophyti
2761 3720 3000 3758 causam
3022 3701 3362 3758 solemniter
3382 3702 3574 3775 inqui-

299 3798 496 3851 rerent
513 3798 841 3863 tantum,et
870 3794 982 3853 sibi
1015 3795 1432 3852 renuntiarent.
1453 3797 1560 3863 Qui
1582 3798 1769 3853 sancti
1792 3799 2089 3869 pontiﬁcis
2107 3799 2591 3872 parvipendentes
2624 3804 2865 3866 statuta,
2882 3817 3011 3871 qua
3028 3800 3113 3855 vel
3132 3804 3352 3871 quanta
3367 3799 3579 3855 insana

226 3893 265 3949 5
299 3892 553 3965 pecunia
581 3891 700 3949 illic
728 3893 1184 3965 corrupti,more
1212 3893 1420 3949 Vitalis
1449 3897 1623 3966 atque
1655 3894 1896 3961 Meseni,
1925 3895 2273 3968 peregerint,
2306 3895 2552 3951 inferius
2584 3895 2880 3951 succincte
2910 3897 3577 3952 transeurramJnterea

299 3989 473 4046 multi
503 3990 1336 4063 Ravennatum,quiaJoanne
1365 3991 1633 4063 ejusdem
1664 3991 1828 4047 urbis
1860 3992 2299 4064 archiepiscopo
2328 3993 2387 4047 in
2419 3993 2593 4048 rebus
2623 3996 2679 4047 et
2700 3993 2858 4062 juris
2890 3992 2980 4047 sui
3012 3992 3473 4063 proprietatibus
3493 3993 3577 4047 in-

298 4088 613 4145 commoda
640 4087 1031 4156 sustinebant,
1047 4089 1120 4144 ad
1149 4089 1306 4145 hunc
1337 4088 1744 4145 beatissimum
1766 4106 1979 4161 papam
2010 4093 2077 4144 ut
2097 4107 2131 4144 a
2150 4090 2331 4145 tantis
2360 4089 2841 4161 oppressionibus
2872 4093 3214 4145 eruerentur
3234 4087 3573 4158 veniebant.

301 4188 561 4253 Quorum
592 4185 687 4257 pie
715 4185 1001 4243 clamores
1031 4186 1276 4243 audiens
1307 4187 1503 4258 ipsum
1530 4186 1738 4259 legatis
1764 4186 1889 4242 suis
1918 4191 1975 4243 et
2002 4187 2210 4242 litteris
2240 4189 2454 4260 sapius
2488 4186 3322 4259 archiepiscopum,quatenus
3354 4186 3575 4243 talibus

302 4283 534 4339 cederet
561 4282 1206 4351 actibus,commonuit.
1241 4285 1353 4340 Sed
1384 4284 1482 4341 ille
1511 4290 1706 4342 mente
1737 4285 1981 4341 confusa
2010 4286 2234 4341 monita
2264 4285 2343 4358 pii
2376 4285 2561 4341 Patris
2593 4286 2915 4340 obtendens
2946 4285 3020 4358 (b)
3053 4286 3250 4357 pejora
3279 4284 3576 4356 prioribus

201 4379 266 4437 10
302 4379 518 4435 addere
550 4378 793 4435 minime
822 4380 1139 4436 metuebat.
1173 4382 1398 4446 Quanto
1430 4384 1626 4437 autem
1657 4382 1911 4453 benigna
1939 4382 2226 4455 inspectio
2257 4383 2474 4439 summi
2505 4382 2775 4455 prasulis
2795 4382 3071 4449 illum,ut
3091 4382 3457 4455 resipisceret
3480 4382 3578 4438 ad-

304 4478 602 4546 monebat,
634 4481 795 4533 tente
820 4477 1012 4550 magis
1043 4479 1116 4534 ad
1147 4477 1436 4535 deteriora
1465 4479 1662 4535 saculi
1690 4482 1970 4550 vertebat,
2006 4485 2062 4536 et
2108 4498 2286 4553 super
2330 4482 2705 4553 iniquitatem
2766 4480 3139 4553 iniquitatem
3198 4480 3409 4537 addere
3456 4497 3574 4536 non

302 4574 632 4632 desinebat.

376 4674 525 4732 581
562 4675 710 4731 Nam
742 4676 1029 4747 quosdam
1060 4678 1279 4731 temere
1308 4673 1872 4743 excommunicabat,
1906 4676 2193 4748 quosdam
2221 4679 2417 4731 autem
2450 4693 2485 4731 a
2511 4674 2846 4731 visitatione
2879 4675 3035 4731 sedis
3067 4674 3397 4747 apostolica
3424 4691 3581 4740 aver_

300 4773 486 4839 tebat,
518 4776 577 4829 et
606 4773 999 4845 quorumdam
1032 4788 1127 4829 res
1159 4773 1286 4829 sine
1317 4772 1490 4846 legali
1512 4772 1736 4844 judicio
1767 4774 2359 4845 occupabat.Neenon
2393 4777 2450 4829 et
2474 4777 2688 4829 sancta
2720 4774 2993 4828 Romana
3026 4773 3292 4829 Ecclesia
3323 4771 3579 4845 plurima

303 4870 525 4943 pradia
552 4870 870 4926 auferebat.
886 4870 1099 4927 Missos
1131 4869 1293 4926 illius
1322 4871 1724 4943 spernebat,et
1753 4868 2001 4943 gloriam
2034 4870 2187 4926 beati
2221 4871 2372 4926 Petri
2406 4870 2651 4943 apostoli
2685 4875 2973 4943 quantum
3003 4870 3064 4925 in
3097 4888 3158 4927 se
3188 4875 3313 4927 erat
3342 4886 3580 4926 evacua—
3681 4902 3684 4909 λ

303 4968 427 5025 bat.
458 4972 754 5039 Praecpta
782 4967 959 5023 etiam
982 4968 1138 5040 juris
1169 4967 1359 5023 sancti
1386 4968 1559 5035 Petri,
1593 4968 1639 5023 si
1673 4968 1827 5040 apud
1862 4985 2244 5041 quoscunque
2273 4968 2620 5039 inveniebat,
2656 4970 2978 5041 frangebat,
3012 4973 3069 5024 et
3116 4970 3187 5024 ad
3238 4969 3340 5039 jus
3389 4967 3575 5023 sancti

230 5068 270 5124 5
302 5064 662 5139 Apollinaris
684 5064 1097 5121 transferebat.
1129 5064 1275 5121 Nam
1301 5066 1671 5138 presbyteros
1701 5070 1759 5122 et
1786 5065 2064 5122 diaconos
2097 5084 2213 5121 non
2245 5065 2437 5122 solum
2468 5066 2577 5120 sibi
2613 5067 3043 5137 subjectos,sed
3073 5066 3247 5122 etiam
3281 5084 3382 5139 per
3411 5065 3580 5121 Emi-

303 5163 446 5219 liam
479 5161 833 5227 constitutos
862 5163 935 5218 ad
968 5161 1347 5235 apostolicam
1378 5164 1578 5219 sedem
1611 5163 1966 5236 pertinentes
1998 5164 2123 5220 sine
2155 5164 2434 5219 canonico
2457 5163 2683 5235 judicio
2714 5164 3135 5236 deponebat,ct
3165 5163 3308 5220 alios
3339 5166 3574 5230 carceri,

302 5260 452 5318 alios
483 5263 681 5316 autem
714 5259 907 5315 fetidis
936 5259 1251 5332 ergastulis
1283 5261 1502 5316 retrudi
1532 5261 1778 5317 faciebat
1807 5278 1819 5316 :
1857 5261 2003 5317 alios
2035 5261 2452 5333 crimen,quod
2485 5278 2599 5316 non
2636 5262 2913 5328 fecerant,
2936 5262 3174 5335 scriptis
3204 5262 3462 5316 conﬁteri
3487 5279 3578 5316 co-

305 5359 504 5433 gebat.
535 5357 867 5413 Constituta
896 5362 1171 5429 praterea
1197 5356 1591 5413 ecclesiastica
1621 5359 1843 5430 absque
1875 5359 2032 5416 sedis
2061 5358 2393 5432 apostolica
2425 5376 2715 5416 consensu
2761 5359 3147 5431 deprimebat.
3181 5359 3250 5415 Et
3278 5362 3518 5414 vocatus
3547 5376 3581 5414 a

306 5475 546 5517 summo
577 5457 850 5530 pontifice
879 5459 1124 5514 Romam
1156 5475 1218 5513 se
1249 5459 1319 5513 ad
1356 5460 1642 5530 synodum
1675 5477 1788 5514 non
1823 5461 2031 5516 debere
2064 5478 2367 5517 occurrere
2390 5462 2849 5532 jactitabat.Nee
2871 5454 3085 5517 mirum
3119 5479 3222 5516 cur
3252 5460 3584 5533 posteaista

202 5560 270 5614 10
303 5558 529 5625 fecerit,
564 5555 664 5629 qui
696 5555 996 5612 cautiones
1027 5560 1085 5612 et
1114 5556 1423 5625 indiculos,
1457 5558 1557 5628 qui
1589 5557 1745 5613 soliti
1778 5563 1919 5613 sunt
1948 5560 2020 5615 ab
2053 5559 2509 5632 archiepiscopis
2542 5561 2977 5617 Ravennatibus
3009 5559 3066 5614 in
3099 5559 3312 5615 scrinio
3344 5558 3488 5627 fieri,
3522 5557 3582 5613 in

301 5655 474 5712 initio
505 5653 962 5710 consecrationis
993 5670 1110 5710 sua
1144 5669 1305 5709 more
1336 5654 1544 5710 Felicis
1576 5656 1900 5712 decessoris
1932 5656 2024 5712 sui
2061 5656 2310 5723 falsavit,
2344 5662 2401 5714 et
2431 5660 2700 5731 quadam
2752 5660 2998 5716 barbara
3046 5659 3281 5731 scripta,
3316 5657 3581 5729 quadam

304 5769 442 5810 vero
474 5751 625 5808 falsa
653 5750 999 5822 composuit.

1355 5867 1607 5914 NOTULE
1648 5867 2034 5915 HARGINALES
2076 5867 2398 5915 FABROTTI.

238 5948 316 6023 (a)
346 5944 611 6007 Lasavir.
643 5945 720 6017 (b)
751 5948 1147 6004 contemnens.
