3928 6210
339 119 492 180 1367
1243 161 1256 172 .
1481 113 1898 175 ANASTASII
1941 112 2593 176 BIBLIOTHEGARII.
3589 111 3757 179 im

481 253 734 308 Leonem
767 267 802 306 a
832 247 1092 318 secretis,
1127 264 1194 304 ac
1225 247 1391 317 alios,
1422 263 1647 303 necnon
1677 249 1736 301 et
1766 243 2074 318 epistolam
2104 244 2366 318 praedicti
2397 245 2768 320 imperatoris
2797 245 3079 304 veraciter
3105 247 3328 305 mansit
3351 253 3756 324 compertum.

375 351 442 407 10
481 348 924 406 Revertentibus
954 351 1151 403 autem
1184 345 1331 418 ipsis
1359 344 1587 417 legatis,
1620 343 1776 414 quod
1809 342 1868 397 in
1901 342 2102 400 Photio
2128 347 2368 416 egerant
2389 342 2692 400 nonnullis
2722 344 3028 418 praeconiis
3056 345 3433 416 extollebant,
3467 353 3528 404 et
3555 349 3660 422 qui
3690 349 3756 406 in

481 446 704 520 Ignatio
735 451 852 519 pati
870 445 1068 500 iarcha
1097 445 1364 516 nequiter
1389 441 1611 514 operati
1644 441 1894 508 fuerant,
1927 440 2130 496 multis
2158 441 2628 514 oppositienibus
2656 441 3083 516 vituperabant.
3115 445 3324 501 Rector
3352 461 3490 519 ergo
3509 451 3571 503 et
3591 451 3756 504 totus

483 545 754 602 Ecclesiae
773 540 1402 617 princeps,apostolicae
1422 540 1578 595 sedis
1597 539 1846 594 eximius
1861 542 1918 594 et
1935 539 2224 594 discretus
2238 538 2470 610 praesul,
2505 539 2700 596 Romae
2719 539 2841 596 hinc
2861 545 3064 597 ancto
3082 543 3491 600 considerabat
3505 543 3755 612 intuitu,

483 645 584 700 sed
615 643 816 700 audita
842 660 970 715 quae
1002 644 1204 696 contra
1235 655 1404 695 suam
1433 636 1880 710 dispositionem
1907 637 2140 693 fuerant
2167 639 2708 710 perpetrata,donec
2738 639 3064 695 secundum
3091 639 3404 713 mysticum
3435 657 3557 698 suae
3579 641 3756 699 intel-

482 741 700 798 lectum
733 738 948 814 sophiae
982 741 1190 794 cuncta
1219 734 1848 803 scrutaretur,minime
1877 733 2168 790 credebat.
2194 734 2430 790 Interim
2453 748 2630 791 sacris
2651 750 2770 792 sua:
2793 736 3157 793 auctoritatis
3173 740 3298 794 tam
3312 739 3386 794 ad
3404 738 3754 798 Michaelem

379 840 446 895 15
483 841 812 896 Graecorum
844 837 1254 909 imperatorem
1285 850 1459 907 quam
1484 833 1555 888 ad
1579 833 1851 888 eumdem
1876 831 2145 888 Photium
2168 830 2548 904 litteras,quaa
2568 833 2627 887 in
2649 831 2828 904 hujus
2851 831 3010 889 sedis
3033 833 3250 890 scrinio
3271 833 3757 905 habentur,com-

481 953 726 1009 ponens,
760 935 1028 1006 dansque
1059 931 1190 988 illas
1223 932 1410 988 eidem
1445 930 1620 987 Leoni
1654 947 1690 986 a
1720 929 1960 986 secretis
1991 935 2048 986 et
2072 930 2364 986 mandans
2395 945 2502 986 nec
2531 929 2592 986 in
2618 929 2979 1002 depositione
3008 930 3220 1004 ignatii
3249 933 3618 1005 patriarchae,
3647 951 3759 992 nec

483 1034 544 1089 in
577 1032 989 1105 subrogatione
1020 1030 1208 1087 Photii
1237 1047 1300 1087 se
1333 1031 1452 1086 fore
1483 1045 1934 1096 consensurum,
1969 1044 2277 1102 quousque
2303 1028 2548 1086 veritate
2590 1028 2789 1102 agnita
2835 1045 3032 1086 coram
3080 1046 3146 1086 se
3189 1029 3520 1104 legitimum
3568 1047 3758 1090 causa

482 1132 659 1188 ﬁnem
691 1132 1054 1223 acciperet.’

555 1229 704 1286 595
739 1229 846 1285 Ubi
878 1228 1010 1285 aliis
1040 1227 1332 1284 aientibus
1362 1225 1552 1300 ipsius
1581 1224 1850 1300 praesulis
1872 1225 1932 1280 in
1965 1223 2076 1280 hoc
2103 1223 2285 1281 fuisse
2315 1224 2636 1295 decretum,
2663 1227 2722 1282 et
2757 1223 2890 1282 aliis
2939 1224 3404 1284 acclamantibus
3452 1228 3756 1302 Ignatium

480 1326 702 1398 injuste
731 1327 1022 1382 exstitisse
1053 1325 1407 1399 depositum,
1441 1341 1764 1398 supernum
1797 1323 2083 1380 arbitrum
2111 1321 2268 1379 idem
2299 1337 2572 1380 summus
2591 1323 2816 1397 jugiter
2843 1324 3102 1398 pontifex
3149 1325 3518 1398 precabatur,
3551 1331 3622 1383 ut
3649 1344 3758 1400 per

480 1425 610 1496 ejus
637 1423 1030 1493 clementiam,
1061 1439 1238 1496 quem
1267 1422 1430 1478 nulla
1459 1422 1645 1478 latent
1673 1422 1981 1489 absconsa,
2016 1420 2115 1476 Dei
2149 1421 2447 1494 pateﬁeret
2476 1419 2744 1476 Ecclesiae
2773 1433 2894 1477 sua:
2921 1421 3246 1479 voluatatis
3273 1422 3334 1478 in
3363 1423 3588 1480 talibus
3633 1438 3758 1482 non

484 1521 664 1578 fuisse
693 1539 1066 1578 consensum.
1102 1523 1268 1576 Tunc
1295 1520 1519 1577 vocavit
1547 1519 1667 1575 zelo
1697 1520 1880 1575 fretus
1907 1517 2102 1576 divino
2129 1518 2540 1591 episcoporum
2571 1518 2912 1588 concilium,
2941 1519 3002 1576 in
3033 1537 3150 1593 quo
3178 1519 3540 1578 luculentius
3584 1529 3756 1596 pate-

410 1621 446 1675 5
483 1619 704 1675 factum
726 1625 815 1675 est
848 1620 906 1675 in
940 1619 1300 1693 depositione
1331 1618 1542 1692 lgnatii
1571 1617 1739 1674 illum
1770 1615 2013 1673 minime
2040 1615 2428 1686 consensisse,
2449 1619 2510 1673 et
2538 1615 2760 1690 legatos
2776 1617 3108 1690 apostolica
3128 1619 3287 1676 sedis
3310 1619 3372 1676 in
3397 1619 3622 1677 talibus
3651 1622 3755 1678 de-

479 1717 955 1790 viasse.Dcnique
985 1719 1332 1774 decernente
1363 1717 1567 1773 eodem
1600 1715 1864 1789 piissimo
1899 1729 2033 1771 cum
2066 1719 2269 1771 sancta
2299 1715 2520 1788 synodo
2551 1713 2798 1788 prasule
2829 1717 3138 1789 praefatum
3157 1716 3500 1774 Zachariam
3529 1719 3757 1792 episco-

482 1816 754 1888 pum,qui
785 1822 926 1872 tunc
958 1817 1178 1882 aderat,
1208 1816 1362 1872 sicut
1391 1815 1598 1871 beatus
1628 1831 1779 1888 papa
1811 1813 1967 1869 Felix
1996 1811 2246 1868 Vitalem
2277 1817 2335 1868 et
2364 1811 2654 1868 Misenum
2685 1813 3013 1887 episcopos,
3036 1815 3140 1886 qui
3162 1814 3330 1871 Petro
3353 1814 3752 1874 Alexandrino

480 1912 751 1970 haeretica
781 1914 914 1970 faece
944 1913 1322 1985 coinquinato
1353 1912 1536 1968 coacti
1567 1909 2356 1994 consenserant,sacerdotali
2389 1909 2719 1983 gradu,imo
2750 1909 3145 1968 ecclesiastica
3185 1911 3602 1970 communione
3631 1913 3750 1986 prl-

475 2010 648 2080 vavit,
683 2029 748 2067 eo
779 2012 936 2084 quod
967 2011 1025 2065 in
1059 2010 1334 2084 pluribus
1363 2009 1686 2083 apostolica
1713 2007 2024 2064 interdicta
2051 2007 2371 2064 excessisse
2403 2007 2674 2064 inventus
2704 2013 2812 2064 est.
2846 2009 2916 2064 Et
2944 2008 3227 2066 Radoaldi
3256 2009 3514 2084 episcopi
3545 2027 3748 2082 causa,

377 2108 444 2162 10
481 2124 655 2180 quem
690 2114 890 2181 postea
918 2125 1053 2163 cum
1087 2112 1291 2163 sancta
1317 2109 1538 2180 synodo
1567 2106 1782 2179 pariter
1811 2122 1963 2178 papa
1993 2105 2127 2178 pius
2155 2105 2434 2160 mandata
2453 2106 2582 2176 ejus
2601 2105 2778 2162 etiam
2801 2105 2862 2161 in
2881 2105 3086 2164 Galliis
3107 2105 3421 2164 violantem
3441 2112 3751 2166 etexoom-

479 2205 940 2260 municationcm
971 2204 1770 2277 frangentemjudiciumque
1798 2203 2145 2258 canonicum
2176 2203 2702 2276 subtermgientem
2731 2203 3052 2270 damnavit,
3081 2221 3376 2278 suspensa
3401 2209 3514 2261 est.

553 2302 704 2358 596
739 2302 922 2374 Igitur
941 2302 955 2355 i
963 2318 1065 2373 pse
1087 2301 1403 2373 praeclarus
1423 2302 1510 2360 vir
1529 2299 1833 2372 sanctique
1863 2299 2042 2356 studii
2075 2301 2333 2372 pontifex
2362 2301 2678 2372 quemdam
2700 2301 2988 2374 Peponem
3009 2301 3325 2358 diaconUm
3345 2319 3382 2358 a
3401 2302 3746 2376 Pandulpho

478 2399 750 2470 episcOpo
781 2395 980 2454 sedem
1010 2398 1390 2470 apostolicam
1423 2397 1812 2470 appellantem
1842 2397 2061 2468 injuste
2091 2397 2424 2470 depositum
2455 2397 2648 2453 ofﬁcio
2679 2411 2786 2454 suo
2830 2397 3062 2454 restitui
3098 2398 3316 2470 jussit;
3346 2403 3406 2456 et
3433 2399 3578 2472 quia
3623 2401 3746 2457 sine

478 2499 634 2550 certo
664 2511 911 2551 numero
941 2495 1495 2568 episcoporum,imo
1526 2495 1652 2551 sine
1683 2493 1949 2551 criminis
1979 2494 2418 2568 approbatione,
2439 2499 2496 2550 et
2515 2495 2640 2568 ipse
2661 2494 2942 2552 diaconus
2962 2495 3090 2554 sine
3109 2496 3230 2553 oris
3247 2496 3615 2570 professions
3636 2498 3748 2556 fue-

479 2595 570 2647 rat
591 2591 914 2664 judicatus,
947 2609 1181 2648 omnem
1213 2591 1375 2648 illam
1389 2591 1600 2664 judicii
1621 2592 1973 2648 sententiam
1998 2591 2332 2664 cassavit,et
2353 2591 2426 2648 ad
2452 2591 2821 2649 rectitudinis
2843 2592 3140 2650 tramitem
3159 2593 3487 2668 apostolica
3503 2607 3740 2654 causam

405 2690 440 2744 5
478 2687 692 2762 pietate
709 2690 806 2744 red
817 2689 986 2744 uxit.l
993 2707 1096 2762 pso
1113 2689 1286 2746 etiam
1305 2673 1788 2762 praestantissimo
1808 2689 2055 2762 praesule
2073 2687 2306 2745 culmen
2323 2688 2711 2762 apostolicum
2725 2689 3092 2762 gubernante
3108 2691 3434 2748 Ludovicus
3443 2693 3740 2766 Augustus

477 2786 599 2842 haec
629 2790 831 2843 sancto
863 2786 1029 2842 Petro
1060 2786 1321 2859 apostolo
1349 2785 1598 2842 contulit
1627 2787 1800 2854 dona,
1833 2786 2101 2842 videlicet
2129 2787 2226 2860 (a).
2260 2787 2396 2842 Erat
2423 2791 2620 2843 autem
2667 2786 3165 2846 clementissimus
3205 2790 3360 2846 idem
3391 2790 3655 2864 pontifex
3681 2790 3736 2847 in

475 2883 820 2939 exhibendis
850 2882 1134 2938 Dominici
1167 2884 1360 2957 gregis
1389 2883 1604 2956 vigiliis
1634 2884 1778 2940 adeo
1809 2884 2098 2952 curiosus,
2131 2889 2198 2940 ut
2226 2901 2359 2942 cum
2382 2884 2614 2958 aliquod
2639 2885 2982 2943 scandalum
3007 2886 3069 2943 in
3091 2893 3292 2944 sancta
3311 2888 3574 2945 Ecclesia
3593 2887 3736 2946 orie-

474 2980 666 3047 batur,
698 2998 804 3035 nec
836 2980 1097 3052 requiem
1129 2981 1355 3054 corpori
1389 2999 1494 3038 nec
1524 2982 1788 3038 membra
1819 2981 1997 3038 dabat
2027 2981 2242 3054 scpori,
2274 2998 2582 3055 quousque
2620 2999 2722 3056 per
2758 2983 2975 3041 missos
3019 2989 3124 3041 aut
3168 2984 3394 3042 litteras
3441 3001 3582 3043 suas
3632 3003 3738 3060 pax

475 3078 907 3147 rcformaretur,
937 3083 994 3133 et
1023 3077 1465 3152 tranquillitatis
1490 3079 1743 3152 populus
1774 3084 2096 3136 resumeret
2125 3079 2378 3136 lucrum.

545 3174 690 3232 591
713 3175 859 3230 Nam
883 3175 1190 3232 Lotharius
1212 3193 1312 3232 rex
1333 3176 1533 3234 relicta
1553 3176 1924 3250 Theutberga
1944 3176 2229 3250 regina,et
2249 3177 2560 3234 Waldrada
2581 3176 2908 3235 concubina
2925 3177 2987 3234 in
3009 3178 3456 3236 matrimonium
3475 3183 3732 3252 sumpta,

469 3271 604 3328 licet
634 3272 946 3328 carnaliter
975 3291 1153 3346 super
1181 3273 1276 3330 his
1307 3275 1626 3330 Romanam
1659 3275 1858 3330 sedem
1890 3275 2281 3347 eamdemque
2311 3275 2475 3347 pium
2507 3275 2903 3332 consuluisset
2942 3276 3301 3349 pontiﬁcem,
3333 3276 3396 3332 in
3427 3277 3735 3350 putredine

468 3369 710 3426 luxuria:
743 3369 1052 3442 carnisque
1082 3369 1406 3442 petulantia
1435 3371 2060 3444 volvebatur.Cumque
2089 3371 2198 3429 hoc
2229 3389 2502 3430 summus
2533 3374 2794 3446 pontifex
2822 3373 3046 3431 malum
3074 3372 3330 3446 qualiter
3372 3373 3448 3431 ab
3479 3373 3738 3432 Ecclesia

465 3467 567 3523 Dei
593 3467 851 3539 pelleret,
887 3484 958 3522 ne
983 3467 1128 3524 alios
1158 3467 1338 3540 hujus
1369 3469 1556 3524 morbi
1589 3475 1748 3542 peste
1780 3486 1878 3525 rex
1905 3469 2003 3525 ille
2033 3469 2338 3542 pollueret,
2372 3470 2526 3527 intra
2555 3487 2617 3528 se
2647 3471 2948 3544 cogitaret,
2975 3470 3309 3528 diutissime
3330 3471 3510 3544 erepit
3529 3472 3733 3547 afﬂigi,

391 3566 428 3620 5
464 3568 520 3620 et
550 3564 760 3620 intimo
789 3565 961 3619 corde
991 3565 1194 3622 dolens
1222 3565 1388 3622 valde
1419 3584 1597 3639 super
1626 3566 1758 3622 istis
1787 3568 2059 3640 gemebat
2087 3567 2415 3638 erroribus;
2441 3568 2764 3641 presertim
2785 3582 2920 3624 eum
2943 3568 3401 3643 Theutgaudum
3418 3571 3733 3628 Treveren-

467 3665 674 3730 sem,et
701 3662 1065 3718 Guntherum
1088 3667 1165 3732 (ὁ)
1185 3665 1516 3738 Agrippinae
1540 3665 1787 3720 Colonia:
1823 3665 2294 3738 archiepiscopos
2323 3683 2459 3723 cum
2488 3667 2801 3740 Haganone
2833 3666 3206 3740 Bergomensi
3230 3671 3288 3724 et
3316 3667 3546 3725 ceteris
3579 3668 3734 3742 epis-

462 3759 624 3832 copis
655 3758 833 3815 talem
863 3760 1051 3816 cidem
1084 3762 1204 3834 regi
1236 3763 1644 3818 auctoritatem
1685 3763 1918 3819 dedisse
1961 3763 2230 3832 audierit,
2266 3769 2331 3819 ut
2359 3764 2794 3837 Theutbergam
2845 3763 3088 3822 liberius
3135 3769 3334 3838 posset
3377 3765 3648 3838 rejicere,
3676 3770 3732 3824 et

461 3856 834 3913 Waldradam
867 3859 1256 3914 concubinam
1287 3860 1346 3915 in
1379 3860 1824 3916 matrimonium
1855 3859 2115 3933 legitime
2137 3861 2432 3933 copulare.
2465 3863 2537 3918 Et
2564 3875 2714 3934 quos
2743 3861 3026 3918 debuerat
3047 3866 3186 3919 ante
3213 3861 3540 3920 Deminum
3564 3865 3729 3937 adiu-

461 3958 614 4010 tores
641 3954 854 4012 habere
881 3961 1054 4028 atque
1085 3957 1542 4030 ductores,ipsos
1569 3958 1782 4014 habere
1803 3957 2016 4030 praesul
2047 3958 2426 4016 beatissimus
2456 3960 2996 4031 compererat,hano
3026 3959 3220 4016 dando
3245 3976 3351 4032 pro
3377 3961 3731 4020 auctoritate

355 4053 421 4107 10
458 4056 735 4125 perpetuo
767 4053 909 4126 igni,
941 4055 1446 4112 traditores.Unde
1475 4056 1604 4112 sine
1635 4072 1800 4111 mora
1828 4057 2107 4112 continuo
2138 4056 2352 4114 missos
2384 4073 2525 4114 suos
2552 4057 2614 4112 in
2638 4056 2942 4115 Franciam
2963 4057 3660 4132 destinavit,precipicns
3675 4064 3728 4117 et

459 4166 704 4206 monens
737 4154 801 4204 ut
830 4151 890 4206 in
921 4151 1272 4207 Metensium
1299 4154 1442 4208 urbe
1471 4157 1783 4226 aggregato
1815 4152 2080 4226 synodali
2109 4159 2394 4210 conventu
2429 4154 2794 4228 requirerent
2839 4172 2948 4212 cur
2975 4155 3132 4212 idem
3163 4171 3264 4211 rex
3291 4155 3725 4232 Theutbergam

459 4249 528 4315 (ο)
559 4247 842 4318 rejiceret,
875 4251 978 4303 aut
1006 4248 1389 4305 Waldradam
1421 4249 1532 4305 sibi
1559 4249 1620 4305 in
1651 4249 1991 4324 conjugium
2023 4251 2362 4323 copularet?
2387 4253 2513 4318 Quo
2544 4251 2826 4324 requisita
2855 4255 2912 4308 et
2941 4251 3174 4310 invento
3217 4251 3508 4326 legimnm
3551 4254 3721 4311 ﬁnem

453 4343 844 4415 imponerent.

525 4441 677 4497 598
709 4443 819 4498 Sed
852 4444 1255 4514 pervenientes
1283 4444 1424 4501 illuc
1449 4445 1605 4502 sedis
1635 4446 1964 4518 apostolicae
1996 4446 2172 4520 legati
2203 4445 2451 4503 scrutari
2473 4450 2776 4519 coeperunt
2795 4445 3205 4518 hujuscemodi
3225 4453 3564 4516 causam,et
3579 4447 3638 4505 id
3655 4449 3722 4506 ab

451 4539 726 4596 Lothario
757 4539 910 4596 inter
939 4545 1145 4598 caetera
1169 4543 1522 4600 audierunt:
1548 4544 1840 4616 Quidquid
1871 4561 1978 4618 ego
2008 4544 2137 4612 feci,
2172 4545 2418 4600 istorum
2451 4544 2862 4616 episcoporum
2910 4543 3156 4599 consilio
3203 4558 3350 4601 usus
3381 4544 3516 4602 feci.
3551 4547 3723 4603 Erant

449 4643 645 4693 autem
677 4637 757 4694 ibi
791 4639 1065 4712 praecipui
1099 4640 1358 4712 praedicti
1389 4642 1812 4716 Theutgaudus
1842 4648 1902 4699 et
1931 4642 2292 4700 Guntherius
2321 4641 2920 4714 archiepiscopi,quos
2949 4645 3218 4698 auctores
3240 4641 3300 4698 in
3317 4645 3488 4698 tanto
3511 4643 3720 4700 scelere

449 4738 690 4790 sanctus
711 4736 838 4807 jam
869 4754 1022 4810 papa
1050 4743 1772 4810 compererat,astruentes
1792 4743 1849 4796 et
1868 4740 2130 4796 dicentes
2151 4737 2482 4812 legitimum
2506 4737 2654 4794 illud
2686 4737 2868 4796 fuisse
2897 4737 3449 4811 connubium,quod
3471 4741 3548 4797 de
3571 4739 3721 4798 Wal-

375 4831 410 4886 5
447 4831 630 4886 drada
659 4833 985 4889 concubina
1014 4851 1114 4890 rex
1141 4837 1466 4892 construxit
1496 4837 1892 4904 Lotharius,et
1921 4854 2050 4910 quae
2079 4837 2374 4904 dicebant,
2406 4852 2604 4892 coram
2635 4835 2876 4892 domino
2907 4835 3121 4892 eximio
3151 4851 3308 4908 papa
3334 4837 3642 4894 venientes
3660 4853 3716 4894 se

447 4928 754 4984 defendere
784 4947 954 5002 posse
986 4932 1369 5004 spondebant.
1405 4938 1666 5000 Cumque
1704 4933 1881 5008 legati
1921 4933 2251 5006 apostolicae
2271 4933 2448 5000 sedis,
2482 4933 2617 4989 licet
2662 4933 2723 4990 in
2773 4931 2980 4990 multis
3029 4932 3278 5002 seducti,
3311 4933 3570 4992 Romam
3617 4934 3718 4991 iter

447 5023 824 5096 regrediendo
848 5027 1229 5095 reﬂecterent,
1261 5045 1388 5101 qua:
1420 5047 1455 5086 a
1483 5047 1618 5102 rege
1647 5046 1714 5086 ac
1746 5030 2131 5102 Theutgaudo
2161 5034 2218 5086 et
2246 5029 2572 5086 Guntharic
2601 5027 3061 5102 archiepiscopis
3081 5028 3487 5086 audierantac
3506 5046 3712 5105 cogno-

443 5125 648 5176 verant
677 5137 910 5178 summo
942 5113 1267 5181 retulerunt
1297 5127 1456 5198 ponti
1465 5126 1897 5184 ﬁci.Piissimus
1919 5132 2116 5183 autem
2141 5127 2351 5200 praesul
2373 5127 2687 5182 adventum
2706 5125 3282 5200 archiepiscOporum
3303 5127 3454 5184 dum
3476 5132 3714 5202 praesto-

443 5215 666 5272 laretur
693 5217 948 5288 illorum,
981 5237 1134 5287 ecce,
1169 5239 1424 5294 superna
1471 5223 1756 5297 dirigente
1804 5224 2136 5292 clementia,
2169 5225 2325 5280 idem
2357 5224 2781 5296 Theutgaudus
2809 5228 2872 5280 et
2896 5222 3259 5280 Guntherius
3287 5223 3710 5298 archiepiscopi

341 5311 406 5366 10
445 5314 770 5371 Romanam
802 5317 1005 5372 urbem
1037 5319 1320 5376 adeuntes
1347 5321 1576 5394 vestigii
1607 5321 1786 5392 hujus
1818 5321 2087 5394 praesulis
2115 5338 2179 5378 se
2223 5321 2408 5378 sacris
2454 5320 2792 5393 praesentari
2843 5320 3157 5394 petierunt.
3188 5321 3419 5388 Quibus
3468 5321 3710 5396 benigne

441 5408 691 5480 przesule
723 5428 757 5466 a
783 5415 1268 5484 praestantissimo
1301 5418 1885 5490 susceptis,libellum
1913 5417 1965 5474 ei
1995 5417 2617 5486 obtulerunt,dicentes
2637 5433 2701 5474 se
2721 5417 2869 5474 nihil
2893 5418 3030 5492 plus
3047 5417 3136 5474 vel
3153 5419 3358 5474 minus
3379 5417 3706 5492 egisse,uisi

442 5505 598 5560 sicut
625 5505 856 5563 libellus
879 5509 1002 5580 ipse
1033 5513 1456 5580 cantabat.Quo
1487 5514 1750 5588 diligenti
1759 5515 1939 5572 ssime
1957 5519 2364 5584 scrutato,non
2387 5531 2574 5587 pauca
2594 5515 2655 5570 in
2677 5533 2744 5571 eo
2765 5520 2996 5590 reperta
3015 5519 3156 5572 sunt
3176 5516 3410 5588 profani
3431 5521 3491 5573 et
3512 5514 3704 5572 multis

441 5599 693 5656 inauditi
717 5607 1003 5662 sermonis
1020 5608 1445 5679 turpitudinem
1468 5612 1900 5685 habentia,quae
1920 5611 2310 5686 episcopalem
2333 5613 2673 5670 excedentes
2693 5612 2958 5672 ordinem
2979 5613 3142 5687 ipsos
3163 5613 3320 5671 sicut
3339 5611 3704 5686 phreneticus

1479 5784 1735 5831 NOTULE
1777 5786 2008 5833 MARGIN
2016 5787 2164 5833 ALES
2207 5787 2521 5834 FABROTTI.

373 5880 450 5947 (a)
480 5881 578 5935 Hic
602 5881 823 5954 aliquid
853 5887 1029 5946 deesse
1057 5891 1288 5950 videtur.
1338 5897 1417 5965 (ὁ)
1451 5898 1576 5954 Alii
1593 5908 1782 5956 vocant
1809 5900 2240 5973 Thietgandum
2270 5910 2322 5960 et
2351 5901 2764 5963 Guntherium.
2836 5905 2918 5978 (θ)
2941 5904 3079 5976 alii,
3121 5902 3556 5977 Thietbergam-
