3928 6210
145 279 283 341 i373
887 273 1256 334 HISTORIA
1301 274 1402 333 DF.
1446 273 1650 332 VITIS
1700 269 1886 330 nt’M.
1934 270 2163 328 PONT.
2192 302 2262 310 -—
2296 265 2680 326 NICOIAUS
2726 262 2774 322 Ι.
3377 262 3534 322 1374

268 407 528 482 puit.Pro
551 407 723 478 cujus
751 405 926 463 etiam
958 405 1214 461 infausta
1245 403 1578 476 nefariaque
1607 401 2059 476 prazsumptione
2092 398 2324 472 penitus
2347 392 3461 468 amputandasanctitatisstudiojussit,
3477 396 3534 449 et

199 510 235 565 5
269 525 368 581 pro
401 522 545 579 pace
577 505 678 560 Dei
707 503 962 560 Ecclesia
995 503 1105 576 ipsi
1129 505 1255 576 jam
1286 504 1401 558 fato
1429 501 1694 575 praecepti
1729 501 1994 567 diacono,
2033 503 2096 553 ut
2129 515 2230 552 nec
2265 497 2375 551 tale
2406 495 2547 566 quid
2583 509 2840 564 unquam
2861 495 3532 562 tentaretperagere,nec

268 605 533 662 eamdem
568 605 766 659 sedem
802 601 1219 673 Placentinum,
1254 603 1371 656 sive
1401 601 1613 655 viveret
1648 599 1987 667 Seufredus,
2019 598 2138 651 sive
2173 600 2496 650 moreretur
2526 592 2855 664 episcopus,
2891 593 3146 661 repetere
3161 593 3534 659 przesumeret

267 702 350 759 vel
383 702 660 774 recipere.
694 700 971 757 Omnium
1005 717 1257 772 namque
1289 699 1538 771 insignis
1573 697 1726 752 idem
1759 701 1933 768 atque
1966 694 2280 767 praeclarus
2311 693 2569 765 pontifex
2604 691 2815 763 pietate
2846 687 3131 759 magistra
3163 685 3429 740 miserias
3467 703 3532 741 ac

268 799 650 857 necessitates
682 799 1024 872 praevidens,
1059 799 1287 853 cunctis
1320 797 1635 852 clementer
1663 795 2070 866 compatiendo
2105 792 2273 848 celeri
2304 789 2686 846 subveniebat
2715 786 2914 859 egenis
2948 784 3186 849 intuitu,
3239 787 3294 837 et
3343 781 3535 836 imita-

269 898 424 954 tione
457 896 687 953 Domini
722 897 907 951 nostri
937 897 1077 952 Jesu
1109 895 1342 964 Christi,
1376 894 1475 966 qui
1509 895 1579 949 ad
1616 893 2020 948 redimendum
2052 891 2378 946 humanum
2412 905 2596 961 genus
2629 902 2658 940 e
2690 884 2930 940 sublimi
2963 882 3263 940 descendit
3295 881 3366 936 ad
3401 879 3538 934 infi-

167 997 233 1052 iO
271 1013 388 1061 ma,
420 995 480 1050 in
514 994 728 1068 populo
758 994 987 1049 labores
1021 995 1352 1050 sustinebat
1383 994 1667 1065 ingentes.

373 1095 522 1150 607
563 1093 916 1149 Claudorum
950 1097 1306 1166 quapropter
1334 1097 1509 1163 atque
1541 1107 1847 1160 cazcorum,
1884 1105 2106 1144 necnon
2140 1091 2197 1143 et
2226 1086 2469 1142 diversis
2501 1084 2687 1156 pcenis
2718 1078 3127 1137 atfectorumin
3144 1076 3368 1151 porticu
3383 1073 3538 1130 beati

267 1190 418 1247 Petri
451 1191 697 1264 apostoli
721 1190 1049 1262 jacentium
1082 1191 1151 1245 ad
1181 1207 1344 1245 oram
1371 1189 1645 1262 Tyberini
1678 1187 1938 1244 ﬂuminis
1970 1187 2041 1242 ad
2075 1186 2236 1242 sitim
2268 1184 2646 1241 auferendam
2681 1198 2795 1236 non
2828 1195 2996 1252 posse
3027 1193 3264 1251 gressus
3296 1172 3534 1246 conspi-

267 1289 429 1345 ciens
460 1288 715 1356 tendere,
750 1305 816 1344 ac
849 1289 1208 1344 diversarum
1241 1288 1503 1360 gentium
1537 1304 1664 1359 quae
1693 1286 1952 1358 undique
1984 1303 2085 1358 pro
2119 1283 2436 1340 sceleribus
2468 1279 2788 1353 apostolica
2817 1275 3020 1332 limina
3046 1272 3294 1347 propriis
3312 1275 3536 1344 expete-

265 1387 429 1454 bant,
482 1386 793 1442 utilitatem
827 1385 1105 1442 divinitus
1150 1386 1475 1452 attendens,
1505 1385 1708 1456 jussit,
1743 1383 1983 1439 minime
2016 1381 2240 1454 corpori
2275 1398 2379 1436 suo
2416 1395 2684 1451 parcens,
2716 1378 2962 1431 formam
2995 1373 3399 1444 aquaeductus,
3434 1367 3534 1442 qui

194 1485 231 1540 5
266 1483 472 1540 multis
505 1502 539 1540 a
566 1484 929 1558 temporibus
955 1488 1172 1549 ruerat,
1206 1488 1261 1538 et
1291 1485 1359 1538 ad
1394 1485 1630 1539 beatum
1663 1483 1895 1538 Petrum
1929 1481 2258 1554 apostolum
2287 1481 2357 1536 ob
2389 1479 2496 1534 hoc
2531 1495 2682 1550 aqua
2712 1494 2828 1531 non
2861 1473 3204 1537 ducebatur,
3237 1469 3297 1522 in
3329 1464 3535 1521 melio-

266 1597 390 1636 rem
442 1597 620 1653 quam
670 1581 858 1636 fuerat
901 1581 1217 1636 certamine
1251 1579 1687 1652 quamplurimo
1720 1579 1971 1634 revocari
2007 1583 2266 1633 statum:
2303 1577 2384 1631 ita
2421 1579 2481 1630 ut
2513 1592 2627 1629 non
2661 1572 2853 1628 solum
2884 1567 3225 1624 hominibus
3257 1559 3537 1637 profuerit

267 1677 588 1746 debilibus,
637 1679 735 1734 sed
788 1678 964 1733 etiam
1011 1679 1286 1733 omnibus
1335 1678 1642 1733 ecclesiam
1676 1677 1830 1732 bcati
1864 1677 2146 1750 principis
2178 1673 2572 1746 apostolorum
2608 1669 2963 1727 adeuntibus
2996 1665 3353 1739 praecipuum
3387 1675 3534 1732 opus

265 1775 575 1845 exstiterit,
627 1776 781 1832 sicut
827 1775 1112 1832 hactenus
1162 1777 1234 1832 ad
1282 1777 1548 1831 decorem
1584 1776 1887 1830 Leonianae
1919 1775 2081 1830 urbis
2113 1773 2441 1829 luculenter
2471 1769 2827 1842 conspicitur
2856 1783 2920 1821 ac
2952 1765 3218 1820 habetur.
3257 1761 3536 1814 Praeterea

267 1873 598 1930 Ostiensem
648 1874 852 1929 urbem
903 1891 1080 1946 quam
1129 1874 1228 1929 diu
1281 1891 1346 1929 ac
1381 1875 1671 1929 memoriae
1705 1877 1780 1944 (τι)
1813 1874 2020 1928 beatus
2052 1889 2202 1944 papa
2235 1871 2566 1942 Gregorius,
2601 1885 2671 1922 ne
2703 1883 2845 1939 gens
2873 1864 3076 1935 iniqua
3106 1863 3530 1916 Saracenorum

165 1972 228 2027 10
265 1971 554 2044 populum
582 1971 812 2027 Domini
844 1971 902 2027 in
933 1972 1182 2028 circuitu
1215 1977 1443 2046 caperet
1476 1978 1575 2028 aut
1609 1973 1991 2042 interimeret,
2025 1973 2095 2027 ad
2130 1971 2379 2026 salutem
2415 1967 2735 2024 multorum
2768 1964 3190 2025 construxerat,
3236 1957 3294 2012 in
3341 1951 3531 2010 ruinis

255 2071 557 2142 jacentom
595 2069 980 2142 inspiratione
1011 2087 1265 2143 superna
1297 2076 1487 2126 tactus
1518 2071 1736 2126 fortiori
1771 2071 2131 2141 lirmiorique
2164 2068 2381 2125 fabrica
2413 2064 2746 2122 reazdifieari
2771 2049 3530 2126 istesanctissimuspraasul

256 2167 444 2239 jussit
475 2172 530 2224 et
561 2168 618 2224 in
651 2167 862 2224 melius
893 2169 1256 2234 restauravit,
1291 2168 1588 2242 portisque
1619 2170 1795 2224 etiam
1826 2173 1881 2224 et
1913 2167 2174 2223 turribus
2207 2164 2542 2223 fortissimis
2575 2161 2846 2217 muniens
2875 2161 3176 2230 promptos
3204 2153 3274 2208 ad
3308 2148 3530 2206 bellain

265 2281 334 2320 ea
367 2265 636 2322 homines
662 2265 1072 2334 collocavit,ita
1104 2273 1168 2322 ut
1200 2267 1534 2323 nullatenus
1567 2266 1902 2338 alienigena:
1935 2267 2124 2339 gentis
2157 2265 2413 2320 incursio
2446 2264 2516 2318 de
2546 2265 2750 2317 caetero
2783 2257 2860 2313 illi
2896 2255 3082 2328 possit
3107 2248 3533 2316 dominari,aut

266 2362 609 2420 concivibus
641 2365 768 2436 ejus
800 2365 1015 2420 damna
1045 2365 1102 2419 in
1136 2364 1332 2437 aliquo
1366 2365 1500 2436 nisi,
1533 2366 1687 2437 quod
1722 2364 1892 2429 absit,
1930 2382 2031 2436 per
2061 2363 2346 2419 desidiam
2377 2359 2624 2434 operari.

378 2462 533 2518 008
569 2461 792 2517 Interea
823 2463 1050 2518 meritis
1081 2462 1404 2517 beatissimi
1439 2462 1616 2534 hujus
1648 2462 1706 2517 in
1728 2463 1864 2518 orbe
1880 2479 2118 2534 prorsus
2134 2445 3396 2528 exuberantibus,operantepotentiasummi
3411 2443 3532 2513 Dei,

269 2559 372 2631 qui
405 2559 666 2632 quotidie
696 2577 835 2616 suos
866 2577 968 2632 per
999 2560 1248 2616 famulos
1279 2561 1447 2632 signa
1475 2566 1532 2616 et
1566 2560 1858 2616 mirabilia
1888 2578 2102 2633 magna
2135 2561 2291 2630 facit,
2327 2575 2423 2613 rex
2457 2557 2839 2629 Bulgarorum
2863 2548 3318 2608 Christianitatis
3336 2541 3536 2601 etfidei

272 2663 490 2712 sanctae
523 2657 815 2714 doctrinas
845 2674 1170 2731 agnoscens
1202 2659 1418 2714 meruit
1449 2658 1813 2731 baptizari,et
1845 2658 1944 2730 qui
1978 2659 2141 2730 prius
2173 2662 2448 2713 creaturae
2482 2654 2736 2711 serviens
2769 2651 3037 2707 saeviebat
3057 2641 3537 2709 crudelitate,hu-

259 2756 366 2826 jus
396 2756 756 2828 tempsribus
785 2756 1039 2813 Creatori
1071 2755 1220 2812 colla
1250 2756 1602 2812 submittens
1635 2757 1833 2829 ampla
1863 2757 2036 2828 ccepit
2068 2755 2344 2828 religione
2369 2755 2601 2826 jubere,
2634 2765 2961 2823 magnaque
2992 2763 3137 2802 usus
3167 2748 3256 2798 est
3296 2741 3530 2812 pietate.

190 2855 226 2910 5
266 2855 434 2910 Tunc
466 2854 538 2908 ad
572 2852 727 2910 hunc
758 2853 1109 2910 catholicum
1141 2859 1198 2910 et
1222 2872 1350 2910 vere
1383 2855 1689 2928 praesulem
1721 2855 2108 2910 orthodoxum
2141 2853 2513 2926 legatossuos
2532 2837 3534 2918 menseaugustoindictionexxvdc-

267 2951 533 3016 stinavit,
560 2951 826 3024 donaque
859 2969 974 3006 non
1006 2968 1180 3024 parva
1210 2957 1331 3008 tam
1363 2951 1582 3008 sanctis
1613 2951 1757 3007 locis
1787 2969 1963 3024 quam
1996 2952 2185 3007 eidem
2219 2966 2450 3006 summo
2481 2946 2738 3021 pontifici
2772 2942 3036 3006 contulit,
3061 2952 3381 3012 suggerens
3404 2934 3533 3005 ejus

265 3048 622 3122 apostolatui
653 3050 792 3122 quid
827 3067 889 3134 se
917 3049 1103 3106 facere
1135 3049 1432 3106 salubrius
1463 3053 1774 3122 oporteret,
1808 3049 1892 3105 vel
1927 3049 2065 3121 quid
2098 3067 2236 3122 erga
2265 3046 2556 3119 reliquum
2588 3042 2963 3115 Bulgaricum
2997 3038 3188 3095 adhuc
3235 3032 3532 3106 baptismo

266 3165 434 3205 sacro
465 3152 758 3203 carentem
791 3132 1096 3220 populum,
1129 3153 1194 3203 ut
1223 3148 1356 3204 fidei
1389 3152 1755 3204 sacramenta
1787 3149 2126 3220 perciperet,
2163 3147 2254 3219 agi
2289 3143 2721 3209 deberet.Quod
2737 3132 3535 3203 beatissimusaudienspapa

266 3262 488 3318 magna
520 3244 773 3316 repletus
802 3245 1000 3301 laetitia
1029 3245 1232 3302 laudes
1263 3245 1492 3302 Christo
1524 3246 1777 3302 reddidit
1807 3246 2053 3318 amplas,
2087 3251 2144 3302 et
2178 3262 2309 3301 cum
2341 3242 2500 3299 omni
2533 3225 3535 3298 sibidivinituscommissaEcclesia

161 3344 229 3400 40
265 3342 596 3418 gratulans,
632 3343 862 3400 infinita
889 3345 1179 3416 praeconia
1211 3345 1327 3400 Deo
1351 3350 1569 3414 nostro,
1595 3345 1693 3417 qui
1719 3345 2051 3401 novissimis
2074 3344 2166 3401 his
2181 3342 2539 3415 temporibus
2553 3345 2778 3396 tantum
2793 3327 3535 3400 fecitmiraculum,devota

266 3446 466 3498 mente
498 3440 747 3514 supplici
780 3457 1012 3514 quoque
1043 3459 1179 3498 voce
1210 3442 1462 3498 resolvit.
1499 3448 1676 3498 Porro
1708 3443 1914 3515 legatis
1946 3445 2211 3515 ejusdem
2238 3444 2362 3514 jam
2396 3440 2632 3495 nomine
2663 3435 2962 3494 Michaelis
2993 3427 3283 3504 Bulgarici
3316 3423 3470 3497 regis
3501 3439 3536 3478 a

269 3543 479 3596 sancto
514 3555 663 3612 papa
694 3539 958 3611 receptis,
987 3539 1303 3595 honorifice
1333 3541 1485 3612 apud
1521 3559 1583 3596 se
1613 3558 1712 3597 eos
1745 3541 2002 3598 retinuit.
2039 3543 2108 3597 Et
2141 3541 2374 3597 interim
2406 3525 3414 3610 scdisapostolicmmissos,Paulum
3429 3522 3536 3578 sci-

267 3637 406 3693 licet
436 3635 925 3709 Populoniensem
958 3641 1015 3692 et
1047 3637 1390 3693 Formosum
1422 3639 2063 3712 Portuensem,magnm
2079 3621 3538 3709 sanctitatisepiscopos,statuens,hosquemonitis

282 3733 588 3792 melliﬂuis
621 3739 794 3807 atque
821 3735 1102 3790 doctrinis
1135 3735 1450 3803 instruens,
1488 3737 1557 3791 ad
1593 3737 2021 3808 przedicandam
2054 3738 2213 3809 genti
2249 3737 2328 3791 illi
2363 3754 2460 3791 eos
2493 3735 2572 3790 ire
2587 3731 3016 3789 decrevit.Cum
3031 3723 3538 3800 quibusquoniam

173 3836 240 3890 15
277 3851 382 3907 per
410 3831 784 3906 Bulgaricum
819 3849 1061 3905 regnum
1093 3832 1203 3888 iter
1233 3851 1420 3906 usque
1450 3834 2014 3907 Constantinopolim
2042 3840 2195 3890 terra
2225 3839 2392 3890 tenus
2416 3832 2693 3898 tenditur,
2716 3826 3074 3900 utquidquid
3091 3824 3538 3880 desanctaCon-

276 3929 804 4003 stantinopolitana
831 3929 1108 3998 Ecclesia,
1143 3931 1277 3987 licet
1295 3932 1420 4003 jam
1454 3947 1556 4003 per
1585 3931 1878 3987 Orientem
1911 3932 2019 3987 hoc
2052 3933 2247 4004 ipsum
2275 3931 2428 3986 idem
2454 3918 3537 4003 papasemeletbisapostolicislitteris

274 4029 644 4102 divulgatum
674 4028 966 4096 habuerit,
995 4029 1149 4101 apud
1182 4045 1244 4085 se
1277 4029 1572 4084 decretum
1604 4029 1894 4097 existeret,
1929 4029 2118 4085 eidem
2151 4047 2253 4101 per
2282 4046 2420 4084 suos
2449 4023 2952 4100 legatosEcclesiaz
2967 4025 3169 4076 notum
3185 4016 3538 4081 faceret,Do-

274 4131 483 4182 natum
516 4126 856 4199 episcopum
889 4125 1237 4194 Ostiensem,
1276 4131 1636 4198 Leonemque
1667 4127 2069 4200 presbyterum
2102 4131 2314 4182 sanctae
2350 4120 2922 4190 RomanzeEcclesiae,
2939 4133 3158 4173 necnon
3175 4114 3536 4171 etMarinum

273 4228 491 4280 sanctas
523 4223 682 4280 sedis
711 4224 1025 4280 diaconum
1058 4223 1386 4297 apostolicae
1421 4224 1633 4280 missos
1665 4225 1902 4280 idoneos
1933 4243 2093 4296 aeque
2107 4219 2807 4293 direxit,utilliBulgari:e
2822 4215 3104 4290 populum
3118 4215 3188 4269 ad
3204 4213 3376 4268 fidem
3393 4229 3533 4267 con-

159 4325 232 4379 20
270 4325 583 4387 verterent,
631 4326 688 4378 et
738 4322 846 4378 iste
885 4322 1025 4394 quid
1055 4322 1143 4378 vel
1176 4322 1427 4394 qualiter
1457 4322 1775 4395 apostolica
1805 4323 1972 4378 sedes
2003 4324 2073 4378 de
2105 4323 2307 4377 eadem
2339 4316 2980 4390 ConstantinOpolitana
3010 4313 3395 4370 deliberatum
3427 4309 3535 4364 ha-

271 4419 504 4476 buisset
531 4418 790 4476 Ecclesia
820 4420 1010 4476 modis
1041 4421 1316 4476 omnibus
1349 4421 1681 4476 nuntiaret:
1717 4422 1868 4493 quod
1903 4421 1961 4475 in
1995 4420 2228 4476 nomine
2243 4419 2623 4475 Dominicum
2638 4411 3123 4487 adjutoriosancti
3141 4405 3531 4465 PetrietPauli

271 4518 497 4573 factum
530 4521 637 4573 est.
671 4518 782 4574 Sed
817 4519 1071 4590 praefatis
1103 4518 1279 4574 Paulo
1311 4525 1366 4574 et
1400 4521 1674 4575 Formoso
1705 4519 2133 4575 venerabilibus
2165 4516 2452 4590 episcopis
2484 4516 2543 4570 in
2577 4513 2848 4587 Bulgaria
2871 4509 3255 4574 morantibus,
3275 4507 3533 4562 Donatus

274 4615 628 4672 reverendus
659 4616 990 4688 episcopus,
1026 4618 1254 4689 Leoque
1287 4618 1607 4691 presbyter,
1641 4623 1697 4673 et
1730 4618 1991 4673 Marinus
2024 4616 2351 4689 apostolicae
2366 4600 3531 4674 sedisminist-erdumConstantinopolim

273 4713 360 4770 ire
390 4712 624 4780 vellent,
656 4730 786 4770 ecce
818 4714 968 4770 inter
991 4715 2338 4788 finesBulgaria:Constantinopolitanorumque
2352 4699 3536 4786 quenidameeodorumillascustodien-

157 4813 232 4868 25
271 4816 392 4868 tem
422 4810 788 4879 invenerunt,
821 4811 921 4884 qui
952 4829 1051 4868 eos
1083 4813 1236 4868 ultra
1261 4830 1374 4868 non
1409 4813 1633 4869 dimisit
1663 4814 1844 4879 abire,
1877 4814 2018 4886 quin
2047 4813 2240 4886 potius
2274 4809 2598 4866 innumeris
2630 4824 2728 4863 eos
2759 4807 3042 4861 denotans
3075 4799 3329 4872 injuriis,
3392 4797 3532 4852 adeo

271 4913 450 4965 tanta
481 4909 638 4966 sedis
667 4908 875 4984 legatis
905 4911 1127 4968 abusus
1157 4915 1243 4966 est
1276 4916 1340 4966 ut
1371 4911 1546 4967 etiam
1581 4929 1886 4984 equorum,
1922 4912 1980 4967 in
2015 4912 2229 4984 quibus
2262 4909 2561 4974 sedebant,
2579 4905 2767 4979 capita
2782 4904 3128 4977 percuteret,
3171 4899 3529 4970 diceretque:

271 5010 598 5080 Imperator
625 5011 825 5064 noster
850 5024 951 5064 vos
981 5008 1341 5064 necessarios
1373 5026 1513 5065 sane
1546 5028 1660 5066 non
1692 5011 1886 5068 habet.

380 5105 534 5162 συθ
566 5105 678 5160 Sed
729 5105 884 5161 idem
934 5106 1252 5179 imperator
1298 5107 1509 5180 legatis
1562 5109 1716 5182 regis
1766 5108 2151 5182 Bulgarorum
2200 5107 2280 5163 ita
2329 5107 2508 5161 fertur
2555 5101 2807 5158 dixisse:
2857 5097 2982 5154 Nisi
3031 5113 3135 5170 per
3202 5093 3533 5168 Bulgariam

270 5201 439 5260 missi
482 5201 639 5259 sedis
687 5203 1018 5276 apostolica:
1066 5205 1385 5261 venissent‘
1445 5223 1550 5261 nec
1601 5205 1806 5262 faciem
1856 5224 2068 5273 meam,
2120 5222 2224 5261 nec
2276 5205 2519 5260 Romam
2570 5200 2777 5256 diebus
2821 5197 2948 5251 vitae
2979 5213 3096 5252 suae
3126 5193 3408 5248 viderent.
3444 5189 3533 5246 llli

265 5319 400 5358 vero
450 5317 556 5374 per
603 5301 990 5374 quadraginta
1037 5302 1161 5358 dies
1211 5302 1328 5357 illic
1377 5303 1718 5371 residentes,
1768 5310 1832 5360 ut
1881 5308 2276 5377 cognoverunt
2327 5302 2465 5374 quia
2512 5301 2619 5356 hoc
2667 5299 2982 5370 imperator
3029 5295 3359 5350 Grazcorum
3408 5289 3533 5345 fieri

260 5401 543 5472 jusserat,
595 5403 758 5474 terga
804 5404 1124 5466 verterunt,
1175 5405 1230 5456 et
1278 5402 1521 5457 Romam
1574 5402 1692 5458 hmo
1742 5404 1945 5459 eadem
1996 5402 2332 5457 nuntiantes
2382 5399 2563 5457 coacti
2614 5395 2825 5453 reversi
2850 5399 3008 5450 sunt.
3039 5393 3274 5448 Porroa
3305 5405 3517 5462 praeno-

188 5499 226 5554 5
265 5496 488 5554 minato
533 5513 667 5570 rege
716 5496 1101 5570 Bulgarorum
1152 5497 1452 5570 apostolici
1505 5499 1669 5555 missi
1724 5505 1916 5556 mente
1967 5501 2144 5556 alacri
2198 5516 2527 5572 magnaque
2575 5495 2829 5568 suscepti
2879 5492 3181 5548 devotione
3236 5488 3536 5560 coeperunt

265 5593 629 5652 salutaribus
661 5595 900 5651 edocere
930 5594 1213 5667 pepulum
1249 5595 1506 5663 monitis,
1541 5603 1597 5652 et
1626 5615 1660 5653 a
1689 5597 1933 5654 minimo
1965 5616 2151 5670 usque
2185 5599 2256 5653 ad
2291 5597 2615 5653 maximum
2648 5611 2811 5651 sacro
2845 5593 3001 5648 fonte
3032 5606 3165 5645 cum
3197 5587 3314 5642 Deo
3347 5584 3536 5660 gratia

263 5693 604 5763 abluerunt,
653 5709 1004 5764 omnemque
1050 5693 1228 5748 ritum
1277 5693 1618 5750 Christianae
1671 5695 1825 5762 ﬁdei,
1879 5695 2032 5751 sicut
2079 5713 2112 5751 a
2163 5695 2538 5751 sanctissimo
2571 5711 2721 5766 papa
2752 5690 3022 5747 instructi
3056 5689 3304 5752 fuerant,
3340 5685 3397 5739 in
3427 5701 3533 5740 con

262 5789 638 5848 suetudinem
689 5789 1070 5862 Bulgarorum
1121 5790 1509 5847 tradiderunt.
1558 5793 1858 5851 Gloriosus
1908 5798 2105 5848 autem
2154 5793 2533 5865 Bulgarorum
2586 5810 2683 5848 rex
2735 5791 2865 5846 fidei
2899 5793 3060 5846 tanta
3088 5785 3260 5859 empit
3291 5785 3538 5859 ﬂagrare

1311 5923 1560 5974 NOTULE
1598 5925 1984 5974 MARGINALES
2027 5926 2342 5973 FABROTTI.

153 5983 238 6058 (α)
274 5984 416 6047 divae
447 5981 766 6047 memoriae.
