3928 6210
358 219 512 280 1375
1498 223 1909 283 ANASTASII
1957 221 2609 284 BlBiJOTHI‘ICAlllI.
3607 227 3782 290 i376

494 351 738 411 monitis
767 351 948 428 hujus
978 353 1056 428 pii
1094 353 1279 414 Patris
1313 353 1544 411 illectus
1575 354 1924 423 constantia,
1960 360 2023 410 ut
2057 371 2260 412 omnes
2291 372 2324 411 a
2349 371 2456 412 suo
2487 370 2664 430 regno
2695 353 2920 428 pellens
2950 354 3336 432 alienigenas,
3387 356 3779 432 prelatorum

389 453 457 508 10
495 452 949 525 apostolicorum
1000 453 1370 510 solummodo
1425 453 1836 526 prmdicaiione
1885 471 2028 509 usus
2062 453 2400 521 missorum,
2435 455 2672 526 pascuis
2702 454 2830 509 vitae
2862 460 3088 510 aeternae
3109 457 3335 529 jugiter
3364 457 3522 514 reﬁci
3555 475 3781 532 nempe

497 551 834 619 decreverit,
889 569 1190 624 unumque
1239 570 1306 608 ex
1355 551 1447 606 bis
1480 553 1821 607 Formosum
1855 553 1972 606 vita
2003 558 2056 606 et
2089 552 2352 607 moribus
2383 552 2724 624 episcopum
2756 551 2868 608 sibi
2897 554 3022 609 dari
3057 555 3567 628 archiepiscopum
3595 573 3778 629 expe-

496 647 671 704 tierit.
705 651 869 706 Tunc
901 651 1112 706 iterum
1144 649 1366 721 legatos
1399 667 1537 703 sues
1572 651 1814 705 Romam
1846 650 2074 718 direxit,
2111 655 2166 704 et
2197 650 2349 705 inter
2380 650 2494 706 alia
2523 650 2860 706 beatissimo
2893 668 3056 724 papae
3083 651 3140 707 id
3194 653 3392 725 ipsum
3441 671 3778 728 suggerens

495 747 570 802 ab
617 749 744 818 ejus
789 749 1096 804 sanctitate
1135 765 1237 820 pro
1270 748 1656 803 instructione
1687 748 1875 820 gentis
1909 748 2068 803 illius
2101 749 2468 821 presbyteros
2499 749 2832 821 postulavit.
2862 752 2990 821 Ipse
3017 767 3150 807 vero
3181 750 3399 807 talibus
3420 769 3575 827 papa
3605 769 3782 808 com-

494 847 675 918 pertis
725 846 889 902 valde
935 847 1171 919 gavisus
1214 851 1322 912 est,
1377 852 1433 900 et
1483 846 1743 901 inﬁnitas
1792 847 1906 901 Deo
1950 846 2152 903 laudes
2183 847 2528 918 rependens,
2563 864 2676 902 non
2709 849 2880 920 pauci
2914 847 3145 904 numeri
3177 865 3374 905 coram
3408 866 3471 906 se
3499 851 3780 924 probavit

391 944 458 998 15
495 944 884 1016 presbyteros,
918 949 972 998 et
1004 961 1150 1014 quos
1183 944 1390 1015 dignos
1424 945 1634 1015 reperit
1669 944 2094 1015 prmdicationis
2125 945 2313 1016 gratia
2344 945 2402 1000 in
2437 944 2769 1017 Bulgariam
2802 945 3033 1016 direxit,
3066 963 3200 1002 cum
3230 947 3451 1020 quibus
3499 947 3780 1005 Domini-

495 1056 629 1095 cum
680 1041 933 1106 Trivem,
983 1047 1040 1096 et
1087 1042 1489 1097 Grimoaldum
1545 1041 2048 1097 Polimartiensem
2099 1041 2404 1114 episcopos
2453 1043 2804 1098 destinavit:
2859 1048 2919 1098 at
2965 1043 3104 1115 quia
3160 1044 3357 1117 ipsum
3418 1047 3779 1102 Formosum

490 1137 717 1210 plebem
768 1137 1060 1194 dimittere
1112 1140 1222 1194 sibi
1273 1140 1542 1195 criditam
1589 1158 1702 1194 non
1755 1140 2057 1211 oportebat
2096 1140 2460 1213 episcopum,
2493 1157 2561 1196 ex
2584 1140 2676 1196 his
2707 1141 3059 1214 presbyteris
3090 1142 3163 1198 ad
3190 1141 3778 1216 archiepiscopatum

492 1234 591 1308 qui
623 1235 838 1310 dignus
865 1237 1220 1293 inveniretur
1252 1238 1310 1292 in
1344 1238 1578 1293 nomine
1611 1237 1840 1293 Domini
1874 1238 2108 1294 tandem
2141 1237 2474 1311 eligeretur,
2501 1242 2557 1294 et
2587 1239 2709 1294 sedi
2742 1239 3175 1296 consecrandus
3204 1238 3539 1313 apostolica
3571 1240 3781 1299 mitte-

493 1337 653 1390 retur

597 1433 752 1489 610
785 1431 936 1488 Inler
984 1433 1105 1488 hazc
1149 1432 1386 1506 quidem
1437 1433 1643 1488 statuit
1690 1431 2069 1488 beatissimus
2117 1449 2288 1505 p"pa,
2340 1431 2878 1506 solertissimusque
2922 1433 3196 1490 vitiorum
3226 1439 3536 1504 corrector,
3571 1439 3632 1492 et
3663 1435 3776 1492 Dei

499 1530 710 1599 cultor,
755 1535 822 1587 ut
867 1533 1311 1604 penetrantibus
1360 1531 1506 1603 ipsis
1555 1531 1887 1603 Bulgariam
1937 1530 2247 1602 episcOpis,
2307 1530 2540 1596 Paulus,
2583 1532 2755 1603 cujus
2800 1531 3073 1606 superius
3105 1531 3454 1590 memoriam
3486 1534 3770 1603 fecimus,

493 1629 958 1702 Populoniensis,
988 1630 1229 1702 ipseque
1263 1629 1636 1686 Grimoaldus
1665 1629 1920 1702 episcopi
1954 1629 2238 1700 Bulgarire
2270 1629 2557 1701 quidquid
2591 1629 2662 1684 ad
2697 1629 2962 1685 divinum
2987 1630 3380 1689 ministerium
3414 1649 3524 1705 pro
3547 1632 3776 1689 instrn-

490 1727 680 1784 ctione
729 1729 922 1800 gentis
970 1727 1130 1783 illius
1174 1728 1511 1800 pertineret,
1545 1729 1862 1794 efficerent,
1893 1731 1951 1782 et
1983 1727 2196 1798 saepius
2226 1727 2419 1782 dictus
2450 1728 2784 1796 Formosus,
2817 1731 2992 1800 atque
3025 1728 3372 1788 Dominieus
3399 1729 3778 1789 venerabiles

417 1826 454 1881 5
490 1825 744 1899 episc0pi
795 1825 1006 1882 iterum
1052 1825 1616 1899 Constantinopolim
1667 1843 1770 1898 pro
1822 1825 2139 1881 schismate
2188 1825 2268 1880 ibi
2317 1830 2535 1891 exorto,
2567 1826 2640 1882 de
2669 1842 2784 1899 quo
2806 1827 2934 1898 jam
2965 1825 3081 1883 late
3112 1827 3394 1898 disserui,
3427 1828 3777 1903 proﬁcisce-

489 1929 710 1981 rentur.
743 1925 852 1981 Sed
885 1925 1026 1981 dum
1052 1925 1172 1980 haec
1204 1930 1533 1997 agerentur,
1567 1925 1667 1980 Dei
1692 1924 1918 1996 judicio
1946 1923 2284 1979 Michaelem
2317 1923 2649 1979 Graecorum
2681 1923 3092 1996 imperatorem
3123 1924 3268 1982 ultio
3293 1925 3771 2002 dignaperculit,

488 2027 547 2079 et
574 2023 826 2079 nefanda
857 2040 995 2079 nece
1028 2024 1293 2096 peremit.
1327 2025 1654 2096 Imperante
1687 2028 1884 2078 autem
1918 2021 2132 2078 Basilio
2163 2023 2221 2078 in
2253 2019 2777 2093 Constantinopoli,
2809 2023 3090 2094 quoniam
3127 2022 3315 2079 voluit
3361 2027 3517 2082 Deus
3571 2023 3771 2098 ipsius

490 2121 674 2177 sancti
719 2121 1014 2193 pontificis
1052 2123 1228 2194 juges
1276 2121 1525 2188 labores,
1560 2138 1708 2194 quos
1734 2138 1836 2194 pro
1867 2125 2071 2176 sancta
2097 2118 2745 2191 Constantinopolitana
2773 2136 2984 2192 passus
3011 2119 3122 2176 fuit
3151 2119 3434 2189 Ecclesia,
3474 2138 3616 2179 cum
3649 2122 3771 2178 ﬁne

489 2219 627 2275 boni
657 2219 848 2293 operis
878 2237 1307 2286 consummare,
1342 2221 1493 2275 sicut
1521 2221 1680 2275 fama
1709 2237 1770 2275 se
1800 2219 2028 2285 habuit,
2063 2219 2302 2274 Photius
2330 2218 2657 2291 necphytus
2687 2235 2754 2274 ac
2787 2218 3019 2275 invasor
3048 2224 3113 2276 ut
3140 2219 3406 2276 moechus
3423 2219 3688 2294 pellitur,
3710 2225 3771 2276 et

386 2317 452 2371 10
480 2317 653 2388 juxta
697 2319 995 2374 decretum
1045 2319 1202 2374 sedis
1255 2319 1584 2392 apostolicze
1633 2317 1998 2390 partriarcha
2029 2317 2291 2390 Ignatius
2323 2315 2965 2390 Constantinopolitano
2997 2317 3262 2374 redditur
3290 2316 3528 2374 throno.
3560 2317 3769 2397 Neque

490 2413 648 2470 enim
701 2413 796 2470 hic
845 2414 1176 2471 divinorum
1226 2421 1531 2472 exsecutor
1577 2433 1819 2487 operum
1870 2414 2174 2488 piissimus
2224 2419 2282 2471 et
2334 2413 2657 2470 catholicus
2704 2431 2876 2487 papa,
2908 2431 3035 2486 qua:
3067 2431 3177 2472 sua
3209 2418 3369 2482 sunt,
3399 2415 3506 2472 sed
3533 2431 3604 2472 ea
3635 2433 3765 2488 que

490 2510 592 2566 Dei
623 2515 762 2566 sunt
790 2511 980 2584 primo
1011 2511 1135 2569 loco
1165 2513 1363 2585 posuit
1392 2517 1448 2568 et
1477 2513 1762 2586 quaesivit.
1792 2514 1862 2568 Et
1893 2530 2028 2568 cum
2057 2513 2348 2585 adjutorio
2379 2511 2567 2568 sancti
2599 2511 2749 2568 Petri
2782 2510 2935 2567 bella
2961 2511 3196 2568 Domini
3236 2528 3472 2568 summo
3521 2511 3764 2587 dispen-

490 2607 739 2664 sationis
783 2607 1094 2665 libramine
1140 2608 1484 2682 spiritaliter
1532 2609 1780 2683 przeliari
1832 2609 2074 2666 curavit.
2127 2609 2400 2666 Praelatos
2449 2609 2743 2682 siquidem
2782 2626 3047 2682 quosque
3076 2626 3151 2665 ne
3180 2609 3451 2668 subditos
3478 2607 3761 2667 laederent

489 2720 704 2778 magna
748 2706 1076 2779 provisione
1125 2709 1457 2772 moderans,
1510 2712 1576 2763 ut
1626 2713 1792 2780 pater
1839 2707 2222 2774 commonuit,
2274 2712 2332 2763 et
2362 2711 2428 2763 ut
2457 2707 2704 2780 subjecti
2736 2707 2994 2780 praelatis
3021 2707 3335 2764 subessent
3355 2707 3533 2779 juxta
3558 2707 3762 2764 unius-

381 2799 454 2858 45
489 2803 776 2875 cujusque
817 2803 1122 2876 privilegia
1169 2805 1542 2878 pastoraliter
1589 2823 1820 2878 quoque
1871 2806 2144 2861 decrevit.
2168 2805 2350 2878 Cujus
2394 2805 2496 2878 qui
2545 2809 2815 2862 sanctum
2863 2805 3128 2862 studium
3170 2804 3297 2860 vult
3326 2820 3672 2877 agnoscere,
3701 2805 3758 2860 in

485 2899 748 2972 epistolis
795 2902 942 2973 suis,
994 2919 1142 2975 quas
1193 2903 1339 2959 bene
1385 2903 1632 2960 libratas
1681 2920 1785 2976 per
1832 2903 2039 2959 mundi
2071 2907 2268 2976 partes
2299 2902 2527 2971 direxit,
2561 2901 2692 2960 luce
2720 2901 2938 2959 clarius
2967 2902 3231 2960 invenire
3257 2901 3511 2959 valebit:
3545 2903 3762 2976 quippe

488 2997 590 3070 qui
642 2997 901 3056 animam
949 3017 1118 3057 suam
1172 3001 1230 3056 in
1282 3001 1558 3057 manibus
1608 3001 1732 3058 suis
1780 3001 1994 3074 posuit,
2049 3001 2151 3074 qui
2199 3000 2362 3057 nulla
2406 3000 2521 3057 nisi
2551 2999 2808 3056 cmlestia
2836 2999 3150 3073 cogitabat,
3180 2999 3284 3073 qui
3305 2997 3579 3073 jejuniis,
3609 2998 3764 3072 vigi—

488 3094 584 3151 liis
633 3100 691 3153 et
742 3097 1104 3155 orationibus
1154 3103 1322 3155 nocte
1371 3117 1438 3155 ac
1487 3100 1580 3155 die
1628 3117 1863 3166 vacans,
1916 3117 2020 3155 nec
2070 3099 2331 3172 requiem
2377 3098 2604 3172 corpori
2636 3116 2744 3155 nec
2774 3097 3042 3154 membra
3069 3097 3249 3154 dabat
3278 3094 3493 3170 sopori.
3531 3095 3684 3153 Nam
3714 3092 3764 3151 si

489 3198 702 3250 cuncta
729 3211 859 3268 qua:
889 3195 1102 3252 Christi
1134 3195 1325 3270 gratia
1373 3196 1581 3269 plenus
1627 3197 1944 3253 virtutibus
1973 3201 2147 3269 atque
2181 3197 2294 3252 ﬁde
2323 3195 2654 3252 sanctitatis
2684 3211 2860 3267 opera
2888 3193 3089 3267 gessit,
3122 3198 3181 3250 et
3208 3191 3475 3250 moribus
3525 3192 3765 3264 vitaque

379 3291 452 3346 2O
489 3291 688 3348 docuit
717 3298 774 3349 et
801 3293 1081 3367 implevit,
1110 3294 1329 3351 chartis
1358 3295 1610 3351 inserere
1638 3294 1929 3362 volumus,
1962 3293 2126 3366 prius
2163 3295 2410 3351 fortasse
2453 3293 2798 3350 membrana
2826 3308 3003 3366 quam
3035 3307 3228 3349 sermo
3258 3290 3515 3359 deficiet,
3538 3291 3762 3350 Tamen

487 3395 801 3462 antequam
833 3393 906 3448 ad
939 3393 1116 3448 ﬁnem
1147 3394 1273 3448 vitae
1307 3392 1464 3448 illius
1496 3392 1711 3464 stylum
1741 3397 2058 3462 vertamus,
2093 3393 2166 3448 ad
2200 3408 2270 3448 ea
2300 3408 2426 3464 quae
2457 3391 2678 3448 sanctis
2707 3389 2850 3446 locis
2880 3387 3126 3446 contulit
3155 3388 3487 3448 redeamus.

593 3489 740 3560 Ol]
787 3488 891 3544 Hic
940 3488 1121 3562 igitur
1165 3490 1431 3562 egregius
1482 3507 1635 3562 papa
1681 3490 1754 3545 ob
1804 3507 2065 3544 amorem
2115 3489 2398 3562 principis
2430 3487 2829 3561 apostolorum
2863 3486 3015 3543 Petri
3045 3483 3294 3559 apostoli
3327 3483 3643 3541 nutritor-is
3671 3483 3764 3540 sui

487 3584 625 3640 fecit
655 3586 714 3641 in
747 3585 989 3642 basilica
1017 3587 1146 3658 ejus
1179 3604 1405 3660 pannos
1435 3593 1556 3643 tam
1588 3587 1812 3643 scilicet
1841 3588 1912 3642 de
1947 3586 2222 3655 stauraci,
2257 3603 2435 3660 quam
2467 3590 2525 3643 et
2555 3586 2627 3642 de
2657 3585 2924 3656 fundato,
2954 3583 3044 3640 vel
3073 3581 3209 3640 aliis
3237 3581 3508 3656 pulchris
3556 3581 3764 3639 variis-

489 3699 601 3754 que
651 3681 943 3740 coloribus
989 3702 1303 3743 numero...
1359 3685 1465 3752 Qui
1519 3687 1714 3741 trabes
1746 3687 1998 3756 majores
2030 3686 2088 3740 in
2121 3684 2484 3758 presbyterio
2516 3682 2896 3756 respicientes
2925 3697 3131 3738 omnes
3160 3680 3222 3738 in
3248 3696 3390 3756 gyro
3421 3678 3758 3755 complevit,

488 3797 615 3853 quae
645 3779 790 3836 illud
822 3779 1146 3838 luculenter
1173 3787 1385 3839 ornant
1413 3784 1710 3855 decusque
1740 3786 1977 3855 augent,
2011 3786 2068 3838 et
2097 3782 2354 3855 amplius
2384 3781 2533 3838 mira
2562 3797 2672 3837 sua
2700 3779 3107 3853 magnitudine
3137 3779 3279 3836 dant
3306 3777 3630 3847 honorem;
3659 3778 3760 3834 ubi

413 3878 450 3934 5
485 3876 684 3946 etiam,
709 3880 865 3952 quod
898 3879 1097 3936 nullus
1127 3885 1258 3954 post
1277 3881 1732 3938 devastationem
1766 3881 2186 3936 Saracenorum
2218 3897 2389 3952 agere
2420 3879 2590 3934 nixus
2622 3882 2730 3946 est,
2754 3894 2959 3935 arcum
2986 3876 3122 3933 fecit
3151 3879 3520 3950 argenteum,
3555 3880 3614 3932 et
3641 3892 3760 3934 mc-

483 3975 600 4032 lius
629 3993 806 4050 quam
835 3977 974 4034 olim
1005 3979 1192 4035 fuerat
1223 3996 1398 4052 super
1423 3977 1887 4035 excellentiorem
1918 3979 2145 4034 trabem
2175 3995 2304 4050 quae
2335 3981 2424 4034 est
2453 3981 2588 4032 ante
2617 3974 2920 4048 cyborium
2949 3974 3010 4030 in
3042 3973 3236 4030 medio
3267 3973 3490 4046 posuit,
3509 3990 3759 4046 pensan.

481 4073 730 4132 libras...
780 4079 838 4132 et
877 4080 997 4133 tres
1042 4076 1332 4150 imagines
1382 4082 1706 4151 argenteas,
1738 4094 1857 4132 una
1887 4076 2135 4150 figuram
2166 4074 2398 4132 Domini
2429 4073 2766 4140 Salvatoris,
2800 4073 3032 4129 duabus
3059 4087 3194 4128 vero
3224 4068 3576 4142 angelorum
3609 4069 3762 4128 scul-

487 4171 604 4244 psit
633 4171 875 4246 effigies,
909 4191 974 4230 ac
1005 4174 1119 4230 illis
1150 4191 1356 4230 novem
1387 4173 1520 4230 libr.
1555 4175 1682 4231 auri
1715 4175 2004 4229 deaurans
2036 4172 2367 4246 subposuit,
2402 4188 2654 4244 quarum
2686 4187 2805 4227 una
2834 4187 3002 4244 pens.
3034 4167 3217 4224 libras
3241 4167 3613 4241 octuaginta.
3646 4167 3760 4224 alia

486 4267 665 4325 libras
712 4271 1102 4344 septuaginta,
1153 4273 1325 4328 tertia
1370 4289 1502 4328 vero
1546 4289 1711 4345 pens.
1756 4272 1937 4327 libras
1968 4271 2240 4328 similiter
2269 4269 2658 4343 septuaginta.
2693 4268 2965 4340 Fecitque
2991 4266 3209 4323 ibidem
3247 4281 3486 4322 crucem
3518 4281 3758 4322 auream

383 4365 450 4420 10
488 4383 667 4422 unam
700 4369 972 4440 pretiosis
1002 4369 1252 4442 gemmis
1281 4374 1566 4438 ornatam,
1601 4387 1842 4443 pensan.
1877 4368 2128 4425 libras...
2162 4373 2220 4424 et
2247 4369 2307 4424 in
2335 4367 2674 4424 summitate
2704 4366 2968 4438 ejusdem
2998 4380 3127 4420 eam
3160 4379 3333 4419 arcus
3361 4362 3612 4436 llocavit,
3658 4359 3759 4417 ubi

487 4479 590 4534 pro
623 4463 1007 4536 amplitudine
1039 4466 1264 4521 decoris
1294 4466 1422 4536 ejus
1455 4470 1627 4538 atque
1657 4464 1997 4537 speciminis
2028 4465 2308 4536 appendit
2336 4479 2614 4519 coronam
2644 4478 2885 4518 auream
2935 4477 3138 4527 unam,
3191 4475 3398 4516 cruces
3446 4461 3759 4533 argenteas

486 4559 654 4629 duas,
687 4560 896 4618 calices
925 4567 1230 4636 argenteos
1258 4564 1426 4630 duos,
1459 4567 1515 4618 et
1545 4568 1785 4636 staupos
1815 4566 2119 4634 argenteos
2151 4563 2318 4618 duos.
2349 4561 2525 4616 Porro
2561 4560 2623 4616 in
2654 4558 2965 4632 purpureis
2993 4555 3414 4620 marmoribus,
3445 4572 3580 4629 qua:
3625 4559 3758 4611 ante

488 4673 700 4730 corpus
731 4659 884 4716 beati
916 4661 1069 4717 Petri
1099 4660 1346 4734 apostoli
1374 4677 1551 4734 rugas
1582 4665 1885 4734 argenteas
1918 4660 2192 4729 retinent,
2223 4660 2424 4715 dextra
2451 4657 2707 4731 laevaque
2733 4657 2880 4714 duas
2911 4671 3114 4712 cruces
3145 4657 3457 4728 argenteas
3504 4653 3755 4712 offerens

486 4755 702 4826 posuit,
732 4773 896 4830 pens.
931 4757 1080 4812 lib...

589 4852 743 4910 612
774 4858 837 4908 In
872 4854 1223 4926 patriarchio
1255 4855 1543 4928 siquidem
1575 4855 1952 4911 Lateranensi
1984 4856 2227 4911 domum
2258 4852 2718 4928 pulcherrimam
2748 4850 3042 4924 nimisque
3072 4849 3347 4906 decoram
3379 4847 3510 4904 fieri
3553 4846 3756 4920 jussit.

489 4949 558 5004 Et
587 4951 905 5006 oratorium
935 4957 1146 5008 sanctae
1177 4952 1277 5008 Dei
1309 4953 1617 5009 Genitricis
1642 4953 1762 5009 illic
1792 4957 2159 5021 construens,
2189 4955 2380 5008 vestes
2408 4955 2466 5006 et
2496 4953 2895 5023 competentes
2920 4951 3163 5005 ornatus
3193 4963 3297 5020 pro
3347 4949 3582 5004 aeterna:
3631 4945 3758 5000 vita

489 5063 686 5102 amore
715 5046 972 5103 luciﬂuis
995 5049 1143 5106 votis
1173 5050 1298 5123 ipse
1329 5049 1708 5106 beatissimus
1739 5050 1998 5122 pontifex
2027 5049 2258 5106 obtulit.
2291 5049 2452 5105 Idem
2484 5047 2658 5105 etiam
2689 5065 2724 5103 a
2752 5047 2869 5104 Deo
2899 5049 3199 5120 protectus
3227 5047 3285 5100 et
3314 5043 3542 5102 calcati
3573 5043 3760 5117 gratia

495 5143 972 5201 circumvallatus
1003 5146 1192 5202 multa
1223 5165 1426 5203 casum
1453 5147 1742 5203 minantia
1767 5148 2062 5204 renovavit
2089 5147 2214 5203 loca
2243 5150 2603 5213 sanctorum,
2635 5150 2691 5201 et
2719 5143 2962 5201 diversis
2991 5141 3254 5200 ecclesiis
3273 5141 3762 5198 diversamunera

415 5240 452 5296 5
489 5241 754 5314 contulit,
783 5247 840 5298 et
860 5245 1168 5300 commoda
1193 5244 1521 5301 luculenter
1550 5245 1804 5301 adauxit.
1838 5247 1906 5300 Et
1936 5245 1995 5300 in
2027 5244 2260 5317 cyborio
2290 5243 2784 5300 Constantiniana:
2814 5240 3070 5298 basilicae
3099 5239 3357 5313 optimos
3388 5240 3462 5295 de
3495 5237 3683 5306 sit‘ori,
3704 5239 3760 5292 et

489 5337 558 5393 de
589 5339 832 5395 fundato
861 5345 1114 5412 quatuor
1142 5359 1364 5414 pannos
1385 5343 1682 5414 appendit.
1718 5342 1932 5398 Deinde
1961 5342 2124 5416 regni
2146 5342 2427 5398 ccelorum
2457 5341 2746 5416 clavigero
2777 5339 2936 5413 paris
2956 5339 3016 5394 in
3031 5336 3265 5409 cyborio
3279 5335 3518 5394 numeri
3531 5350 3754 5412 pannos

491 5436 742 5507 Optimos
773 5437 1002 5492 obtulit.
1038 5438 1100 5492 In
1130 5439 1374 5494 ecclesia
1403 5439 1656 5495 doctoris
1668 5439 1822 5513 genti
1833 5457 1931 5494 um
1946 5439 2216 5496 similiter
2227 5440 2382 5496 fecit.
2397 5440 2462 5494 In
2477 5438 2724 5495 ecclesia
2738 5440 2952 5494 sancta:
2965 5435 3066 5492 Dei
3080 5433 3396 5491 Genitricis
3411 5434 3485 5490 ad
3501 5434 3757 5504 Presepe

489 5531 613 5603 pari
662 5533 852 5600 modo,
903 5539 1126 5588 aeternas
1173 5553 1276 5608 pro
1317 5536 1714 5593 retributionis
1746 5535 2000 5610 prmmiis
2031 5537 2168 5610 egit.
2203 5539 2273 5592 Et
2303 5537 2360 5592 in
2395 5535 2641 5593 ecclesia
2671 5535 2860 5592 sancti
2897 5531 3189 5590 Laurentii
3221 5531 3441 5588 Christi
3473 5529 3749 5604 martyris

495 5625 632 5682 foris
664 5645 862 5685 muros
890 5629 1081 5698 Urbis,
1101 5649 1262 5704 aeque
1292 5649 1517 5703 pannos
1547 5634 1799 5704 optimos
1829 5638 2080 5706 quatuor
2105 5634 2165 5690 in
2179 5634 2410 5709 cyborio
2423 5633 2602 5690 dedit.
2619 5631 3034 5706 Hujusquippe
3055 5629 3208 5687 beati
3228 5629 3601 5703 temporibus
3620 5643 3759 5700 prae-

388 5717 454 5771 tO
489 5721 636 5778 sulis
665 5727 827 5778 tanta
856 5725 1090 5782 ubertas
1119 5732 1176 5783 et
1202 5728 1464 5785 victuum
1495 5730 1661 5802 copia
1690 5731 1930 5800 exstitit,
1964 5736 2030 5787 ut
2057 5749 2291 5788 omnem
2323 5731 2668 5789 memoriam
2699 5730 2872 5787 famis
2903 5727 3529 5802 decessorissuijfacta
3552 5725 3755 5783 diebus

494 5815 616 5870 haec
645 5817 917 5874 oblivioni
940 5822 1195 5878 traderet
1219 5825 1599 5881 abundantia.
1635 5827 1737 5882 Hic
1768 5828 1900 5882 fecit
1939 5827 2364 5886 ordinationem
2395 5846 2575 5886 unam
2605 5845 2712 5902 per
2739 5845 3005 5886 mensem
3040 5827 3344 5894 Martium,
3388 5824 3755 5898 presbyteros

501 5913 744 5980 septem,
769 5912 1043 5970 diaconos
1073 5923 1342 5989 quatuor,
1374 5921 1676 5992 episcopos
1706 5937 1808 5993 per
1836 5924 2065 5980 diversa
2093 5925 2221 5983 loca
2269 5944 2514 5984 numero
2547 5927 2850 6000 sexaginta
2893 5925 3172 6000 quinque.
3204 5926 3531 5998 Postquam
3561 5923 3753 5986 autem
