3928 6210
400 137 555 197 1379
1559 134 1941 196 ANASTASI

2264 134 2639 196 DTHECAR"
3655 141 3815 204 1380

395 268 494 343 21,
521 272 579 325 et
609 267 752 343 imp.
786 267 866 322 lin
905 268 994 334 22,
1023 265 1203 343 totius
1246 265 1378 343 Eccl
1425 269 1576 343 past.
1608 265 1808 343 Iin_23,
1841 282 2045 343 omnes
2075 268 2130 334 Α
2228 271 2375 343 Nam
2400 267 2527 343 581,
2567 266 2649 323 lin
2677 267 2733 338 5,
2766 267 2980 326 Salvat.
3005 284 3132 343 qua
3164 271 3426 330 Cesarea
3465 289 3606 332 nom
3639 290 3814 333 sum-

395 342 599 396 endam
629 337 904 408 dicimus,
935 337 1220 410 sapimus.
1255 338 1336 410 (in
1367 337 1496 404 edd,
1520 340 1658 410 tunc
1689 341 1808 410 tam
1840 337 2042 410 eodem
2157 337 2275 410 psit
2304 355 2336 392 a
2367 337 2604 394 nomine
2632 337 2856 396 cruces.

395 412 590 466 archie
636 411 852 482 iscopo.
887 411 966 464 lin
1006 408 1104 476 24,
1141 408 1384 464 refertis.
1423 410 1504 464 (in
1534 409 1624 474 25,
1656 408 1906 473 satiatis,
1942 427 2042 463 un.
2159 408 2170 410 θ
2222 413 2370 464 Nam
2398 412 2525 480 587,
2555 411 2636 465 (in
2663 411 2720 478 5,
2751 427 2854 483 per
2882 411 3128 468 miliam.

395 483 479 538 lin
508 429 631 538 emi:
661 481 854 537 exivit.
887 479 1204 536 Ecclesiam
1245 485 1441 536 autem
1479 479 1603 538 Dei.
1636 487 1696 535 ut
1725 481 1806 534 ιίη
1833 481 1890 538 9.
1912 497 2046 535 num
2221 481 2363 535 Num
2392 481 2520 538 589.
2551 482 2632 536 lin
2660 483 2715 538 5.
2749 498 2878 538 quae
2909 483 3125 538 retradi

379 483 479 543 ,1ιή
508 479 628 552 ead,
661 479 854 537 exivit.
887 479 1204 536 Ecclesiam
1245 485 1441 536 autem
1479 479 1603 545 Dei,
1636 487 1696 535 ut
1725 481 1806 534 lin
1833 481 1890 547 9,
1912 497 2046 535 num
2221 481 2363 568 Qum
2660 483 2728 568 §,_
2749 479 2878 554 quae
2909 483 3234 568 retradidit:

391 571 503 626 seq.
615 551 620 552 7
2221 551 2365 606 Num
2391 553 2518 620 59l,
2551 553 2633 608 lin
2666 554 2752 620 16,
2767 551 2890 610 ἠθο
2933 572 3178 612 morem.
3211 556 3294 614 (in
3320 557 3413 627 25,
3446 561 3682 617 nectare
3710 575 3808 616 sa-

403 626 606 705 ”Num
783 623 981 705 ιῦιλο2
1014 627 1274 705 vocatur.
1307 622 1388 705 lira
1419 621 1505 688 Η,
1539 621 1928 705 decoravere}.
1961 623 2042 678 lin
2150 622 2330 705 tiatis.
2392 693 2492 705 ’Μ
2557 695 2595 705 __
2663 698 2692 705 Δ
2900 695 2938 705 __
3027 699 3036 705 Δ
3175 697 3187 705 ⁵
3281 699 3293 705 _
3360 699 3400 705 __
3441 699 3456 705 _
3638 701 3654 705 _

391 694 483 764 43,
515 697 840 776 speciebus.
871 693 1346 776 Hujus‘denique.
1360 692 1722 764 temporibus
1752 692 2041 776 gloriosus
2186 694 2363 776 “Num
2387 693 2517 762 596,
2551 695 2634 751 lin
2660 698 2716 765 2,
2749 695 3141 769 appellantem
3171 697 3233 754 in
3267 699 3496 771 judicio
3526 717 3591 759 se
3619 701 3810 776 depo-

391 763 492 824 rex
521 763 830 839 Bulgarius
871 763 1004 839 cum
1060 769 1181 839 toto
1237 763 1352 839 sibi
1409 763 1586 835 regno
1617 763 2039 839 commisso_a_d
2150 765 2350 820 situm.

391 834 863 913 praadicationem
921 837 1049 913 ejus
1109 834 1437 913 baptizatus
1481 834 1593 900 est,
1624 841 1800 913 atque
1849 835 2038 913 archi-
2219 841 2367 913 Num
2672 835 2732 913 j,
2767 837 3244 913 Igitur_Hlothar.

389 905 749 987 episcopum“
772 905 1017 987 ipsemet
1057 905 1344 987 expetivit.
1383 911 1512 987 Ipse
1543 905 1741 987 autem
1772 906 2038 987 beatissi-
2217 912 2363 987 Nugz
2390 909 2516 987 5_98_,
2556 907 2640 964 lin
2667 909 2720 971 2,
2754 905 3000 987 consilio
3048 928 3380 987 usuesum.
3415 911 3505 987 _le'n
3534 915 3626 987 16,
3649 931 3806 987 uxo-

391 977 526 1057 njus
558 977 812 1057 pontifex
853 984 1036 1057 totum
1071 977 1357 1057 mbndum
1390 978 1631 1057 sedavit,
1666 983 1839 1057 atque
1885 977 2038 1057 _Pho-
2147 995 2266 1033 rem
2305 979 2556 1046 Bosinis,
2589 997 2716 1053 quas
2748 997 2884 1038 eun.
2927 983 3007 1038 (in
3053 983 3142 1040 48.
3174 982 3375 1057 ligata.
3408 985 3491 1041 (in
3518 977 3624 1053 24;
3645 986 3806 1042 illico

389 1052 537 1130 tium
558 1047 914 1130 'invasorem,
937 1053 996 1104 et
1025 1048 1406 1130 neophytum,
1431 1047 2035 1130 utnmmchumnejecit,
2146 1067 2296 1130 papa
2325 1066 2476 1130 esse;

388 1128 445 1200 et
469 1123 654 1200 juxta
703 1122 878 1176 ritum
911 1119 1149 1200 sanctag:
1171 1119 1449 1200 Romanis
1495 1119 1760 1200 Ecclesia:
1810 1119 1890 1174 ibi
1945 1137 2036 1174 ar-
2146 1119 2164 1122 ’
2209 1119 2351 1200 {vam
2377 1121 2502 1200 500,
2535 1121 2614 1200 (in
2644 1125 2731 1200 17,
2759 1139 2895 1200 μασξ
2925 1141 3083 1180 nunc
3113 1124 3478 1200 intentando.

388 1190 824 1266 chiepiscopum
847 1190 1169 1266 constituit.
1195 1191 1296 1246 Hic
1324 1191 1457 1246 fecit
1485 1191 1910 1266 ordinationem
1935 1207 2038 1264 per
2213 1197 2361 1249 Num
2388 1193 2515 1266 600,
2553 1192 2636 1248 lin
2664 1190 2722 1262 8,
2750 1190 2816 1266 in
2847 1195 2932 1251 eis
2960 1213 3176 1252 nuscas
3205 1196 3328 1252 ubi.

387 1263 664 1342 mensem
681 1263 1020 1342 Decembris
1051 1279 1251 1342 unam,
1285 1271 1345 1342 at
1367 1279 1502 1342 nam
1525 1263 1651 1331 6|2,
1684 1263 1765 1342 lin_
1797 1263 1881 1317 11.
1907 1263 1945 1342 .'
2213 1268 2360 1342 Qum
2388 1264 2514 1342 69:2,
2547 1266 2629 1342 (in
2656 1266 2711 1342 2,
2735 1265 2950 1342 Christi
2981 1267 3040 1323 in
3073 1268 3412 1342 Frascaram
3443 1269 3633 1342 princ.

453 1341 607 1418 illum
635 1335 981 1418 612ὲιίηοί3
1027 1339 1082 1388 et
1110 1334 1220 1418 Λ14,
1254 1338 1312 1418 et
1340 1333 1524 1418 princ.
1561 1350 1606 1388 r.
1633 1349 1703 1418 ex
1753 1332 1860 1418 hac
1907 1331 2000 1388 luc

2250 1335 2357 1390 lum
2381 1335 2508 1401 604,
2549 1336 2629 1392 lin
2678 1331 2732 1406 3,
2764 1336 2958 1394 innec.
2991 1338 3326 1412 recepisset.
3373 1331 3464 1397 ιίθί
3503 1343 3564 1412 7,
3594 1357 3801 1400 coram

386 1407 560 1476 migr.
614 1407 687 1462 ad
737 1405 1074 1461 Doninum.
1107 1405 1230 1468 Quo
1281 1405 1574 1460 defuncto.
1625 1405 1707 1460 (in
1762 1406 1842 1470 t7,
1895 1421 1937 1476 a]

387 1475 634 1553 stoli,_et
663 1476 911 1534 cessavit
955 1475 1327 1548 episcopatus
1377 1493 1562 1530 annos
1608 1479 1661 1543 8,
1715 1492 1937 1530 menses

1664 1405 1707 1460 ἠ
1762 1406 1842 1470 t7,
1895 1421 2032 1476 apo-
2143 1422 2376 1461 summo
2408 1423 2572 1477 praes.
2720 1405 2723 1406 ⁷
3121 1405 3142 1412 ’

1715 1492 1946 1530 menses
1974 1478 2030 1542 7,
2211 1481 2357 1553 I_V_um
2384 1477 2510 1553 605,
2545 1479 2627 1553 (in
2658 1479 2746 1546 14,
2766 1496 2887 1553 _cop
2919 1497 3023 1552 pro
3054 1496 3215 1553 pace.

385 1550 510 1605 dies
539 1550 594 1604 9.
2214 1551 2358 1602 Num
2384 1549 2511 1614 607,
2545 1551 2625 1605 lin
2669 1553 2722 1617 8,
2766 1549 3032 1608 habetur.
3054 1549 3470 1611 Nihilominus
3503 1555 3663 1612 Host.
3710 1555 3802 1612 lin

704 1654 856 1727 Apud
898 1655 1128 1710 Pcnium
1157 1670 1226 1708 ex
1253 1653 1433 1709 codice
1466 1653 1714 1708 Caucasi.
2040 1637 2087 1703 Β
2140 1617 3145 1749 ⁴ίλθξὲδὲίῧξιρῖῗῑὶἓὲἓᾶἓεάίί

743 1710 758 1727 .
2208 1710 2351 1745 num
2377 1710 2504 1756 ouo,
2537 1710 2620 1748 un
2652 1710 2738 1764 11,
2772 1710 3000 1766 legatis.

451 1763 595 1819 Num
619 1763 746 1830 577,
771 1763 854 1817 lin
886 1761 972 1827 l3,
1005 1777 1309 1816 coruscare
1339 1759 1520 1832 Cujus
1549 1764 1741 1815 ortatu
1772 1759 1866 1816 ad.
2207 1761 2350 1816 Num
2375 1763 2502 1828 612,
2535 1765 2618 1819 [in
2644 1765 2699 1832 6,
2733 1765 3029 1837 appendit.
3064 1764 3253 1823 Nichil
3282 1765 3588 1825 hominus.

1651 2041 1872 2114 CVIII.
1931 2042 2355 2115 ADRlANUS
2406 2043 2489 2113 Il.

1155 2234 1319 2282 ANNO
1363 2236 1600 2282 cuius-r1
1642 2219 1786 2297 867,
1832 2235 2110 2280 Lunovwl
2155 2235 2227 2293 ιι,
2272 2236 2384 2294 xu,
2426 2235 2631 2280 mres.
2678 2235 2891 2280 BASlLll
2937 2221 2994 2280 1.

591 2541 744 2597 618
773 2539 1084 2605 Adrianus,
1117 2538 1351 2594 natione
1383 2538 1702 2606 Romanus,
1727 2555 1794 2594 ex
1826 2541 1988 2612 patre
2017 2537 2248 2608 Talaro,
2281 2537 2688 2614 postepiscopo
2715 2538 2969 2614 regionis
2999 2538 3203 2608 tertias,
3227 2539 3382 2596 sedit
3407 2557 3599 2598 annos
3618 2542 3787 2615 quin-

517 2657 650 2714 que.
676 2638 779 2695 Hic
809 2655 878 2694 ex
907 2635 1298 2710 proximitatis
1349 2635 1689 2708 genealogis
1718 2637 1899 2692 beata:
1957 2638 2376 2694 recordationis
2405 2637 2598 2711 quarti
2630 2636 2908 2712 Stephani
2937 2641 2996 2694 et
3023 2637 3208 2712 Sergii
3253 2636 3516 2710 junioris
3546 2639 3782 2714 pontiﬁ-

515 2755 650 2796 cum
681 2735 1062 2800 descendens,
1089 2734 1228 2789 dum
1257 2733 1424 2790 miris
1453 2733 1696 2806 polleret
1726 2733 1954 2791 actibus
1973 2735 2363 2791 avenerandaa
2397 2735 2693 2792 memoria
2721 2738 2932 2809 quarto
2961 2734 3237 2809 Gregorio
3255 2734 3415 2792 sedis
3445 2736 3782 2810 apostolica

515 2833 760 2911 praesule
791 2831 1156 2889 subdiaconii
1203 2830 1448 2888 sortitus
1495 2835 1586 2887 est
1633 2831 2052 2888 ministerium.
2081 2832 2300 2888 Deinde
2327 2849 2462 2889 vero
2491 2831 2552 2887 in
2584 2831 2962 2890 Lateranensi
3006 2831 3361 2908 patrial-chio
3407 2832 3785 2893 familiariter

440 2937 476 2992 5
513 2937 856 3005 assumptus
881 2929 1256 2986 laudabiliter
1275 2934 1652 2986 conversatus
1675 2930 1746 2985 ad
1770 2931 2088 3003 regendum
2113 2929 2351 2986 titulum
2378 2930 2567 2987 sancti
2589 2931 2766 2987 Marci
2788 2931 3142 2990 confessoris
3157 2930 3374 2990 Christi
3391 2935 3573 3005 atque
3592 2933 3782 3006 ponti-

512 3033 638 3088 ﬁcis
667 3029 968 3104 presbyter
994 3027 1301 3084 ordinatus
1355 3031 1475 3083 tam
1530 3026 1966 3100 inculpabiliter
1994 3028 2214 3101 deguit,
2239 3032 2359 3084 tam
2388 3027 2634 3085 viriliter
2689 3027 3065 3096 ministravit,
3087 3033 3302 3088 ut-non
3355 3032 3592 3090 tantum
3623 3029 3784 3086 sicut

512 3131 700 3186 factus
731 3127 1052 3201 presbyter,
1079 3126 1181 3181 sed
1213 3125 1365 3180 sicut
1395 3124 1629 3180 futurus
1659 3125 1936 3197 pontifex,
1962 3130 2288 3182 reverenter
2317 3127 2389 3182 ab
2421 3126 2695 3183 omnibus
2721 3125 3028 3183 coleretur.
3052 3126 3354 3200 Siquidem
3387 3132 3451 3185 et
3473 3127 3544 3186 in
3568 3131 3790 3188 onerat

510 3233 570 3288 in
600 3229 829 3287 Christo
857 3229 1103 3299 eiusque
1134 3226 1442 3293 Genitrice,
1467 3227 1621 3298 apud
1654 3227 1823 3297 cujus
1867 3244 2122 3300 praesepe
2144 3226 2390 3300 jugibus
2418 3227 2781 3284 orationibus
2822 3228 3222 3295 incumbebat,
3245 3232 3412 3284 tanta
3443 3229 3688 3298 fiducia,
3715 3234 3792 3288 nt

509 3330 656 3385 bene
687 3325 907 3382 iaciens
938 3341 1053 3380 non
1084 3324 1373 3390 deficeret,
1399 3339 1503 3378 nec
1533 3323 1858 3395 quidquam
1891 3323 2270 3392 discriminis,
2294 3329 2506 3380 cuncta
2535 3342 2663 3397 quas
2701 3325 2918 3381 habere
2947 3329 3176 3398 poterat
3212 3325 3636 3384 discretissime
3663 3326 3788 3384 lar-

397 3429 470 3487 40
506 3429 692 3500 giens,
716 3423 1012 3479 incurrere
1043 3420 1399 3476 formidaret.
1423 3421 1570 3476 Nam
1602 3437 1735 3476 cum
1787 3420 1879 3476 die
1924 3421 2181 3492 quadam
2220 3422 2372 3478 inter
2400 3423 2904 3496 compresbyteros
2935 3440 3074 3480 suos
3104 3440 3171 3480 ac
3200 3422 3578 3482 sanctissimo
3629 3441 3788 3499 papa

509 3522 711 3594 Sergio
743 3517 1305 3576 eonsuetudinaliter
1324 3517 1578 3574 denariis
1599 3517 1989 3591 quadraginta
2009 3519 2294 3592 perceptis
2315 3521 2528 3576 domus
2559 3537 2678 3576 sure
2709 3525 2908 3593 portas
2929 3525 3223 3578 revertens
3243 3521 3470 3596 ingredi
3493 3521 3691 3592 vellet,
3715 3541 3786 3580 ac

509 3637 625 3694 pre
655 3615 1032 3674 multitudine
1054 3614 1652 3689 peregrinorum,quae
1684 3616 1762 3671 ibi
1798 3615 2150 3672 ﬁducialiter
2177 3634 2338 3673 more
2369 3616 2540 3674 solito
2559 3617 2717 3674 velut
2745 3619 2816 3674 ad
2837 3617 3114 3676 horreum
3145 3635 3458 3676 commune
3479 3620 3784 3678 conﬂuxe-

509 3721 618 3774 rat‘
642 3715 882 3773 omnino
905 3714 1205 3787 nequiret:
1231 3713 1634 3769 misericordia
1658 3718 1854 3770 motus
1875 3715 2130 3786 equestri
2157 3714 2233 3787 (α)
2255 3733 2361 3772 suo
2392 3714 2610 3783 retulit,
2635 3714 2716 3772 nil
2749 3716 2875 3772 sine
2915 3716 3096 3774 tantis
3124 3717 3406 3775 fratribus
3435 3715 3497 3774 in
3527 3717 3783 3775 tantillis

507 3813 764 3872 denariis
795 3813 907 3868 sibi
940 3829 1068 3868 esse
1098 3828 1428 3867 commune.
1449 3811 1711 3884 Cumque
1741 3811 1839 3867 ille
1868 3828 2056 3884 neque
2085 3812 2266 3868 tertias
2296 3811 2446 3886 parti
2477 3830 2801 3886 pauperum
2823 3813 3089 3888 singulos
3117 3815 3388 3872 denarios
3409 3831 3587 3888 posse
3619 3816 3784 3874 sufﬂ-

397 3914 470 3976 45
505 3929 634 3972 cere
665 3911 978 3978 intulisset,
1003 3911 1060 3965 in
1081 3910 1314 3978 virtute,
1341 3909 1634 3982 inquiens,
1658 3908 2010 3982 Christi,qui
2040 3910 2112 3966 de
2141 3909 2400 3984 quinque
2431 3911 2683 3984 panibus
2701 3916 2759 3968 et
2779 3912 3009 3969 duobus
3037 3911 3299 3985 piscibus
3321 3912 3589 3986 quinque
3611 3913 3782 3972 milia

505 4010 811 4070 hominum
845 4009 1099 4075 satiavit,
1120 4025 1236 4064 non
1268 4007 1519 4080 singulis
1548 4007 1834 4080 singulos,
1863 4008 1964 4064 sed
1989 4013 2186 4064 ternos
2207 4007 2456 4082 singulis
2482 4008 2752 4066 denarios
2771 4009 3043 4083 erogabo.
3065 4010 3136 4066 Et
3163 4009 3286 4067 hec
3306 4011 3511 4068 dicens
3533 4011 3782 4070 forinse-

501 4127 608 4166 cus
639 4113 815 4182 portaa
846 4106 1185 4172 succedens,
1209 4122 1276 4161 ac
1303 4105 1375 4160 de
1405 4122 1584 4161 manu
1634 4105 1921 4178 equestris
1961 4105 2052 4162 sui
2101 4105 2429 4179 suscipiens
2459 4107 2782 4180 peregrinis
2813 4107 3042 4163 cunctis
3090 4107 3529 4181 egredientibus
3575 4112 3780 4168 ternos

502 4205 808 4281 sigillatim
839 4204 1110 4261 denarios
1138 4203 1418 4274 erogavit,
1473 4203 1534 4258 In
1567 4219 1685 4275 qua
1712 4203 2137 4260 redundatione
2166 4220 2302 4259 cum
2343 4205 2656 4260 miraretur
2683 4209 2957 4278 equester
2984 4222 3102 4262 non
3131 4204 3322 4262 solum
3354 4205 3648 4264 defecisse
3676 4208 3778 4265 de-

500 4304 720 4370 narios,
743 4301 1006 4376 quinimo
1038 4299 1418 4374 superfuisse,
1443 4299 1702 4357 liberalis
1723 4301 2024 4374 presbyter
2053 4300 2154 4374 qui
2183 4306 2527 4374 supererant
2545 4302 2789 4358 domum
2817 4302 3104 4375 recipiens
3134 4302 3502 4360 multitudini
3533 4303 3776 4363 familia

389 4407 462 4463 20
500 4420 620 4460 suae
651 4405 848 4458 ternos
880 4398 1267 4455 nihilominus
1299 4398 1655 4476 personatim
1707 4416 1983 4456 nummos
2013 4397 2262 4472 largitus
2291 4404 2398 4456 est.
2432 4401 2506 4456 At
2535 4417 2668 4457 cum
2719 4417 2819 4458 sex
2874 4401 3077 4458 itidem
3111 4405 3490 4475 superessent
3514 4419 3529 4458 :
3553 4403 3778 4462 Videas

497 4516 675 4575 quam
709 4497 899 4571 largu-
940 4501 997 4552 et
1026 4513 1201 4569 quam
1234 4495 1430 4552 suavis
1460 4497 1538 4552 sit
1564 4495 2176 4568 omnipotentissimus
2201 4497 2507 4566 Dominus,
2532 4497 2631 4570 qui
2663 4498 3054 4572 quadraginta
3077 4499 3470 4571 quantitatem
3501 4517 3778 4560 nummo-

496 4616 629 4657 rum
660 4600 717 4653 et
746 4595 1025 4652 fratribus
1055 4594 1274 4650 nostris
1303 4611 1407 4666 per
1434 4598 1631 4650 ternos
1660 4593 1979 4664 distribuit,
2002 4598 2060 4650 et
2089 4595 2232 4650 mihi
2265 4599 2481 4665 ternos,
2508 4595 2733 4669 tibique
2760 4600 2960 4655 ternos
2991 4614 3159 4670 aequa
3187 4597 3334 4654 forte
3363 4597 3643 4656 servavit.

566 4698 723 4754 614
751 4695 887 4750 Erat
916 4697 1192 4766 praeterea
1246 4695 1420 4748 tanta
1477 4691 1897 4765 hospitalitatis
1926 4697 1984 4748 et
2008 4691 2320 4766 largitatis,
2345 4698 2409 4749 ut
2437 4710 2552 4750 non
2583 4694 2875 4752 immerito
2906 4695 3076 4754 beato
3103 4695 3214 4752 Job
3245 4695 3322 4769 (ὁ)
3343 4694 3406 4752 in
3455 4695 3554 4753 his
3583 4697 3778 4754 valeat

495 4793 842 4867 comparari,
870 4809 1006 4848 nam
1039 4791 1111 4847 ab
1144 4790 1392 4846 infantia
1421 4789 1598 4846 crevit
1654 4806 1789 4848 cum
1820 4807 1886 4846 eo
1917 4790 2315 4860 miseratio,et
2343 4793 2414 4848 de
2445 4796 2609 4848 utero
2641 4792 2848 4850 matris
2876 4810 3012 4850 cum
3069 4793 3198 4868 ipso
3228 4809 3467 4868 egressa
3496 4797 3610 4852 est.
3641 4795 3772 4853 Non

493 4891 857 4966 despiciebat
877 4893 1342 4963 praetereuntem,
1356 4905 1422 4944 eo
1444 4888 1600 4961 quod
1626 4905 1742 4944 non
1763 4887 2004 4945 haberet
2023 4888 2457 4959 indumentum,
2472 4891 2643 4962 cujus
2661 4889 2846 4948 latera
2865 4891 3148 4948 nimirum
3165 4891 3364 4950 ovium
3385 4891 3774 4951 calefaciehat

490 4989 824 5057 velleribus,
849 5003 954 5043 nec
982 4985 1305 5044 butcellam
1331 4985 1571 5058 quidem
1599 5002 1767 5042 suam
1790 4987 2133 5042 comedebat
2153 4985 2336 5054 solus,
2360 5003 2493 5044 cum
2515 4987 2668 5044 hanc
2697 5005 2832 5045 eum
2853 4988 3095 5062 pupillis
3114 4993 3172 5046 et
3191 4989 3392 5064 egenis
3411 4991 3769 5048 comederet.

417 5091 454 5146 5
490 5089 716 5162 Quippe
737 5086 835 5159 qui
859 5084 1064 5142 oculus
1085 5088 1240 5140 esset
1258 5100 1408 5140 caeco
1428 5087 1485 5140 et
1503 5099 1606 5156 pes
1626 5084 1982 5156 probabatur
2000 5083 2246 5141 existere
2270 5084 2500 5152 claudo,
2515 5089 2675 5155 et,ut
2703 5085 2939 5160 scriptis
2953 5087 3238 5144 virtutum
3260 5087 3392 5160 ejus
3418 5087 3771 5163 multiplici-

488 5193 582 5244 tas
604 5185 905 5252 referatur,
929 5187 1093 5256 pater
1113 5185 1238 5238 erat
1268 5198 1611 5254 pauperum,
1627 5185 1684 5238 et
1703 5182 1896 5239 cordis
1915 5182 2101 5238 vidua:
2124 5181 2470 5252 censolator,
2484 5183 2701 5240 ostium
2727 5185 2856 5257 ejus
2876 5183 3200 5242 viatoribus
3223 5185 3483 5258 patebat,
3505 5203 3619 5244 nec
3645 5191 3772 5244 erat

489 5284 694 5343 clausa
715 5283 902 5355 janua
922 5281 1135 5336 domus
1164 5279 1352 5352 ipsius
1373 5279 1674 5352 quippiam
1698 5279 2132 5352 postulantibus
2155 5281 2227 5337 ab
2251 5297 2338 5350 eo,
2363 5285 2430 5336 ut
2457 5281 2530 5338 ab
2561 5281 2722 5338 omni
2742 5281 2998 5339 clericali
3021 5283 3230 5356 gradu,
3249 5283 3322 5340 ab
3345 5284 3514 5340 omni
3540 5287 3772 5342 senato-

487 5384 576 5440 rio
605 5385 665 5438 et
685 5378 950 5453 populari
978 5377 1436 5434 concordissimo
1457 5381 1629 5445 cmtu,
1659 5378 1811 5434 sicut
1833 5383 1964 5451 post
1985 5382 2232 5435 mortem
2253 5378 2448 5452 quarti
2468 5395 2629 5453 papa:
2653 5379 2883 5447 Leonis,
2906 5379 2990 5437 ita
3010 5384 3143 5454 post
3161 5379 3388 5437 obitum
3410 5380 3574 5438 tertii
3597 5382 3771 5440 Bene-

487 5478 627 5537 dieti
649 5476 945 5551 pontificis
964 5476 1034 5547 (c)
1056 5475 1253 5531 subire
1284 5491 1586 5532 summum
1609 5474 1995 5548 pontificium,
2015 5475 2128 5533 nisi
2150 5475 2277 5550 ipse
2297 5476 2543 5533 diversis
2565 5477 2930 5550 argumentis
2950 5481 3008 5534 et
3027 5477 3336 5552 exquisitis
3365 5479 3766 5536 excusationi-

381 5575 451 5633 10
488 5579 600 5634 bus
619 5573 942 5630 verecunde
971 5572 1440 5646 subterfugisset,
1466 5576 1788 5646 cogeretur.
1812 5571 1928 5630 Sed
1947 5590 2081 5630 cum
2106 5572 2437 5647 apostolicae
2458 5573 2752 5630 memoria:
2774 5575 3187 5632 sanctissimus
3207 5591 3361 5650 papa
3378 5575 3662 5634 Nicolans
3682 5591 3769 5633 re-

486 5675 600 5732 bus
617 5669 962 5729 excessisset
977 5669 1338 5740 humanis,et
1352 5669 1462 5727 iste
1477 5671 2008 5743 impraesentiarum
2022 5671 2259 5728 tertium
2278 5671 2551 5745 quintum
2569 5671 2988 5746 etvigesimum
3006 5689 3230 5732 annum
3244 5671 3764 5746 transiret,omnes

1519 5803 1770 5849 NOTULE
1811 5801 2196 5852 IARGINALES
2245 5803 2564 5850 FABBOTTI.

416 5890 494 5974 (a)
523 5888 808 5966 equestri,
826 5889 1191 5968 dispensatori
1216 5905 1336 5952 suo.
1409 5891 1490 5966 (b)
1517 5892 1634 5954 Job.
1666 5908 1864 5954 smn.
1941 5891 2010 5972 (ο)
2036 5892 2174 5954 Nota
2202 5894 2404 5954 iterum
2427 5893 2786 5956 Benedictum
2812 5895 2980 5959 uani
3005 5895 3092 5959 IV
3113 5895 3419 5960 succedere.
