3928 6210
135 216 276 282 1381
864 210 1238 274 HISTORIA
1285 212 1387 272 DE
1429 209 1630 272 VlTlS
1677 206 1867 270 ROM.
1917 209 2244 271 PONT.—
2279 209 2681 275 ADRIANUS
2727 212 2804 274 ll.
3380 216 3540 280 1382

267 349 435 407 urbis
467 349 740 405 Romanae
773 345 1060 411 concives,
1092 341 1270 401 simul
1302 347 1359 400 et
1387 342 1470 409 hi,
1505 358 1651 414 quos
1685 339 2047 397 extrinsecus
2094 345 2234 396 tunc
2279 342 2482 398 adesse
2515 342 2859 415 contigerat,
2892 349 3011 401 tam
3044 363 3327 420 pauperes
3357 367 3538 423 quam

270 446 639 514 divites,tam
673 443 957 500 clericalis
987 443 1126 498 ordo
1159 459 1335 514 quam
1371 445 1647 495 cunctum
1682 438 1880 510 populi
1918 438 2148 510 vulgus,
2175 439 2366 494 omnis
2394 439 2615 495 scilicet
2638 441 3237 514 mtatis,professionis
3267 452 3324 503 et
3344 467 3538 517 sexus,

271 548 676 616 contemptum
709 541 984 598 omnibus
1016 538 1488 596 excusationibus
1512 535 1828 592 Adrianum
1861 536 2212 602 desiderant,
2229 537 2547 592 Adrianum
2569 538 2690 592 dari
2713 538 2825 593 sibi
2841 540 3147 610 praesulem
3169 561 3233 598 ac
3251 551 3540 616 pastorem

167 645 234 701 45
274 646 568 716 exoptant.
594 639 922 711 Nullusque
945 639 1003 693 in
1028 638 1206 694 totius
1228 636 1399 692 Urbis
1421 635 1786 707 amplissimo
1819 634 2008 706 spatio
2043 639 2305 706 repertus
2333 635 2567 706 est,nisi
2593 636 2680 691 vel
2703 654 2764 692 se
2787 636 2873 693 vel
2896 655 3068 692 suum
3102 657 3389 713 quemque
3413 660 3542 714 pro-

271 741 403 797 vehi
433 737 849 809 voluisset,qui
880 753 996 792 non
1023 735 1343 791 Adrianum
1377 733 1700 806 promoveri
1725 733 1795 788 ad
1824 731 1933 787 hoc
1958 731 2186 788 cnlmen
2223 733 2564 789 medullitus
2605 739 2918 805 exoptaret.
2955 736 3225 792 Proceres
3254 756 3386 795 vero
3414 739 3549 797 licet

273 839 464 896 soluto
486 837 546 892 in
569 837 717 892 duas
740 839 934 907 partes
968 851 1206 906 corpore
1231 833 1569 888 viderentur
1595 847 1721 887 esse
1755 830 1946 895 divisi,
1981 849 2096 886 una
2127 835 2321 886 tamen
2356 836 2550 887 mente
2578 833 2821 905 parique
2854 834 3007 888 circa
3038 835 3192 890 hunc
3226 836 3550 909 flagrabant

274 934 796 1007 ardore,quoniam
821 949 1057 989 causam
1083 929 1387 986 divisionis
1409 945 1610 985 eorum
1637 945 1751 984 non
1776 927 1887 983 nisi
1910 928 2128 984 nimius
2150 929 2208 984 in
2226 933 2457 984 tantum
2475 930 2664 985 virum
2685 931 2930 986 faciebat
2955 932 3261 990 charitatis
3283 935 3548 1003 affectus,

276 1036 418 1090 dum
453 1033 536 1089 sic
568 1032 850 1088 alterutra
879 1048 1016 1104 pars
1049 1029 1158 1086 sibi
1191 1028 1445 1101 praeferri
1481 1027 1738 1100 gestiret,
1775 1031 1840 1082 ut
1867 1026 1916 1082 si
1949 1025 2106 1082 hunc
2159 1027 2342 1082 altera
2391 1045 2526 1100 pars
2571 1028 2865 1100 deligeret,
2899 1046 3036 1101 pars
3086 1030 3270 1086 altera
3318 1033 3551 1105 penitus

166 1133 235 1189 20
276 1132 596 1202 dubitaret,
619 1146 725 1186 nec
755 1133 880 1184 erat
910 1128 988 1184 ibi
1018 1126 1168 1200 parti
1193 1125 1357 1182 alteri
1391 1124 1677 1180 retinendi
1703 1126 1779 1196 (a)
1802 1123 2092 1191 voluntas,
2131 1124 2243 1180 nisi
2287 1124 2422 1196 quia
2449 1125 2802 1197 opinabatur
2828 1143 2953 1182 eam
2989 1145 3097 1183 sua
3126 1127 3184 1183 in
3217 1129 3397 1186 alium
3419 1135 3554 1187 vota

279 1229 550 1302 dirigere,
578 1225 895 1300 przesertim
925 1241 1060 1280 cum
1093 1223 1264 1279 multi
1297 1222 1739 1288 monachorum,
1765 1221 2027 1295 plerique
2052 1222 2458 1294 religiosorum
2482 1225 2850 1282 sacerdotum
2875 1242 2937 1280 ac
2963 1225 3221 1282 ﬁdelium
3243 1226 3547 1298 laicorum,

282 1325 514 1383 cmlitus
543 1323 777 1379 emissis
805 1321 1350 1387 visionibus,multo
1374 1321 1500 1391 jam
1534 1323 1794 1390 tempore
1823 1320 2142 1374 Adrianum
2179 1320 2440 1374 futurum
2470 1321 2803 1392 pontificem
2830 1339 2941 1376 non
2967 1322 3156 1378 solum
3191 1325 3548 1396 dubitarent,

277 1439 482 1480 verum
513 1421 687 1478 etiam
721 1419 938 1493 apertis
967 1418 1207 1474 vocibus
1237 1418 1685 1490 proclamarcnt.
1721 1422 1878 1473 Inter
1928 1434 2075 1488 quos
2128 1417 2369 1489 quidam
2417 1418 2737 1474 Adrianum
2769 1418 2828 1474 in
2862 1421 2997 1475 sede
3027 1421 3345 1494 apostolica
3377 1423 3552 1496 pallio

280 1519 546 1576 humeris
572 1519 824 1575 obducto
856 1515 1200 1573 reclinatum
1232 1514 1645 1571 videbantzalii
1668 1532 1801 1570 eum
1826 1532 1959 1570 cum
1994 1515 2331 1587 apostolicis
2363 1516 2566 1573 infulis
2599 1517 2811 1574 missas
2843 1517 3554 1578 celebrantemmonnulli

169 1619 242 1674 25
282 1634 444 1674 more
479 1615 793 1689 apostolico
816 1614 875 1670 in
900 1614 1143 1670 basilica
1166 1613 1537 1670 Lateranensi
1561 1630 1767 1669 aureos
1793 1630 2027 1685 erogare
2053 1631 2065 1669 ε
2095 1614 2358 1686 plerique
2381 1615 2438 1670 in
2464 1633 2632 1686 equo,
2658 1617 2827 1687 cujus
2851 1617 3113 1674 sessione
3143 1621 3554 1679 sanctissimus

281 1732 432 1788 papa
449 1713 724 1770 Nicotaus
747 1713 816 1767 ad
845 1715 1115 1768 sanctum
1142 1716 1376 1767 Petrum
1403 1727 1648 1783 pergens
1672 1728 1816 1766 usus
1841 1710 2049 1776 fuerat,
2072 1727 2204 1765 eum
2231 1728 2365 1765 cum
2399 1711 2719 1783 pontiﬁcali
2752 1713 2928 1784 pallio
2958 1714 3300 1786 impositum
3334 1735 3552 1789 praece-

285 1811 557 1868 dentibus
587 1807 948 1866 axiomatieis
979 1812 1036 1864 et
1062 1808 1556 1879 subsequentibus
1581 1807 1822 1879 reliquis
1844 1808 2031 1862 turbis
2063 1809 2122 1862 in
2156 1807 2368 1863 Urbem
2406 1808 2592 1864 redire
2625 1809 3163 1883 patriarchiumque
3195 1813 3393 1869 subire
3425 1831 3557 1870 con-

283 1913 613 1982 spexerant.
644 1907 863 1962 Verum
894 1906 994 1961 ubi
1026 1905 1399 1962 evidentibus
1432 1903 1665 1960 indiciis
1695 1904 1853 1960 hunc
1886 1905 2158 1960 eumdem
2193 1909 2440 1976 utraque
2471 1910 2637 1976 parte
2681 1905 2849 1978 dirigi
2883 1906 3113 1975 claruit,
3142 1913 3304 1965 tanta
3328 1911 3387 1966 in
3419 1929 3553 1967 eum

288 2007 486 2064 unitas
509 2011 565 2062 et
587 2005 918 2062 animorum
941 2008 997 2059 et
1019 2019 1326 2075 corporum
1356 2002 1485 2068 fuit,
1517 2006 1582 2057 ut
1612 2019 1795 2057 unum
1829 2001 1888 2056 in
1920 2002 2004 2058 eis
2035 2019 2171 2074 erga
2200 2004 2472 2058 eumdem
2522 2003 2744 2059 domini
2793 2006 3152 2062 sacerdotem
3185 2025 3284 2064 cor
3312 2014 3369 2064 et
3401 2027 3554 2066 unus

180 2107 257 2162 30
293 2103 539 2178 spiritus
559 2102 750 2160 inesse
763 2103 1037 2159 omnibus
1049 2101 1369 2170 videretur;
1394 2101 1475 2156 ita
1495 2103 1561 2156 ut
1580 2099 1729 2172 lapis
1745 2117 1813 2154 an
1821 2099 2005 2172 gulari
2015 2117 2063 2166 s,
2079 2100 2235 2156 salva
2249 2101 2608 2157 reverentiaJ
2614 2118 2714 2156 esu
2730 2101 2943 2158 Christi
2957 2103 3185 2159 Domini
3200 2107 3380 2162 nostri
3391 2149 3404 2172 ,
3421 2124 3559 2180 quo-

297 2203 434 2258 dam
457 2201 630 2258 modo
652 2200 837 2274 possit
856 2198 1067 2256 vocari.
1083 2199 1368 2265 Quoniam
1395 2215 1497 2271 per
1509 2197 1923 2261 ostensionem,
1939 2197 2056 2252 imo
2069 2197 2484 2269 profectionem
2497 2216 2686 2267 suam,
2702 2199 3280 2259 solvensinimicitias
3293 2205 3556 2261 cordium

298 2299 435 2358 fecit
457 2304 702 2372 utraque
724 2316 930 2355 unum.
946 2297 1212 2355 Collectis
1235 2296 1414 2369 igitur
1434 2295 1708 2352 omnibus
1733 2300 1852 2351 tam
1875 2295 2165 2367 episcopis
2186 2313 2319 2350 cum
2344 2296 2613 2352 universo
2634 2296 2805 2364 clero,
2823 2315 2998 2369 quam
3019 2299 3558 2371 primoribusUrbis

301 2414 437 2454 cum
469 2396 1007 2454 obsecundantibus
1036 2395 1146 2452 sibi
1175 2394 1427 2468 populis,
1461 2394 1534 2450 ab
1564 2393 1808 2450 ecclesia
1838 2398 2048 2448 sancta:
2082 2392 2181 2447 Dei
2208 2393 2517 2449 Genitricis
2548 2411 2890 2467 semperque
2921 2395 3160 2469 virginis
3192 2391 3406 2467 Mariae,
3435 2417 3560 2473 quas

299 2495 626 2570 appellatur
655 2496 727 2550 ad
760 2495 1037 2566 Praesepe,
1072 2494 1318 2565 rapitur,
1349 2492 1621 2557 trahitur,
1655 2496 1711 2546 et
1741 2493 1810 2546 ad
1845 2492 2234 2546 Lateranense
2263 2491 2681 2562 patriarchium
2714 2493 2978 2548 certatim
3011 2511 3077 2550 ac
3110 2512 3144 2550 a
3173 2512 3475 2568 procerum
3508 2502 3567 2554 et

189 2597 266 2652 35
302 2593 491 2668 plebis
512 2591 892 2649 multitudine
915 2591 1441 2664 deportatur.Quod
1463 2589 1764 2644 audientes
1785 2593 1924 2643 tunc
1937 2588 2101 2643 missi
2126 2588 2406 2660 principis
2429 2590 2669 2645 moleste
2690 2589 3186 2665 tulere,indignati
3211 2594 3432 2650 scilicet
3449 2613 3564 2652 non

302 2693 460 2765 quod
492 2695 722 2746 tantum
743 2690 932 2745 virum
955 2688 1176 2744 nollent
1206 2688 1563 2760 pontificem,
1587 2704 1762 2758 quem
1795 2685 2075 2741 nimirum
2110 2686 2278 2740 anxie
2308 2686 2645 2757 cupiebant,
2668 2687 2768 2741 sed
2802 2689 2955 2758 quod
2987 2705 3048 2743 se
3077 2690 3216 2745 dum
3246 2697 3564 2762 praesentes

303 2793 524 2855 essent,
547 2788 790 2861 quirites
822 2804 937 2843 non
966 2785 1475 2854 invitaverint,nec
1505 2788 1716 2856 optatae
1748 2801 1782 2838 a
1812 2800 1872 2838 se
1904 2781 2087 2839 futuri
2121 2781 2386 2854 praesulis
2416 2782 2682 2838 electioni
2713 2784 2993 2840 interesse
3025 2788 3564 2856 consenserint.Qui

304 2891 542 2959 accepta
572 2886 796 2942 ratione
816 2885 970 2958 quod
992 2901 1106 2939 non
1127 2882 1372 2956 Augusti
1408 2899 1584 2938 causa
1614 2881 2122 2952 contemptus,sed
2153 2879 2328 2934 futuri
2353 2879 2631 2951 temporis
2659 2881 2768 2935 hoc
2799 2881 3084 2938 omissum
3116 2884 3292 2940 fuerit
3323 2887 3563 2944 omnino

305 2988 637 3058 prospectu,
672 3000 744 3040 ne
772 2982 1038 3038 videlicet
1077 2979 1300 3054 legatos
1348 2979 1678 3052 principum
1709 2979 1768 3033 in
1801 2977 2078 3034 electione
2128 2977 2522 3032 Romanorum
2556 2977 2870 3050 praesulum
2903 2996 3030 3034 mos
3059 2984 3428 3054 exspectandi
3463 3001 3567 3057 per

195 3085 267 3140 40
304 3080 647 3154 hujusmodi
680 3080 941 3136 fomitem
973 3077 1334 3146 inolesceret,
1351 3093 1584 3133 omnem
1608 3094 1725 3132 suae
1750 3075 1960 3131 mentis
1980 3074 2441 3147 indignationem
2468 3074 2804 3131 medullitus
2827 3076 3119 3148 sedavere,
3135 3095 3199 3134 ac
3215 3080 3287 3134 ad
3311 3079 3569 3138 salutan-

307 3181 448 3236 dum
481 3179 728 3235 electum
759 3177 935 3233 etiam
961 3175 1074 3248 ipsi
1105 3175 1408 3230 humiliter
1438 3191 1750 3230 accessere.

379 3277 530 3333 615
565 3279 825 3346 Cumque
884 3272 1301 3346 patriarchium
1365 3274 1754 3327 Lateranense
1813 3271 2212 3336 ascenderent,
2273 3274 2449 3342 atque
2509 3271 2942 3338 descenderent,
2975 3274 3152 3329 tantis
3210 3275 3567 3333 clamoribus

309 3376 592 3432 universae
615 3372 798 3446 plebis
824 3377 889 3427 ut
910 3371 1020 3427 sibi
1048 3371 1147 3426 diu
1170 3371 1533 3426 desideratus
1552 3369 1638 3424 vir
1657 3371 1729 3424 ad
1753 3370 2211 3425 consecrandum
2234 3369 2471 3424 daretur
2486 3368 2840 3424 clamitantis
2861 3370 3085 3427 obsessi
3110 3377 3265 3441 sunt,
3281 3379 3347 3428 ut
3368 3375 3569 3432 nullus

307 3489 509 3530 eorum
532 3470 826 3543 loquentis
848 3486 1046 3524 secum
1071 3467 1302 3541 collegae
1325 3469 1414 3524 sui
1436 3469 1610 3524 verba
1632 3472 1829 3540 posset
1851 3467 2213 3523 audire.Erat
2234 3467 2388 3521 enim
2413 3484 2648 3522 cernere
2670 3467 2932 3541 singulos
2945 3469 3098 3524 circa
3110 3473 3570 3529 consecrandum

309 3570 644 3644 pontificem
704 3572 924 3623 tantam
988 3565 1318 3622 dilectionis
1380 3565 1701 3621 efficaciam
1756 3564 2072 3638 possidere,
2107 3569 2387 3636 quantam
2447 3582 2554 3620 nec
2601 3565 2816 3621 vidisse
2862 3583 2969 3622 nec
3006 3566 3269 3623 visurum
3309 3586 3573 3642 unquam

235 3672 273 3726 5
311 3669 443 3742 quis
466 3667 832 3722 aestimasset.
857 3663 1114 3736 Denique
1135 3680 1340 3720 omnes
1361 3663 1518 3719 hunc
1543 3663 1810 3718 certatim
1834 3679 2030 3717 coram
2052 3661 2272 3718 eisdem
2297 3662 2505 3735 legatis
2533 3679 2753 3734 rapere,
2773 3668 2831 3719 et
2851 3664 2922 3719 ad
2953 3681 3255 3721 summum
3275 3667 3579 3726 Pontiﬁca-

309 3772 407 3823 tus
431 3765 652 3838 apicem
686 3761 1121 3836 proveheudum
1143 3761 1391 3828 trahere,
1418 3778 1484 3816 ac
1514 3761 1682 3815 anxie
1713 3760 2050 3814 nitebantur
2080 3765 2328 3831 portare,
2364 3761 2475 3815 nisi
2508 3760 2809 3816 blanditiis
2863 3769 3200 3819 senatorum
3231 3769 3287 3820 et
3315 3767 3578 3824 consiliis

311 3861 745 3936 aliquantulum
768 3861 952 3916 sedati
977 3859 1508 3924 fuissent.Quorum
1525 3858 1790 3912 omnium
1807 3855 2213 3912 unanimitatis
2238 3857 2590 3912 desiderium
2606 3859 2851 3914 audiens
2865 3860 3194 3917 Ludovicus
3207 3861 3581 3921 Christianis-

313 3962 501 4019 simus
530 3960 865 4032 imperator,
889 3973 1246 4030 cognoscens
1264 3955 1438 4012 etiam
1463 3953 1714 4026 qualiter
1733 3954 1792 4008 in
1817 3971 1881 4009 eo
1906 3955 2204 4009 decretum
2227 3954 2349 4009 suis
2374 3955 2904 4026 subscriptionibus
2939 3957 3375 4026 roboraverunt,
3408 3961 3578 4018 valde

313 4059 549 4134 gavisus
569 4063 676 4114 est.
700 4058 770 4112 Et
790 4060 853 4112 ut
875 4060 1074 4112 tantus
1113 4053 1343 4110 Domini
1395 4051 1651 4109 famulus
1683 4051 2028 4123 cunctisque
2058 4051 2335 4123 gentibus
2365 4051 2634 4107 videlicet
2658 4057 2776 4108 tam
2811 4053 3090 4109 Romanis
3123 4072 3298 4127 quam
3330 4057 3580 4116 diversis

208 4161 276 4216 lO
314 4156 554 4214 advenis
575 4155 940 4211 desideratus
959 4158 1016 4209 et
1037 4151 1439 4208 desiderabilis
1461 4149 1800 4206 Christianae
1823 4148 1974 4221 plebi
2006 4149 2414 4220 praeﬁceretur,
2440 4148 2781 4206 medullitus
2813 4153 3130 4223 exoptavit:
3147 4157 3205 4208 et
3235 4170 3369 4208 mox
3399 4154 3580 4227 impe~

315 4255 518 4312 rialem
543 4253 804 4308 scribens
824 4249 1401 4324 epistolam,cunctos
1415 4249 1708 4304 Romanos
1720 4248 1874 4318 quod
1887 4247 2130 4318 dignum
2146 4250 2306 4301 tanto
2329 4246 2640 4318 elegissent
2661 4249 2850 4304 officio
2873 4249 3179 4320 praesulem
3203 4250 3576 4324 collaudavit,

314 4372 416 4426 per
436 4368 616 4426 quam
635 4349 902 4406 videlicet
920 4348 1194 4416 innotuit,
1219 4347 1363 4402 nulli
1387 4346 1690 4419 quippiam
1714 4345 1934 4417 praemii
1962 4345 2078 4400 fore
2100 4360 2169 4399 ex
2193 4345 2626 4400 consecratione
2648 4343 3097 4419 ipsius,quoquo
3121 4349 3292 4403 modo
3307 4348 3581 4420 pollicen-

315 4449 759 4521 dum,cumipse
772 4447 921 4502 hanc
936 4463 1048 4502 non
1064 4462 1306 4502 suorum
1321 4444 1824 4517 suggestione,sed
1843 4443 2238 4499 Romanorum
2262 4442 2458 4514 potius
2478 4441 2866 4499 unanimitate
2887 4450 3216 4502 commotus
3236 4447 3579 4505 ardentissi-

314 4567 408 4606 me
429 4550 667 4621 cuperet
685 4545 987 4618 provenire
1009 4561 1022 4600 :
1048 4543 1301 4599 maxime
1331 4559 1466 4597 cum
1507 4541 1669 4597 reddi
1711 4559 1836 4613 qua
1885 4540 2078 4596 ablata
2124 4541 2373 4607 fuerant,
2399 4557 2513 4594 non
2544 4541 2758 4595 auferri
2783 4542 2854 4597 ab
2886 4542 3146 4599 Ecclesia
3175 4545 3457 4612 Romana,
3487 4547 3580 4604 vel

209 4648 280 4704 45
316 4645 580 4719 deperire
609 4641 913 4716 quippiam
945 4658 1008 4698 se
1037 4641 1254 4696 diceret
1274 4655 1488 4695 amare.
1515 4643 1716 4711 Itaque
1749 4639 1984 4694 Sabbati
2016 4637 2266 4710 peractis
2297 4636 2403 4692 rite
2432 4637 2814 4704 orationibus,
2843 4637 3058 4710 vigiliis
3087 4645 3144 4694 et
3173 4640 3577 4714 eleemosynis,

317 4742 619 4800 Dominico
650 4740 973 4797 secundum
1004 4754 1226 4794 morem
1281 4737 1436 4792 idem
1492 4737 1842 4792 venerabilis
1902 4737 2173 4792 sacerdos
2204 4736 2275 4791 ab
2307 4733 2682 4790 universitate
2714 4735 2788 4790 ad
2819 4734 3125 4792 ecclesiam
3183 4738 3370 4793 sancti
3431 4740 3580 4796 Petri

317 4839 713 4914 apostolorum
727 4836 1008 4911 principis
1021 4837 1232 4892 ductus
1245 4852 1397 4890 nono
1410 4833 1633 4890 decimo
1657 4833 1899 4890 Kalend.
1915 4835 2024 4890 Jan
2035 4833 2328 4889 uariarum
2351 4831 2698 4887 indictionel
2716 4876 2728 4900 ,
2747 4849 2898 4888 anno
2921 4834 3144 4904 praefati
3164 4836 3411 4907 Augusti
3424 4837 3580 4893 deci-

317 4957 413 4995 mo
445 4954 618 5004 nono,
655 4953 758 5008 per
784 4936 1088 5008 episcopos
1119 4931 1656 5002 reverendissimos,
1691 4932 1912 4988 scilicet
1943 4933 2174 4988 Petrum
2209 4932 2546 4996 Gavensem,
2584 4930 2834 4986 Leonem
2868 4930 3032 4986 Silvae
3065 4932 3583 4997 Candidae,deinde

318 5037 489 5094 tertio
521 5034 647 5092 loco
679 5035 971 5090 Donatum
998 5031 1345 5098 Ostiensem,
1382 5031 1515 5104 quia
1573 5030 1882 5104 episcopus
1938 5030 2289 5086 Albanensis
2341 5029 2582 5096 obierat,
2615 5030 2928 5084 Formosus
2983 5047 3117 5086 vero
3177 5031 3516 5088 Portuensis
3548 5050 3584 5090 a

211 5137 281 5190 20
318 5133 656 5192 beatissimo
678 5132 911 5188 Nicolao
934 5131 1005 5186 ad
1028 5128 1497 5202 praedicationem
1518 5128 2032 5184 etinstructionem
2048 5127 2428 5200 Bulgarorum
2445 5127 2770 5183 destinatus
2784 5127 3582 5194 exstiterat,benedictionem

319 5232 537 5290 summi
563 5231 936 5303 pontificatus
957 5229 1029 5284 ad
1051 5225 1502 5284 consolationem
1524 5225 1790 5281 videlicet
1811 5227 2132 5282 multorum
2156 5231 2368 5282 sanctae
2392 5227 2489 5281 Dei
2514 5225 2777 5281 Ecclesiae
2800 5224 3073 5291 filiorum,
3090 5226 3188 5298 qui
3203 5227 3583 5285 factiosorum

318 5330 624 5404 tyrannide
645 5328 887 5384 liberius
911 5326 1079 5383 solito
1103 5324 1369 5380 saeviente
1390 5323 1543 5378 inter
1561 5324 1738 5378 unius
1764 5323 2181 5392 decessionem,
2208 5329 2265 5380 et
2297 5324 2534 5380 alterius
2567 5323 3040 5380 substitutionem
3072 5323 3364 5395 pontificis
3396 5325 3584 5384 diver-

320 5429 404 5486 sis
430 5428 755 5501 agebantur
780 5423 1020 5492 exsiliis,
1052 5421 1345 5493 variisque
1374 5420 1780 5476 afﬁciebantur
1811 5420 2220 5487 incommodis,
2256 5423 2552 5494 suscipere
2583 5421 2795 5477 meruit
2823 5421 2882 5476 in
2913 5420 3146 5476 nomine
3177 5421 3429 5478 Domini.

391 5527 545 5583 616
577 5523 877 5596 Siquidem
901 5522 972 5577 ad
999 5519 1390 5577 celebritatem
1415 5517 1606 5572 missae
1631 5517 1818 5589 ipsius
1845 5521 1962 5572 tam
1988 5517 2348 5573 incredibilis
2372 5519 2594 5574 exstitit
2617 5519 3296 5588 multitudo,utcertatim
3315 5521 3386 5576 de
3403 5537 3586 5579 manu

319 5627 450 5698 ejus
481 5623 757 5680 omnibus
785 5619 1220 5676 communicare
1252 5616 1574 5672 nitentibus
1603 5614 2020 5688 Theutgaudus
2069 5615 2439 5670 Trevirorum
2487 5617 2982 5691 archiepisc0pus,
3017 5623 3072 5674 et
3098 5617 3405 5675 Zacharias
3433 5620 3586 5676 Ana-

320 5724 539 5797 gninus
569 5717 1337 5794 episcopus,quiaadomno
1366 5713 1600 5770 Nicolao
1631 5712 1952 5770 sacerdotio
1986 5713 2262 5768 denudati
2296 5711 2470 5769 etiam
2503 5716 2917 5774 communione
2947 5720 3274 5788 caruerunt,
3291 5715 3590 5792 simulque

1368 5847 1616 5899 NOTULE
1658 5846 2037 5898 MABGINALES
2079 5845 2398 5897 FABRUTTI.

251 5921 329 5994 (a)
354 5921 515 5996 forte,
543 5913 845 5976 reticendi.
