3928 6210
392 178 543 240 1383
1536 177 1946 238 ANAS’l‘ASll
1998 177 2646 240 BIBLIOTHECARII.
3647 177 3798 262 I38}

531 308 1256 381 Anastasius,quidudum
1275 327 1309 365 a
1328 313 1528 376 Leone,
1547 309 1970 381 Benedictoquc
2003 312 2378 382 pontificibus
2409 309 2766 383 presbyterio
2798 309 3131 366 denudatus
3153 307 3308 367 inter
3333 307 3798 370 laicoscommu-

458 408 494 461 5
534 407 728 462 uicare
759 405 966 461 solitus
997 410 1141 473 erat,
1161 406 1611 462 ecclesiasticam
1647 408 2118 462 communionem
2155 409 2262 462 sub
2295 425 2553 480 congrua
2583 406 2980 463 satisfactione
3009 407 3352 480 receperint.
3368 406 3554 480 Igitur
3573 425 3708 466 mox
3724 410 3794 466 ad

530 503 950 576 patriarchium
983 505 1370 559 Lateranense
1401 521 1665 561 reversus
1696 511 1802 570 est,
1838 510 1894 561 et
1925 505 2406 561 consuetudinem
2431 507 2502 562 ab
2525 523 2746 578 eo,qua
2775 505 3138 562 diversorum
3166 505 3476 563 xeniorum
3506 505 3648 565 hinc
3663 507 3798 564 inde

529 601 950 656 confluentium
982 601 1242 674 (retentis
1275 601 1464 656 solum
1493 619 1619 674 quae
1653 603 1858 658 usibus
1890 620 2226 658 mensarum
2260 605 2596 659 sufficerent
2625 602 2931 675 reliquiis),
2965 602 3150 675 pretia
3181 602 3516 676 capiuntur,
3550 603 3798 664 exclusit

531 700 752 769 dicens,
787 716 900 754 non
933 715 1062 754 esse
1092 699 1256 772 pium
1289 700 1442 772 quod
1476 700 1658 772 gratis
1691 701 2013 772 accipimus
2047 700 2228 773 pretio
2257 703 2684 770 venundare,et
2714 701 3010 757 chariores
3038 699 3255 758 habere
3287 700 3674 758 rationalibus
3690 702 3778 758 fra

526 798 719 853 tribus
747 797 1177 853 irrationabiles
1206 815 1501 864 nummos,
1536 815 1638 870 pro
1672 799 1886 870 quibus
1918 799 2128 853 Christi
2161 800 2450 872 pretiosus
2477 803 2567 855 est
2611 817 2785 855 cruor
2840 799 3086 868 effusus,
3120 800 3224 856 sed
3276 798 3798 873 parvipendantur,

423 896 490 951 10
528 895 739 968 inquit,
756 895 1151 966 obsecro,haac
1183 896 1458 967 pudenda
1486 896 1805 968 pretiorum
1839 897 2282 965 commcrcia,et
2299 898 2451 969 quod
2470 897 2654 969 gratis
2674 895 3228 970 accepimus,gratis
3249 896 3424 969 juxta
3438 901 3796 972 praeceptum

526 993 756 1048 Domini
784 992 1124 1066 largiamur,
1139 998 1195 1048 et
1223 993 1544 1050 oblationes
1576 994 1786 1050 Christi
1819 1011 1952 1050 cum
1974 997 2102 1067 ejus
2133 995 2464 1066 hospitibus
2494 1011 2560 1050 ac
2592 993 2866 1067 in0pibus
2896 994 3243 1066 partiamur,
3262 999 3500 1068 propter
3520 1012 3673 1068 quos
3688 995 3798 1052 has

526 1091 695 1146 nobis
724 1091 902 1146 tribui
934 1091 1212 1146 divinitus
1244 1091 1481 1147 scimus.
1517 1092 1556 1147 E
1587 1092 1830 1163 vestigio
1857 1092 2029 1148 etiam
2065 1093 2433 1148 Dominicum
2465 1097 2522 1148 et
2553 1091 2954 1148 Grimoaldum
2984 1091 3312 1165 episcopos,
3343 1109 3493 1165 quos
3519 1093 3800 1166 decessor

527 1205 666 1244 suos
687 1189 760 1259 (α)
775 1193 988 1244 sancta:
1012 1188 1428 1244 recordationis
1451 1207 1600 1262 papa
1621 1189 1893 1245 Nicolaus
1915 1190 1972 1245 in
1997 1189 2324 1263 Bulgariam
2348 1189 2596 1263 patriam
2620 1189 2702 1245 ire
2724 1193 3156 1262 praeceperat,et
3177 1206 3212 1244 a
3232 1206 3294 1246 se
3318 1191 3375 1246 in
3399 1189 3526 1264 ipso
3543 1189 3796 1248 articulo

525 1285 617 1341 sui
641 1286 938 1342 discessus
959 1286 1302 1356 absolverat,
1320 1287 1536 1360 quique
1553 1288 1812 1344 videntes
1832 1288 1973 1343 tanti
1999 1288 2184 1343 Patris
2205 1287 2432 1344 obitum
2454 1287 2538 1343 ire
2561 1286 2932 1354 distulerant,
2947 1287 3149 1344 eadem
3175 1287 3490 1362 fungentes
3501 1285 3797 1363 legatione

421 1384 488 1440 15
525 1384 754 1451 direxit,
787 1388 845 1440 et
874 1385 1160 1458 quasdam
1191 1385 1750 1458 epistolarum,quas
1781 1385 1878 1442 ille
1909 1385 2225 1442 mittendas
2255 1385 2648 1458 delcgerat,ut
2676 1401 2739 1442 se
2769 1385 3032 1458 ejusdem
3061 1383 3380 1444 voluntatis
3396 1388 3455 1444 et
3471 1384 3656 1444 studii
3673 1385 3795 1443 fore

525 1483 875 1550 ostenderet,
910 1499 1016 1538 suo
1048 1482 1283 1538 nomine
1315 1483 1536 1539 titulari
1570 1483 1932 1556 praecipiens,
1964 1482 2023 1540 in
2055 1487 2343 1555 quantum
2375 1487 2694 1556 tempestas
2727 1482 2998 1540 ﬂuctuosi
3029 1482 3330 1560 temporis
3382 1481 3794 1558 permittebat,

525 1580 776 1652 piissimi
809 1580 994 1636 Patris
1019 1585 1214 1634 votum
1249 1580 1381 1652 pius
1411 1581 1593 1636 haeres
1625 1580 1908 1654 implevit.
3541 1655 3556 1668 .

595 1688 742 1742 611
780 1687 880 1742 liis
911 1687 981 1742 ab
1017 1687 1156 1742 urbe
1185 1687 1467 1753 dimissis,
1501 1688 1781 1743 continuo
1816 1687 2064 1755 exsules,
2100 1688 2362 1744 Gaudere
2414 1704 2548 1743 cum
2606 1686 2874 1744 videlicet
2916 1685 3303 1744 Veltriensem
3329 1689 3392 1744 et
3418 1685 3790 1760 Stephanum

523 1785 878 1856 Nepesinum
911 1785 1305 1856 episcopos,et
1320 1785 1606 1840 Joannem
1639 1790 2023 1857 cognomento
2054 1783 2686 1858 Ilymmonidem,quos
2709 1783 3128 1858 procacissime
3157 1783 3382 1842 falsitas
3411 1783 3791 1848 serenissimo

519 1885 780 1955 Augusto
802 1882 1080 1938 incusans
1105 1883 1276 1938 domo
1299 1883 1600 1954 patriaque
1632 1883 2074 1954 proscripserat,
2108 1884 2178 1938 ab
2209 1885 2474 1954 Augusta
2503 1881 2952 1939 mansuetudine
2980 1881 3185 1938 multis
3214 1880 3597 1955 epistolarum
3617 1882 3790 1938 docu-

523 1981 736 2035 mentis
770 1979 1059 2052 requirerc
1092 1981 1338 2047 studuit,
1369 1981 1591 2048 dicens,
1627 1998 1688 2036 se
1719 1981 1938 2036 bonum
1970 1981 2236 2036 Ecclesiae
2269 1981 2367 2035 Dei
2403 1985 2695 2052 pastorem
2722 1979 2903 2035 videri
2936 1997 3053 2036 non
3106 1997 3302 2052 posse,
3332 1979 3446 2036 nisi
3471 1996 3610 2037 oves
3639 1996 3787 2052 quas

448 2080 484 2133 5
524 2079 721 2133 fideles
754 2085 966 2133 sanctae
1018 2078 1284 2134 Ecclesia:
1316 2079 1568 2134 infidelis
1600 2079 1684 2134 vir
1715 2096 1816 2150 per
1848 2096 2014 2134 suam
2051 2079 2485 2150 subroptioncm
2520 2079 2962 2151 proscripserat.
2989 2077 3323 2151 recepisset.
3357 2079 3483 2146 Qua
3509 2076 3786 2152 religiosa

521 2177 896 2247 suggestione
928 2177 1254 2231 laetificatus
1289 2179 1590 2249 Augustus
1624 2195 1738 2230 una
1771 2194 1900 2230 cum
1935 2175 2436 2231 Christianissima
2465 2177 2731 2247 conjuge,
2767 2193 2882 2232 non
2943 2175 3137 2231 solum
3196 2192 3317 2242 eos,
3349 2179 3590 2248 propter
3633 2193 3784 2248 quos

521 2291 792 2329 summus
826 2273 1080 2346 pontifex
1113 2275 1372 2340 miserat,
1408 2274 1722 2328 honorifice
1757 2275 1827 2328 ad
1863 2274 2072 2328 Urbem
2109 2274 2574 2328 remisitzverum
2608 2275 2782 2329 etiam
2817 2289 3200 2346 quoscunque
3231 2273 3455 2345 privata
3483 2271 3780 2333 simultate

519 2377 800 2444 tanquam
835 2387 962 2426 reos
994 2370 1376 2442 imperatoriae
1410 2371 1753 2442 majestatis,
1789 2377 1846 2426 et
1880 2371 1936 2425 in
1969 2371 2284 2443 ergastulis
2334 2370 2577 2444 quilibet
2633 2375 2906 2442 truserat,
2944 2375 3009 2427 ut
3035 2375 3480 2439 reverterentur,
3511 2371 3784 2446 praecepit

520 2469 764 2525 absolvi.

590 2575 742 2632 618
775 2575 908 2630 Post
939 2573 1057 2628 haec
1089 2591 1360 2630 summus
1385 2573 1642 2646 pontifex
1673 2574 1975 2630 basilicam
1993 2574 2628 2647 Nicolaitanam,quam
2659 2573 3071 2631 sanctissimus
3100 2591 3252 2647 papa
3278 2573 3556 2632 Nicolaus
3584 2591 3624 2635 a
3652 2576 3778 2634 fun-

519 2673 810 2730 damentis
848 2672 992 2728 adeo
1051 2671 1374 2726 luculenter
1402 2688 1536 2726 cum
1567 2671 1755 2726 tribus
1785 2672 2226 2744 aqumductibus
2259 2671 2586 2728 fabrefactis
2617 2676 2997 2740 exstruxerat,
3031 2677 3097 2728 ut
3123 2689 3329 2730 omnes
3361 2675 3775 2730 Lateranenses

516 2771 790 2828 basilicas
821 2770 909 2825 sui
945 2769 1376 2842 pulchritudine
1409 2774 1730 2842 superaret.
1736 2770 1906 2840 juxta
1928 2775 2126 2826 votum
2160 2769 2482 2826 decessoris
2511 2770 2602 2824 sui
2635 2769 2878 2842 picturis
2907 2770 3084 2826 variis
3113 2769 3425 2827 decoravit.
3441 2769 3628 2842 Cujus
3657 2771 3774 2843 ipse

515 2867 968 2926 conversationis
995 2867 1261 2940 exempla
1289 2867 1372 2923 sic
1399 2866 1778 2923 solertissime
1810 2869 2181 2939 sequebatur,
2199 2872 2262 2922 ut
2291 2869 2363 2923 ab
2403 2868 2671 2924 hostibus
2702 2867 2889 2924 sancti
2916 2867 3316 2940 Nicolai,quia
3341 2867 3624 2930 omnibus
3653 2871 3774 2940 ejus

441 2971 478 3026 5
514 2973 642 3025 acta
673 2967 907 3040 penitus
937 2966 1250 3038 infringere
1281 2964 1636 3033 nitebantur,
1669 2965 2066 3020 Nicolaitanus
2095 2969 2151 3020 et
2180 2966 2532 3022 scriberetur
2561 2971 2616 3020 et
2647 2943 2878 3038 publice
2907 2965 3219 3022 diceretur.
3253 2967 3512 3032 Quorum
3551 2966 3772 3023 scilicet

514 3067 794 3133 hostium,
809 3065 949 3138 quia
970 3063 1280 3119 nonnullos
1304 3063 1693 3136 parturientes
1715 3062 2091 3133 injustitiam,
2106 3068 2452 3134 conceptum
2473 3062 2730 3118 dolorem
2748 3063 3036 3120 efl'usuros
3058 3079 3188 3119 esse
3205 3079 3586 3136 cognoscens,
3601 3079 3774 3136 penes

515 3183 575 3220 sc
595 3162 774 3220 veluti
794 3161 1084 3218 zizaniam
1105 3160 1256 3216 inter
1277 3161 1793 3232 frumenta,usque
1824 3161 1896 3215 ad
1926 3159 2281 3216 maturitatis
2313 3165 2544 3232 tempus
2573 3160 3000 3232 dispensatoris
3030 3160 3338 3229 retinebat,
3359 3177 3594 3218 rumore
3623 3159 3776 3216 falla-

513 3264 656 3320 citer
681 3264 1027 3334 exsurgente
1056 3258 1341 3314 creditum
1373 3263 1482 3325 est,
1517 3258 1670 3330 quod
1703 3257 1899 3312 omnia
1929 3257 2250 3313 decessoris
2282 3257 2373 3313 sui
2405 3263 2556 3326 acta,
2587 3274 2714 3330 quae
2745 3257 2844 3314 ille
2873 3257 2994 3314 zelo
3025 3257 3219 3315 divino
3250 3263 3546 3328 sanxerat,
3579 3258 3773 3316 hostes

511 3379 644 3418 vero
675 3361 804 3432 ejus
831 3359 904 3414 ad
936 3357 1202 3430 proprios
1231 3355 1432 3411 libitus
1462 3354 1845 3424 infamabant,
1881 3354 2160 3410 voluisset
2188 3354 2525 3427 infringere.

583 3467 736 3522 610
767 3465 932 3520 Unde
959 3461 1171 3518 accidit
1198 3465 1262 3517 ut
1291 3478 1493 3517 omnes
1523 3461 1983 3518 Occidentalium
2043 3462 2348 3534 regionum
2407 3461 2665 3534 episcopi
2725 3461 3024 3518 solemnes
3054 3478 3122 3518 ac
3147 3460 3502 3520 honorificas
3558 3463 3776 3520 litteras

510 3563 844 3620 emittentes
865 3559 1196 3632 religiosam
1227 3559 1355 3629 ejus
1386 3558 1750 3626 memoriam,
1785 3563 1984 3631 utpote
2016 3559 2347 3615 orthodoxa:
2377 3563 2434 3615 et
2459 3576 2604 3615 verae
2636 3558 3019 3632 philosophiae
3049 3558 3343 3632 pontiﬁcis
3371 3559 3768 3629 excolendam,

511 3675 744 3717 summo
765 3657 1023 3730 pontifici
1039 3655 1261 3730 jugiter
1289 3655 1729 3712 inculcarent.A
1751 3657 1920 3728 cujus
1941 3655 2210 3712 videlicet
2240 3656 2600 3712 sanctissimi
2629 3656 2869 3712 Adriani
2901 3643 3064 3729 papa
3087 3655 3503 3731 collegio,cum
3531 3675 3637 3731 per
3651 3659 3772 3716 dies

509 3757 734 3830 aliquot
762 3756 1002 3828 quidam
1033 3755 1386 3820 Graecomm,
1417 3759 1472 3810 et
1503 3754 1751 3809 aliarum
1783 3754 2044 3826 gentium
2078 3771 2379 3809 servorum
2411 3753 2513 3809 Dei
2543 3772 2645 3826 per
2673 3755 2734 3809 id
2763 3758 2999 3826 tempus
3049 3755 3245 3811 Romae
3295 3757 3679 3824 morantium,
3712 3772 3772 3813 se

434 3859 472 3913 5
509 3853 773 3912 clanculo
802 3852 1268 3925 suspendissent,
1303 3856 1465 3907 sexta
1494 3852 1637 3907 feria
1669 3869 1771 3906 LXX
1805 3851 1957 3905 idem
1991 3851 2402 3906 sanctissimus
2445 3851 2690 3906 antistes
2737 3868 2837 3907 eos
2877 3851 3206 3907 secundum
3259 3854 3769 3922 consuetudinem,

505 3951 834 4010 refectionis
863 3951 1071 4024 gratia,
1104 3950 1274 4006 solito
1308 3949 1502 4022 plures
1533 3966 1776 4004 numero
1808 3949 2162 4004 convocavit.
2197 3951 2456 4014 Quorum
2485 3948 2752 4004 omnium
2778 3948 3054 4006 manibus
3080 3966 3185 4022 per
3237 3954 3426 4007 semet
3471 3951 3774 4008 humiliter

505 4068 718 4124 aquam
743 4049 910 4116 fudit,
934 4049 1094 4104 cibos
1120 4048 1412 4120 apposuit,
1438 4047 1645 4118 pocula
1668 4045 2299 4118 ministravit,et,quod
2328 4045 2527 4102 nullus
2561 4047 2908 4118 pontificum
2939 4052 3073 4103 ante
3103 4063 3166 4104 se
3195 4047 3405 4105 fecisse
3437 4054 3694 4117 noverat,
3708 4054 3772 4104 ut

501 4167 601 4206 eos
623 4146 1010 4222 promptiores
1041 4147 1114 4202 ad
1142 4145 1452 4218 prandium
1484 4145 1767 4213 redderet,
1785 4161 1920 4200 cum
1944 4143 2059 4201 illis
2080 4144 2657 4212 discubuit,canticis
2687 4145 3054 4217 spiritalibus
3074 4145 3152 4202 ibi
3173 4163 3277 4218 per
3295 4151 3491 4203 totum
3513 4147 3768 4220 spatium

494 4247 719 4321 jugiter
747 4244 952 4302 laudes
983 4243 1490 4315 concrepantibus.

571 4353 728 4410 ατο
757 4357 905 4408 Dum
936 4351 1281 4406 surrexisset
1311 4349 1384 4405 ab
1414 4348 1602 4423 epulis
1632 4348 1690 4404 in
1725 4348 1928 4406 faciem
1961 4367 2130 4406 suam
2162 4365 2358 4406 coram
2386 4350 2662 4406 omnibus
2687 4349 2954 4422 procidit,
2975 4349 3380 4424 dicenszRogo
3407 4368 3515 4411 vos
3543 4356 3601 4410 et
3627 4369 3767 4426 sup-

501 4451 730 4524 pliciter
757 4449 1250 4520 obsecro,patrcs,
1271 4447 1498 4518 fratres,
1527 4451 1582 4504 et
1612 4447 1738 4510 ﬁlii,
1771 4452 1837 4503 ut
1867 4447 2128 4504 fundatis
2159 4447 2404 4504 Domino
2433 4465 2536 4519 pro
2568 4452 2772 4504 sancta
2801 4447 3088 4504 catholica
3115 4447 3376 4506 Ecclesia
3403 4466 3518 4508 sua
3547 4465 3766 4522 preces,

499 4547 678 4606 oretis
700 4563 803 4618 pro
824 4545 1323 4601 Christianissimo
1348 4544 1465 4600 filio
1490 4549 1689 4601 nostro
1712 4545 2001 4600 Ludovico
2031 4545 2379 4616 imperatore
2397 4548 2680 4618 Augusto,
2695 4549 2762 4601 ut
2779 4545 2832 4602 ei
2854 4545 3010 4602 Deus
3023 4545 3400 4618 omnipotens
3416 4549 3488 4604 ad
3507 4552 3766 4604 nostram

498 4649 840 4720 perpetuam
869 4659 1070 4716 pacem
1103 4643 1555 4698 Sarracenorum
1589 4642 1762 4698 faciat
1789 4643 2088 4698 subditam
2125 4643 2438 4698 nationem.
2473 4643 2662 4700 Oretis
2693 4643 2867 4699 etiam
2900 4661 3004 4716 pro
3034 4659 3128 4700 me
3159 4643 3352 4718 fragili
3381 4649 3441 4701 et
3470 4644 3768 4716 imbecilli,

425 4747 462 4802 5
499 4749 565 4802 ut
593 4745 692 4800 det
721 4741 866 4799 mihi
896 4741 1163 4798 Christus
1192 4742 1466 4796 virtutem
1495 4745 1720 4796 tantam
1751 4740 2019 4796 Ecclesiae
2053 4758 2170 4795 suae
2202 4740 2641 4797 multitudinem
2659 4739 2718 4796 in
2736 4742 3046 4797 sanctitate
3063 4746 3121 4798 et
3129 4742 3368 4814 justitia
3398 4741 3766 4816 regendi,qui

497 4841 794 4900 commisit
816 4841 985 4896 beato
1017 4841 1182 4896 Petro
1212 4838 1482 4912 apostolo.
1505 4843 1745 4894 cunctos
1777 4855 1974 4911 regere
2006 4855 2152 4910 quos
2184 4837 2764 4912 redemit:quateuus
2789 4839 2890 4912 qui
2921 4856 3197 4896 curarum
3229 4840 3600 4898 secularium
3631 4839 3768 4914 pul-

493 4957 628 4997 vere
657 4939 938 5011 caligans,
971 4937 1314 5010 plerumque
1346 4935 1638 5008 spiritalia
1663 4935 1861 4990 minus
1889 4935 2216 4991 luculenter
2245 4936 2495 5002 intueor,
2527 4940 2719 4992 vestra
2743 4936 2924 4992 "mihi
2969 4937 3134 5010 jugis
3189 4937 3399 5006 oratio,
3429 4955 3560 5012 qua;
3602 4941 3767 4995 tanta

497 5037 697 5111 purior
728 5041 944 5110 quanto
975 5037 1046 5091 ab
1077 5033 1538 5107 inquinamentis
1569 5033 1764 5089 saeculi
1801 5033 2076 5089 remotior
2104 5033 2510 5101 est,divinitus
2541 5033 2914 5106 suffragetur.
2939 5038 3201 5107 Cumque
3229 5034 3316 5090 illi
3346 5053 3454 5109 pro
3485 5054 3548 5094 se
3577 5036 3768 5110 magis

494 5135 662 5191 illum
693 5137 958 5206 oportere
990 5150 1190 5204 preces
1222 5133 1460 5187 fundere
1491 5130 1879 5196 clamitarent,
1897 5131 1996 5202 qui
2014 5135 2178 5186 tanto
2196 5131 2488 5203 acceptior
2503 5131 2658 5204 apud
2676 5132 2859 5187 Deum
2891 5131 3224 5201 haberetur,
3239 5139 3467 5206 quanto
3483 5133 3644 5190 solus
3663 5150 3766 5207 pro

389 5237 458 5291 10
495 5234 772 5292 omnibus
801 5232 860 5288 in
891 5232 1088 5288 labore
1122 5231 1696 5296 ferventior,interna
1727 5229 2101 5286 miseratione
2129 5235 2460 5286 commotus
2489 5247 2624 5286 cum
2657 5230 2931 5305 lacrymis
2953 5231 3224 5297 aitzouia
3255 5249 3360 5305 pro
3391 5232 3563 5290 valde
3590 5233 3766 5289 bonis

495 5348 682 5400 orare,
707 5329 1060 5398 charissimi,
1095 5329 1417 5402 gratiarum
1450 5328 1706 5384 actiones
1735 5329 1851 5384 Deo
1903 5325 2228 5398 persolvere
2257 5332 2366 5393 est,
2400 5333 2554 5400 peto,
2588 5331 2654 5384 ut
2683 5328 2988 5385 dominum
3021 5334 3246 5402 patrem
3279 5330 3764 5404 deoessoremque

493 5446 691 5485 meum
715 5427 1155 5484 sanctissimum
1177 5431 1235 5482 et
1254 5425 1639 5481 orthodoxam
1663 5442 1874 5497 papam
1894 5424 2196 5480 Nicolaum
2214 5425 2498 5481 habentes
2519 5425 2577 5480 in
2599 5426 2806 5482 vestris
2823 5425 3188 5482 orationibus
3205 5443 3555 5484 communes
3569 5431 3764 5500 grates

489 5526 737 5583 Domino
769 5524 1172 5596 referatis,qui
1204 5540 1338 5579 eum
1369 5521 1685 5578 Ecelesiam
1717 5539 1886 5578 suam
1913 5521 2230 5578 miseratus
2261 5522 2454 5596 elegit,
2468 5527 2524 5579 et
2540 5524 2611 5579 ad
2629 5523 3056 5579 excludendum
3089 5524 3298 5580 mundi
3327 5523 3763 5582 tumidissimos

490 5623 791 5694 strepitus,
822 5621 976 5677 sicut
1001 5621 1199 5690 Josue,
1234 5619 1432 5694 clypeo
1462 5619 1838 5694 protectionis
1868 5618 2136 5686 armavit,
2169 5623 2226 5674 et
2254 5619 2446 5693 gladio
2477 5619 2757 5694 spiritalis
2788 5621 3058 5695 potentia:
3088 5621 3405 5680 roboravit.

1531 5785 1786 5834 NOTULE
1828 5785 2212 5836 MARGINALES
2253 5787 2566 5836 FABROTTI.

421 5873 494 5951 (α)
523 5873 641 5945 AL,
675 5889 837 5932 suus.
