3928 6210
392 204 540 265 1391
1536 210 1949 271 ANASTASII
1995 209 2354 271 BIBLIOTH
2366 211 2648 272 ECARII.
3622 158 3804 283 .1392

534 340 1027 411 ptionum,omnia
1059 358 1185 414 qua
1218 340 1273 396 in
1306 342 1523 415 synodo
1545 341 1776 397 decreta
1806 340 2755 418 fuerant,revolvenda,cunctaque
2784 340 3035 404 residuis
3062 348 3359 408 erroribus
3390 353 3805 411 contundenda

534 439 817 506 fatentur;
851 443 908 494 et
939 439 1049 493 nisi
1082 438 1308 494 libellos
1339 439 2013 511 reciperent,libertatein
2047 439 2354 511 pristinam
2386 459 2447 497 se
2479 459 2595 498 non
2627 460 2797 515 posse
2826 446 3081 517 recipere
3110 447 3448 520 ﬁnguntzet
3476 449 3634 508 illico
3669 452 3805 526 qui_

461 534 498 590 5
534 535 667 591 dam
702 534 1585 610 libelliacustodibus,quoniam
1619 536 2092 593 excellentiorum
2123 538 2529 611 episcoporum
2550 539 2777 597 libellos
2792 541 2966 616 legati
2989 548 3205 601 sancta
3238 546 3512 605 Romana
3537 549 3804 606 Ecclesia

536 632 866 690 futurorum
899 634 1130 707 prescii,
1164 651 1405 707 prorsus
1437 633 1820 702 abstulerant,
1844 634 2287 697 defraudantur.
2319 653 2386 692 ac
2416 654 2519 709 per
2546 637 2656 694 hoc
2684 638 3105 698 incredibiliter
3124 646 3482 702 consternati
3508 646 3806 721 Supponis

535 731 1036 810 archiminist.ri,et
1066 731 1357 788 Anastasii
1390 730 1760 787 disertissimi
1789 731 1946 788 sedis
1974 732 2305 805 apostolica
2334 734 2759 793 bibliothecarii
2790 737 3154 797 ﬁdelissimis
3182 741 3418 801 auxiliis
3446 744 3789 802 innituntur

528 834 752 901 Quibus
783 834 1010 888 diverso
1043 832 1215 887 modo
1247 848 1362 886 non
1393 830 1517 886 sine
1549 848 1761 904 magno
1792 830 2010 887 laboris
2042 830 2296 903 periculo
2329 831 2776 891 imminentibus
2807 836 2904 908 (α),
2938 836 3168 896 libellos
3196 840 3435 913 quidem
3456 842 3549 899 vix
3564 810 3805 901 tandem

526 932 844 1005 recipiunt;
877 932 979 987 sed
1010 930 1378 1004 imperatoris
1407 930 1553 986 iram
1585 946 1687 1002 pro
1719 929 1905 985 nimia
1933 947 2052 986 sua
2083 930 2447 986 districtione
2474 932 2608 988 ﬁdei
2636 932 3009 992 vehementer
3035 936 3366 997 incurrunt.

599 1031 752 1088 082
783 1029 966 1102 Igitur
994 1035 1126 1102 post
1153 1029 1308 1085 diem
1342 1027 1722 1101 tertium,quo
1754 1027 2153 1084 sacratissima
2181 1028 2444 1102 synodus
2472 1045 2606 1085 cum
2638 1030 2765 1088 suis
2791 1032 3215 1106 scriptionibus
3251 1037 3493 1096 omnino
3524 1039 3583 1096 in
3605 1041 3806 1099 codice

528 1133 938 1185 consummata
966 1132 1328 1199 retractaque
1358 1127 1429 1183 ad
1461 1143 1693 1182 omnem
1724 1124 2074 1197 elegantiam
2125 1125 2183 1180 in
2234 1125 2480 1183 ecclesia
2505 1133 2718 1184 sancta
2747 1129 2976 1203 Sophia
3010 1133 3218 1202 fuerat,
3250 1136 3325 1191 ab
3360 1135 3716 1211 imperatore
3748 1139 3803 1196 in

526 1227 700 1283 domo
720 1243 854 1282 cum
886 1225 1115 1281 vicariis
1149 1224 1633 1297 patriarcharum,
1667 1222 1933 1279 videlicet
1959 1222 2369 1301 Alexandrino,
2414 1225 2773 1283 Antiocheno
2818 1233 2878 1284 et
2924 1228 3472 1305 Hierosolymitano,
3502 1236 3805 1310 simulque

524 1325 857 1399 patriarcha
886 1324 1107 1397 lgnatio
1139 1324 1241 1395 qui
1273 1340 1407 1378 cum
1439 1322 1735 1395 aliquibus
1768 1322 1845 1376 ibi
1880 1321 2188 1388 residebat,
2223 1321 2430 1377 callide
2462 1324 2761 1381 convocati
2792 1317 2995 1384 sedere
3015 1329 3386 1401 jubentur,et
3413 1336 3566 1406 quod
3591 1335 3804 1408 princi-

452 1424 489 1479 5
526 1440 627 1495 pes
658 1422 1037 1495 Bulgarorum
1068 1422 1153 1478 eis
1182 1421 1404 1477 litteras
1435 1426 1493 1476 et
1523 1421 1676 1476 dona
1707 1437 1809 1493 per
1840 1420 2073 1475 Petrum
2105 1418 2366 1491 aliosque
2398 1419 3276 1495 direxerint,audiunt.Quorum
3305 1427 3658 1504 legationem
3693 1432 3802 1491 im-

527 1525 790 1594 peratore
821 1520 1196 1593 potissimum
1221 1519 1564 1574 imminente
1585 1518 1945 1590 suscipiunt:
1962 1517 2161 1590 sicque
2184 1522 2316 1590 post
2335 1516 2748 1576 salutationem
2770 1519 2975 1579 Petrus
2992 1523 3379 1598 Bulgarorum
3397 1526 3625 1602 legatus
3644 1547 3805 1588 exor-

528 1619 686 1676 ditur
718 1639 731 1677 :
761 1620 1025 1676 Domnus
1058 1616 1301 1673 Michael
1332 1616 1601 1689 princeps
1635 1615 2216 1689 Bulgarius,audiens
2235 1616 2391 1688 quod
2414 1632 2517 1687 pro
2541 1616 2793 1673 utilitate
2814 1623 3028 1675 sancta
3053 1620 3156 1677 Dei
3193 1622 3463 1680 Ecclesia
3504 1643 3573 1682 ex
3611 1627 3802 1684 diver-

527 1719 610 1774 sis
640 1718 903 1789 partibus
933 1716 1277 1772 auctoritate
1306 1714 1626 1788 apostolica
1657 1714 2062 1780 conveneritis,
2094 1718 2392 1787 gratanter
2442 1713 2685 1785 accepit,
2717 1715 2998 1789 vobisque
3046 1719 3148 1792 qui
3196 1736 3266 1776 ex
3311 1723 3449 1779 sede
3477 1725 3803 1796 apostolica

529 1815 695 1872 missi
725 1815 888 1887 estis,
921 1814 1061 1887 quia
1093 1815 1150 1871 in
1176 1818 1367 1870 vestro
1392 1813 1644 1869 transitu
1675 1812 1885 1870 vestris
1913 1830 2049 1869 eum
2080 1812 2291 1868 litteris
2318 1811 2555 1868 visitare
2584 1812 2809 1886 dignati
2841 1815 3006 1883 estis,
3029 1816 3386 1892 multiplices
3408 1822 3632 1894 gratias
3663 1824 3800 1898 agit.

424 1917 492 1970 10
531 1914 727 1988 Legati
752 1919 967 1970 sancta
1001 1914 1272 1969 Romana
1302 1911 1569 1969 Ecclesia
1602 1912 2029 1984 responderunt
2059 1927 2073 1965 :
2108 1910 2225 1966 Nos
2254 1909 2392 1982 quia
2419 1926 2521 1966 vos
2547 1909 2698 1967 filios
2737 1918 2952 1969 sancta
3002 1915 3277 1974 Romana
3324 1919 3593 1976 Ecclesia
3637 1924 3799 1979 novi-

529 2032 682 2082 mus,
710 2013 993 2069 insalutos
1022 2030 1124 2069 vos
1154 2011 1446 2085 praeterire
1478 2028 1664 2083 neque
1695 2011 2025 2079 debuimus,
2059 2024 2246 2082 neque
2275 2008 2569 2066 voluimus
2603 2026 2617 2066 :
2650 2027 2797 2084 quos
2828 2011 3107 2070 nimirum
3138 2020 3346 2073 sancta
3373 2018 3543 2075 sedes
3573 2026 3802 2093 θροειο-

527 2113 640 2168 lica
670 2119 733 2169 ut
765 2112 999 2185 propria
1028 2111 1292 2167 membra
1316 2109 1744 2183 complectitur.

595 2214 750 2269 638
780 2212 1164 2284 Bulgarorum
1194 2209 1369 2282 legati
1400 2209 1671 2264 dixerunt
1704 2225 1717 2262 :
1753 2207 1946 2280 Usque
1977 2206 2149 2262 hodie
2175 2206 2389 2279 pagani
2417 2207 2660 2278 fuimus,
2692 2213 2748 2265 et
2776 2226 2962 2283 nuper
2990 2210 3063 2267 ad
3091 2212 3343 2285 gratiam
3375 2213 3790 2273 Christianita-

526 2310 601 2366 tis
629 2310 1006 2375 accessimus,
1043 2310 1289 2381 ldeoque
1320 2324 1391 2362 ne
1421 2306 1617 2378 aliquo
1649 2322 1841 2361 errare
1872 2304 2189 2373 videamur,
2224 2304 2317 2360 cui
2347 2304 2617 2361 Ecclesia
2649 2307 2820 2362 subdi
2854 2308 3191 2378 debeamus,
3225 2327 3262 2367 a
3300 2311 3467 2369 vobis
3496 2313 3601 2385 qui
3645 2314 3794 2371 vices

525 2424 895 2466 summorum
926 2406 1393 2479 patriarcharum
1418 2404 1622 2476 geritis
1654 2418 1826 2458 nosse
1847 2402 2480 2474 desideramus.Legati
2507 2409 2720 2460 sancta
2746 2406 3018 2464 Romana
3037 2407 3305 2465 Ecclesia
3329 2412 3789 2483 responderunt:

528 2509 753 2564 Sancta
783 2506 1055 2562 Romana
1087 2503 1374 2569 Ecclesia,
1406 2501 1498 2558 cui
1531 2519 1633 2573 per
1661 2506 1738 2569 te,
1771 2517 1803 2555 ο
1835 2499 2019 2567 Petre,
2052 2504 2192 2556 tuus
2222 2500 2417 2556 senior
2442 2502 2521 2570 (ὁ)
2552 2502 2719 2559 beato
2749 2503 3149 2576 apostolorum
3179 2506 3429 2581 principi
3461 2510 3630 2567 Petro
3658 2527 3785 2567 cum

455 2608 493 2662 5
530 2605 687 2661 omni
717 2603 912 2677 gentis
942 2621 1060 2659 sua
1094 2618 1272 2675 regno
1298 2618 1360 2657 se
1392 2598 1649 2666 tradidit,
1684 2616 1719 2655 a
1746 2599 1918 2669 cujus
1942 2615 2297 2665 successore,
2331 2598 2598 2656 videlicet
2642 2602 2875 2675 egregio
2923 2619 3077 2678 papa
3124 2605 3383 2679 Nicolao,
3415 2613 3476 2665 et
3513 2614 3790 2684 pracepta

526 2704 752 2761 vivendi
782 2708 841 2758 et
868 2702 1172 2775 episcopos
1203 2717 1268 2755 ac
1296 2699 1660 2771 presbyteros
1691 2697 1988 2768 suscipere
2017 2695 2252 2764 meruit,
2285 2713 2387 2752 vos
2418 2701 2477 2752 et
2504 2699 2859 2771 pertinuisse
2887 2707 2946 2759 et
2974 2703 3264 2776 pertinere
3293 2707 3506 2765 debere
3544 2708 3716 2766 etiam
3737 2708 3791 2764 in

528 2820 596 2859 eo
626 2801 986 2869 monstratis,
1020 2799 1176 2871 quod
1210 2796 1533 2869 postulatos
1582 2800 1813 2851 nostros
1860 2794 2193 2851 sacerdotes
2239 2798 2298 2850 et
2343 2796 2689 2870 suscepistis
2717 2803 2776 2855 et
2804 2799 3086 2859 hactenus
3133 2806 3506 2863 veneratione
3547 2823 3795 2881 congrua

530 2898 1203 2971 retinetis.Bulgarorum
1234 2895 1403 2968 legati
1436 2894 1710 2951 dixerunt
1742 2909 1755 2947 :
1790 2895 1829 2948 Α
1859 2896 2062 2949 sancta
2092 2892 2356 2949 Romana
2383 2893 2642 2952 Ecclesia
2672 2898 3003 2956 sacerdotes
3048 2918 3159 2958 nos
3208 2904 3448 2976 petiisse
3496 2910 3557 2962 et
3604 2922 3791 2964 susce-

529 2999 686 3072 pisse
717 3003 775 3053 et
802 2998 1085 3053 hactenus
1117 2994 1329 3050 habere
1353 3010 1458 3049 nos
1479 2992 1909 3062 conﬁtemur,et
1937 2990 1989 3046 ei
2019 2989 2079 3045 in
2110 2990 2387 3047 omnibus
2413 2992 2647 3049 obedire
2676 2994 3277 3068 decernimus,verum
3301 3006 3501 3061 utrum
3529 3004 3791 3061 Romana

424 3100 493 3155 10
530 3114 603 3153 an
633 3094 1283 3167 Constantinopolitana
1315 3090 1580 3148 Ecclesia
1607 3088 2016 3147 rationabilius
2046 3089 2219 3145 subdi
2252 3091 2734 3161 dcbeamus,cum
2764 3094 2859 3150 bis
2890 3097 3357 3168 patriarcharum
3385 3100 3623 3161 vicariis
3641 3104 3793 3162 diffi-

526 3197 666 3253 nite.
701 3194 897 3268 Legati
927 3197 1143 3249 sancta
1174 3192 1447 3247 Romana
1481 3188 1748 3246 Ecclesia
1780 3187 2208 3261 responderunt
2239 3204 2254 3245 :
2290 3188 2528 3262 Propter
2555 3208 2683 3263 qua
2715 3210 2822 3249 nos
2852 3199 3056 3251 sancta
3095 3197 3263 3254 sedes
3312 3200 3636 3272 apostolica
3658 3219 3790 3259 cum

527 3294 923 3355 Orientalibus
953 3290 1296 3347 difﬁnienda
1328 3289 1724 3355 mandaverat,
1757 3287 2004 3342 Domino
2021 3286 2619 3357 juvante,finivimus;
2651 3289 2723 3345 de
2752 3307 2934 3348 causa
2961 3298 3156 3351 autem
3184 3301 3377 3353 vestra
3407 3314 3583 3356 secus
3620 3317 3789 3373 quam

522 3394 776 3452 difﬁnita
805 3398 895 3448 est
926 3390 1201 3454 finienda,
1233 3387 1372 3459 quia
1401 3386 1545 3442 nihil
1574 3385 1635 3441 in
1669 3385 1960 3441 mandatis
1986 3385 2341 3457 accepimus,
2375 3386 2519 3441 nihil
2549 3387 2635 3443 vel
2666 3388 3012 3462 diffinimus,
3038 3392 3127 3449 vel
3158 3393 3216 3449 in
3238 3396 3646 3469 prajudicium
3666 3417 3791 3455 san-

522 3497 628 3549 eta
660 3492 932 3546 Romana
960 3485 1226 3542 Ecclesia
1258 3483 1669 3538 difﬁniendum
1701 3499 2031 3538 censemus.
2061 3482 2354 3550 Quinimo,
2387 3482 2527 3555 quia
2555 3485 2749 3542 omnis
2776 3491 2970 3545 vestra
2996 3489 3188 3562 patria
3226 3493 3448 3549 nostris
3480 3495 3789 3552 sacerdoti-

419 3592 488 3646 15
523 3590 635 3643 bus
665 3586 882 3657 ubique
909 3584 1077 3656 plena
1106 3585 1213 3648 est,
1248 3579 1393 3636 nulli
1426 3597 1525 3636 vos
1560 3578 1671 3635 nisi
1702 3585 1916 3636 sancta
1940 3580 2212 3636 Romana
2243 3579 2509 3637 Ecclesia
2540 3582 2828 3654 pertinere
2875 3586 3106 3658 debere,
3150 3589 3465 3648 dil‘ﬁnitiva
3512 3593 3796 3651 sententia

525 3689 811 3759 quantum
842 3700 911 3739 ex
941 3680 1110 3736 nobis
1136 3684 1245 3742 est,
1274 3678 1739 3751 promulgamus.

595 3787 752 3842 684
778 3780 991 3838 Vicarii
1023 3778 1406 3835 Orientalium
1438 3776 1906 3850 patriarcharum
1938 3775 2207 3849 Bulgaria
2247 3776 2521 3834 dixerunt
2553 3795 2566 3835 ε
2600 3781 2843 3846 Quando
2889 3798 2993 3840 vos
3038 3783 3200 3841 illam
3246 3786 3502 3859 patriam
3542 3788 3792 3863 cepistis,

523 3886 696 3957 cujus
726 3878 1028 3955 potestatis
1059 3876 1294 3932 subdita
1321 3880 1528 3942 erat,et
1555 3879 1752 3930 utrum
1788 3874 2017 3929 Latinos
2038 3891 2113 3929 an
2135 3874 2363 3931 Gracos
2394 3877 2725 3935 sacerdotes
2755 3878 3264 3949 habuerit,dicite?
3293 3884 3494 3959 Legati
3520 3886 3792 3960 Bulgaro-

522 4000 655 4039 rum
686 3981 959 4036 dixerunt
988 3993 1001 4032 :
1037 3976 1151 4031 Nos
1182 3974 1337 4030 illam
1372 3972 1620 4047 patriam
1670 3991 1706 4029 a
1752 3974 2082 4028 Graecorum
2130 3978 2420 4045 potestate
2466 3975 2647 4032 armis
2694 3977 2998 4051 evicimus,
3029 3980 3089 4036 in
3121 3998 3239 4054 qua
3283 3999 3402 4039 non
3434 3984 3673 4042 Latinos
3702 3984 3794 4041 sed

521 4082 749 4139 Gracos
775 4076 1105 4135 sacerdotes
1133 4073 1473 4145 reperimus.
1509 4070 1722 4127 Vicarii
1753 4069 2137 4126 Orientalium
2169 4073 2596 4144 responderunt
2627 4090 2640 4129 :
2673 4074 2730 4130 Si
2756 4075 2985 4133 Gracos
3006 4079 3338 4137 sacerdotes
3363 4080 3443 4136 ibi
3478 4080 3795 4156 reperietis,

442 4183 485 4239 5
520 4179 898 4238 manifestum
927 4178 1018 4231 est
1047 4173 1187 4245 quia
1215 4189 1283 4228 ex
1312 4170 1677 4228 ordinatione
1700 4168 2279 4241 Constantinopoleos
2298 4168 2397 4226 illa
2414 4170 2602 4243 patria
2632 4172 2970 4247 fuit.Legati
2995 4181 3211 4233 sancta
3233 4177 3511 4236 Romana
3533 4178 3795 4235 Ecclesia

518 4277 947 4352 responderunt
976 4289 990 4328 :
1022 4272 1068 4327 A
1097 4270 1313 4327 Graecis
1341 4268 1744 4326 sacerdotibus
1769 4272 2182 4340 argumentum
2214 4284 2447 4325 sumere
2478 4286 2593 4325 non
2623 4269 2879 4341 debetis;
2929 4273 3070 4345 quia
3111 4273 3450 4349 linguarum
3493 4277 3794 4334 diversitas

516 4372 979 4435 ecclesiasticum
1007 4370 1273 4425 ordinem
1302 4385 1416 4424 non
1450 4366 1927 4423 confundit.Nam
1957 4366 2125 4422 sedes
2155 4366 2633 4439 apostolica,cum
2666 4368 2796 4441 ipsa
2829 4371 3028 4427 Latina
3050 4370 3214 4441 sit,in
3246 4373 3453 4430 multis
3482 4380 3683 4432 tamen
3714 4374 3791 4431 lo-

515 4476 600 4534 cis
631 4491 734 4548 pro
764 4471 989 4527 ratione
1017 4468 1215 4540 patria
1245 4467 1475 4523 Gracos
1505 4466 1836 4522 sacerdotes
1865 4471 1923 4521 et
1950 4479 2184 4538 semper
2201 4469 2258 4521 et
2279 4482 2436 4523 nunc
2457 4484 2643 4539 usque
2663 4468 3029 4526 constituens
3046 4469 3341 4546 privilegii
3362 4472 3456 4529 sui
3481 4472 3792 4531 detrimen-

517 4580 579 4633 ta
606 4571 823 4629 sentire
849 4584 953 4624 nec
974 4566 1165 4632 debet,
1197 4582 1303 4621 nec
1334 4562 1552 4620 debuit.

586 4671 739 4728 085
770 4665 983 4723 Vicarii
1015 4662 1398 4721 Orientalium
1431 4661 1896 4735 patriarcharum
1927 4661 2485 4719 dixeruntzEtiamsi
2507 4662 2838 4720 Gracorum
2859 4665 3333 4739 presbyterorum
3363 4668 3790 4727 ordinationem

512 4770 687 4828 vestri
699 4768 854 4840 juris
873 4765 1050 4820 fuisse
1072 4760 1519 4828 doceatis,il|am
1544 4765 1740 4816 tamen
1762 4760 2012 4833 patriam
2032 4761 2359 4817 Gracorum
2378 4777 2555 4834 regno
2572 4762 2925 4834 pertinuisse
2947 4781 3253 4837 nunquam
3271 4783 3486 4841 negare
3507 4769 3789 4841 poteritis,

519 4867 713 4940 Legati
749 4869 962 4920 sancta
993 4862 1266 4917 Romana
1288 4858 1557 4914 Ecclesia
1580 4858 2035 4930 responderunt:
2055 4858 2218 4914 Sicut
2238 4858 2519 4931 Bulgaria
2544 4859 2713 4915 nobis
2730 4860 2957 4917 diverso
2978 4863 3151 4918 modo
3177 4863 3472 4935 pertinere
3490 4865 3793 4922 ordinatio-

513 4985 650 5023 nem
683 4966 940 5018 dicentes
974 4957 1345 5013 mendacium
1377 4973 1491 5012 non
1521 4955 1845 5028 loquimur;
1879 4957 1960 5012 ita
1989 4956 2273 5012 nimirum
2302 4957 2569 5012 eamdem
2602 4956 2936 5030 Bulgariam
2967 4963 3027 5016 et
3055 4961 3390 5018 Gracorum
3413 4980 3589 5038 regno
3615 4964 3791 5020 fuisse

439 5070 476 5123 5
514 5077 817 5135 nunquam
852 5054 1346 5129 nega:nus(c}.8ed
1369 5054 1581 5110 intueri
1604 5070 1706 5109 vos
1728 5055 1895 5109 decet
1910 5054 2049 5125 quia
2068 5052 2228 5110 aliud
2249 5054 2523 5110 ordinant
2531 5056 2672 5127 jura
2696 5056 3125 5123 sedium,aliud
3148 5058 3461 5132 patiuntur
3481 5060 3789 5117 divisiones

512 5175 844 5236 regnorum.
880 5157 995 5211 Nos
1026 5156 1096 5210 de
1126 5153 1412 5207 divisione
1443 5169 1756 5224 regnorum
1786 5169 1902 5207 non
1931 5152 2184 5225 agimus,
2218 5152 2320 5208 sed
2346 5151 2417 5207 de
2438 5153 2573 5224 jure
2606 5153 2836 5209 sedium
2868 5153 3193 5228 loquimur.

582 5260 737 5317 638
767 5254 977 5310 Vicarii
1004 5250 1383 5309 Orientalium
1418 5250 1883 5322 patriarcharum
1911 5251 2209 5306 dixerunt:
2232 5250 2380 5306 Illud
2407 5252 2562 5323 quod
2592 5252 2757 5308 vobis
2784 5252 3013 5309 diverso
3040 5255 3218 5312 modo
3249 5254 3591 5330 Bulgariam
3613 5255 3784 5330 perti-

510 5375 648 5417 nere
679 5353 893 5419 dicitis,
928 5351 1229 5408 addiscere
1262 5350 1550 5405 volumus.
1586 5348 1782 5420 Legati
1814 5353 2028 5404 sancta
2061 5349 2334 5405 Romana
2383 5348 2649 5406 Ecclesia
2702 5351 3169 5423 responderunt:
3221 5354 3403 5411 Sedes
3448 5353 3781 5428 apostolica:

498 5460 669 5532 juxta
689 5451 845 5526 quod
866 5447 1253 5506 decretalibus
1277 5446 1785 5503 sanctissimorum
1819 5447 2214 5503 Romanorum
2239 5447 2558 5519 prasulum
2576 5447 2767 5504 doceri
2786 5448 3397 5525 poteritis,utramque
3416 5452 3783 5526 Epirum,no-

499 5571 635 5612 vam
665 5548 937 5607 videlicet
963 5553 1334 5618 veteremque
1363 5548 1663 5617 totamque
1694 5544 2057 5601 Thessaliam
2110 5550 2285 5618 atque
2332 5546 2708 5614 Dardaniam,
2741 5544 2802 5602 in
2825 5563 2945 5619 qua
2971 5553 3029 5605 et
3054 5549 3351 5609 Dardania
3379 5549 3580 5609 civitas
3613 5549 3781 5607 hodie

1550 5677 1805 5723 NOTULE
1847 5677 2229 5725 MARGINALES
2272 5680 2585 5727 FABROTTI.

435 5775 511 5848 (α)
539 5772 981 5839 Imminentibus,
1012 5769 1074 5825 id
1103 5771 1193 5825 est
1219 5770 1551 5825 instantibus
1579 5775 1629 5824 et
1656 5769 1986 5839 urgentibus.

435 5862 511 5900 τη.
540 5845 634 5900 sed
661 5842 896 5898 aedium.

2230 5770 2425 5827 tenior.
2458 5770 2519 5827 id
2543 5778 2643 5842 est,
2672 5769 2950 5845 dominus,
2980 5788 3102 5830 rem.
3197 5773 3268 5847 (ο)
3297 5770 3421 5833 Non
3437 5775 3565 5849 jure
3586 5782 3781 5849 ngao'

367 5860 511 5917 rum,
540 5860 634 5902 sea
661 5860 896 5898 seamm.
