3928 6210
111 244 235 311 I397
753 237 1121 300 HISTORIA
1165 236 1267 298 DE
1309 236 1512 299 VITIS
1561 235 1751 299 ROM.
1793 235 2027 300 PONT.
2067 269 2146 282 —
2187 235 2646 298 STEPHANUS
2687 235 2788 296 Vl.
3309 231 3468 294 I398

395 371 550 447 Apud
576 372 804 428 Peniam
833 387 904 428 ex
932 370 1110 427 codwe
1139 371 1384 426 Cavcnsi.
1745 374 1795 432 Α
1896 369 2037 424 Num
2065 368 2192 440 629,
2227 369 2308 424 lin
2339 369 2425 440 11,
2457 366 2742 424 residunt.
2777 366 2858 422 lin
2889 366 2974 435 12,
3007 367 3393 423 revertuntur.

528 514 670 526 ..η
801 513 855 526 ..
936 511 958 526 ,.
1137 511 1276 526 ...
1359 513 1418 526 ...
1565 510 1576 522 .
1896 455 2079 508 Num‘

1235 511 1276 526 ,,
1359 513 1418 526 η,
1565 510 1576 522 ,
1896 460 2040 508 Num
2068 449 2194 514 631,
2230 449 2306 504 lin
2341 450 2392 514 4,
2423 447 2777 503 libellorum.

158 521 284 607 illum
322 515 459 607 6M,
493 511 1174 607 12t)10,‘subterfuge5et.
1205 511 1311 607 ,ιίζι
1358 513 1447 578 2-4,
1502 511 1709 566 missas

1914 537 2037 592 Vum
2064 511 2189 604 637,
2224 538 2304 592 (in
2341 511 2395 602 8,
2431 538 2628 607 Teque
2660 551 2773 590 rev.
2811 537 2955 607 patr.
2988 535 3071 590 lin
3107 535 3164 601 9,
3194 534 3465 591 omnibus

105 579 504 664 celebrar_e‘._lvigz‘
525 589 615 664 28_,
651 583 748 664 ubi
779 579 1171 663 emicantibus
1205 581 1321 664 ind.
1554 654 1590 664 __

1657 657 1692 664 -
1827 581 2212 664 praesentibus
2244 579 2664 664 contestamur.
2695 609 2779 661 ut.
2811 579 2843 607 Γ
3150 579 3163 601 ’

159 624 379 645 mum...
526 624 596 640 ...,
654 624 748 638 μυ.
779 624 1171 638 νημωμηωμυ

159 665 283 751 I‘Vum
311 659 435 751 015,
660 656 892 751 bisuros
922 654 1154 751 uspia‘m
1186 653 1710 751 e‘sti'r'naslsellin‘j,

1401 669 1494 707 sse
1547 654 1628 708 [in
1657 657 1692 708 7
1827 624 2212 681 praesentibus
2244 624 2664 673 contestamur,
2695 624 2779 661 ut.

1405 727 1461 751 m
1483 695 1713 751 In”)
1896 703 2041 751 Num
2069 698 2192 751 638.
2229 697 2307 750 lin
2337 698 2389 751 6.
2416 697 2647 750 fuerant
2674 693 2951 750 denudati

2177 741 2192 766 ,
2229 735 2307 750 ιιιιι
2338 735 2389 760 υ,
2416 735 2532 750 suus
2547 735 2647 750 υιιιυ
2674 735 2975 750 υυιιυυυιιο

104 733 425 788 sedarentur.
459 729 542 782 lin
575 728 655 790 l5,
680 727 898 782 diceret
927 724 1245 780 anhelaret.
1281 725 1362 778 lin
1391 727 1481 789 20,
1509 725 1716 780 beatis-
1896 724 2041 790 Tim"
2069 724 2192 790 1’22,
2229 724 2307 790 f‘,"
2337 724 2647 790 E’;‘"f’,”f”“
2674 724 3025 790 “muuffu'L
3115 789 3123 790 ί
3172 771 3208 790 ,,

103 804 226 860 sime
256 817 402 873 papa
431 776 687 873 Nicolao‘.
768 867 800 873 ,Α
1235 865 1269 873 Δ,
1407 865 1419 873 _
1470 776 1480 789 1
1527 867 1541 873 _

1895 777 2039 831 Num
2067 777 2192 846 639,
2227 777 2307 830 lin
2341 777 2427 842 10,
2460 776 2715 830 diximus
2746 776 3038 847 penitente
3070 776 3293 829 sortito.

157 861 284 931 Νυνή
312 861 434 937 619,
460 871 543 924 lin
570 870 626 933 9,
651 867 874 940 jugiter
901 865 1376 940 concrepantium
1407 865 1678 921 laudans.
1839 936 1867 940 ῃ
1896 867 2041 919 Num
2069 866 2202 940 640,Δ
2229 865 2310 919 lin
2343 865 2390 930 l,
2427 881 2539 918 non
2571 861 2770 918 valens
2802 867 3025 940 quanta
3055 879 3202 940 esse,
3228 877 3412 940 quam
3444 877 3479 916 a

155 945 284 1011 Num
310 932 433 1007 620,
469 943 551 996 lin
581 932 632 1004 5’,
651 932 896 1011 justitia
925 932 1253 1011 rectitandi.
1828 936 2158 1011 Graecorum
2190 935 2763 1011 imperato_re,_quam
2796 932 3089 1011 natorum.
3117 935 3199 990 lin
3217 932 3478 1011 {ontis-

157 1010 283 1070 Num
308 1005 430 1077 6‘22,
466 1014 549 1067 lin
583 1005 681 1076 12,
707 1026 1005 1065 commun.
1039 1009 1374 1079 frequenter
1403 1025 1522 1063 acc.
1829 1008 2070 1079 simum,
2095 1005 2400 1078 pertinere.
2436 1007 2517 1062 lin
2547 1005 2638 1074 I3,
2669 1006 2736 1062 44
2766 1023 2882 1062 non
2930 1005 3181 1063 videtur.
3218 1005 3480 1062 Videntur

155 1087 280 1141 Num
306 1087 430 1153 627,
465 1084 550 1139 lin
583 1085 666 1150 I6,
702 1081 1070 1138 sacerdotum
1123 1078 1309 1151 usque
1356 1079 1718 1135 erecedivam
1829 1080 2018 1151 aliqua
2047 1078 2268 1134 deesse.

104 1157 254 1214 sedis.

993 1439 1164 1511 ClX.
1224 1436 1605 1510 JOANNES
1657 1437 1802 1521 VII,
1849 1457 2027 1508 ANNO
2063 1435 2350 1509 Cnalsn
2390 1433 2557 1511 872.

1245 1633 1381 1704 CX.
1440 1633 1853 1717 MARINUS,
1902 1653 2085 1705 ANNO
2126 1636 2292 1708 882.

1134 1826 1304 1898 CXI.
1363 1825 1797 1901 ADRIANUS
1848 1831 1958 1917 lll,
2017 1849 2199 1902 ANNO
2251 1827 2418 1900 884.

1254 2171 1486 2242 CXII.
1543 2171 2135 2244 STEPHANUS
2190 2172 2308 2241 VI.

919 2309 1084 2356 ANNO
1113 2309 1354 2356 cnmsrr
1384 2295 1526 2369 885,
1561 2311 1775 2358 canon
1807 2311 2015 2358 cnsssr
2043 2297 2106 2369 '1,
2137 2312 2266 2357 uir.
2301 2310 2520 2356 essm:
2554 2296 2652 2357 19.

297 2431 445 2486 641
485 2427 842 2502 Stephanus,
876 2426 1111 2483 natione
1161 2427 1480 2495 Romanus,
1514 2445 1584 2484 ex
1623 2432 1786 2501 patre
1833 2427 2108 2495 Adriano,
2131 2428 2201 2483 de
2232 2426 2467 2500 regione
2493 2426 2589 2484 via
2617 2427 2779 2495 Lata,
2810 2427 2966 2484 sedit
3009 2446 3196 2486 annos
3246 2435 3502 2504 quatuor

230 2545 458 2586 menses
490 2531 734 2600 septem,
763 2526 888 2582 dies
919 2525 1382 2598 quatuordecim.
1408 2526 1522 2581 Iste
1544 2525 1835 2598 siquidem
1865 2525 2245 2582 beatissimus
2278 2525 2537 2598 pontifex
2565 2525 2851 2581 nobilium
2875 2531 3185 2600 parentum
3210 2529 3501 2588 Romano-

229 2645 356 2683 rum
391 2643 624 2700 quoque
655 2624 928 2698 prosapia
957 2628 1142 2687 ortus,
1169 2623 1310 2678 dum
1343 2641 1446 2696 per
1475 2623 1576 2679 Dei
1599 2625 1849 2695 gratiam
1883 2628 2186 2691 cresceret,
2213 2624 2396 2679 sacris
2417 2628 2505 2679 est
2527 2624 2770 2679 edoctus
2791 2625 3189 2698 dogmatibus,
3214 2629 3412 2688 studio
3444 2636 3504 2689 et

227 2726 616 2782 sollicitudine
645 2724 934 2780 Zachariae
966 2722 1324 2778 sanctissimi
1355 2721 1633 2793 episcOpi,
1663 2721 2082 2794 consanguinei
2115 2721 2226 2788 sui,
2252 2725 2308 2776 et
2336 2721 2492 2776 sedis
2513 2721 2841 2794 apostolica}
2872 2723 3319 2794 bibliothecarii,
3344 2742 3505 2785 cum‘

161 2827 193 2881 5
231 2842 340 2898 que
371 2823 735 2896 conspiceret
765 2822 870 2894 piae
902 2821 1194 2877 memoriae
1227 2820 1522 2875 Adrianus
1550 2820 1750 2891 junior
1779 2820 2038 2892 pontifex
2066 2818 2328 2875 moribus
2360 2818 2528 2874 bonis
2575 2817 2891 2890 pollentem
2923 2823 2980 2875 et
3008 2819 3337 2879 litterarum
3368 2829 3502 2882 stu-

229 2921 339 2978 diis
371 2923 714 2985 ferventem,
749 2935 783 2974 a
812 2917 1086 2991 prmdieto
1121 2915 1316 2972 inclito
1347 2915 1607 2987 genitore
1639 2933 1744 2971 suo
1773 2933 1905 2971 eum
1939 2917 2229 2983 auferens,
2257 2917 2326 2972 ad
2359 2915 2815 2972 subdiaconatus
2846 2917 2962 2974 Deo
2995 2919 3219 2976 favente
3247 2923 3498 2994 gradum

235 3017 512 3093 provexit,
541 3021 807 3074 statuens
835 3033 971 3071 eum
1003 3015 1153 3069 inter
1181 3013 1326 3070 alios
1358 3013 1466 3069 sibi
1504 3013 1874 3082 familiarem,
1899 3019 1957 3069 et
1986 3013 2045 3068 in
2079 3013 2426 3086 patriarchio
2458 3014 2833 3070 Lateranensi
2867 3015 3330 3075 ecclesiasticum
3364 3036 3500 3093 per-

236 3120 503 3191 agentem
535 3114 816 3179 officium,
849 3117 905 3169 et
933 3112 1042 3168 hoc
1073 3112 1292 3166 honore
1323 3115 1590 3182 percepto
1619 3111 1798 3166 vitam
1831 3111 1954 3182 ipse
1985 3111 2150 3166 duxit
2180 3111 2528 3167 mirabilem.

303 3215 462 3272 642
492 3214 629 3269 Erat
657 3211 811 3267 enim
845 3227 1084 3282 corpore
1115 3214 1336 3276 castus,
1372 3208 1567 3264 animo
1612 3209 1936 3274 benivolus,
1969 3209 2128 3264 vultu
2162 3205 2388 3281 hilaris,
2423 3209 2652 3282 eloquio
2700 3211 2981 3284 prudens,
3014 3213 3228 3284 opibus
3275 3214 3498 3290 largus,

233 3311 467 3386 ingenio
499 3310 808 3377 facundus,
841 3307 1211 3363 mmrentium
1234 3306 1579 3374 consolator,
1606 3306 1965 3379 pupillorum
1993 3312 2049 3362 et
2079 3307 2319 3379 inopum
2353 3307 2658 3376 enutritor,
2683 3311 2758 3376 et,
2781 3313 2848 3365 ut
2869 3309 3216 3383 generaliter
3243 3328 3504 3386 compre-

231 3410 508 3476 hendam,
525 3407 791 3464 omnium
810 3406 1095 3461 virtutum
1121 3405 1362 3460 floribus
1385 3404 1723 3460 adornatus.
1741 3405 2126 3470 Quamobrem
2157 3404 2249 3460 hic
2272 3405 2428 3460 idem
2449 3404 2951 3463 eminentissimus
2973 3407 3184 3480 praesul
3205 3409 3266 3464 in
3287 3416 3501 3469 sancta

232 3509 509 3564 Romanae
539 3502 807 3561 Ecclesia:
840 3502 1075 3559 servitio
1109 3502 1454 3573 perdurans,
1478 3505 1535 3556 et
1565 3500 1754 3573 magis
1783 3518 1848 3556 ac
1880 3502 2066 3574 magis
2098 3503 2451 3574 specialibus
2483 3503 2695 3560 studiis
2726 3522 2958 3574 vacans,
2982 3523 3016 3562 a
3036 3509 3355 3565 reverendae
3378 3527 3504 3568 me-

165 3607 199 3662 5
233 3606 431 3662 moria:
465 3602 689 3660 Marino
720 3617 952 3658 summo
985 3600 1257 3672 pontifice
1282 3599 1427 3654 bene
1456 3603 1650 3665 notus,
1679 3604 1734 3654 et
1759 3605 1990 3655 amatus
2016 3600 2405 3656 familiaribus
2429 3602 2578 3672 ejus,
2604 3603 2803 3675 potius
2825 3609 2913 3660 est
2943 3604 3164 3662 ascitus
3183 3606 3504 3679 obsequiis.

234 3703 425 3774 Hujus
458 3715 714 3771 namque
745 3714 880 3753 cum
911 3694 1322 3752 castimoniam
1352 3700 1408 3752 et
1437 3697 1829 3769 prudentiam,
1863 3701 2038 3769 atque
2069 3697 2411 3754 fidelitatem
2445 3699 2598 3754 idem
2631 3699 2894 3757 Marinus
2925 3718 3198 3759 summus
3229 3721 3377 3777 papa
3406 3722 3514 3778 per

233 3800 438 3857 omnia
466 3799 813 3866 intueretur,
836 3795 908 3850 ob
941 3811 1057 3850 suae
1091 3793 1226 3848 ﬁdei
1257 3798 1314 3848 et
1343 3794 1665 3866 prudentia:
1698 3795 1972 3850 meritum
2002 3795 2427 3868 manipularem
2468 3796 2580 3852 sibi
2613 3797 2916 3870 delegavit,
2939 3803 2996 3855 et
3025 3801 3172 3857 scita
3194 3818 3302 3858 sua
3329 3803 3513 3875 spiri-

236 3897 335 3954 tali
370 3894 813 3954 conversatione
834 3891 987 3948 tituli
1010 3892 1312 3948 beatorum
1339 3897 1590 3962 quatuor
1609 3891 2026 3948 Coronatorum
2056 3894 2459 3966 presbyterum
2482 3895 2862 3961 consecravit,
2885 3897 3021 3952 etin
3044 3897 3202 3955 nullo
3225 3917 3259 3956 a
3279 3917 3341 3957 se
3362 3903 3508 3959 dum

240 3997 381 4053 vixit
400 3995 662 4068 separari
685 3992 972 4066 permisit.
994 3991 1178 4066 Igitur
1198 3990 1470 4045 defuncto
1492 3989 1859 4045 recordandaa
1882 3990 2176 4045 memoriae
2193 3991 2443 4046 Adriano
2467 4007 2637 4063 papa,
2653 3993 2752 4064 qui
2776 3993 2962 4049 eidem
2987 3994 3326 4053 beatissimo
3347 4014 3513 4070 papas

149 4096 207 4150 10
243 4095 471 4152 Marino
504 4094 884 4158 successerat,
911 4106 1088 4161 super
1117 4087 1357 4144 ﬂuvium
1389 4085 1714 4154 Scultiuna,
1746 4085 1806 4140 in
1847 4085 1985 4142 villa
2037 4104 2162 4158 quas
2194 4088 2577 4145 Viulzachara
2607 4095 3002 4164 nuncupatur,
3035 4095 3204 4165 cujus
3251 4099 3518 4167 tempore

245 4191 498 4248 Romani
532 4189 685 4245 cives
717 4187 900 4244 multa
927 4191 1049 4242 tam
1082 4185 1443 4241 locustarum
1466 4183 1861 4240 devastatione
1881 4200 2059 4255 quam
2083 4189 2138 4240 et
2159 4185 2364 4257 pluviae
2397 4186 2702 4244 sterilitate
2724 4206 2826 4245 seu
2848 4190 3020 4246 famis
3043 4191 3235 4264 inopia
3257 4198 3522 4266 perpessi

247 4291 485 4346 fuerant
510 4286 901 4351 incommoda,
916 4285 1216 4340 credentes
1240 4301 1299 4338 se
1323 4299 1491 4355 posse
1511 4282 1688 4353 hujus
1708 4282 2054 4338 venerabilis
2077 4282 2182 4337 viri
2207 4284 2515 4340 sanctitate
2538 4285 2797 4354 relevari,
2813 4305 2915 4360 per
2933 4288 3034 4346 Dei
3058 4289 3521 4352 misericordiam

251 4387 406 4444 facto
433 4390 722 4442 conventu
753 4382 1262 4440 sanetissimorum
1291 4380 1698 4452 episcoporum
1731 4384 1786 4436 et
1816 4381 1994 4436 totius
2047 4380 2330 4436 clericalis
2362 4382 2604 4454 ordinis,
2628 4400 2853 4441 necnon
2891 4387 3176 4444 nobilium
3209 4395 3524 4450 senatuum

249 4490 305 4540 et
333 4485 598 4540 virorum
631 4481 952 4538 illustrium
983 4483 1156 4546 ccetu,
1183 4477 1646 4534 acclamantibus
1677 4479 1972 4546 omnibus,
1999 4496 2115 4534 una
2145 4495 2279 4534 cum
2311 4479 2470 4534 omni
2490 4481 2704 4552 populo
2737 4487 2795 4539 et
2824 4484 3132 4557 utriusque
3163 4504 3335 4544 sexus
3364 4489 3525 4564 vulgi

155 4583 217 4638 15
253 4579 859 4647 multitudine,dixere
874 4595 887 4634 :
905 4576 1220 4634 Dominum
1239 4576 1600 4647 Stephanum
1619 4577 2024 4649 presbyterum
2045 4580 2155 4631 Deo
2169 4575 2413 4649 dignum
2437 4595 2642 4634 omnes
2662 4580 3166 4652 volumus,omnes
3184 4586 3527 4658 quaerimus,

259 4685 316 4736 et
346 4681 608 4753 petimus
640 4678 808 4733 nobis
840 4692 1086 4749 praeesse
1109 4674 1477 4747 pontificem;
1501 4674 1638 4747 quia
1671 4675 2048 4747 proculdubio
2072 4676 2363 4731 credimus
2384 4677 2512 4747 ejus
2533 4678 2843 4736 sanctitate
2868 4698 2974 4736 nos
2997 4700 3169 4754 posse
3199 4683 3433 4741 liberari
3455 4687 3530 4743 ab

255 4777 716 4835 imminentibus
738 4774 1032 4849 periculis.
1049 4775 1211 4829 Tunc
1235 4772 1372 4844 quia
1395 4773 1520 4842 jam
1545 4773 1882 4828 nominatus
1909 4773 2199 4828 Adrianus
2221 4774 2474 4845 pontifex
2499 4775 2692 4830 Romae
2722 4776 3037 4850 reliquerat
3061 4781 3347 4838 Joannem
3368 4799 3538 4841 vene-

259 4877 513 4934 rabilem
543 4874 914 4931 Ticinensem
946 4871 1308 4945 episcopum,
1333 4874 1397 4926 ut
1419 4869 1668 4926 missum
1691 4871 1878 4926 Caroli
1905 4871 2369 4927 excellentissimi
2405 4871 2773 4944 imperatoris
2794 4892 2898 4947 pro
2929 4877 3175 4935 tuitione
3195 4879 3386 4949 Urbis,
3407 4898 3537 4938 om-

259 4993 366 5032 nes
399 4992 540 5032 cum
573 4974 776 5030 eodem
805 4972 994 5045 legato
1023 4968 1313 5042 imperiali
1336 4968 1529 5040 juncti
1563 4969 1874 5024 unanimes
1901 4975 2183 5024 venerunt
2213 4969 2284 5025 ad
2316 4970 2576 5038 domum,
2603 4970 2702 5026 ubi
2733 4988 2864 5027 cum
2899 4979 3063 5046 patre
3095 4977 3220 5050 ipse
3247 4977 3540 5037 almiﬁcus

157 5075 225 5129 20
262 5074 606 5146 Stephanus
628 5075 831 5128 sancto
860 5069 1256 5126 meditabatur
1276 5066 1588 5138 colloquio,
1611 5071 1669 5122 et
1698 5083 1831 5123 ecce
1851 5068 2050 5123 fractis
2075 5068 2298 5124 foribus
2320 5072 2549 5124 tenetur
2567 5074 2622 5124 et
2643 5070 2882 5125 ducitur
2911 5071 3131 5128 electus
3154 5074 3254 5130 Dei
3285 5075 3544 5148 pontifex

263 5173 335 5228 ad
360 5171 638 5228 eumdem
657 5168 896 5225 titulum
915 5171 1254 5224 sanctorum
1273 5169 1526 5238 quatuor
1539 5164 1958 5221 Coronatorum
1979 5166 2089 5221 sibi
2109 5165 2396 5221 creditum
2420 5165 2712 5223 reluctans
2734 5167 3076 5240 plurimum,
3092 5170 3270 5226 simul
3288 5187 3423 5227 cum
3449 5179 3550 5245 pa‘

265 5273 356 5324 tre
379 5266 848 5323 acclamantibus
871 5264 1155 5336 utrisque,
1172 5267 1228 5319 et
1252 5262 1526 5334 indignos
1549 5279 1611 5316 se
1632 5266 1795 5317 tanto
1813 5263 2030 5318 honore
2057 5264 2598 5335 profitentibus.Ubi
2617 5269 2673 5320 et
2693 5282 2896 5322 omnes
2918 5272 3130 5323 sancta:
3152 5269 3427 5325 Romanae
3448 5271 3554 5328 Eo-

270 5364 470 5422 clesim
500 5343 712 5420 scholas
743 5364 1065 5436 gaudentes
1096 5362 1418 5432 conjuncta:
1448 5358 1719 5414 eumdem
1751 5362 2147 5416 venerandum
2190 5361 2437 5417 electum
2468 5362 2782 5429 trahentes,
2808 5365 2879 5419 ad
2914 5365 3303 5422 Lateranense
3323 5365 3554 5425 Christo

271 5464 432 5536 prad
445 5480 552 5518 uce
586 5463 981 5535 perduxerunt
1001 5458 1306 5533 palatium,
1333 5474 1466 5512 cum
1490 5457 1650 5512 omni
1680 5457 1896 5514 honore
1918 5463 1973 5513 et
1996 5458 2192 5514 debita
2216 5459 2552 5515 reverentia.
2576 5460 2740 5517 Prius
2763 5461 2997 5534 quidem
3021 5480 3201 5534 quam
3224 5465 3296 5520 ad
3319 5481 3554 5520 sacrum

165 5563 234 5618 25
273 5561 611 5636 pervenerit
634 5559 942 5631 palatium,
966 5562 1130 5613 tanta
1155 5554 1483 5628 pluviarum
1508 5555 1738 5610 caelitus
1772 5557 1922 5610 facta
1948 5562 2036 5611 est
2070 5556 2397 5622 inundatio,
2416 5575 2532 5628 qua
2554 5576 2660 5613 sua
2685 5559 2944 5616 ubertate
2962 5565 3176 5617 terram
3199 5580 3233 5618 a
3253 5561 3440 5618 multo
3463 5578 3559 5618 re-

277 5665 370 5716 tro
404 5665 672 5730 tempore
696 5656 920 5712 aridam
945 5656 1224 5718 reficeret,
1250 5659 1310 5708 ut
1342 5656 1540 5722 aperto
1563 5652 1789 5721 judicio
1813 5654 1968 5708 Deus
1999 5655 2330 5708 ostenderet
2353 5653 2497 5708 tanti
2531 5655 2794 5730 almigeri
2815 5659 2920 5713 viri
2953 5660 3178 5717 meritis
3199 5677 3264 5718 ac
3290 5660 3563 5734 precibus

278 5757 568 5814 omnibus
597 5771 660 5811 se
686 5754 832 5810 velle
862 5751 1160 5825 propitiari
1194 5747 1582 5821 populis.Quo
1608 5749 1829 5804 scilicet
1859 5748 1915 5802 in
1940 5750 2141 5802 eodem
2176 5751 2466 5806 residente
2498 5752 2711 5822 palatio
2733 5757 2994 5826 gaudent
3015 5757 3320 5832 utriusque
3341 5757 3565 5816 ordinis

278 5869 580 5928 proceres,
601 5856 660 5909 et
688 5851 942 5909 debitam
968 5848 1309 5905 ﬁdelitatem
1331 5850 1623 5918 casperunt
1647 5846 1931 5902 exhibere.
1956 5847 2034 5900 Ad
2047 5846 2308 5903 veniente
2328 5852 2526 5904 autem
2552 5851 2815 5920 proximo
2843 5855 2936 5911 die
2957 5855 3286 5927 Dominico,
3311 5859 3383 5916 ad
3408 5857 3566 5917 beati
