3928 6210
394 206 553 271 1399
1563 208 1975 272 ANASTAS‘H
2015 208 2678 281 BIBLIOTHECABIL
3646 209 3813 272 “00

535 341 688 399 Petri
714 341 1113 417 apostolorum
1132 341 1415 418 principis
1440 343 1648 401 limina
1666 343 1861 400 omnis
1884 343 2149 400 Romana
2165 340 2424 399 Ecclesia
2442 358 2579 403 eum
2602 340 3272 412 honorabiliter-detulit,
3295 341 3403 401 ubi
3414 346 3485 401 ct.
3499 358 3810 402 consecra-

426 442 497 497 30
534 444 631 498 tus
662 440 919 514 pontifex
950 441 1266 498 missarum
1297 458 1365 498 ex
1396 456 1557 498 more
1584 441 1896 498 celebravit
1924 440 2230 498 solemnia.
2264 442 2334 497 Et
2363 440 2595 497 rediens
2625 458 2758 497 cum
2782 441 2976 498 debito
3006 440 3226 500 honore
3257 458 3324 500 ac
3351 442 3810 501 honorificentia

532 539 605 595 ad
636 540 1025 596 Lateranense
1053 539 1357 613 palatium,
1391 557 1565 596 suum
1596 538 1990 596 ministerium
2023 538 2191 595 miris
2222 539 2395 613 coepit
2424 540 2697 596 decorare
2728 539 3029 613 operibus.

604 638 756 695 048
788 637 1006 694 Deinde
1035 654 1170 693 cum
1204 636 1636 694 venerabilibus
1666 637 1955 712 episcopis
1986 642 2042 695 et
2068 636 2378 711 Augustali
2407 636 2594 710 legato
2616 652 2683 693 ac
2711 636 3037 693 honorabili
3067 641 3273 694 senatu
3305 639 3629 712 per‘omnia
3651 639 3806 696 sacri

526 734 727 807 palatii
757 735 1008 809 perrexit
1032 735 1325 802 vestiaris,
1349 753 1475 809 qua;
1505 735 1563 791 in
1595 739 1827 792 tantum
1856 737 2156 793 devastata
2176 734 2411 807 reperit,
2435 739 2499 790 ut
2519 734 2592 791 de
2623 734 2868 791 sacratis
2896 735 3075 806 vasis,
3099 736 3318 809 quibus
3348 748 3587 795 mensas
3616 736 3813 794 teneri

530 831 693 894 festis
724 832 930 890 diebus
960 832 1266 907 pontiﬁces
1314 837 1758 900 consueverant,
1792 833 2151 907 paucissima
2200 833 2619 891 invenirentur.
2654 833 2734 891 De
2778 832 3024 907 reliquis
3050 846 3185 891 vero
3217 835 3428 909 opibus
3458 835 3647 906 nihil;
3674 852 3809 892 om-

529 928 697 998 nino;
729 931 833 987 sed
863 932 1003 1003 quia
1032 930 1313 987 nimirum
1344 931 1393 987 si
1424 930 1831 987 vestiariorum
1879 948 2053 1005 gazas
2086 930 2310 987 ablatas
2350 930 2582 1003 reperit,
2607 930 2709 1004 qui
2754 932 3011 988 sacraria
3057 931 3404 1006 perquirens
3424 933 3498 989 de
3526 932 3807 1007 pluribus

455 1026 495 1082 6
531 1027 789 1084 donariis
820 1032 877 1084 et
904 1028 1282 1085 ecclesiarum
1313 1027 1673 1085 ornamentis
1702 1046 1849 1102 pene
1882 1026 2027 1085 nihil
2051 1028 2289 1084 invenit.
2315 1029 2465 1086 Crux
2485 1034 2683 1087 tamen
2713 1047 2893 1087 aurea
2921 1029 3024 1088 illa
3048 1030 3467 1098 famosissima,
3488 1049 3672 1106 quam
3702 1030 3787 1089 De

529 1123 765 1181 lisarius
796 1126 1079 1199 patricius
1108 1128 1179 1183 ad
1214 1127 1493 1183 honorem
1523 1126 1674 1183 beati
1708 1125 1993 1200 Principis
2028 1126 2171 1183 Petri
2222 1127 2622 1199 apostolorum
2670 1127 2951 1199 instituit,
2978 1134 3035 1185 et
3064 1129 3333 1203 plurima:
3363 1131 3807 1188 sacratissimo-

525 1239 755 1279 morum
789 1223 1060 1280 altarium
1094 1242 1279 1281 aureae
1309 1229 1500 1281 vestes
1530 1240 1665 1280 cum
1694 1223 1938 1297 reliquis
1966 1224 2237 1301 pretiosis
2266 1226 2628 1284 ornamentis
2659 1243 2776 1284 non
2806 1227 3138 1295 defuerunt.
3165 1228 3313 1292 Nam
3343 1227 3475 1292 ideo
3504 1228 3641 1302 ipse
3666 1229 3819 1290 bes:

523 1316 773 1379 tissimis
801 1314 953 1395 papa
982 1340 1178 1379 coram
1208 1323 1387 1380 tantis
1416 1323 1665 1380 testibus
1694 1339 1763 1380 ea
1793 1323 2087 1396 repuirere
2118 1322 2387 1396 providit,
2413 1329 2478 1381 ut
2507 1324 2701 1381 cuncti
2724 1330 3143 1400 cognoscerent
3171 1325 3255 1383 nil
3275 1325 3390 1383 tale
3419 1326 3546 1384 suis
3575 1331 3806 1401 tempo-

525 1419 690 1476 ribus
721 1436 850 1476 esse
880 1424 1257 1477 attentatum.

594 1518 749 1574 644
780 1516 998 1575 Idcirco
1028 1518 1189 1592 gravi
1220 1535 1466 1575 mmrore
1498 1519 1739 1574 atl‘ectus
1769 1521 1878 1587 est,
1904 1518 2046 1591 quia
2090 1519 2408 1577 devastatis
2452 1519 2745 1577 vestiariis
2774 1519 2984 1578 horrea
3010 1519 3191 1578 simul
3240 1525 3299 1578 et
3344 1521 3584 1579 cellaria
3612 1539 3807 1579 vacua

522 1614 759 1671 inventa
788 1620 957 1694 sunt;
989 1622 1045 1672 et
1074 1615 1213 1689 quid
1244 1620 1509 1690 erogaret
1536 1615 1692 1672 clero
1720 1620 1778 1675 et
1826 1616 2053 1689 scholis,
2074 1630 2193 1675 non
2222 1617 2495 1687 habebat,
2517 1617 2608 1675 vel
2638 1618 2796 1674 unde
2828 1617 3089 1692 captivos
3133 1618 3466 1688 redimeret,
3497 1620 3804 1693 orphanos

520 1716 576 1768 et
604 1712 812 1769 viduas
842 1718 1105 1786 pasceret
1134 1714 1193 1769 in
1225 1719 1347 1770 tam
1378 1713 1741 1770 validissima
1769 1731 1896 1787 quae
1927 1714 2411 1784 instabagfame,
2444 1716 2680 1772 carebat
2718 1732 2733 1772 :
2770 1714 2912 1789 quid
2943 1715 3200 1773 faceret?
3228 1716 3556 1775 Conversus
3582 1718 3659 1775 ad
3693 1737 3802 1792 pa-

520 1811 664 1867 trias
696 1810 1000 1868 facultates
1030 1829 1176 1885 quas
1208 1811 1405 1886 inclyti
1437 1812 1533 1868 sui
1562 1815 1833 1886 parentes
1882 1815 2282 1884 possederant,
2306 1812 2568 1880 abstulit,
2593 1816 2652 1873 et
2700 1812 2867 1886 larga
2904 1813 3106 1870 dextra
3134 1819 3310 1887 prout
3337 1820 3538 1887 posset
3567 1832 3799 1889 paupe-

446 1910 484 1966 5
522 1910 684 1966 ribus
714 1914 992 1983 erogavtt,
1018 1914 1077 1966 et
1106 1910 1188 1966 ita
1217 1910 1333 1967 Deo
1363 1911 1680 1967 miserante
1719 1910 1938 1966 factum
1970 1915 2059 1966 est
2091 1915 2156 1966 ut
2202 1910 2377 1967 famis
2426 1910 2686 1983 inopiam
2741 1927 2849 1967 suo
2895 1911 3091 1967 studio
3139 1911 3455 1985 mitigaret.
3490 1912 3800 1972 Ministros

519 2008 718 2081 itaque
743 2012 803 2065 et
829 2007 1147 2066 familiares
1176 2006 1315 2064 hinc
1342 2008 1476 2064 inde
1520 2006 1867 2081 perquirens
1915 2008 2064 2064 tales
2092 2007 2221 2064 suis
2252 2007 2553 2081 obsequiis
2581 2007 2936 2081 aggregavit,
2961 2007 3062 2082 qui
3112 2013 3170 2065 et
3213 2010 3345 2065 vite
3395 2011 3711 2068 sanctitate
3743 2017 3800 2069 et

517 2106 651 2163 fidei
682 2106 1016 2163 sinceritate
1045 2111 1103 2162 et
1131 2106 1431 2179 sapientiae
1461 2105 1730 2161 doctrina
1758 2109 1816 2161 et
1845 2105 2189 2179 eloquentiae
2234 2106 2588 2165 fecunditate
2619 2111 2677 2164 et
2703 2123 2934 2162 morum
2969 2106 3257 2180 probitate
3303 2107 3611 2181 pollerent.
3647 2114 3796 2168 Cum

516 2206 711 2260 autem
742 2204 814 2259 ad
847 2202 1160 2275 prandium
1192 2204 1452 2272 sedebat,
1488 2202 1782 2276 orphanos
1804 2202 2066 2275 quotidie
2098 2201 2435 2270 advodabat,
2459 2210 2607 2275 quos
2639 2207 2705 2258 ut
2735 2202 2886 2259 filios
2907 2202 3118 2261 alebat.
3143 2204 3503 2264 Convocatos
3528 2222 3666 2265 vero
3696 2225 3799 2266 no-

515 2299 664 2356 biles
694 2316 829 2356 cum
860 2300 1156 2373 corporeis
1185 2305 1453 2373 pasceret
1503 2300 1672 2369 cibis,
1705 2294 2116 2374 spiritualihus
2163 2300 2353 2375 epulis
2403 2296 2713 2358 mfove'bat.
2740 2294 2817 2357 Et
2844 2302 3075 2358 tantum
3106 2302 3208 2359 Dei
3254 2302 3527 2360 timorem
3574 2305 3794 2363 mentis

409 2397 479 2455 10
514 2395 700 2454 oculis
732 2397 972 2465 ferebat,
1007 2402 1063 2454 et
1093 2397 1152 2452 in
1180 2397 1398 2454 divinis
1427 2397 1703 2455 laudibus
1732 2398 2069 2467 insistebat,
2101 2403 2169 2456 ut
2195 2398 2270 2456 ad
2312 2400 2441 2472 eius
2479 2398 2792 2473 prandium
2822 2399 3421 2475 aadrapersing‘ulos
3463 2402 3607 2459 diu
3620 2402 3791 2461 lectio

515 2493 879 2553 recitaretur.
912 2493 1226 2551 Missarum
1259 2499 1455 2551 autem
1486 2494 1775 2553 solemnia
1804 2496 2064 2569 quotidie
2102 2495 2454 2564 celebrabat,
2478 2501 2648 2557 nocte
2676 2512 2744 2554 ac
2773 2496 2867 2557 die
2905 2496 3151 2556 orationi
3185 2498 3517 2570 insistebat,
3547 2504 3607 2556 et
3633 2518 3789 2557 nun-

515 2608 694 2666 quam
717 2591 1061 2665 psalmodiis
1083 2592 1371 2660 cessabat,
1390 2592 1505 2649 nisi
1529 2610 1664 2650 cum
1688 2593 1970 2651 utilitates
1987 2593 2186 2668 populi
2209 2595 2282 2652 ad
2303 2610 2368 2652 se
2389 2593 2775 2655 reclamantis.
2789 2595 3072 2668 perﬁcere
3083 2596 3456 2670 cupiebatmt
3472 2614 3785 2671 oppressos

513 2688 845 2747 sublevaret
874 2694 932 2747 et
964 2689 1201 2747 afflictis
1230 2689 1586 2747 subveniret.
1616 2690 1875 2748 Intuitus
1893 2709 2025 2749 vero
2055 2690 2433 2749 insolentiam
2452 2692 2753 2766 populi,“
2781 2691 3103 2752 caecitatem
3128 2693 3322 2752 cordis
3338 2693 3434 2752 sui
3452 2696 3784 2770 vaniloquis

514 2792 571 2845 et
602 2788 842 2846 nefariis
871 2787 1085 2845 fabulis
1115 2792 1173 2847 et
1201 2787 1404 2845 otiosis
1436 2788 1808 2846 sermonibus
1834 2788 2094 2846 vacantis
2122 2788 2184 2846 in
2204 2788 2468 2857 ecclesia,
2490 2795 2549 2847 et
2576 2790 2824 2847 audiens
2852 2791 3143 2864 quosdam
3163 2789 3439 2866 vulgante
3468 2793 3638 2850 fama
3657 2811 3782 2851 ma»-

412 2886 480 2942 15
518 2884 721 2945 leﬁciis
751 2890 808 2943 et
837 2886 1334 2947 incantationibus
1365 2886 1450 2943 uti
1480 2886 1591 2943 hac
1621 2885 1971 2961 allocutione
2002 2887 2249 2945 missam
2276 2887 2579 2945 celebrans
2608 2887 2894 2961 populum
2923 2889 3273 2948 admonuit:
3299 2889 3668 2949 Filiationem
3695 2908 3785 2949 ve-

517 2991 721 3053 stram,
746 2984 1100 3055 charissimi,
1134 3002 1596 3054 commonemus,
1630 2989 1697 3040 ut
1723 2986 2135 3043 convenientes
2169 2986 2241 3043 ad
2291 2985 2743 3045 sacritissimum
2762 2987 2874 3046 Dei
2905 2986 3191 3061 templum
3221 2987 3279 3045 id
3311 2988 3630 3063 diligemur
3652 3008 3784 3064 per—

514 3088 763 3140 tractare
796 3084 1101 3152 studentis,
1135 3085 1207 3140 ad
1239 3084 1394 3156 quod
1426 3083 1687 3140 venistis.
1712 3082 1772 3140 Si
1802 3083 1961 3140 enim
1989 3083 2271 3141 veraciter
2297 3083 2586 3156 templum
2615 3084 2709 3142 Dei
2741 3101 2871 3143 esse
2899 3085 3141 3144 creditis
3169 3084 3317 3142 illud
3346 3087 3427 3143 ad
3451 3088 3613 3161 quod
3642 3105 3782 3145 eon-

512 3182 745 3250 venitis,
771 3182 829 3238 id
859 3180 1244 3254 proculdubio
1273 3180 1418 3237 inibi
1449 3180 1677 3253 operari
1708 3181 1932 3239 debetis
1963 3182 2118 3256 quod
2150 3181 2202 3238 ei
2234 3180 2460 3254 placeat
2489 3182 2665 3254 cujus
2692 3181 2993 3255 templum.
3012 3187 3124 3251 est,
3147 3184 3221 3240 ad
3248 3185 3417 3258 quod
3437 3186 3783 3242 convenitis.

512 3279 659 3336 Cum
691 3280 850 3338 enim
877 3280 1093 3353 ubique
1122 3279 1277 3337 Deus
1307 3279 1402 3348 sit,
1434 3279 1495 3335 in
1528 3296 1635 3336 suo
1664 3282 1860 3336 tamen
1889 3279 2110 3353 templo
2132 3278 2466 3353 specialiter
2485 3280 2657 3337 debet
2675 3280 2918 3354 requiri,
2938 3286 2999 3339 et
3024 3286 3317 3355 quantum
3345 3282 3479 3356 ipse
3496 3282 3784 3358 inspirare

401 3380 473 3436 20
509 3377 786 3454 dignatus
816 3376 992 3435 fuerit
1017 3378 1184 3445 inibi,
1209 3378 1366 3450 quod
1399 3377 1451 3434 ei
1483 3377 1726 3451 placeat,
1750 3377 1924 3434 debet
1951 3378 2161 3451 expeti.
2185 3379 2288 3435 Est
2310 3377 2492 3451 igitur
2520 3377 2855 3435 misericors
2883 3379 3053 3448 Deus,
3077 3379 3161 3436 ita
3177 3384 3379 3437 tamen
3406 3390 3585 3437 suum
3613 3382 3784 3439 mise-

509 3476 823 3555 ricordiam
847 3474 1164 3548 unicuique
1184 3475 1443 3547 disponit
1472 3475 1783 3548 impertiri,
1807 3479 1875 3531 ut
1900 3476 2244 3548 rogantibus
2265 3493 2391 3533 eam
2415 3475 2639 3532 tribuat
2658 3488 2773 3532 non
2794 3475 3147 3549 ingratis,ret
3163 3480 3331 3534 tanto
3354 3477 3598 3552 largiori
3618 3478 3783 3538 illam

509 3574 732 3630 tribuat
761 3571 1078 3644 unicuique
1108 3571 1339 3644 pietate,
1372 3577 1594 3645 quanto
1625 3572 1948 3646 majoribus
1977 3572 2376 3647 gemitibuset
2394 3573 2711 3631 ardentibri
2732 3574 2932 3631 animo
2954 3574 3127 3631 therit
3156 3591 3192 3632 a
3217 3575 3484 3647 quolibet
3511 3577 3784 3651 depreca-

508 3675 629 3739 tus,
659 3669 811 3727 sicut
841 3669 965 3743 ipse
996 3668 1137 3725 dicit
1168 3687 1182 3725 :
1215 3671 1583 3727 Dimittuntur
1622 3671 1678 3726 ei
1709 3679 1927 3742 peccata
1953 3671 2151 3738 multa,
2175 3671 2309 3743 quia
2334 3670 2533 3729 dilexit
2558 3673 2799 3737 multum
2818 3673 2916 3746 (αλ
2940 3673 3042 3729 Est
3070 3674 3644 3750 namquetemphm
3676 3676 3781 3733 Dei

506 3767 669 3826 locus
701 3766 1000 3842 orationis,
1035 3766 1189 3823 sicut
1217 3766 1342 3840 ipse
1372 3765 1588 3823 alicubi
1619 3767 1762 3827 dicit
1792 3784 1805 3825 :
1844 3773 2048 3825 Domus
2088 3785 2215 3826 mea
2236 3767 2429 3825 datm
2457 3772 2724 3833 orationis
2752 3778 2831 3828 est
2868 3772 3085 3828 cunctis
3105 3773 3363 3843 quietibus
3384 3773 3780 3844 (prt'Paal-

397 3869 470 3924 25
508 3865 683 3935 mista
715 3881 728 3921 :
761 3868 990 3927 Domum
1017 3873 1169 3922 tuam
1196 3864 1382 3922 decent
1418 3874 1628 3934 sancta,
1660 3865 1888 3922 Domine
1910 3870 2003 3936 (c).
2024 3866 2249 3939 Quippe
2295 3865 2349 3923 si
2395 3866 2674 3927 orationis
2700 3868 2916 3925 domus
2945 3871 3061 3938 est,
3087 3868 3147 3924 id
3198 3867 3285 3925 ibi
3326 3875 3561 3942 oportet
3605 3887 3779 3945 agere

506 3964 661 4038 quod
692 3968 950 4029 vocatur,
975 3962 1032 4019 id
1062 3967 1152 4020 est
1177 3980 1365 4032 orare,
1389 3963 1657 4037 psallere,
1679 3967 1918 4037 peccata
1943 3963 2229 4034 conﬁteri,
2253 3964 2470 4021 amaris
2490 3964 2795 4023 oculorum
2823 3965 3098 4040 lacrymis
3126 3970 3185 4022 et
3205 3966 3429 4024 mentis
3456 3968 3777 4042 gemitibus

505 4063 719 4120 delicta
747 4061 1006 4129 abluere,
1037 4067 1094 4119 et
1132 4062 1482 4120 ﬁducialiter
1534 4062 1763 4119 veniam
1821 4062 1893 4117 de
1947 4061 2282 4123 commissis
2309 4061 2500 4135 culpis
2527 4062 2864 4135 implorare.
2894 4065 2999 4120 Eat
3027 4064 3247 4137 quippe
3302 4064 3387 4122 ibi
3444 4065 3780 4139 specialiter

501 4166 799 4236 respectus
830 4160 1083 4217 divinus.
1115 4160 1419 4217 Assistunt
1444 4160 1527 4216 ibi
1556 4158 1803 4232 angelici
1854 4159 2091 4217 ordines
2147 4176 2252 4232 pro
2309 4160 2524 4233 populo
2554 4162 2955 4234 deprecantes,
2986 4163 3088 4236 qui
3146 4179 3349 4236 preces
3407 4170 3647 4221 nostras
3701 4167 3775 4222 ad

502 4276 674 4317 aures
704 4259 1003 4333 perferunt
1033 4256 1265 4315 Domini
1293 4257 1558 4315 sabaoth.
1593 4260 1718 4326 Qua
1747 4273 1885 4331 rogo
1914 4258 2105 4314 fronte
2156 4257 2216 4315 in
2265 4258 2664 4316 sacratissimo
2695 4258 2797 4317 Dei
2829 4259 3043 4334 templo
3090 4259 3338 4330 assistit,
3364 4262 3467 4334 qui
3498 4262 3776 4320 inam'bus

391 4360 463 4416 3O
500 4357 714 4419 fabulis
742 4361 800 4414 et
829 4356 1031 4415 otiosis
1058 4354 1252 4412 verbis
1280 4354 1538 4413 insistit?
1567 4356 1714 4412 Nam
1746 4356 1796 4413 si
1827 4357 1899 4413 de
1941 4356 2105 4413 omni
2149 4356 2327 4415 verbo
2371 4356 2560 4414 otioso
2588 4358 2649 4414 in
2680 4358 2775 4415 die
2795 4357 3009 4431 judicii
3040 4358 3189 4416 ratio
3216 4364 3310 4416 est
3338 4360 3639 4418 reddenda
3668 4362 3774 4432 (ἆ),

499 4458 571 4513 de
600 4455 693 4512 his
724 4454 976 4511 maxime
1007 4454 1281 4510 reddetur
1309 4454 1453 4511 ratio
1484 4458 1543 4510 et
1569 4454 1833 4528 exigetur
1858 4454 2133 4524 vindicta,
2161 4472 2293 4527 quas
2320 4453 2380 4510 in
2411 4461 2729 4528 conspectu
2759 4460 3059 4513 tanmrum
3088 4458 3429 4513 sanctorum
3461 4459 3772 4531 proferun-

499 4560 595 4612 tur
622 4553 1045 4611 contumaciter
1070 4554 1133 4610 in
1164 4552 1287 4610 loco
1318 4553 1434 4611 Deo
1466 4552 1677 4611 dicato.
1701 4557 1845 4622 Qua,
1877 4555 2141 4628 inquam,
2174 4571 2278 4628 spe
2305 4554 2537 4611 veniam
2568 4553 2851 4626 consequi
2878 4553 2955 4609 de
2981 4552 3293 4626 preteritis
3320 4555 3649 4612 arbitratur
3670 4557 3776 4613 de.

494 4653 670 4723 lictis,
695 4653 795 4728 qui
826 4670 941 4709 non
972 4650 1165 4709 solum
1196 4656 1434 4725 peccata
1476 4670 1584 4710 sua
1632 4652 1873 4727 negligit
1929 4652 2189 4723 abluere,
2212 4652 2316 4709 sed
2372 4650 2568 4725 potius
2597 4651 2899 4708 contendit
2947 4652 3207 4725 augere?
3236 4652 3529 4710 Pavescite
3573 4652 3771 4721 illum,

496 4751 596 4826 qui
628 4751 779 4808 facto
812 4749 1040 4825 ﬂagello
1070 4750 1141 4806 de
1169 4750 1448 4806 funiculis
1466 4750 1639 4823 ejecit
1656 4751 1973 4807 vendentes
1999 4754 2058 4807 et
2085 4754 2346 4808 ementes
2374 4750 2447 4806 de
2475 4747 2699 4821 templo
2727 4748 2817 4823 (α).
2842 4748 3171 4806 Remissius
3188 4749 3420 4807 scilicet
3439 4750 3774 4809 estutiliter

386 4850 458 4907 35
496 4848 800 4923 negotiari,
824 4865 1003 4922 quam
1028 4846 1281 4904 inaniter
1307 4853 1365 4905 et
1392 4848 1575 4905 otiose
1604 4847 1989 4905 confabulari.

566 4948 717 5009 645
749 4947 896 5005 Cum
926 4946 1248 5004 convenitis
1278 4947 1351 5002 ad
1383 4946 1577 5004 locum
1606 4947 1912 5015 orationis,
1937 4963 2072 5003 cum
2104 4945 2337 5003 silentio
2367 4949 2537 5013 state,
2564 4943 2786 5002 intento
2817 4944 2997 5001 corde
3018 4944 3207 5005 Deum
3242 4945 3668 5019 deprecamini,
3706 4952 3771 5003 ut

493 5044 716 5103 orantis
734 5062 837 5119 pro
858 5044 1021 5102 vobis
1044 5044 1365 5101 sacerdotis
1384 5048 1516 5100 vota
1534 5044 1842 5117 suscipiat,
1864 5060 2064 5117 preces
2084 5043 2375 5111 exaudiat,
2401 5043 2689 5101 habentes
2706 5056 2822 5117 pra
2843 5042 3033 5101 oculis
3048 5048 3401 5101 monentem.
3421 5045 3767 5115 Dominum,

491 5149 549 5201 et
604 5143 896 5201 dicentem
930 5159 943 5199 :
979 5141 1115 5200 Cum
1167 5144 1324 5198 statis
1371 5142 1443 5198 ad
1485 5144 1791 5200 orationem
1814 5124 2075 5200 dimittite
2096 5144 2149 5200 si
2184 5141 2318 5215 quid
2346 5140 2838 5199 habetisadvenus
2865 5141 3124 5211 olm-um,
3150 5149 3216 5198 ut
3272 5150 3327 5199 et
3376 5144 3544 5199 Patr
3592 5151 3769 5200 uester

394 5316 407 5320 ι
489 5241 722 5301 caelestis
759 5240 1002 5303 dimittat
1043 5241 1195 5297 vobis
1234 5249 1457 5313 peccata
1510 5248 1689 5298 vestra
1717 5240 1812 5313 (f).
1840 5241 1972 5297 Haec
2002 5240 2374 5309 meditantes,
2407 5244 2464 5296 et
2491 5239 2689 5297 divina
2744 5239 2935 5313 gratia
2964 5238 3317 5313 inspirante
3375 5239 3677 5308 facientes,
3710 5244 3766 5297 et

415 5342 452 5399 5
487 5339 837 5412 evangelicis
865 5341 923 5396 et
942 5337 1276 5410 apostolicis
1299 5337 1667 5395 documentis
1689 5337 1922 5410 imbuti,
1943 5338 2255 5411 impetrata
2283 5337 2355 5394 ab
2385 5336 2773 5408 omnipotenti
2794 5337 2910 5393 Deo
2933 5336 3360 5405 misericordia,
3408 5354 3544 5394 eam
3562 5337 3763 5394 fructu

488 5439 775 5495 bonorum
805 5453 1049 5511 operum
1079 5435 1249 5509 quasi
1277 5434 1652 5508 lampadibus
1680 5435 1997 5493 illuminati
2045 5452 2181 5493 eum
2223 5436 2458 5509 gaudio,
2483 5439 2541 5491 et
2568 5434 2804 5499 Christo.
2833 5433 3341 5507 repraesentari,“
3369 5450 3506 5490 cum
3537 5434 3763 5492 unctis

487 5536 751 5592 coronari
783 5534 1173 5592 merebimini.
1204 5535 1285 5591 De
1316 5539 1539 5603 caetero,
1581 5533 1934 5602 charissimi,
1968 5550 2141 5591 nosse
2166 5550 2270 5590 vos
2296 5532 2589 5601 volumus,
2613 5532 2768 5605 quod
2817 5529 3009 5606 legem
3051 5530 3338 5589 Dominus
3384 5530 3598 5606 papula
3646 5547 3761 5589 suo

1548 5675 1799 5721 NOTULE
1841 5675 2227 5721 MARGINALES
2269 5674 2590 5720 FABRO’I‘TI.

415 5766 495 5832 (α)
526 5766 657 5819 Luc.
694 5781 796 5833 vn,
827 5765 919 5819 47.
995 5765 1072 5834 (b)
1102 5764 1206 5820 (sa.
1258 5780 1368 5832 va,
1415 5765 1479 5831 7;
1530 5752 1704 5822 M'arc.
1754 5779 1831 5832 XI,
1883 5766 1899 5821 1

348 5832 425 5901 (Γ)
453 5834 653 5891 Matth.
684 5851 763 5903 γι,
798 5836 886 5890 Ui.
966 5846 971 5853 ‘
1820 5850 1845 5867 '

2201 5764 2295 5821 sat.
2345 5778 2476 5821 XCII.
2553 5762 2631 5834 (ἆ)
2661 5761 2850 5819 Matth.
2899 5776 3002 5832 xu,
3048 5758 3139 5819 36.
3215 5759 3290 5835 (Β)
3330 5765 3500 5824 Joan.
3548 5773 3611 5829 ll,
3666 5762 3752 5822 16.
