3928 6210
168 251 306 316 μοι
846 240 1241 304 HISTOBIA‘
1262 239 1366 300 BE
1415 237 1612 301 Vl'l‘lS
1657 239 1719 299 R1

2001 236 2125 297 NT.
2157 269 2231 281 —
2261 234 2722 297 STEPHANUS
2763 235 2866 297 ντ.
3392 231 3550 295 ΝΟΞ

290 381 610 440 instituam
634 377 832 452 Moyse
858 380 1027 443 teste,
1049 373 1250 431 intulit
1277 372 1477 429 dicens
1501 388 1513 427 :
1549 370 1864 442 Maleﬁcum
1885 386 1951 426 ne
1978 369 2209 441 patiaris
2233 370 2411 424 vivere
2434 367 2531 439 (α).
2556 371 2620 421 In
2646 366 2754 422 hac
2773 366 2968 439 itaque
2983 365 3151 434 Urbe,
3168 367 3323 440 quod
3345 366 3553 425 dolens

296 480 445 547 dico,
464 477 844 536 inveniuntur
868 475 1108 547 quidam
1140 472 1241 546 qui
1271 488 1385 527 non
1418 470 1609 527 solum
1641 467 1935 524 maleficos
1966 484 2082 522 non
2114 466 2427 539 impetunt,
2459 466 2558 522 sed
2601 464 2798 538 potius
2849 469 3085 521 tuentur
3116 470 3173 522 et
3204 466 3411 523 fovent.
3446 465 3555 521 Per

200 579 264 638 40
296 594 445 652 quos
462 574 962 633 incantationibus
990 571 1347 645 quibusdam
1377 570 1670 625 daemones
1699 565 2000 622 consulere
2032 582 2147 620 non
2181 562 2945 637 perhorrescunt,etdivinze
2974 562 3119 635 legis
3139 569 3195 618 et
3214 562 3553 637 Apostolicaa

299 674 575 732 doctrinis
605 675 1001 739 immemores,
1036 687 1163 743 quas
1196 670 1422 724 intonat
1451 667 1653 722 dicens
1687 681 1700 720 :
1736 664 1869 732 Quae
1894 666 2244 736 participatio
2284 664 2397 718 luci
2424 664 2493 718 ad
2518 663 2784 730 tenebras,
2817 671 2914 717 aut
2940 671 3228 719 conventus
3261 663 3478 720 Christo
3509 671 3560 719 et

299 775 523 832 Belial?
549 772 626 843 (ὁ)
654 772 718 828 ln
751 770 860 827 hoc
889 769 1046 826 enim
1077 768 1230 841 quod
1264 766 1491 822 Christo
1523 767 1855 835 contempto
1888 763 2182 818 daemones
2211 760 2471 835 gentium
2504 777 2665 816 more
2715 760 3050 826 consulunt,
3103 759 3463 817 Christianos
3498 779 3560 818 se

299 871 651 932 omnimodis
683 885 796 925 non
829 884 959 924 esse
996 867 1272 922 fatentur.
1306 865 1467 931 Quod
1500 881 1678 937 quam
1710 860 2011 931 horribile,
2043 860 2446 934 quamquesit
2475 861 2809 933 profanum,
2843 864 2908 917 ut
2954 858 3183 917 Christo
3231 864 3562 934 contempto

298 974 592 1029 daemones
612 966 983 1025 Christianus
1003 965 1223 1034 adoret,
1247 963 1656 1035 unusquisque
1688 960 2026 1035 perpendat,
2060 964 2124 1014 ut
2152 958 2267 1015 tale
2302 959 2525 1014 facinus
2558 958 2680 1013 fieri
2715 957 3138 1031 perhorrescat.
3172 960 3562 1024 Quamobrem

204 1075 268 1130 15
301 1068 572 1146 quisquis
596 1066 871 1137 deinceps
892 1062 993 1119 tali
1015 1061 1282 1134 contagio
1305 1077 1365 1117 se
1390 1059 1645 1133 polluere
1668 1056 2260 1123 tentaverit,alienum
2282 1056 2488 1111 vivifici
2514 1056 2635 1113 ﬁeri
2658 1057 2917 1128 corporis
2934 1061 2991 1112 et
3013 1056 3320 1130 sanguinis
3333 1057 3564 1113 Domini

302 1167 483 1225 nostri
513 1166 653 1223 Jesu
684 1161 899 1219 Christi
932 1160 1186 1234 Spiritus
1217 1159 1401 1216 sancti
1426 1158 1673 1230 judicio,
1703 1158 1885 1214 donec
1918 1172 1952 1211 a
1983 1159 2149 1211 tanta
2182 1155 2485 1227 resipiscat
2513 1153 2763 1227 ignavia,
2788 1154 3274 1226 judicamus.Qui
3294 1171 3428 1212 vero
3446 1160 3565 1212 tam

298 1264 641 1325 salubribus
669 1259 998 1318 interdictis
1028 1262 1394 1330 contemptor
1422 1256 1726 1325 exstiterit,
1751 1260 1806 1312 et
1836 1253 1898 1310 in
1931 1254 2133 1310 eadem
2166 1253 2440 1326 pestifera
2471 1252 2790 1324 pertinacia
2813 1268 3191 1326 perseverans
3223 1253 3566 1327 resipiscere

295 1360 631 1438 neglexerit,
665 1363 1013 1434 perpetuum
1044 1373 1079 1413 a
1107 1356 1222 1412 Deo
1254 1356 1419 1411 Patre
1450 1359 1506 1412 et
1533 1355 1672 1411 Jesu
1705 1353 1933 1410 Christo
1967 1351 2112 1409 Filio
2142 1352 2270 1423 ejus
2300 1350 2375 1407 sit
2405 1350 2737 1407 anathema.

369 1461 526 1518 Bal.
554 1460 829 1530 Cumque
851 1454 986 1512 talis
1014 1456 1124 1511 iste
1145 1452 1671 1527 praestantissimus
1701 1450 1911 1525 praesul
1942 1449 2234 1520 existeret,
2268 1452 2324 1504 et
2352 1447 2411 1503 in
2443 1447 2536 1503 his
2565 1464 2692 1521 quae
2739 1447 2935 1506 divino
2991 1448 3176 1506 cultui
3216 1450 3569 1509 conveniunt

292 1559 594 1616 'fiuetenus
625 1557 1035 1629 perseveraret,
1066 1557 1231 1609 tanta
1260 1552 1342 1608 illi
1375 1557 1464 1609 est
1492 1552 1773 1608 divinitus
1804 1548 1991 1623 gratia
2020 1564 2321 1613 concessa,
2351 1551 2418 1602 ut
2467 1546 2755 1620 quidquid
2804 1547 3017 1605 habere
3065 1553 3337 1622 potuerat
3384 1552 3568 1609 sacris

303 1658 561 1715 donabat
589 1652 872 1719 ecclesiis,
903 1651 1159 1725 captivos
1190 1651 1535 1717 redimebat,
1564 1647 1848 1707 sollicitus
1877 1648 2132 1703 existens
2164 1662 2266 1718 pro
2317 1644 2504 1700 salute
2554 1645 2843 1713 omnium,
2877 1646 3017 1719 quia
3071 1665 3207 1704 cum
3266 1650 3424 1711 fama
3474 1651 3566 1707 sui

306 1754 567 1813 nominis
610 1757 785 1825 atque
831 1755 1071 1807 actuum
1119 1753 1240 1804 tam
1286 1764 1388 1821 per
1416 1747 1737 1804 Orientales
1767 1762 1943 1819 quam
1976 1743 2375 1801 Occidentales
2405 1748 2599 1816 partes
2630 1744 3051 1813 diﬂ‘amaretur,
3084 1763 3230 1819 pene
3260 1765 3465 1805 omnes
3494 1750 3567 1806 ad

234 1857 274 1912 8
302 1866 441 1912 sum
475 1851 863 1909 aecurrebant
880 1852 945 1904 ut
960 1849 1089 1921 ejus
1114 1846 1579 1903 benedictionem
1602 1845 1985 1918 perciperent.
2012 1843 2156 1899 Nam
2180 1842 2331 1898 inter
2353 1841 2469 1898 alia
2488 1842 2559 1897 de
2582 1841 2860 1911 donariis,
2886 1860 3011 1916 quae
3029 1843 3304 1901 Ecclesiis
3322 1846 3569 1905 diversis

306 1951 571 2017 contulit,
605 1949 847 2022 longum
880 1950 969 2003 est
998 1962 1287 2001 enarrare.
1319 1944 1536 2000 Verum
1588 1948 1652 1999 ut
1700 1944 1770 1999 de
1817 1940 2023 1998 multis
2080 1959 2265 2014 pauca
2316 1942 2603 2009 dicamus,
2638 1956 2773 1998 cum
2824 1941 2884 1997 in
2929 1941 3174 1999 basilica
3220 1944 3375 2001 beati
3415 1946 3568 2002 Petri

306 2048 704 2123 apostolorum
733 2044 1033 2120 principis,
1068 2045 1166 2099 ubi
1198 2060 1362 2100 sacro
1401 2043 1525 2115 ipse
1573 2058 1811 2115 corpore
1861 2040 2192 2112 requiescit,
2225 2045 2486 2097 cerneret
2545 2040 2847 2096 nocturnis
2904 2039 3183 2098 laudibus
3238 2043 3334 2102 vix
3388 2042 3570 2101 semel

309 2145 711 2222 thymiamatis
761 2144 1068 2199 incensum
1118 2141 1331 2209 oll‘erri,
1365 2140 1621 2197 instituit
1670 2144 1734 2196 ut
1782 2155 1886 2213 per
1944 2137 2209 2213 singulas
2264 2138 2541 2199 lectiones
2572 2143 2627 2194 et
2657 2140 3028 2212 responsoria
3055 2140 3378 2201 adeleatur.
3415 2144 3481 2199 Et
3510 2142 3570 2199 in

308 2244 555 2320 pergula
583 2244 772 2318 ipsius
802 2239 1057 2298 basilica;
1087 2238 1211 2313 ipse
1243 2239 1591 2295 reverendus
1622 2255 1773 2312 papa
1802 2240 1875 2294 ob
1909 2254 2164 2295 amorem
2199 2237 2352 2293 beati
2376 2237 2523 2293 Petri
2549 2236 2853 2294 nutritoris
2882 2237 2972 2293 sui
3006 2237 3201 2312 posuit
3229 2240 3573 2299 cantharam

208 2346 283 2401 ’10
308 2356 549 2401 auream
582 2357 786 2410 unam,
819 2357 955 2397 cum
998 2337 1269 2412 pretiosis
1316 2336 1651 2411 margaritis
1699 2342 1756 2392 et
1802 2335 2072 2409 gemmis,
2107 2354 2172 2392 ac
2205 2334 2440 2401 smalto,
2467 2354 2602 2393 cum
2633 2334 3043 2410 perpendiculo
3074 2337 3147 2395 ad
3177 2338 3574 2410 pendendum.

298 2444 546 2501 Necnon
579 2444 637 2498 et
664 2440 724 2496 in
754 2440 959 2496 eadem
986 2435 1305 2493 venerabili
1350 2434 1591 2492 basilica
1637 2435 1825 2491 sancti
1873 2434 2026 2491 Petri
2076 2433 2291 2491 obtulit
2341 2451 2589 2507 regnum
2636 2451 2879 2489 aureum
2926 2452 3133 2504 unum,
3168 2437 3580 2497 cum-diversis

313 2539 668 2615 margaritis,
700 2536 971 2610 spatham
1005 2551 1138 2591 cum
1171 2534 1380 2608 vagina
1410 2534 1480 2589 de
1511 2550 1674 2601 aure,
1706 2538 1763 2589 et
1792 2534 2043 2605 gemmis
2075 2550 2211 2589 cum
2240 2532 2429 2589 balteo
2463 2549 2663 2589 unam.
2698 2531 2953 2588 Contulit
2982 2532 3163 2590 etiam
3199 2539 3260 2592 et
3286 2535 3345 2605 in
3374 2538 3580 2595 eadem

306 2637 560 2694 basilica
587 2639 807 2692 vestem
839 2650 1040 2701 unam,
1074 2649 1209 2689 cum
1241 2647 1383 2687 auro
1414 2635 1471 2686 et
1500 2629 1648 2686 albis
1682 2630 1931 2703 gemmis
1964 2647 1977 2687 :
2010 2630 2137 2686 vela
2184 2631 2371 2686 serica
2416 2629 2476 2685 in
2529 2630 2775 2686 circuitu
2831 2629 3033 2687 altaris
3091 2637 3361 2705 quatuor,
3394 2636 3495 2695 sed
3527 2639 3584 2691 et

312 2733 601 2791 bomelias
625 2732 780 2790 beati
811 2731 1071 2804 Gregorii
1106 2745 1349 2786 numero
1373 2727 1780 2800 quadraginta.
1800 2728 1862 2783 In
1885 2745 2002 2801 qua
2031 2728 2368 2801 supradicta
2396 2727 2709 2783 venerabili
2733 2727 2975 2785 basilica
2996 2729 3309 2788 cumidem
3332 2733 3581 2791 sanctis-

214 2830 285 2889 15
313 2831 1013 2905 simuspapaetemnium
1035 2828 1308 2883 vitiorum
1331 2815 1691 2882 fortissimus
1710 2825 2058 2899 exstirpator
2080 2825 2292 2880 malam
2310 2823 2791 2880 consuetudinem
2816 2824 3579 2904 invenisset,utpresbyteri,

314 2930 414 3005 qui
445 2929 668 2986 ibidem
700 2927 947 2984 Domino
978 2925 1330 2982 sacrificium
1364 2923 1623 2997 quotidie
1653 2923 1993 2990 offerebant,
2028 2923 2187 2978 omni
2242 2940 2394 2979 anno
2446 2939 2624 2978 unam
2676 2920 2959 2980 mulctam
3023 2925 3583 2985 consuetudinaliter

315 3028 546 3094 darent,
578 3043 757 3099 quam
788 3022 1273 3081 consuetudinem
1306 3026 1519 3077 sanctas
1551 3020 1843 3077 memoriae
1873 3021 2125 3077 domnus
2158 3020 2418 3076 Marinus
2451 3038 2603 3094 papa
2633 3024 2969 3077 antecessor
2998 3023 3128 3095 ejus
3178 3023 3449 3097 fregerat,
3478 3027 3580 3082 sed

317 3121 802 3198 subreptionibus
832 3120 1226 3195 quorumdam
1258 3117 1565 3175 hominum
1595 3122 1855 3190 tempore
1883 3117 2121 3173 Adriani
2154 3117 2307 3174 tertii
2342 3135 2501 3190 papae
2534 3116 3139 3190 repullulaverat.sub.
3164 3120 3298 3177 forti
3328 3121 3581 3181 obtesta-

319 3222 485 3280 tione
510 3219 784 3295 precepit
815 3224 880 3276 ut
908 3218 1110 3274 nullus
1140 3233 1401 3290 unquam
1415 3216 1734 3285 abeis,non
1764 3215 1957 3272 solum
1986 3215 2329 3283 hoc,verum
2361 3216 2539 3272 etiam
2571 3216 2808 3289 aliquod
2839 3215 3128 3276 tributum
3150 3219 3580 3291 acciperet;sed

216 3320 454 3378 204mm
488 3318 649 3377 omni
677 3318 899 3374 honore
928 3315 1083 3372 sicut
1113 3315 1441 3371 sacerdotes
1472 3318 1696 3386 oportet
1728 3331 1902 3370 suum
1933 3330 2205 3387 peragere
2235 3314 2496 3369 officium
2527 3316 2609 3370 eis
2631 3312 2849 3369 liceret.
2887 3314 3046 3370 Idem
3078 3318 3275 3372 autem
3307 3319 3583 3375 sacratis-

320 3418 513 3475 simus
542 3415 754 3490 praesul
785 3432 890 3488 pro
921 3413 1012 3470 sui
1043 3413 1399 3486 sempiterna
1427 3411 1710 3468 memoria
1738 3428 1873 3467 cum
1898 3411 2261 3485 conspiceret
2290 3410 2592 3467 nocturnis
2619 3409 2833 3484 vigiliis
2862 3411 2921 3466 in
2960 3410 3204 3469 ecclesia
3222 3415 3583 3489 majori,un

319 3520 562 3573 vocatur
591 3518 804 3569 sancta
834 3517 891 3569 et
920 3510 1360 3585 superexaltatze
1392 3509 1494 3565 Dei
1525 3508 1834 3566 Genitricis
1856 3508 2051 3565 Marize
2073 3510 2146 3565 ad
2169 3508 2448 3581 Praesepe,
2472 3507 2775 3582 lampades
2796 3510 3340 3567 consuetudinarias
3362 3512 3583 3581 deesse,

320 3611 613 3685 gabathas
642 3614 947 3682 argenteas
978 3626 1113 3665 cum
1145 3607 1519 3681 lampadibus
1551 3607 1781 3679 obtulit,
1815 3612 1870 3663 et
1897 3605 2283 3663 continuatim
2330 3606 2543 3680 vigiliis
2593 3607 2794 3664 ardere
2843 3608 3134 3681 praecepit.
3168 3609 3401 3666 Necnon
3432 3610 3586 3669 idem

322 3710 681 3768 mitissimus
712 3708 969 3781 pontifex
998 3706 1134 3763 fecit
1162 3706 1222 3762 in
1255 3705 1459 3762 eadem
1492 3706 1771 3778 praedicta
1796 3705 2039 3762 basilica
2065 3706 2193 3761 vela
2224 3706 2549 3779 quatuorin
2570 3706 2816 3763 circuitu
2838 3706 3042 3765 altaris
3063 3708 3588 3783 majoris,quorum

221 3805 443 3865 I5'tluo
473 3810 617 3864 sunt
644 3807 717 3862 de
745 3805 929 3863 serico
961 3804 1208 3879 pigacio,
1239 3804 1477 3860 tertium
1508 3804 1855 3876 pavonatile,
1885 3808 2160 3877 quartum
2193 3805 2264 3861 de
2293 3804 2701 3873 Alexandrino,
2728 3810 3002 3862 ornatum
3032 3810 3222 3864 totum
3252 3808 3312 3865 in
3342 3809 3589 3867 circuitu

320 3905 398 3961 de
427 3904 678 3967 elevare.

394 4004 547 4061 047
582 4000 843 4075 Denique
871 4002 1216 4075 saepedictus
1248 4018 1280 4057 a
1308 4000 1424 4058 Dee
1455 4003 1751 4074 protectus
1784 3999 2195 4057 sanctissimus
2223 3999 2474 4073 papapob
2506 3999 2950 4057 retributionem
2982 4000 3191 4058 animat
3223 4019 3341 4059 suae
3373 4005 3509 4061 fecit
3530 4007 3589 4063 in

326 4099 571 4158 ecclesia
596 4099 750 4156 beati
783 4099 940 4156 Pauli
972 4098 1217 4173 apostoli
1249 4099 1505 4156 doctoris
1528 4098 1798 4173 gentium
1825 4114 2069 4171 regnum
2092 4114 2160 4153 ex
2181 4115 2322 4154 auro
2344 4097 2661 4171 purissimo
2684 4116 2892 4166 unum,
2917 4116 3051 4155 cum
3073 4100 3317 4157 diversis
3337 4104 3591 4175 gemmis

324 4198 499 4266 albis,
532 4182 808 4272 prasinis,
840 4196 1260 4271 hyacinthinis,
1293 4202 1351 4253 et
1381 4196 1441 4252 in
1474 4197 1666 4254 medio
1699 4196 1862 4271 regni
1892 4195 2249 4252 cruciculam
2283 4213 2521 4251 auream
2552 4196 2921 4269 pendentem,
2949 4214 3128 4254 unam
3150 4214 3285 4254 cum
3307 4200 3593 4258 catenulis

320 4296 474 4367 suis,
509 4299 813 4353 et-vestem
844 4295 1090 4353 sericam
1122 4312 1300 4368 supra
1331 4293 1511 4351 altare
1540 4297 1737 4368 majus
1764 4309 2112 4363 unam,cum
2135 4310 2277 4348 auro
2297 4300 2354 4349 et
2373 4293 2644 4366 gemmis.
2663 4293 2820 4350 Fecit
2839 4294 3015 4350 etiam
3047 4294 3107 4351 in
3130 4296 3334 4353 eadem
3352 4297 3595 4355 basilica

240 4390 297 4445 ’5
322 4393 549 4469 egregii
572 4393 840 4451 Destoris
869 4393 1133 4467 gentium
1165 4391 1465 4449 belothera
1494 4398 1769 4465 quatuor,
1794 4410 1863 4449 ex
1884 4391 2099 4464 quibus
2131 4408 2318 4449 unum
2350 4408 2491 4449 auro
2521 4395 2766 4447 textum.
2792 4391 3072 4450 Praefatus
3090 4409 3224 4450 vero
3242 4395 3595 4453 venerabilis

326 4495 386 4546 et
413 4490 732 4565 praclarus
762 4490 1020 4563 pontifex
1045 4489 1183 4546 fecit
1211 4488 1272 4545 in
1305 4488 1549 4545 ecclesia
1577 4489 1808 4546 Domini
1839 4488 2175 4557 Salvatoris,
2201 4505 2329 4561 quas
2366 4487 2849 4545 Constantiniana
2878 4495 3137 4561 vocatur,
3161 4496 3381 4549 vestem
3416 4510 3597 4567 supra

329 4586 515 4646 altare
544 4589 740 4661 majus
770 4604 912 4644 auro
941 4591 1160 4644 textam
1189 4604 1369 4644 unam
1400 4603 1534 4643 curn
1567 4586 1811 4644 diversis
1842 4586 2196 4661 margaritis.

398 4686 557 4745 M8
589 4684 719 4742 Pari
748 4686 922 4742 modo
954 4689 1012 4742 et
1039 4684 1100 4741 in
1132 4685 1331 4741 eadem
1366 4683 1610 4741 basilica
1640 4684 1887 4741 contulit
1909 4687 2036 4757 jam
2078 4685 2235 4740 fatus
2283 4683 2806 4741 reverendissimus
2861 4685 3076 4757 praesul
3129 4685 3258 4744 vela
3308 4688 3497 4745 serica
3523 4690 3597 4747 de

330 4781 589 4843 blatthin
619 4785 900 4859 byzantea
925 4787 1176 4856 quatuor
1198 4783 1258 4838 in
1284 4783 1532 4839 circuitu
1565 4782 1768 4839 altaris
1800 4784 2062 4856 majoris,
2096 4783 2211 4839 duo
2242 4799 2310 4839 ex
2339 4781 2431 4838 his
2461 4781 2738 4854 aquilata,
2763 4786 2821 4838 et
2850 4784 2964 4839 duo
2995 4784 3067 4841 de
3095 4784 3598 4852 basilisci,ornata

333 4878 396 4935 in
417 4881 666 4938 circuitu
686 4882 759 4938 de
790 4880 1017 4938 elevem
1042 4897 1055 4937 :
1079 4885 1137 4937 et
1166 4897 1271 4954 per
1297 4879 1562 4953 singulos
1592 4896 1763 4936 arcus
1793 4880 2137 4954 presbyterii
2167 4879 2295 4936 vela
2326 4878 2510 4936 serica
2538 4879 2769 4935 leonata
2800 4879 3139 4953 nonaginta.
3171 4883 3240 4939 Et
3260 4900 3364 4956 pro
3401 4884 3596 4941 futuro

336 4979 548 5037 anima)
579 4997 698 5035 sum
730 4978 988 5035 remedio
1017 4978 1265 5034 contulit
1300 4976 1518 5034 ibidem
1576 4977 1917 5034 cantharam
1976 4983 2312 5039 exauratam
2373 4994 2573 5046 unam,
2606 4976 2739 5033 libr.
2773 4982 3091 5035 comment.
3127 4996 3146 5036 1
3176 4980 3597 5053 Prophetarum

260 5070 298 5127 5
334 5072 469 5135 libr.
504 5096 542 5147 ι,
573 5078 883 5135 Gestarum
917 5094 1112 5134 rerum
1137 5076 1270 5133 libr.
1298 5094 1357 5133 ιι.
1382 5076 1528 5132 Cum
1558 5080 1756 5132 autem
1785 5081 1939 5132 esset
1970 5076 2258 5133 sollicitur
2279 5093 2382 5149 pro
2405 5080 2564 5133 statu
2590 5074 2967 5132 ecclesiarum
2990 5076 3112 5145 Dei,
3141 5095 3212 5135 ne
3231 5077 3356 5135 suis
3372 5082 3596 5153 tempo-

330 5172 522 5247 ribus,
557 5191 684 5250 quaa
715 5174 777 5233 in
807 5174 997 5232 ruinis
1026 5175 1227 5249 posita:
1257 5178 1443 5244 erant,
1475 5174 1768 5243 caderent,
1800 5173 2109 5231 ecclesiam
2137 5175 2438 5230 beatorum
2470 5173 2861 5247 apostolorum
2893 5174 3094 5231 Jacobi
3115 5182 3173 5231 et
3191 5174 3598 5252 Philippique

334 5270 523 5337 nimio
552 5273 1099 5346 senio'consumpta
1126 5273 1307 5330 ruinis
1338 5271 1602 5345 proxima
1631 5275 1774 5338 erat,
1806 5288 1840 5327 a
1870 5272 2253 5328 fundamento
2281 5273 2599 5329 renonavit.
2634 5274 2818 5340 Quam
2849 5271 3058 5329 collato
3089 5273 3286 5344 calice,
3300 5279 3359 5331 et
3388 5281 3602 5348 patens

333 5376 617 5429 execrata
646 5371 887 5429 nomine
914 5371 1127 5428 Graecis
1157 5369 1496 5442 Latinisque
1524 5367 1735 5425 litteris
1765 5368 2046 5441 inscripto
2078 5371 2400 5427 adornavit.
2436 5372 2505 5427 Et
2535 5372 2777 5444 insuper
2803 5388 2905 5443 pro
2946 5389 3054 5428 sua
3104 5377 3384 5445 perpetua
3413 5373 3602 5432 salute

310 5482 315 5489 ‘
334 5469 592 5528 contulit
614 5470 678 5526 in
706 5468 910 5526 eadem
930 5467 1173 5526 basilica
1192 5465 1603 5541 Apostolorum
1624 5466 1909 5523 cortinam
1927 5466 2142 5524 lineam
2157 5486 2358 5537 unam,
2374 5469 2669 5527 velothera
2689 5470 2875 5527 serica
2893 5471 3007 5527 tria
3027 5470 3084 5526 in
3107 5472 3355 5529 circuitu
3377 5471 3598 5531 altaris.

234 5554 317 5615 1οι
336 5560 419 5619 Et
437 5567 691 5624 oratorio
721 5567 910 5623 sancti
940 5566 1195 5633 Thomas,
1230 5564 1343 5621 site
1370 5565 1431 5620 in
1462 5563 1814 5620 monasterio
1842 5565 2029 5619 sancti
2060 5567 2299 5621 Andreae
2328 5567 2597 5639 apostoli,
2625 5570 2799 5641 juxta
2839 5569 3144 5629 basilicam
3190 5571 3601 5644 Apostolorum

338 5658 477 5723 facit
502 5667 729 5729 vestem
742 5680 945 5722 unam.
970 5668 1100 5737 Ipse
1117 5680 1251 5720 vero
1278 5662 1544 5738 egregius
1564 5667 1618 5720 et
1633 5660 2130 5735 prudentissimus
2146 5680 2299 5735 papa
2319 5680 2454 5721 cum
2472 5665 2649 5722 sciret
2664 5665 2972 5725 basilicam
2994 5672 3331 5727 sanctorum
3354 5676 3607 5747 quatuor

1398 5787 1649 5835 NOTULE
1686 5783 2068 5832 ιΑιιθιΝΑιεε
2110 5785 2404 5832 FABBOTTI

269 5856 351 5930 ea
376 5863 552 5933 me.
583 5879 719 5937 xx",
753 5868 840 5929 re.
872 5866 951 5939 (δ)
976 5868 1031 5925 η
1054 5869 1178 5927 Cor.
1210 5881 1286 5933 vr,
1322 5868 1412 5937 14,
1447 5869 1533 5928 15.
