3928 6210
255 158 408 222 1408
855 155 1137 223 ΑΝΔ8Τ.
1180 157 1377 222 BIBL.
1424 157 1622 221 HIST.
1669 159 1771 220 DE

2125 157 2207 221 M.
2249 156 2479 220 PONT.
2512 189 2594 203 —
2619 155 2904 222 STEPH.
2944 155 3053 223 VL
3497 156 3676 219 1404

392 294 832 361 Coronatorum,
856 290 916 348 in
938 310 1055 365 qua
1085 292 1393 349 sacerdotii
1423 291 1775 365 fungebatur
1804 292 2016 360 ofﬁcio,
2041 290 2269 349 modico
2300 291 2387 348 uti
2417 295 2650 360 ornatu,
2666 306 2771 364 pro
2793 287 3114 348 reverentia
3132 291 3193 349 et
3210 303 3408 349 amore
3423 305 3674 348 eorum-

396 393 529 448 dem
559 394 894 447 sanctorum
928 390 1139 447 obtulit
1168 390 1225 445 in
1255 408 1322 446 ea
1370 406 1602 446 crucem
1650 406 1887 446 auream
1937 408 2114 463 super
2159 389 2364 458 altare,
2394 406 2530 446 cum
2562 387 2813 463 gemmis
2841 392 2900 445 et
2927 387 3163 457 smalto,
3196 392 3255 445 et
3282 388 3557 462 sagulum
3590 388 3670 444 ad

394 488 769 562 pendendum
802 488 860 543 in
892 505 1088 561 regno,
1124 493 1179 544 et
1207 492 1494 543 cerostata
1523 487 1730 542 vestita
1752 488 1820 542 de
1843 492 2081 560 argento
2105 486 2269 559 paria
2291 488 2629 558 duo.Atque
2660 502 2776 558 prae
2808 484 2990 541 nimio
3020 502 3219 542 amore
3251 484 3485 542 illorum
3507 485 3675 541 idem

288 586 358 644 45
394 587 858 659 benignissimus
881 603 1030 658 papa
1054 584 1299 641 contulit
1320 584 1537 640 ibidem
1568 585 1909 649 cantharam
1941 589 2278 641 exauratam
2310 583 2889 651 unam,salomonem
2920 600 3392 657 unum,regnum
3416 600 3672 639 aureum

396 699 755 750 unum,cum
789 683 1039 755 gemmis
1070 680 1831 755 pretiosissimis,etvestem
1867 699 2044 737 unam
2076 699 2210 736 cum
2244 698 2386 736 auro
2417 685 2475 737 et
2503 680 2754 754 gemmis
2779 679 2949 743 albis,
2968 684 3144 752 atque
3165 679 3674 736 Sermonumlibr.

398 797 605 846 unum,
638 781 944 835 Gestarum
977 779 1110 835 libr.
1144 796 1347 847 unum,
1374 777 1820 851 Evangeliorum
1852 778 2067 835 librum
2098 795 2305 847 unum,
2331 795 2465 834 cum
2498 776 2903 849 epistolis.Hic
2936 776 3062 849 ipse
3094 777 3424 850 przecipuus
3445 774 3669 850 praesul

396 878 585 951 magis
615 881 673 933 et
702 875 892 950 magis
919 875 1114 930 divino
1143 874 1264 931 zelo
1290 876 1502 930 ductus
1535 875 1594 930 in
1627 877 1967 931 eorumdem
2027 880 2367 931 sanctorum
2429 878 2624 930 motus
2682 891 2880 931 amore
2933 874 3069 930 fecit
3093 873 3155 929 in
3186 873 3435 931 basilica
3463 889 3674 931 eorum

395 975 651 1032 canistra
680 974 751 1028 de
782 976 1020 1045 argento
1052 972 1367 1043 purissimo
1401 972 1558 1027 mira:
1593 971 2048 1045 pulchritudinis
2081 977 2318 1044 operata
2348 988 2590 1027 numero
2620 971 2979 1044 quindecim,
3011 970 3450 1045 pensan.simul
3482 971 3671 1028 libras

287 1073 358 1127 20
394 1071 653 1145 triginta,
687 1074 744 1127 et
775 1070 979 1125 tribuit
1008 1068 1269 1125 codicem
1301 1087 1486 1127 unum
1519 1070 1673 1126 beati
1706 1070 1949 1126 Joannis
1980 1069 2404 1143 Chrysostomi.

466 1170 619 1225 049
647 1167 803 1225 Fecit
831 1172 1028 1224 autem
1061 1167 1215 1223 idem
1248 1167 1537 1225 almiiicus
1568 1185 1719 1240 papa
1748 1168 1806 1223 in
1840 1167 2009 1223 titulo
2050 1168 2236 1223 sancti
2288 1165 2546 1223 Marcelli
2597 1167 2872 1241 martyris
2928 1170 3104 1241 atque
3159 1167 3456 1241 pontiﬁcis
3499 1166 3671 1225 cani-

394 1270 585 1323 strum
616 1269 957 1339 argenteum
987 1281 1187 1333 unam,
1221 1281 1463 1337 pensan.
1500 1264 1678 1320 libras
1706 1269 1825 1321 tres
1860 1282 1873 1322 :
1909 1282 2142 1321 crucem
2173 1265 2245 1321 de
2276 1281 2417 1321 auro
2449 1281 2652 1332 unam,
2683 1264 2813 1322 vela
2860 1264 3015 1322 linea
3059 1280 3161 1322 sex
3190 1268 3249 1321 et
3274 1264 3502 1339 viginti,
3535 1281 3669 1323 cor-

392 1364 577 1421 tinam
609 1362 826 1421 lineam
847 1379 1049 1431 unam,
1077 1361 1369 1435 simulque
1394 1367 1449 1418 et
1478 1362 1865 1419 Historiarum
1888 1362 2105 1420 librum
2130 1379 2336 1430 unum,
2361 1361 2646 1419 homelias
2672 1361 2863 1419 sancti
2888 1361 3149 1435 Gregorii
3169 1378 3415 1419 numero
3436 1361 3668 1436 viginti.

396 1461 557 1519 Misit
601 1478 834 1534 quoque
878 1460 936 1515 in
977 1459 1282 1516 ecclesiam
1329 1464 1541 1516 sanctas
1582 1459 1684 1517 Dei
1716 1459 2027 1517 Genitricis
2052 1477 2396 1533 semperque
2425 1459 2684 1534 Virginis
2714 1460 2930 1529 Marias,
2965 1460 3142 1516 sitam
3173 1459 3234 1515 in
3268 1459 3668 1530 Manturiano,

322 1561 358 1616 5
395 1558 611 1615 librum
643 1559 869 1633 Regum
901 1574 1107 1626 unum,
1140 1561 1360 1613 vestem
1393 1556 1637 1614 sericam
1665 1574 1843 1631 super
1872 1557 2051 1615 altare
2083 1574 2283 1614 unam.
2315 1558 2448 1614 Jam
2480 1561 2840 1614 memoratus
2871 1556 3224 1616 mitissimus
3254 1573 3407 1631 papa
3434 1556 3575 1614 fecit
3604 1556 3668 1613 in

396 1657 750 1714 monasterio
774 1656 846 1712 ad
869 1654 1085 1712 clivum
1107 1654 1333 1722 Scauri,
1357 1672 1588 1711 crucem
1621 1672 1859 1713 auream
1887 1674 2086 1722 unam,
2117 1672 2342 1712 necnon
2374 1655 2640 1712 omnium
2666 1653 3044 1712 ecclesiarum
3075 1653 3537 1713 sollicitudinem
3567 1654 3672 1713 ha-

394 1758 542 1815 bens
572 1758 696 1832 ipse
726 1756 1032 1831 piissimus
1066 1756 1231 1813 Pater
1261 1755 1509 1812 contulit
1540 1756 1601 1813 in
1633 1757 1987 1815 monasterio
2020 1758 2206 1814 sancti
2242 1756 2503 1814 Silvestri
2533 1756 2592 1811 in
2625 1759 2825 1813 monte
2853 1757 3089 1813 Soracte
3117 1754 3668 1830 thymiamaterinm

396 1856 468 1913 de
498 1858 738 1931 argento
770 1871 977 1922 unum,
1010 1853 1326 1910 cantullam
1360 1858 1700 1927 argenteam
1732 1872 1932 1911 unam.
1966 1855 2037 1911 Et
2067 1854 2256 1927 magis
2287 1871 2354 1911 ac
2383 1853 2574 1928 magis
2607 1852 2800 1911 divino
2830 1869 3029 1911 amore
3078 1869 3401 1911 succensus
3438 1853 3578 1911 fecit
3605 1853 3669 1911 in

393 1952 567 2010 titulo
599 1957 811 2009 sanctis
844 1952 1218 2008 Pudentianm
1246 1952 1596 2008 Sermonum
1622 1951 1838 2009 librum
1863 1969 2086 2008 unum:
2112 1956 2189 2019 et,
2211 1950 2273 2008 in
2296 1950 2466 2009 titulo
2493 1952 2675 2009 beatae
2703 1950 3048 2020 Anastasia,
3072 1951 3422 2008 Sermonum
3443 1955 3504 2007 et
3529 1951 3671 2024 Epi-

290 2053 358 2108 10
396 2051 683 2108 stolarum
713 2050 932 2107 librum
963 2066 1168 2106 unum.
1193 2051 1264 2106 Et
1286 2049 1346 2105 in
1371 2049 1635 2117 ecclesia,
1662 2066 1789 2123 quae
1818 2055 2057 2108 vocatur
2084 2050 2432 2120 Jerusalem,
2468 2050 2527 2106 in
2559 2050 2827 2107 susurrio
2856 2048 3071 2107 obtulit
3099 2049 3319 2106 librum
3345 2049 3571 2124 Regum
3603 2054 3665 2106 et

398 2149 727 2206 Salomonis
760 2165 965 2215 unum,
997 2151 1054 2204 et
1079 2147 1458 2205 reverentiam
1488 2147 1638 2204 beati
1669 2148 1929 2223 Gregorii
1987 2147 2353 2222 praecessoris
2401 2147 2493 2204 sui
2539 2165 2655 2220 pra
2704 2146 2890 2205 oculis
2939 2146 3134 2204 cordis
3180 2146 3426 2217 habens,
3458 2145 3673 2204 tribuit

398 2247 554 2304 idem
587 2263 861 2304 summus
893 2246 1150 2319 pontifex
1179 2245 1237 2300 in
1270 2244 1540 2318 hospitali
1572 2245 1760 2318 ipsius
1793 2247 1943 2303 beati
1977 2246 2237 2320 Gregorii
2269 2247 2328 2302 in
2358 2246 2587 2320 porticu
2633 2246 2788 2303 beati
2836 2246 2993 2302 Petri
3033 2245 3281 2319 apostoli
3313 2246 3667 2303 Sermonum

398 2350 736 2401 sanctorum
767 2344 985 2399 librum
1016 2360 1221 2398 unum.
1255 2344 1323 2398 Et
1355 2343 1411 2397 in
1445 2343 1644 2399 schola
1673 2349 2002 2413 cantorum,
2036 2360 2163 2416 quae
2194 2344 2421 2417 pridem
2454 2343 3033 2418 Orpbanotropbium
3080 2342 3418 2415 vocabatur,
3450 2343 3670 2418 Hepta-

397 2441 678 2497 teuchum
709 2457 916 2496 unum.

471 2538 625 2595 650
655 2538 815 2593 Idem
846 2541 1042 2594 autem
1073 2536 1549 2611 elegantissimus
1590 2537 1803 2611 praesul
1850 2542 2024 2611 atque
2068 2539 2426 2596 fortissimus
2478 2543 2646 2595 recta:
2704 2539 2841 2594 ﬁdei
2897 2539 3243 2613 praedicator
3271 2539 3332 2595 in
3358 2538 3671 2596 ecclesiam

399 2636 793 2693 Ravennatem
825 2635 950 2691 auri
979 2634 1160 2692 libras
1190 2635 1520 2707 duodecim,
1544 2636 1767 2710 argenti
1795 2630 2047 2693 libras...
2081 2637 2308 2694 remisit
2349 2653 2453 2710 pro
2500 2636 2707 2693 animas
2758 2654 2878 2693 sum
2906 2636 3188 2703 remedio,
3220 2653 3349 2710 quae
3379 2653 3666 2711 quorum-

399 2735 535 2791 dam
568 2732 1047 2807 subreptionihus
1078 2733 1215 2790 inde
1244 2734 1476 2790 fuerant
1505 2733 1731 2790 ablatae.
1757 2734 2040 2791 Similiter
2068 2740 2125 2791 et
2151 2734 2211 2790 in
2243 2734 2490 2791 ecclesia
2520 2734 2796 2791 Imolensi
2818 2734 2946 2791 auri
2976 2734 3158 2792 libras
3188 2735 3669 2809 septem,argenti
3754 2736 3757 2741 λ

396 2830 646 2888 libras...
681 2829 905 2887 ablatas
936 2829 1211 2887 restituit.
1246 2832 1389 2887 Item
1422 2831 1608 2887 Deum
1639 2849 1753 2904 prae
1786 2831 1971 2888 oculis
2002 2832 2224 2888 habens
2257 2831 2317 2887 in
2350 2831 2700 2889 Bononiensi
2730 2831 2975 2890 ecclesia
3014 2836 3288 2906 patenum
3320 2832 3392 2888 de
3422 2835 3668 2906 argento

324 2931 362 2986 5
400 2947 579 2986 unam
613 2946 774 3002 mque
805 2927 1074 2985 reddidit.
1111 2929 1231 2985 Imo
1263 2932 1319 2985 et
1349 2947 1453 3003 pro
1484 2929 1724 3002 perenni
1757 2931 2019 2986 mercede
2050 2929 2111 2986 in
2141 2929 2387 2986 ecclesia
2415 2930 2561 2987 alias
2590 2933 2929 2986 sanctorum
2959 2928 3239 3003 reliquias
3270 2947 3375 3003 per
3402 2930 3670 2989 diversos

408 3026 734 3083 cardinales
763 3026 990 3093 titulos,
1022 3026 1168 3082 alias
1217 3027 1392 3082 etiam
1441 3028 1900 3100 circumquaque
1937 3045 2042 3101 per
2082 3027 2310 3084 diversa
2335 3028 2581 3102 largitus
2611 3034 2701 3084 est
2730 3028 3107 3100 monasteria,
3140 3028 3242 3086 ubi
3274 3026 3548 3101 plurimis
3576 3044 3675 3084 co-

400 3129 641 3181 ruscant
663 3124 968 3181 miraculis
996 3141 1009 3178 :
1047 3125 1365 3180 maximam
1394 3141 1527 3181 vero
1558 3130 1784 3198 partem
1814 3125 1994 3199 digna
2022 3125 2470 3183 honoriﬁcentia
2524 3126 2825 3183 collocavit
2880 3127 3036 3198 apud
3094 3125 3402 3183 ecclesiam
3429 3143 3559 3198 qua:
3591 3125 3665 3182 ad

400 3222 695 3296 apostolos
725 3222 959 3279 dicitur.
977 3223 1135 3279 Hanc
1166 3222 1327 3279 senio
1355 3229 1763 3297 consumptam
1796 3229 1853 3280 et
1883 3223 2063 3279 ruina:
2097 3223 2422 3297 proximam
2443 3223 2628 3281 isdem
2653 3223 3066 3281 sanctissimus
3086 3240 3240 3297 papa
3259 3240 3295 3279 a
3314 3222 3669 3280 fundamen-

399 3321 476 3378 tis
507 3321 823 3387 renovavit,
858 3325 914 3376 et
942 3320 1212 3393 plurimis
1244 3321 1503 3376 donariis
1529 3322 1780 3393 compsit
1809 3326 1865 3377 et
1893 3321 2274 3378 ornamentis.
2309 3324 2449 3378 Erat
2505 3322 2722 3394 quippe
2778 3321 2971 3378 omnis
3025 3323 3157 3394 ejus
3205 3320 3474 3389 intentio,
3507 3326 3575 3377 ut
3604 3338 3677 3378 ea

295 3421 363 3475 10
402 3436 635 3492 semper
665 3423 861 3491 ageret
891 3436 1017 3490 quae
1049 3418 1163 3472 Deo
1197 3422 1337 3472 sunt
1362 3419 1759 3491 acceptabilia.
1795 3421 1939 3475 Cum
1999 3418 2194 3476 clades
2254 3419 2451 3492 itaque
2503 3419 2885 3487 locustarum,
2918 3436 3047 3491 quae
3103 3417 3551 3492 prmdecessoris
3582 3417 3677 3476 sui

397 3516 635 3573 Adriani
665 3514 933 3570 videlicet
965 3520 1224 3586 tempore
1256 3520 1437 3571 totam
1464 3518 1711 3587 patriam
1746 3534 1890 3589 pene
1920 3522 2389 3588 consumpserat,
2421 3517 2572 3574 male
2627 3516 3017 3590 multiplicato
3070 3517 3334 3590 germine
3365 3516 3530 3573 nasci
3560 3534 3675 3574 cm-

402 3614 629 3686 pissent
658 3617 715 3668 et
744 3612 942 3668 omnia
971 3611 1369 3684 replevissent,
1405 3612 1680 3670 misertus
1734 3615 1888 3670 idem
1936 3615 2350 3670 sanctissimus
2402 3631 2555 3687 papa
2584 3613 2825 3670 -afﬂicto
2874 3612 3113 3687 populo,
3144 3612 3403 3687 primum
3432 3612 3677 3686 quidem

402 3708 721 3782 divulgavit
748 3713 810 3765 ut
840 3708 888 3765 si
922 3708 1056 3780 quis
1079 3709 1149 3763 de
1169 3709 1252 3765 eis
1273 3727 1457 3765 unum
1491 3711 1811 3767 sextarium
1844 3717 2074 3785 caperet
2102 3716 2160 3770 et
2190 3712 2302 3769 sibi
2332 3712 2649 3783 attulisset,
2671 3712 2933 3785 quinque
2963 3716 3065 3769 aut
3093 3729 3195 3770 sex
3212 3711 3486 3771 denarios
3511 3712 3585 3770 ab
3604 3729 3675 3771 eo

400 3806 742 3882 perciperet.
777 3807 895 3862 Hoc
924 3809 1124 3861 autem
1165 3806 1364 3879 populi
1412 3808 1718 3865 audientes
1770 3814 2072 3882 coeperunt
2129 3810 2245 3866 huc
2294 3813 2470 3882 atque
2526 3808 2666 3865 illuc
2725 3809 3072 3878 discurrere,
3106 3826 3324 3882 easque
3353 3825 3584 3883 capere,
3616 3813 3678 3868 et

298 3909 366 3963 15
404 3904 955 3963 misericordissimo
988 3904 1139 3959 Patri
1173 3905 1244 3960 ad
1276 3906 1587 3961 emendum
1623 3911 1874 3979 portare.
1896 3908 2023 3977 Sed
2055 3926 2188 3964 cum
2223 3906 2353 3963 illas
2383 3906 2484 3962 tali
2529 3910 2876 3980 argumento
2935 3906 3126 3963 delere
3183 3906 3568 3980 nequivisset,
3603 3908 3675 3963 ad

400 4002 631 4062 Domini
664 4002 1127 4059 misericordiam
1160 4004 1527 4077 confugiens,
1560 4005 1620 4060 in
1652 4005 1972 4061 oratorium
2004 4005 2158 4062 beati
2192 4003 2474 4077 Gregorii,
2510 4004 2612 4061 ubi
2660 4005 2789 4077 ejus
2836 4003 3023 4062 lectus
3076 4003 3346 4076 habetur,
3371 4005 3549 4076 juxta
3577 4023 3675 4063 ec-

400 4098 639 4156 clesiam
666 4098 946 4172 principis
977 4099 1396 4170 apostolorum,
1428 4100 1666 4156 veniens
1699 4118 1826 4157 sese
1858 4119 1994 4160 cum
2023 4102 2298 4176 lacrymis
2327 4102 2387 4157 in
2419 4103 2744 4159 orationem
2776 4102 2959 4172 dedit,
2990 4118 3247 4175 cumque
3283 4101 3514 4160 diutius
3544 4120 3675 4159 ora-

401 4202 510 4269 ret,
543 4196 812 4266 surrexit,
855 4200 912 4253 et
940 4213 1155 4269 aquam
1206 4197 1458 4271 propriis
1507 4198 1781 4256 manibus
1838 4200 2208 4271 benedicens,
2268 4198 2684 4257 mansicnariis
2738 4199 3036 4273 precepit,
3068 4199 3269 4256 dicens
3302 4215 3317 4255 :
3350 4198 3585 4268 Tollite,
3616 4204 3677 4257 et

403 4293 651 4369 singulis
682 4293 1035 4360 distribuite,
1069 4298 1374 4351 monentes
1425 4299 1490 4351 ut
1534 4297 1594 4352 in
1644 4297 1880 4355 nomine
1935 4298 2169 4356 Domini
2210 4315 2381 4372 agros
2410 4315 2550 4355 suos
2580 4299 2965 4367 circumeant,
2996 4305 3055 4354 et
3082 4297 3234 4353 hanc
3260 4312 3479 4370 aquam
3511 4315 3676 4371 spar-

294 4396 366 4453 20
404 4397 546 4469 gant
575 4410 678 4465 per
708 4396 836 4448 sata
865 4396 922 4447 et
949 4391 1172 4458 vineas,
1204 4398 1465 4465 petentes
1496 4394 1758 4451 divinum
1791 4396 1904 4452 sibi
1935 4396 2322 4470 suﬂ'gragium
2351 4399 2409 4452 et
2437 4395 2795 4452 subsidium.
2829 4398 2952 4461 Quo
3000 4395 3152 4450 facto
3199 4398 3366 4449 tanta
3397 4396 3669 4468 omnipo-

402 4490 581 4548 tentis
614 4489 711 4546 Dei
743 4490 1059 4546 subsecuta
1087 4495 1175 4546 est
1204 4490 1627 4561 misericordia,
1660 4498 1725 4550 ut
1755 4496 2091 4568 ubicunque
2121 4493 2250 4567 ipsa
2281 4510 2435 4566 aqua
2463 4509 2781 4566 conspersa
2832 4497 2923 4550 est
2969 4492 3134 4549 nulla
3178 4491 3415 4565 penitus
3442 4492 3675 4551 locusta

404 4594 749 4645 remaneret.
787 4590 913 4644 Haec
944 4587 1403 4661 circumquaque
1426 4590 1601 4646 vicini
1626 4592 1930 4648 audientes
1959 4592 2031 4648 ad
2064 4591 2278 4648 Urbem
2309 4591 2637 4660 conﬂuunt,
2671 4590 2968 4647 subveniri
3013 4589 3127 4647 sibi
3165 4589 3515 4662 deposcunt,
3548 4607 3677 4646 om-

405 4702 539 4743 nem
570 4690 785 4742 terram
818 4686 877 4742 in
912 4685 1167 4759 pulveris
1197 4687 1439 4743 modum
1471 4687 1713 4746 locustis
1745 4694 2077 4763 coopertam
2106 4688 2428 4758 clamitant,
2461 4705 2609 4762 quos
2653 4687 2962 4761 piissimus
3008 4704 3162 4760 papa
3205 4686 3459 4759 benigne
3510 4704 3679 4744 eom-

407 4784 657 4853 monuit,
691 4801 790 4841 eos
848 4784 918 4841 de
974 4782 1117 4841 cmlo
1175 4784 1459 4841 auxilium
1516 4790 1713 4860 petere
1771 4788 1980 4845 debere
2037 4791 2241 4844 contra
2296 4785 2596 4860 ﬂagellum
2647 4784 2988 4855 imminens,
3019 4788 3078 4842 et
3102 4801 3238 4841 mox
3268 4783 3424 4841 laeta.
3468 4785 3679 4843 Caetera

298 4886 371 4942 25
406 4884 825 4959 desiderantur.

1630 4974 1872 5033 VARI/E
1912 4973 2311 5033 LECTIONES

496 5061 581 5117 Ex
607 5060 786 5118 codice
816 5061 996 5134 Regio,
1032 5061 1325 5117 Μαχανίηο
1355 5067 1407 5117 et
1438 5062 1676 5120 Thuano.
1939 5069 1996 5135 Α
2025 5061 2176 5135 cula,
2203 5078 2336 5135 quis
2376 5061 2614 5135 ﬁebant,
2648 5059 3120 5135 adscribentibus
3166 5073 3295 5135 pro
3320 5056 3682 5135 determina-

2025 5128 2183 5205 tione
2202 5128 2469 5205 léprosus
2489 5128 2895 5205 intersanctos
2908 5128 3225 5188 Martinuin
3247 5132 3304 5205 et
3318 5128 3681 5205 Germanum

337 5208 486 5277 Num
515 5203 640 5277 641,
673 5204 757 5260 lin
789 5201 1216 5277 1,_St_ep_h_anu_s,
1234 5205 1367 5277 ante
1396 5202 1759 5277 Stephanum
1782 5222 1920 5277 prae.
2028 5201 2278 5277 positus;
2307 5220 2377 5259 ex
2406 5209 2569 5275 parte
2607 5204 2842 5277 Martini
2890 5206 3129 5277 curatus
3157 5204 3411 5277 _tantum
3437 5219 3451 5270 ;
3481 5205 3544 5257 et
3571 5201 3687 5257 alia

267 5276 522 5332 mittitur
549 5271 986 5331 Joannes'VlIII
1002 5273 1288 5347 Martinus
1302 5271 1703 5344 Secundus,et
1722 5271 1919 5332 Adria-
2028 5271 2194 5332 nocte
2224 5271 2492 5347 reversus
2525 5292 2594 5330 ex
2624 5274 2739 5347 alia
2770 5280 2935 5347 parte
2965 5275 3037 5330 ab
3070 5271 3278 5347 eodem
3305 5277 3550 5347 curatus
3571 5277 3682 5347 est;

267 5366 382 5404 nus
413 5347 675 5420 Tertius.
705 5348 901 5403 Verum
927 5346 1299 5420 hmcgalterius
1329 5348 1566 5420 aucwris
1604 5342 1755 5402 sunt.
1792 5349 1920 5420 Vide
2027 5364 2142 5402 non
2166 5351 2401 5420 propter
2421 5342 2827 5420 impotentiam
2849 5345 3122 5420 Germani
3144 5342 3284 5420 ;_sed
3306 5343 3466 5414 quod
3488 5342 3686 5420 hospi-
3714 5413 3727 5420 θ

268 5420 577 5476 testimonia
596 5419 659 5475 de
687 5419 976 5474 Anastasio
1004 5418 1152 5472 dicta
1192 5417 1289 5489 plin
1323 5418 1455 5483 1,ex
1484 5423 1646 5489 patre
1664 5419 1918 5476 Adriano
2026 5422 2146 5475 tem
2166 5413 2751 5474 horioravithaetera
2806 5419 2995 5473 omnia
3052 5413 3453 5489 desiderantur.
3486 5414 3552 5470 In
3578 5413 3685 5489 [ioc

269 5492 340 5546 de
370 5490 465 5547 via
501 5494 652 5557 Lata,
687 5489 839 5546 sedit
869 5505 1054 5543 annos
1084 5489 1138 5554 6,
1173 5487 1297 5542 dies
1318 5484 1522 5543 novem
1550 5507 1563 5554 ;
1588 5495 1644 5544 et
1673 5491 1923 5546 cessavit
2026 5498 2209 5546 autem
2234 5489 2511 5559 Stephano
2552 5488 2759 5545 desinit
2805 5488 3098 5544 Anastasii
3143 5485 3311 5559 editio
3337 5484 3683 5559 Moguntina,

269 5561 651 5643 episcopatus.
672 5561 879 5616 diebus
892 5562 952 5640 _5.
979 5559 1165 5630 Hujus
1195 5558 1557 5641 temporibus
1577 5560 1919 5631 Normanni,
2030 5575 2155 5643 quis
2180 5557 2387 5632 prodiit
2416 5577 2560 5616 anno
2593 5561 2749 5643 1602:
2782 5565 3101 5632 Sequuntur
3130 5558 3189 5611 in
3218 5564 3447 5638 utroque
3507 5557 3691 5613 codice

273 5633 342 5688 ad
343 5634 569 5702 Junctis
608 5632 720 5687 subi
770 5631 960 5695 Dacis,
994 5646 1139 5702 pene
1167 5634 1348 5683 totam
1381 5630 1626 5685 Galliam
1658 5633 1921 5688 devasta~
2029 5633 2271 5688 alterum
2316 5632 2633 5702 pontiﬁcum
2679 5631 2832 5698 νιιςτ,
2865 5646 3036 5702 usque
3064 5626 3461 5702 adpMartmum
3492 5627 3550 5683 Υ.
3580 5628 3690 5685 Sed

273 5647 569 5703 adjuncus
608 5647 720 5687 snm
770 5647 960 5695 uncis,
994 5647 1139 5702 pene
1167 5647 1348 5683 tenam
1381 5647 1626 5685 uauiam
1658 5647 1921 5688 aevasta~
2029 5647 2271 5688 alterum
2316 5647 2633 5703 pomi/tcum
2682 5647 2832 5698 νιιέιῑ,
2865 5647 3036 5702 usque
3064 5647 3134 5684 aa
3163 5647 3461 5682 marunum
3496 5647 3550 5683 ν.
3580 5647 3689 5685 sea

273 5707 433 5777 runt.
451 5701 687 5777 Propter
707 5703 969 5777 ipsorum
994 5701 1261 5777 timorem
1282 5718 1493 5773 corpus
1515 5703 1665 5759 beati
1689 5704 1924 5777 Martini
2032 5704 2164 5777 quia
2191 5704 2346 5759 nobis
2372 5705 2731 5777 pirwpositum
2756 5704 2868 5777 fuit
2890 5700 3246 5777 Anastasium
3263 5703 3487 5755 tantum
3505 5714 3689 5777 recen-

273 5771 636 5846 'I‘_urpnensis
660 5771 1082 5846 Altisiodorum
1111 5776 1201 5846 e_s_t
1229 5771 1619 5846 deportatum,
1655 5779 1711 5830 et
1740 5776 1799 5831 in
1832 5794 1923 5832 ec-
2030 5771 2169 5843 sere,
2198 5783 2250 5830 et
2283 5771 2531 5846 purioris
2586 5771 2842 5830 editionis
2897 5774 3233 5846 occasionem
3285 5776 3558 5846 gratare
3590 5772 3686 5839 iis,

278 5840 458 5920 clesia
505 5843 1012 5920 sancti_Germ_a_ni
1070 5840 1436 5920 collocatum.
1471 5844 1583 5900 Sed
1606 5840 1925 5920 monachis
2034 5840 2231 5920 quibus
2257 5840 2438 5920 majus
2467 5847 2643 5920 otium
2675 5846 2928 5920 suppetit,
2962 5844 3080 5920 ideo
3138 5840 3606 5920 hic__desinimus,
3636 5850 3692 5900 et

281 5915 521 5983 propter
548 5909 871 5968 oblationes
899 5910 1285 5981 litigantibus,
1309 5916 1367 5968 et
1394 5928 1500 5969 suo
1532 5920 1733 5971 sancto
1755 5917 1927 5975 mira-
2032 5909 2312 5987 negotium
2334 5909 2432 5975 hoc
2462 5916 2579 5975 illis
2603 5909 2981 5992 peragendum
3007 5916 3151 5974 ultro
3178 5912 3565 5988 relinquimus.

242 6020 295 6064 "5
