  <div class='ocr_page' id='page_1' title='image "/cluster/home/n/w/nwhite01/storage/ocr_20150623/128/hvd.32044054759899/118.png"; bbox 0 0 4046 6174; ppageno 0'>
   <div class='ocr_carea' id='block_1_1' title="bbox 264 192 3670 279">
    <p class='ocr_par' dir='ltr' id='par_1_1' title="bbox 264 192 3670 279">
     <span class='ocr_line' id='line_1_1' title="bbox 264 192 3670 279; baseline 0.007 -23"><span class='ocrx_word' id='word_1_1' title='bbox 264 192 367 256; x_wconf 53' lang='grc' dir='ltr'><strong><em>Β</em></strong></span> <span class='ocrx_word' id='word_1_2' title='bbox 946 193 1309 256; x_wconf 84' lang='lat' dir='ltr'><strong>HISTORIA</strong></span> <span class='ocrx_word' id='word_1_3' title='bbox 1353 195 1456 256; x_wconf 87' lang='lat' dir='ltr'><strong>DE</strong></span> <span class='ocrx_word' id='word_1_4' title='bbox 1499 195 1701 259; x_wconf 80' lang='lat' dir='ltr'><strong>VITIS</strong></span> <span class='ocrx_word' id='word_1_5' title='bbox 1745 196 1937 261; x_wconf 78' lang='lat' dir='ltr'><strong>ROM.</strong></span> <span class='ocrx_word' id='word_1_6' title='bbox 1980 196 2211 261; x_wconf 79' lang='lat' dir='ltr'><strong>PONT.</strong></span> <span class='ocrx_word' id='word_1_7' title='bbox 2259 233 2328 246; x_wconf 88' lang='lat'><strong>-</strong></span> <span class='ocrx_word' id='word_1_8' title='bbox 2376 201 2440 262; x_wconf 91' lang='lat' dir='ltr'><strong>S.</strong></span> <span class='ocrx_word' id='word_1_9' title='bbox 2488 202 2825 267; x_wconf 87' lang='lat' dir='ltr'><strong>SIXTUUS</strong></span> <span class='ocrx_word' id='word_1_10' title='bbox 2873 204 2979 267; x_wconf 91' lang='lat' dir='ltr'><strong>IlI.</strong></span> <span class='ocrx_word' id='word_1_11' title='bbox 3548 211 3670 279; x_wconf 69' lang='grc'><strong>226</strong></span> 
     </span>
    </p>
   </div>
   <div class='ocr_carea' id='block_1_2' title="bbox 264 323 3670 419">
    <p class='ocr_par' dir='ltr' id='par_1_2' title="bbox 264 323 3670 419">
     <span class='ocr_line' id='line_1_2' title="bbox 264 323 3670 419; baseline 0.009 -43"><span class='ocrx_word' id='word_1_12' title='bbox 499 323 1002 419; x_wconf 47' lang='lat' dir='ltr'><strong>[Ecclesiisruipa</strong></span> <span class='ocrx_word' id='word_1_13' title='bbox 1011 329 1650 419; x_wconf 40' lang='lat' dir='ltr'><strong>EAqHBIE‘pPQVidtBDEeI:</strong></span> <span class='ocrx_word' id='word_1_14' title='bbox 1666 331 1902 413; x_wconf 74' lang='lat' dir='ltr'><strong>avertit,</strong></span> <span class='ocrx_word' id='word_1_15' title='bbox 1936 335 1990 401; x_wconf 82' lang='grc' dir='ltr'><strong>Α</strong></span> <span class='ocrx_word' id='word_1_16' title='bbox 2021 333 2359 419; x_wconf 72' lang='lat' dir='ltr'><strong>minabatur</strong></span> <span class='ocrx_word' id='word_1_17' title='bbox 2390 351 2403 389; x_wconf 91' lang='lat'><strong>:</strong></span> <span class='ocrx_word' id='word_1_18' title='bbox 2432 336 2605 419; x_wconf 48' lang='lat' dir='ltr'><strong>c‘ujus</strong></span> <span class='ocrx_word' id='word_1_19' title='bbox 2631 336 2908 419; x_wconf 33' lang='lat' dir='ltr'><strong>‘Historiae</strong></span> <span class='ocrx_word' id='word_1_20' title='bbox 2920 356 3216 398; x_wconf 88' lang='lat' dir='ltr'><strong>summam</strong></span> <span class='ocrx_word' id='word_1_21' title='bbox 3236 359 3305 400; x_wconf 83' lang='lat' dir='ltr'><strong>ex</strong></span> <span class='ocrx_word' id='word_1_22' title='bbox 3323 346 3502 419; x_wconf 88' lang='lat' dir='ltr'><strong>Pagio</strong></span> <span class='ocrx_word' id='word_1_23' title='bbox 3523 348 3670 407; x_wconf 87' lang='lat' dir='ltr'><strong>sele-</strong></span> 
     </span>
    </p>
   </div>
   <div class='ocr_carea' id='block_1_3' title="bbox 267 396 3671 479">
    <p class='ocr_par' dir='ltr' id='par_1_3' title="bbox 267 396 3671 479">
     <span class='ocr_line' id='line_1_3' title="bbox 267 396 3671 479; baseline 0.007 -26"><span class='ocrx_word' id='word_1_24' title='bbox 267 396 474 479; x_wconf 63' lang='lat' dir='ltr'><strong>,viqibus</strong></span> <span class='ocrx_word' id='word_1_25' title='bbox 498 396 872 479; x_wconf 67' lang='lat' dir='ltr'><strong>paritersuis</strong></span> <span class='ocrx_word' id='word_1_26' title='bbox 903 396 1312 479; x_wconf 46' lang='lat' dir='ltr'><strong>beato—Cyrillo</strong></span> <span class='ocrx_word' id='word_1_27' title='bbox 1340 400 1734 479; x_wconf 73' lang='lat' dir='ltr'><strong>demandatis.</strong></span> <span class='ocrx_word' id='word_1_28' title='bbox 1758 473 1771 479; x_wconf 87' lang='lat'>_</span> <span class='ocrx_word' id='word_1_29' title='bbox 1888 396 1897 401; x_wconf 78' lang='grc'><em>’</em></span> <span class='ocrx_word' id='word_1_30' title='bbox 1936 396 1990 401; x_wconf 63' lang='grc'><strong>’“</strong></span> <span class='ocrx_word' id='word_1_31' title='bbox 2018 404 2126 459; x_wconf 85' lang='lat' dir='ltr'><strong>clis</strong></span> <span class='ocrx_word' id='word_1_32' title='bbox 2157 405 2309 461; x_wconf 91' lang='lat' dir='ltr'><strong>notis</strong></span> <span class='ocrx_word' id='word_1_33' title='bbox 2342 396 2526 479; x_wconf 56' lang='lat' dir='ltr'><strong>paulo&#39;</strong></span> <span class='ocrx_word' id='word_1_34' title='bbox 2549 396 3107 479; x_wconf 14' lang='lat' dir='ltr'><strong>anteipraemissamw</strong></span> <span class='ocrx_word' id='word_1_35' title='bbox 3129 396 3671 477; x_wconf 55' lang='lat' dir='ltr'><strong>iibh&quot;e§t&quot;36r&quot;ﬁio</strong></span> 
     </span>
    </p>
   </div>
   <div class='ocr_carea' id='block_1_4' title="bbox 322 467 3295 555">
    <p class='ocr_par' dir='ltr' id='par_1_4' title="bbox 322 467 3295 555">
     <span class='ocr_line' id='line_1_4' title="bbox 322 467 3295 555; baseline 0.007 -34"><span class='ocrx_word' id='word_1_36' title='bbox 322 467 570 524; x_wconf 63' lang='lat' dir='ltr'><strong>Heresis</strong></span> <span class='ocrx_word' id='word_1_37' title='bbox 599 467 957 524; x_wconf 76' lang='lat' dir='ltr'><strong>Nestoriana:</strong></span> <span class='ocrx_word' id='word_1_38' title='bbox 988 467 1220 526; x_wconf 79' lang='lat' dir='ltr'><strong>funesta</strong></span> <span class='ocrx_word' id='word_1_39' title='bbox 1268 472 1430 545; x_wconf 83' lang='lat' dir='ltr'><strong>origo</strong></span> <span class='ocrx_word' id='word_1_40' title='bbox 1481 472 1711 529; x_wconf 88' lang='lat' dir='ltr'><strong>ruinam</strong></span> <span class='ocrx_word' id='word_1_41' title='bbox 1758 473 1909 530; x_wconf 88' lang='lat' dir='ltr'><strong>hanc</strong></span> <span class='ocrx_word' id='word_1_42' title='bbox 2019 467 2362 548; x_wconf 68' lang='lat' dir='ltr'><strong>repetamus</strong></span> <span class='ocrx_word' id='word_1_43' title='bbox 2382 496 2450 533; x_wconf 79' lang='lat' dir='ltr'><strong>ex</strong></span> <span class='ocrx_word' id='word_1_44' title='bbox 2482 478 2548 533; x_wconf 93' lang='lat' dir='ltr'><strong>D.</strong></span> <span class='ocrx_word' id='word_1_45' title='bbox 2582 467 3019 555; x_wconf 72' lang='lat' dir='ltr'><strong>archiepiscopo</strong></span> <span class='ocrx_word' id='word_1_46' title='bbox 3052 467 3295 542; x_wconf 66' lang='lat' dir='ltr'><strong>Soniier.</strong></span> 
     </span>
    </p>
   </div>
   <div class='ocr_carea' id='block_1_5' title="bbox 1369 943 2554 1017">
    <p class='ocr_par' dir='ltr' id='par_1_5' title="bbox 1369 943 2554 1017">
     <span class='ocr_line' id='line_1_5' title="bbox 1369 943 2554 1017; baseline 0.001 -4"><span class='ocrx_word' id='word_1_47' title='bbox 1369 943 1603 1014; x_wconf 87' lang='lat' dir='ltr'><strong>XLVI.</strong></span> <span class='ocrx_word' id='word_1_48' title='bbox 1660 943 2040 1017; x_wconf 78' lang='lat' dir='ltr'><strong>SANCTUS</strong></span> <span class='ocrx_word' id='word_1_49' title='bbox 2090 945 2390 1017; x_wconf 83' lang='lat' dir='ltr'><strong>SIXTUS</strong></span> <span class='ocrx_word' id='word_1_50' title='bbox 2446 947 2554 1016; x_wconf 90' lang='lat' dir='ltr'><strong>lll.</strong></span> 
     </span>
    </p>
   </div>
   <div class='ocr_carea' id='block_1_6' title="bbox 1092 1191 2818 1268">
    <p class='ocr_par' dir='ltr' id='par_1_6' title="bbox 1092 1191 2818 1268">
     <span class='ocr_line' id='line_1_6' title="bbox 1092 1191 2818 1268; baseline 0.003 -17"><span class='ocrx_word' id='word_1_51' title='bbox 1092 1206 1258 1253; x_wconf 62' lang='lat' dir='ltr'><strong>anno</strong></span> <span class='ocrx_word' id='word_1_52' title='bbox 1300 1207 1540 1253; x_wconf 74' lang='lat' dir='ltr'><strong>cnaxs&#39;rt</strong></span> <span class='ocrx_word' id='word_1_53' title='bbox 1580 1191 1724 1265; x_wconf 75' lang='lat'><strong>432,</strong></span> <span class='ocrx_word' id='word_1_54' title='bbox 1770 1207 2094 1256; x_wconf 74' lang='lat' dir='ltr'><strong>rasososn</strong></span> <span class='ocrx_word' id='word_1_55' title='bbox 2139 1194 2237 1268; x_wconf 68' lang='grc'><strong>95,</strong></span> <span class='ocrx_word' id='word_1_56' title='bbox 2282 1209 2712 1257; x_wconf 77' lang='lat' dir='ltr'><strong>VALENTINIANI</strong></span> <span class='ocrx_word' id='word_1_57' title='bbox 2757 1196 2818 1256; x_wconf 91' lang='lat'><strong>8.</strong></span> 
     </span>
    </p>
   </div>
   <div class='ocr_carea' id='block_1_7' title="bbox 488 1595 3678 1701">
    <p class='ocr_par' dir='ltr' id='par_1_7' title="bbox 488 1595 3678 1701">
     <span class='ocr_line' id='line_1_7' title="bbox 488 1595 3678 1701; baseline 0.003 -40"><span class='ocrx_word' id='word_1_58' title='bbox 488 1605 598 1661; x_wconf 66' lang='grc' dir='ltr'><strong>σε</strong></span> <span class='ocrx_word' id='word_1_59' title='bbox 632 1595 849 1661; x_wconf 73' lang='lat' dir='ltr'><strong>Sixtus</strong></span> <span class='ocrx_word' id='word_1_60' title='bbox 878 1597 1119 1669; x_wconf 85' lang='lat' dir='ltr'><strong>tertius,</strong></span> <span class='ocrx_word' id='word_1_61' title='bbox 1152 1599 1392 1661; x_wconf 79' lang='lat' dir='ltr'><strong>natione</strong></span> <span class='ocrx_word' id='word_1_62' title='bbox 1420 1600 1744 1678; x_wconf 78' lang='lat' dir='ltr'><strong>Romanus,</strong></span> <span class='ocrx_word' id='word_1_63' title='bbox 1777 1623 1852 1665; x_wconf 77' lang='lat' dir='ltr'><strong>ex</strong></span> <span class='ocrx_word' id='word_1_64' title='bbox 1876 1615 2054 1686; x_wconf 81' lang='lat' dir='ltr'><strong>patre</strong></span> <span class='ocrx_word' id='word_1_65' title='bbox 2084 1605 2286 1682; x_wconf 74' lang='lat' dir='ltr'><strong>Sixto,</strong></span> <span class='ocrx_word' id='word_1_66' title='bbox 2319 1604 2473 1666; x_wconf 74' lang='lat' dir='ltr'><strong>sedit</strong></span> <span class='ocrx_word' id='word_1_67' title='bbox 2499 1623 2686 1666; x_wconf 82' lang='lat' dir='ltr'><strong>annos</strong></span> <span class='ocrx_word' id='word_1_68' title='bbox 2713 1610 2881 1675; x_wconf 88' lang='lat' dir='ltr'><strong>octo,</strong></span> <span class='ocrx_word' id='word_1_69' title='bbox 2919 1604 3041 1666; x_wconf 76' lang='lat' dir='ltr'><strong>dies</strong></span> <span class='ocrx_word' id='word_1_70' title='bbox 3092 1608 3168 1667; x_wconf 91' lang='lat'><strong>19</strong></span> <span class='ocrx_word' id='word_1_71' title='bbox 3217 1605 3322 1687; x_wconf 89' lang='lat' dir='ltr'><strong>(a).</strong></span> <span class='ocrx_word' id='word_1_72' title='bbox 3372 1605 3494 1670; x_wconf 71' lang='lat' dir='ltr'><strong>Hic</strong></span> <span class='ocrx_word' id='word_1_73' title='bbox 3533 1627 3678 1701; x_wconf 58' lang='lat' dir='ltr'><strong>post</strong></span> 
     </span>
    </p>
   </div>
   <div class='ocr_carea' id='block_1_8' title="bbox 415 1704 3674 1796">
    <p class='ocr_par' dir='ltr' id='par_1_8' title="bbox 415 1704 3674 1796">
     <span class='ocr_line' id='line_1_8' title="bbox 415 1704 3674 1796; baseline 0.004 -30"><span class='ocrx_word' id='word_1_74' title='bbox 415 1722 651 1767; x_wconf 88' lang='lat' dir='ltr'><strong>annum</strong></span> <span class='ocrx_word' id='word_1_75' title='bbox 680 1704 982 1785; x_wconf 87' lang='lat' dir='ltr'><strong>primum,</strong></span> <span class='ocrx_word' id='word_1_76' title='bbox 1010 1710 1073 1766; x_wconf 87' lang='lat' dir='ltr'><strong>et</strong></span> <span class='ocrx_word' id='word_1_77' title='bbox 1112 1724 1359 1768; x_wconf 82' lang='lat' dir='ltr'><strong>menses</strong></span> <span class='ocrx_word' id='word_1_78' title='bbox 1405 1714 1572 1782; x_wconf 89' lang='lat' dir='ltr'><strong>octo,</strong></span> <span class='ocrx_word' id='word_1_79' title='bbox 1603 1729 1642 1770; x_wconf 89' lang='lat' dir='ltr'><strong>a</strong></span> <span class='ocrx_word' id='word_1_80' title='bbox 1671 1710 1930 1793; x_wconf 81' lang='lat' dir='ltr'><strong>quodam</strong></span> <span class='ocrx_word' id='word_1_81' title='bbox 1976 1711 2235 1792; x_wconf 83' lang='lat' dir='ltr'><strong>quodam</strong></span> <span class='ocrx_word' id='word_1_82' title='bbox 2278 1711 2362 1793; x_wconf 78' lang='grc' dir='ltr'><strong>(ὁ)</strong></span> <span class='ocrx_word' id='word_1_83' title='bbox 2411 1712 2592 1774; x_wconf 79' lang='lat' dir='ltr'><strong>Basso</strong></span> <span class='ocrx_word' id='word_1_84' title='bbox 2642 1712 3061 1773; x_wconf 75' lang='lat' dir='ltr'><strong>z&#39;ncrz&#39;mz&#39;natus</strong></span> <span class='ocrx_word' id='word_1_85' title='bbox 3106 1721 3529 1796; x_wconf 76' lang='lat' dir='ltr'><strong>accusatusque</strong></span> <span class='ocrx_word' id='word_1_86' title='bbox 3554 1724 3674 1781; x_wconf 87' lang='lat' dir='ltr'><strong>est.</strong></span> 
     </span>
    </p>
   </div>
   <div class='ocr_carea' id='block_1_9' title="bbox 416 1812 3668 1900">
    <p class='ocr_par' dir='ltr' id='par_1_9' title="bbox 416 1812 3668 1900">
     <span class='ocr_line' id='line_1_9' title="bbox 416 1812 3668 1900; baseline 0.002 -26"><span class='ocrx_word' id='word_1_87' title='bbox 416 1812 648 1874; x_wconf 83' lang='lat' dir='ltr'><strong>Eodem</strong></span> <span class='ocrx_word' id='word_1_88' title='bbox 678 1817 966 1893; x_wconf 87' lang='lat' dir='ltr'><strong>tempore</strong></span> <span class='ocrx_word' id='word_1_89' title='bbox 998 1813 1261 1874; x_wconf 88' lang='lat' dir='ltr'><strong>audiens</strong></span> <span class='ocrx_word' id='word_1_90' title='bbox 1293 1813 1414 1876; x_wconf 89' lang='lat' dir='ltr'><strong>hoc</strong></span> <span class='ocrx_word' id='word_1_91' title='bbox 1442 1816 1923 1879; x_wconf 80' lang='lat' dir='ltr'><strong>Valentinianus</strong></span> <span class='ocrx_word' id='word_1_92' title='bbox 1951 1821 2296 1897; x_wconf 86' lang='lat' dir='ltr'><strong>Augustus,</strong></span> <span class='ocrx_word' id='word_1_93' title='bbox 2339 1818 2529 1897; x_wconf 80' lang='lat' dir='ltr'><strong>jussit</strong></span> <span class='ocrx_word' id='word_1_94' title='bbox 2574 1818 2910 1880; x_wconf 86' lang='lat' dir='ltr'><strong>concilium</strong></span> <span class='ocrx_word' id='word_1_95' title='bbox 2960 1824 3194 1881; x_wconf 65' lang='lat' dir='ltr'><strong>sanctas</strong></span> <span class='ocrx_word' id='word_1_96' title='bbox 3243 1821 3468 1900; x_wconf 85' lang='lat' dir='ltr'><strong>synodi</strong></span> <span class='ocrx_word' id='word_1_97' title='bbox 3515 1840 3668 1882; x_wconf 90' lang='lat' dir='ltr'><strong>con-</strong></span> 
     </span>
    </p>
   </div>
   <div class='ocr_carea' id='block_1_10' title="bbox 419 1920 3669 2009">
    <p class='ocr_par' dir='ltr' id='par_1_10' title="bbox 419 1920 3669 2009">
     <span class='ocr_line' id='line_1_10' title="bbox 419 1920 3669 2009; baseline 0.003 -30"><span class='ocrx_word' id='word_1_98' title='bbox 419 1920 683 1999; x_wconf 85' lang='lat' dir='ltr'><strong>gregari,</strong></span> <span class='ocrx_word' id='word_1_99' title='bbox 721 1925 785 1980; x_wconf 89' lang='lat' dir='ltr'><strong>et</strong></span> <span class='ocrx_word' id='word_1_100' title='bbox 812 1921 979 1979; x_wconf 84' lang='lat' dir='ltr'><strong>facto</strong></span> <span class='ocrx_word' id='word_1_101' title='bbox 1007 1927 1344 1993; x_wconf 88' lang='lat' dir='ltr'><strong>conventu,</strong></span> <span class='ocrx_word' id='word_1_102' title='bbox 1379 1941 1509 1982; x_wconf 82' lang='lat' dir='ltr'><strong>cum</strong></span> <span class='ocrx_word' id='word_1_103' title='bbox 1537 1941 1759 2003; x_wconf 82' lang='lat' dir='ltr'><strong>magna</strong></span> <span class='ocrx_word' id='word_1_104' title='bbox 1786 1925 2225 1987; x_wconf 72' lang='lat' dir='ltr'><strong>examinatione</strong></span> <span class='ocrx_word' id='word_1_105' title='bbox 2245 1924 2488 2003; x_wconf 90' lang='lat' dir='ltr'><strong>judicio</strong></span> <span class='ocrx_word' id='word_1_106' title='bbox 2520 1925 2822 2004; x_wconf 85' lang='lat' dir='ltr'><strong>synodico</strong></span> <span class='ocrx_word' id='word_1_107' title='bbox 2854 1925 2929 2005; x_wconf 86' lang='lat' dir='ltr'><strong>(e)</strong></span> <span class='ocrx_word' id='word_1_108' title='bbox 2956 1935 3248 2007; x_wconf 80' lang='lat' dir='ltr'><strong>purgatus</strong></span> <span class='ocrx_word' id='word_1_109' title='bbox 3298 1944 3336 1987; x_wconf 90' lang='lat' dir='ltr'><strong>a</strong></span> <span class='ocrx_word' id='word_1_110' title='bbox 3365 1928 3669 2009; x_wconf 71' lang='lat' dir='ltr'><strong>quinqua-</strong></span> 
     </span>
    </p>
   </div>
   <div class='ocr_carea' id='block_1_11' title="bbox 351 2026 3676 2114">
    <p class='ocr_par' dir='ltr' id='par_1_11' title="bbox 351 2026 3676 2114">
     <span class='ocr_line' id='line_1_11' title="bbox 351 2026 3676 2114; baseline 0.003 -29"><span class='ocrx_word' id='word_1_111' title='bbox 351 2028 384 2085; x_wconf 83' lang='lat'><strong>5</strong></span> <span class='ocrx_word' id='word_1_112' title='bbox 420 2028 584 2106; x_wconf 72' lang='lat' dir='ltr'><strong>ginta</strong></span> <span class='ocrx_word' id='word_1_113' title='bbox 610 2045 715 2087; x_wconf 74' lang='lat' dir='ltr'><strong>ses:</strong></span> <span class='ocrx_word' id='word_1_114' title='bbox 742 2026 1051 2107; x_wconf 76' lang='lat' dir='ltr'><strong>episcopis,</strong></span> <span class='ocrx_word' id='word_1_115' title='bbox 1084 2032 1146 2088; x_wconf 90' lang='lat' dir='ltr'><strong>et</strong></span> <span class='ocrx_word' id='word_1_116' title='bbox 1177 2028 1634 2090; x_wconf 83' lang='lat' dir='ltr'><strong>condemnatus</strong></span> <span class='ocrx_word' id='word_1_117' title='bbox 1663 2031 1888 2092; x_wconf 82' lang='lat' dir='ltr'><strong>Bassus</strong></span> <span class='ocrx_word' id='word_1_118' title='bbox 1917 2050 1956 2092; x_wconf 90' lang='lat' dir='ltr'><strong>a</strong></span> <span class='ocrx_word' id='word_1_119' title='bbox 1984 2032 2252 2111; x_wconf 86' lang='lat' dir='ltr'><strong>synodo.</strong></span> <span class='ocrx_word' id='word_1_120' title='bbox 2284 2032 2372 2092; x_wconf 90' lang='lat' dir='ltr'><strong>ita</strong></span> <span class='ocrx_word' id='word_1_121' title='bbox 2403 2036 2615 2091; x_wconf 88' lang='lat' dir='ltr'><strong>tamen</strong></span> <span class='ocrx_word' id='word_1_122' title='bbox 2648 2036 2718 2091; x_wconf 90' lang='lat' dir='ltr'><strong>ut</strong></span> <span class='ocrx_word' id='word_1_123' title='bbox 2747 2031 2826 2091; x_wconf 90' lang='lat' dir='ltr'><strong>ad</strong></span> <span class='ocrx_word' id='word_1_124' title='bbox 2859 2032 3149 2093; x_wconf 89' lang='lat' dir='ltr'><strong>ultimum</strong></span> <span class='ocrx_word' id='word_1_125' title='bbox 3180 2032 3346 2094; x_wconf 89' lang='lat' dir='ltr'><strong>diem</strong></span> <span class='ocrx_word' id='word_1_126' title='bbox 3383 2031 3462 2114; x_wconf 72' lang='grc' dir='ltr'><strong>(εἰ)</strong></span> <span class='ocrx_word' id='word_1_127' title='bbox 3499 2033 3676 2096; x_wconf 87' lang='lat' dir='ltr'><strong>viati-</strong></span> 
     </span>
    </p>
   </div>
   <div class='ocr_carea' id='block_1_12' title="bbox 421 2133 3677 2217">
    <p class='ocr_par' dir='ltr' id='par_1_12' title="bbox 421 2133 3677 2217">
     <span class='ocr_line' id='line_1_12' title="bbox 421 2133 3677 2217; baseline 0.002 -24"><span class='ocrx_word' id='word_1_128' title='bbox 421 2152 557 2195; x_wconf 87' lang='lat' dir='ltr'><strong>cum</strong></span> <span class='ocrx_word' id='word_1_129' title='bbox 587 2133 646 2194; x_wconf 91' lang='lat' dir='ltr'><strong>ei</strong></span> <span class='ocrx_word' id='word_1_130' title='bbox 675 2151 802 2194; x_wconf 89' lang='lat' dir='ltr'><strong>non</strong></span> <span class='ocrx_word' id='word_1_131' title='bbox 832 2137 1171 2212; x_wconf 77' lang='lat' dir='ltr'><strong>negaretur</strong></span> <span class='ocrx_word' id='word_1_132' title='bbox 1201 2140 1460 2214; x_wconf 77' lang='lat' dir='ltr'><strong>propter</strong></span> <span class='ocrx_word' id='word_1_133' title='bbox 1487 2134 1951 2198; x_wconf 77' lang='lat' dir='ltr'><strong>humanitatem</strong></span> <span class='ocrx_word' id='word_1_134' title='bbox 1985 2138 2236 2217; x_wconf 89' lang='lat' dir='ltr'><strong>pietatis</strong></span> <span class='ocrx_word' id='word_1_135' title='bbox 2268 2136 2586 2198; x_wconf 66' lang='lat' dir='ltr'><strong>Ecclesiae.</strong></span> <span class='ocrx_word' id='word_1_136' title='bbox 2605 2140 2738 2199; x_wconf 86' lang='lat' dir='ltr'><strong>Hoc</strong></span> <span class='ocrx_word' id='word_1_137' title='bbox 2770 2137 3032 2199; x_wconf 90' lang='lat' dir='ltr'><strong>audiens</strong></span> <span class='ocrx_word' id='word_1_138' title='bbox 3054 2138 3532 2200; x_wconf 88' lang='lat' dir='ltr'><strong>Valentinianus</strong></span> <span class='ocrx_word' id='word_1_139' title='bbox 3553 2143 3677 2201; x_wconf 85' lang='lat' dir='ltr'><strong>Au-</strong></span> 
     </span>
    </p>
   </div>
   <div class='ocr_carea' id='block_1_13' title="bbox 421 2241 3673 2324">
    <p class='ocr_par' dir='ltr' id='par_1_13' title="bbox 421 2241 3673 2324">
     <span class='ocr_line' id='line_1_13' title="bbox 421 2241 3673 2324; baseline 0.002 -22"><span class='ocrx_word' id='word_1_140' title='bbox 421 2246 634 2321; x_wconf 70' lang='lat' dir='ltr'><strong>gustus</strong></span> <span class='ocrx_word' id='word_1_141' title='bbox 665 2258 808 2300; x_wconf 92' lang='lat' dir='ltr'><strong>cum</strong></span> <span class='ocrx_word' id='word_1_142' title='bbox 840 2245 1041 2301; x_wconf 87' lang='lat' dir='ltr'><strong>matre</strong></span> <span class='ocrx_word' id='word_1_143' title='bbox 1071 2258 1187 2301; x_wconf 91' lang='lat' dir='ltr'><strong>sua</strong></span> <span class='ocrx_word' id='word_1_144' title='bbox 1212 2241 1469 2302; x_wconf 88' lang='lat' dir='ltr'><strong>Placida</strong></span> <span class='ocrx_word' id='word_1_145' title='bbox 1499 2244 1786 2321; x_wconf 83' lang='lat' dir='ltr'><strong>Augusta</strong></span> <span class='ocrx_word' id='word_1_146' title='bbox 1828 2244 2035 2304; x_wconf 84' lang='lat' dir='ltr'><strong>furore</strong></span> <span class='ocrx_word' id='word_1_147' title='bbox 2086 2250 2304 2304; x_wconf 87' lang='lat' dir='ltr'><strong>saneto</strong></span> <span class='ocrx_word' id='word_1_148' title='bbox 2351 2243 2672 2315; x_wconf 88' lang='lat' dir='ltr'><strong>commoti,</strong></span> <span class='ocrx_word' id='word_1_149' title='bbox 2711 2244 3171 2324; x_wconf 85' lang='lat' dir='ltr'><strong>proscriptione</strong></span> <span class='ocrx_word' id='word_1_150' title='bbox 3218 2247 3480 2306; x_wconf 86' lang='lat' dir='ltr'><strong>Bassum</strong></span> <span class='ocrx_word' id='word_1_151' title='bbox 3519 2264 3673 2307; x_wconf 91' lang='lat' dir='ltr'><strong>con-</strong></span> 
     </span>
    </p>
   </div>
   <div class='ocr_carea' id='block_1_14' title="bbox 422 2346 3672 2429">
    <p class='ocr_par' dir='ltr' id='par_1_14' title="bbox 422 2346 3672 2429">
     <span class='ocr_line' id='line_1_14' title="bbox 422 2346 3672 2429; baseline 0.002 -21"><span class='ocrx_word' id='word_1_152' title='bbox 422 2348 895 2421; x_wconf 85' lang='lat' dir='ltr'><strong>demnaverunt,</strong></span> <span class='ocrx_word' id='word_1_153' title='bbox 930 2352 988 2407; x_wconf 89' lang='lat' dir='ltr'><strong>et</strong></span> <span class='ocrx_word' id='word_1_154' title='bbox 1020 2346 1237 2408; x_wconf 80' lang='lat' dir='ltr'><strong>omnia</strong></span> <span class='ocrx_word' id='word_1_155' title='bbox 1268 2348 1507 2427; x_wconf 59' lang='lat' dir='ltr'><strong>praedia</strong></span> <span class='ocrx_word' id='word_1_156' title='bbox 1537 2349 1908 2410; x_wconf 77' lang='lat' dir='ltr'><strong>facultatum</strong></span> <span class='ocrx_word' id='word_1_157' title='bbox 1956 2349 2092 2429; x_wconf 84' lang='lat' dir='ltr'><strong>ejus</strong></span> <span class='ocrx_word' id='word_1_158' title='bbox 2139 2349 2433 2410; x_wconf 66' lang='lat' dir='ltr'><strong>Ecclesia:</strong></span> <span class='ocrx_word' id='word_1_159' title='bbox 2466 2350 2794 2411; x_wconf 72' lang='lat' dir='ltr'><strong>catholicae</strong></span> <span class='ocrx_word' id='word_1_160' title='bbox 2837 2351 3257 2413; x_wconf 89' lang='lat' dir='ltr'><strong>sociaverunt.</strong></span> <span class='ocrx_word' id='word_1_161' title='bbox 3292 2353 3410 2424; x_wconf 86' lang='lat' dir='ltr'><strong>Qui</strong></span> <span class='ocrx_word' id='word_1_162' title='bbox 3442 2353 3672 2414; x_wconf 88' lang='lat' dir='ltr'><strong>Bassus</strong></span> 
     </span>
    </p>
   </div>
   <div class='ocr_carea' id='block_1_15' title="bbox 423 2453 3667 2538">
    <p class='ocr_par' dir='ltr' id='par_1_15' title="bbox 423 2453 3667 2538">
     <span class='ocr_line' id='line_1_15' title="bbox 423 2453 3667 2538; baseline 0.002 -23"><span class='ocrx_word' id='word_1_163' title='bbox 423 2461 573 2516; x_wconf 88' lang='lat' dir='ltr'><strong>nutu</strong></span> <span class='ocrx_word' id='word_1_164' title='bbox 601 2454 950 2517; x_wconf 87' lang='lat' dir='ltr'><strong>divinitatis</strong></span> <span class='ocrx_word' id='word_1_165' title='bbox 978 2453 1148 2515; x_wconf 86' lang='lat' dir='ltr'><strong>intra</strong></span> <span class='ocrx_word' id='word_1_166' title='bbox 1176 2472 1422 2516; x_wconf 89' lang='lat' dir='ltr'><strong>menses</strong></span> <span class='ocrx_word' id='word_1_167' title='bbox 1452 2460 1580 2516; x_wconf 90' lang='lat' dir='ltr'><strong>tres</strong></span> <span class='ocrx_word' id='word_1_168' title='bbox 1610 2454 1945 2517; x_wconf 87' lang='lat' dir='ltr'><strong>defunctus</strong></span> <span class='ocrx_word' id='word_1_169' title='bbox 1972 2456 2256 2517; x_wconf 90' lang='lat' dir='ltr'><strong>moritur.</strong></span> <span class='ocrx_word' id='word_1_170' title='bbox 2291 2456 2483 2535; x_wconf 82' lang='lat' dir='ltr'><strong>Cujus</strong></span> <span class='ocrx_word' id='word_1_171' title='bbox 2513 2475 2742 2535; x_wconf 89' lang='lat' dir='ltr'><strong>corpus</strong></span> <span class='ocrx_word' id='word_1_172' title='bbox 2771 2456 2985 2519; x_wconf 87' lang='lat' dir='ltr'><strong>Sixtus</strong></span> <span class='ocrx_word' id='word_1_173' title='bbox 3013 2458 3339 2538; x_wconf 87' lang='lat' dir='ltr'><strong>episcopus</strong></span> <span class='ocrx_word' id='word_1_174' title='bbox 3366 2477 3507 2521; x_wconf 90' lang='lat' dir='ltr'><strong>cum</strong></span> <span class='ocrx_word' id='word_1_175' title='bbox 3541 2459 3667 2527; x_wconf 85' lang='lat' dir='ltr'><strong>lin-</strong></span> 
     </span>
    </p>
   </div>
   <div class='ocr_carea' id='block_1_16' title="bbox 320 2561 3667 2643">
    <p class='ocr_par' dir='ltr' id='par_1_16' title="bbox 320 2561 3667 2643">
     <span class='ocr_line' id='line_1_16' title="bbox 320 2561 3667 2643; baseline 0.001 -20"><span class='ocrx_word' id='word_1_176' title='bbox 320 2564 387 2623; x_wconf 83' lang='grc'><strong>10</strong></span> <span class='ocrx_word' id='word_1_177' title='bbox 422 2561 810 2637; x_wconf 85' lang='lat' dir='ltr'><strong>teaminibus,</strong></span> <span class='ocrx_word' id='word_1_178' title='bbox 845 2566 909 2622; x_wconf 91' lang='lat' dir='ltr'><strong>et</strong></span> <span class='ocrx_word' id='word_1_179' title='bbox 937 2561 1326 2621; x_wconf 89' lang='lat' dir='ltr'><strong>aromatibus</strong></span> <span class='ocrx_word' id='word_1_180' title='bbox 1359 2562 1648 2622; x_wconf 88' lang='lat' dir='ltr'><strong>manibus</strong></span> <span class='ocrx_word' id='word_1_181' title='bbox 1679 2563 1806 2623; x_wconf 89' lang='lat' dir='ltr'><strong>suis</strong></span> <span class='ocrx_word' id='word_1_182' title='bbox 1838 2569 2136 2637; x_wconf 85' lang='lat' dir='ltr'><strong>tractans,</strong></span> <span class='ocrx_word' id='word_1_183' title='bbox 2174 2564 2645 2642; x_wconf 88' lang='lat' dir='ltr'><strong>recondensque</strong></span> <span class='ocrx_word' id='word_1_184' title='bbox 2676 2562 2749 2642; x_wconf 77' lang='grc' dir='ltr'><strong>(ο)</strong></span> <span class='ocrx_word' id='word_1_185' title='bbox 2782 2564 3067 2643; x_wconf 88' lang='lat' dir='ltr'><strong>sepelivit</strong></span> <span class='ocrx_word' id='word_1_186' title='bbox 3108 2564 3189 2625; x_wconf 89' lang='lat' dir='ltr'><strong>ad</strong></span> <span class='ocrx_word' id='word_1_187' title='bbox 3238 2566 3493 2626; x_wconf 86' lang='lat' dir='ltr'><strong>beatum</strong></span> <span class='ocrx_word' id='word_1_188' title='bbox 3545 2568 3667 2628; x_wconf 87' lang='lat' dir='ltr'><strong>Pe-</strong></span> 
     </span>
    </p>
   </div>
   <div class='ocr_carea' id='block_1_17' title="bbox 424 2667 1949 2749">
    <p class='ocr_par' dir='ltr' id='par_1_17' title="bbox 424 2667 1949 2749">
     <span class='ocr_line' id='line_1_17' title="bbox 424 2667 1949 2749; baseline 0.001 -18"><span class='ocrx_word' id='word_1_189' title='bbox 424 2676 583 2731; x_wconf 85' lang='lat' dir='ltr'><strong>trum</strong></span> <span class='ocrx_word' id='word_1_190' title='bbox 609 2668 971 2749; x_wconf 84' lang='lat' dir='ltr'><strong>apostolum</strong></span> <span class='ocrx_word' id='word_1_191' title='bbox 1003 2668 1067 2728; x_wconf 91' lang='lat' dir='ltr'><strong>in</strong></span> <span class='ocrx_word' id='word_1_192' title='bbox 1098 2667 1392 2729; x_wconf 91' lang='lat' dir='ltr'><strong>cubiculo</strong></span> <span class='ocrx_word' id='word_1_193' title='bbox 1424 2674 1756 2748; x_wconf 89' lang='lat' dir='ltr'><strong>parentum</strong></span> <span class='ocrx_word' id='word_1_194' title='bbox 1790 2668 1949 2748; x_wconf 84' lang='lat' dir='ltr'><strong>ejus.</strong></span> 
     </span>
    </p>
   </div>
   <div class='ocr_carea' id='block_1_18' title="bbox 495 2773 3666 2857">
    <p class='ocr_par' dir='ltr' id='par_1_18' title="bbox 495 2773 3666 2857">
     <span class='ocr_line' id='line_1_18' title="bbox 495 2773 3666 2857; baseline 0.001 -20"><span class='ocrx_word' id='word_1_195' title='bbox 495 2784 603 2838; x_wconf 65' lang='grc' dir='ltr'><strong>ϐαι</strong></span> <span class='ocrx_word' id='word_1_196' title='bbox 635 2775 748 2837; x_wconf 87' lang='lat' dir='ltr'><strong>Hic</strong></span> <span class='ocrx_word' id='word_1_197' title='bbox 777 2775 926 2836; x_wconf 84' lang='lat' dir='ltr'><strong>fecit</strong></span> <span class='ocrx_word' id='word_1_198' title='bbox 955 2773 1038 2855; x_wconf 71' lang='grc' dir='ltr'><strong>(Γ)</strong></span> <span class='ocrx_word' id='word_1_199' title='bbox 1072 2774 1400 2836; x_wconf 85' lang='lat' dir='ltr'><strong>basilicam</strong></span> <span class='ocrx_word' id='word_1_200' title='bbox 1430 2781 1666 2836; x_wconf 71' lang='lat' dir='ltr'><strong>sanctae</strong></span> <span class='ocrx_word' id='word_1_201' title='bbox 1695 2775 1932 2851; x_wconf 64' lang='lat' dir='ltr'><strong>Marias,</strong></span> <span class='ocrx_word' id='word_1_202' title='bbox 1967 2794 2133 2857; x_wconf 63' lang='lat' dir='ltr'><strong>quae,</strong></span> <span class='ocrx_word' id='word_1_203' title='bbox 2168 2775 2248 2836; x_wconf 89' lang='lat' dir='ltr'><strong>ab</strong></span> <span class='ocrx_word' id='word_1_204' title='bbox 2278 2774 2559 2856; x_wconf 86' lang='lat' dir='ltr'><strong>antiquis</strong></span> <span class='ocrx_word' id='word_1_205' title='bbox 2605 2774 2839 2836; x_wconf 90' lang='lat' dir='ltr'><strong>Liberii</strong></span> <span class='ocrx_word' id='word_1_206' title='bbox 2885 2775 3458 2853; x_wconf 81' lang='lat' dir='ltr'><strong>cognominabatur</strong></span> <span class='ocrx_word' id='word_1_207' title='bbox 3476 2777 3666 2856; x_wconf 84' lang='lat' dir='ltr'><strong>juxta</strong></span> 
     </span>
    </p>
   </div>
   <div class='ocr_carea' id='block_1_19' title="bbox 426 2879 3673 2961">
    <p class='ocr_par' dir='ltr' id='par_1_19' title="bbox 426 2879 3673 2961">
     <span class='ocr_line' id='line_1_19' title="bbox 426 2879 3673 2961; baseline 0.001 -17"><span class='ocrx_word' id='word_1_208' title='bbox 426 2881 750 2945; x_wconf 86' lang='lat' dir='ltr'><strong>macellum</strong></span> <span class='ocrx_word' id='word_1_209' title='bbox 780 2880 992 2961; x_wconf 70' lang='lat' dir='ltr'><strong>Libym</strong></span> <span class='ocrx_word' id='word_1_210' title='bbox 1024 2879 1133 2961; x_wconf 86' lang='lat' dir='ltr'><strong>(g),</strong></span> <span class='ocrx_word' id='word_1_211' title='bbox 1168 2880 1275 2942; x_wconf 90' lang='lat' dir='ltr'><strong>ubi</strong></span> <span class='ocrx_word' id='word_1_212' title='bbox 1302 2885 1363 2942; x_wconf 89' lang='lat' dir='ltr'><strong>et</strong></span> <span class='ocrx_word' id='word_1_213' title='bbox 1391 2880 1624 2942; x_wconf 90' lang='lat' dir='ltr'><strong>obtulit</strong></span> <span class='ocrx_word' id='word_1_214' title='bbox 1650 2880 1788 2942; x_wconf 62' lang='lat' dir='ltr'><strong>haec</strong></span> <span class='ocrx_word' id='word_1_215' title='bbox 1823 2898 1837 2941; x_wconf 87' lang='lat'><strong>:</strong></span> <span class='ocrx_word' id='word_1_216' title='bbox 1872 2881 2073 2943; x_wconf 86' lang='lat' dir='ltr'><strong>altare</strong></span> <span class='ocrx_word' id='word_1_217' title='bbox 2101 2886 2472 2961; x_wconf 82' lang='lat' dir='ltr'><strong>argenteum</strong></span> <span class='ocrx_word' id='word_1_218' title='bbox 2528 2880 2930 2961; x_wconf 89' lang='lat' dir='ltr'><strong>purissimum</strong></span> <span class='ocrx_word' id='word_1_219' title='bbox 2986 2899 3259 2961; x_wconf 83' lang='lat' dir='ltr'><strong>pensans</strong></span> <span class='ocrx_word' id='word_1_220' title='bbox 3296 2882 3491 2945; x_wconf 90' lang='lat' dir='ltr'><strong>libras</strong></span> <span class='ocrx_word' id='word_1_221' title='bbox 3547 2889 3673 2947; x_wconf 89' lang='lat' dir='ltr'><strong>tre-</strong></span> 
     </span>
    </p>
   </div>
   <div class='ocr_carea' id='block_1_20' title="bbox 424 2987 3666 3070">
    <p class='ocr_par' dir='ltr' id='par_1_20' title="bbox 424 2987 3666 3070">
     <span class='ocr_line' id='line_1_20' title="bbox 424 2987 3666 3070; baseline -0.001 -19"><span class='ocrx_word' id='word_1_222' title='bbox 424 2994 665 3064; x_wconf 86' lang='lat' dir='ltr'><strong>centas;</strong></span> <span class='ocrx_word' id='word_1_223' title='bbox 698 2993 962 3070; x_wconf 87' lang='lat' dir='ltr'><strong>patenas</strong></span> <span class='ocrx_word' id='word_1_224' title='bbox 990 2992 1322 3067; x_wconf 85' lang='lat' dir='ltr'><strong>argenteas</strong></span> <span class='ocrx_word' id='word_1_225' title='bbox 1353 2993 1499 3062; x_wconf 88' lang='lat' dir='ltr'><strong>tres,</strong></span> <span class='ocrx_word' id='word_1_226' title='bbox 1534 2992 1872 3068; x_wconf 84' lang='lat' dir='ltr'><strong>pensantes</strong></span> <span class='ocrx_word' id='word_1_227' title='bbox 1902 2987 2094 3048; x_wconf 89' lang='lat' dir='ltr'><strong>libras</strong></span> <span class='ocrx_word' id='word_1_228' title='bbox 2125 2988 2517 3067; x_wconf 84' lang='lat' dir='ltr'><strong>sexagintas;</strong></span> <span class='ocrx_word' id='word_1_229' title='bbox 2551 3005 2728 3048; x_wconf 87' lang='lat' dir='ltr'><strong>amas</strong></span> <span class='ocrx_word' id='word_1_230' title='bbox 2765 2993 3096 3067; x_wconf 83' lang='lat' dir='ltr'><strong>argenteas</strong></span> <span class='ocrx_word' id='word_1_231' title='bbox 3153 2994 3448 3069; x_wconf 85' lang='lat' dir='ltr'><strong>quatuor,</strong></span> <span class='ocrx_word' id='word_1_232' title='bbox 3507 3009 3666 3070; x_wconf 85' lang='lat' dir='ltr'><strong>pan-</strong></span> 
     </span>
    </p>
   </div>
   <div class='ocr_carea' id='block_1_21' title="bbox 425 3093 3661 3175">
    <p class='ocr_par' dir='ltr' id='par_1_21' title="bbox 425 3093 3661 3175">
     <span class='ocr_line' id='line_1_21' title="bbox 425 3093 3661 3175; baseline -0 -17"><span class='ocrx_word' id='word_1_233' title='bbox 425 3103 627 3158; x_wconf 84' lang='lat' dir='ltr'><strong>santes</strong></span> <span class='ocrx_word' id='word_1_234' title='bbox 680 3095 877 3156; x_wconf 87' lang='lat' dir='ltr'><strong>libras</strong></span> <span class='ocrx_word' id='word_1_235' title='bbox 937 3094 1298 3173; x_wconf 86' lang='lat' dir='ltr'><strong>sexaginta;</strong></span> <span class='ocrx_word' id='word_1_236' title='bbox 1352 3093 1660 3174; x_wconf 89' lang='lat' dir='ltr'><strong>scyphum</strong></span> <span class='ocrx_word' id='word_1_237' title='bbox 1709 3112 1970 3155; x_wconf 86' lang='lat' dir='ltr'><strong>aureum</strong></span> <span class='ocrx_word' id='word_1_238' title='bbox 2022 3094 2453 3174; x_wconf 87' lang='lat' dir='ltr'><strong>purissimum,</strong></span> <span class='ocrx_word' id='word_1_239' title='bbox 2500 3098 2871 3174; x_wconf 86' lang='lat' dir='ltr'><strong>pensantem</strong></span> <span class='ocrx_word' id='word_1_240' title='bbox 2920 3094 3115 3155; x_wconf 89' lang='lat' dir='ltr'><strong>libras</strong></span> <span class='ocrx_word' id='word_1_241' title='bbox 3155 3094 3661 3175; x_wconf 81' lang='lat' dir='ltr'><strong>quinquaginta;</strong></span> 
     </span>
    </p>
   </div>
   <div class='ocr_carea' id='block_1_22' title="bbox 358 3200 3673 3285">
    <p class='ocr_par' dir='ltr' id='par_1_22' title="bbox 358 3200 3673 3285">
     <span class='ocr_line' id='line_1_22' title="bbox 358 3200 3673 3285; baseline 0 -22"><span class='ocrx_word' id='word_1_242' title='bbox 358 3205 391 3263; x_wconf 83' lang='grc'><strong>5</strong></span> <span class='ocrx_word' id='word_1_243' title='bbox 426 3202 723 3285; x_wconf 86' lang='lat' dir='ltr'><strong>scryphos</strong></span> <span class='ocrx_word' id='word_1_244' title='bbox 753 3207 1087 3281; x_wconf 89' lang='lat' dir='ltr'><strong>argenteos</strong></span> <span class='ocrx_word' id='word_1_245' title='bbox 1117 3200 1421 3281; x_wconf 90' lang='lat' dir='ltr'><strong>quinque,</strong></span> <span class='ocrx_word' id='word_1_246' title='bbox 1452 3207 1789 3280; x_wconf 86' lang='lat' dir='ltr'><strong>pensantes</strong></span> <span class='ocrx_word' id='word_1_247' title='bbox 1813 3200 2007 3261; x_wconf 80' lang='lat' dir='ltr'><strong>libras</strong></span> <span class='ocrx_word' id='word_1_248' title='bbox 2037 3201 2533 3281; x_wconf 81' lang='lat' dir='ltr'><strong>quinquaginta;</strong></span> <span class='ocrx_word' id='word_1_249' title='bbox 2593 3201 2817 3262; x_wconf 87' lang='lat' dir='ltr'><strong>calices</strong></span> <span class='ocrx_word' id='word_1_250' title='bbox 2867 3201 3309 3262; x_wconf 87' lang='lat' dir='ltr'><strong>ministeriales</strong></span> <span class='ocrx_word' id='word_1_251' title='bbox 3339 3208 3673 3282; x_wconf 88' lang='lat' dir='ltr'><strong>argenteos</strong></span> 
     </span>
    </p>
   </div>
   <div class='ocr_carea' id='block_1_23' title="bbox 426 3306 3674 3390">
    <p class='ocr_par' dir='ltr' id='par_1_23' title="bbox 426 3306 3674 3390">
     <span class='ocr_line' id='line_1_23' title="bbox 426 3306 3674 3390; baseline -0 -18"><span class='ocrx_word' id='word_1_252' title='bbox 426 3311 662 3385; x_wconf 90' lang='lat' dir='ltr'><strong>decem,</strong></span> <span class='ocrx_word' id='word_1_253' title='bbox 694 3314 1031 3390; x_wconf 87' lang='lat' dir='ltr'><strong>pensantes</strong></span> <span class='ocrx_word' id='word_1_254' title='bbox 1061 3307 1294 3386; x_wconf 84' lang='lat' dir='ltr'><strong>singuli</strong></span> <span class='ocrx_word' id='word_1_255' title='bbox 1322 3306 1516 3368; x_wconf 88' lang='lat' dir='ltr'><strong>libras</strong></span> <span class='ocrx_word' id='word_1_256' title='bbox 1565 3312 1730 3381; x_wconf 90' lang='lat' dir='ltr'><strong>tres;</strong></span> <span class='ocrx_word' id='word_1_257' title='bbox 1777 3308 2230 3387; x_wconf 70' lang='lat' dir='ltr'><strong>aquaemaniles</strong></span> <span class='ocrx_word' id='word_1_258' title='bbox 2277 3313 2611 3386; x_wconf 83' lang='lat' dir='ltr'><strong>argenteos</strong></span> <span class='ocrx_word' id='word_1_259' title='bbox 2662 3306 2765 3388; x_wconf 73' lang='lat' dir='ltr'><strong>(ft),</strong></span> <span class='ocrx_word' id='word_1_260' title='bbox 2818 3313 3154 3388; x_wconf 85' lang='lat' dir='ltr'><strong>pensantes</strong></span> <span class='ocrx_word' id='word_1_261' title='bbox 3200 3308 3432 3388; x_wconf 88' lang='lat' dir='ltr'><strong>singuli</strong></span> <span class='ocrx_word' id='word_1_262' title='bbox 3479 3308 3674 3371; x_wconf 87' lang='lat' dir='ltr'><strong>libras</strong></span> 
     </span>
    </p>
   </div>
   <div class='ocr_carea' id='block_1_24' title="bbox 422 3413 3674 3496">
    <p class='ocr_par' dir='ltr' id='par_1_24' title="bbox 422 3413 3674 3496">
     <span class='ocr_line' id='line_1_24' title="bbox 422 3413 3674 3496; baseline 0 -16"><span class='ocrx_word' id='word_1_263' title='bbox 422 3424 595 3492; x_wconf 88' lang='lat' dir='ltr'><strong>octo;</strong></span> <span class='ocrx_word' id='word_1_264' title='bbox 632 3434 931 3477; x_wconf 84' lang='lat' dir='ltr'><strong>coronam</strong></span> <span class='ocrx_word' id='word_1_265' title='bbox 963 3415 1232 3496; x_wconf 88' lang='lat' dir='ltr'><strong>pharam</strong></span> <span class='ocrx_word' id='word_1_266' title='bbox 1263 3418 1410 3475; x_wconf 89' lang='lat' dir='ltr'><strong>ante</strong></span> <span class='ocrx_word' id='word_1_267' title='bbox 1440 3414 1639 3475; x_wconf 88' lang='lat' dir='ltr'><strong>altare</strong></span> <span class='ocrx_word' id='word_1_268' title='bbox 1670 3419 2058 3493; x_wconf 89' lang='lat' dir='ltr'><strong>argenteam,</strong></span> <span class='ocrx_word' id='word_1_269' title='bbox 2094 3420 2463 3494; x_wconf 89' lang='lat' dir='ltr'><strong>pensantem</strong></span> <span class='ocrx_word' id='word_1_270' title='bbox 2499 3414 2689 3475; x_wconf 90' lang='lat' dir='ltr'><strong>libras</strong></span> <span class='ocrx_word' id='word_1_271' title='bbox 2721 3413 3012 3493; x_wconf 86' lang='lat' dir='ltr'><strong>triginta;</strong></span> <span class='ocrx_word' id='word_1_272' title='bbox 3046 3433 3311 3476; x_wconf 86' lang='lat' dir='ltr'><strong>coronas</strong></span> <span class='ocrx_word' id='word_1_273' title='bbox 3341 3421 3674 3495; x_wconf 80' lang='lat' dir='ltr'><strong>argenteas</strong></span> 
     </span>
    </p>
   </div>
   <div class='ocr_carea' id='block_1_25' title="bbox 420 3520 3674 3605">
    <p class='ocr_par' dir='ltr' id='par_1_25' title="bbox 420 3520 3674 3605">
     <span class='ocr_line' id='line_1_25' title="bbox 420 3520 3674 3605; baseline 0 -21"><span class='ocrx_word' id='word_1_274' title='bbox 420 3523 713 3605; x_wconf 81' lang='lat' dir='ltr'><strong>pharales</strong></span> <span class='ocrx_word' id='word_1_275' title='bbox 744 3522 1003 3601; x_wconf 87' lang='lat' dir='ltr'><strong>triginta</strong></span> <span class='ocrx_word' id='word_1_276' title='bbox 1032 3526 1329 3601; x_wconf 88' lang='lat' dir='ltr'><strong>quatuor,</strong></span> <span class='ocrx_word' id='word_1_277' title='bbox 1362 3526 1704 3601; x_wconf 89' lang='lat' dir='ltr'><strong>pensantes</strong></span> <span class='ocrx_word' id='word_1_278' title='bbox 1730 3521 1925 3582; x_wconf 89' lang='lat' dir='ltr'><strong>libras</strong></span> <span class='ocrx_word' id='word_1_279' title='bbox 1954 3520 2169 3582; x_wconf 87' lang='lat' dir='ltr'><strong>decem</strong></span> <span class='ocrx_word' id='word_1_280' title='bbox 2200 3540 2214 3595; x_wconf 91' lang='lat'><strong>;</strong></span> <span class='ocrx_word' id='word_1_281' title='bbox 2248 3521 2631 3582; x_wconf 89' lang='lat' dir='ltr'><strong>candelabra</strong></span> <span class='ocrx_word' id='word_1_282' title='bbox 2660 3526 2962 3600; x_wconf 85' lang='lat' dir='ltr'><strong>argentea</strong></span> <span class='ocrx_word' id='word_1_283' title='bbox 3008 3526 3305 3601; x_wconf 90' lang='lat' dir='ltr'><strong>quatuor,</strong></span> <span class='ocrx_word' id='word_1_284' title='bbox 3344 3521 3674 3602; x_wconf 80' lang='lat' dir='ltr'><strong>pensantia</strong></span> 
     </span>
    </p>
   </div>
   <div class='ocr_carea' id='block_1_26' title="bbox 415 3626 3673 3709">
    <p class='ocr_par' dir='ltr' id='par_1_26' title="bbox 415 3626 3673 3709">
     <span class='ocr_line' id='line_1_26' title="bbox 415 3626 3673 3709; baseline -0.001 -17"><span class='ocrx_word' id='word_1_285' title='bbox 415 3631 604 3692; x_wconf 89' lang='lat' dir='ltr'><strong>libras</strong></span> <span class='ocrx_word' id='word_1_286' title='bbox 652 3628 911 3709; x_wconf 90' lang='lat' dir='ltr'><strong>viginti;</strong></span> <span class='ocrx_word' id='word_1_287' title='bbox 947 3626 1507 3689; x_wconf 89' lang='lat' dir='ltr'><strong>thimiamaterium</strong></span> <span class='ocrx_word' id='word_1_288' title='bbox 1562 3633 1958 3707; x_wconf 88' lang='lat' dir='ltr'><strong>argenteum,</strong></span> <span class='ocrx_word' id='word_1_289' title='bbox 2022 3646 2296 3707; x_wconf 89' lang='lat' dir='ltr'><strong>pensans</strong></span> <span class='ocrx_word' id='word_1_290' title='bbox 2351 3628 2545 3689; x_wconf 87' lang='lat' dir='ltr'><strong>libras</strong></span> <span class='ocrx_word' id='word_1_291' title='bbox 2602 3629 2924 3708; x_wconf 91' lang='lat' dir='ltr'><strong>quinque;</strong></span> <span class='ocrx_word' id='word_1_292' title='bbox 2988 3627 3302 3690; x_wconf 88' lang='lat' dir='ltr'><strong>canthara</strong></span> <span class='ocrx_word' id='word_1_293' title='bbox 3351 3633 3673 3690; x_wconf 88' lang='lat' dir='ltr'><strong>cerostata</strong></span> 
     </span>
    </p>
   </div>
   <div class='ocr_carea' id='block_1_27' title="bbox 311 3734 3672 3816">
    <p class='ocr_par' dir='ltr' id='par_1_27' title="bbox 311 3734 3672 3816">
     <span class='ocr_line' id='line_1_27' title="bbox 311 3734 3672 3816; baseline -0.001 -17"><span class='ocrx_word' id='word_1_294' title='bbox 311 3739 381 3799; x_wconf 78' lang='lat'><strong>10</strong></span> <span class='ocrx_word' id='word_1_295' title='bbox 415 3736 794 3799; x_wconf 88' lang='lat' dir='ltr'><strong>aurochalca</strong></span> <span class='ocrx_word' id='word_1_296' title='bbox 824 3734 891 3816; x_wconf 75' lang='grc' dir='ltr'><strong>(ι)</strong></span> <span class='ocrx_word' id='word_1_297' title='bbox 922 3734 1145 3814; x_wconf 87' lang='lat' dir='ltr'><strong>viginti</strong></span> <span class='ocrx_word' id='word_1_298' title='bbox 1192 3739 1487 3815; x_wconf 80' lang='lat' dir='ltr'><strong>quatuor,</strong></span> <span class='ocrx_word' id='word_1_299' title='bbox 1537 3735 1868 3814; x_wconf 90' lang='lat' dir='ltr'><strong>pensantia</strong></span> <span class='ocrx_word' id='word_1_300' title='bbox 1917 3734 2111 3795; x_wconf 89' lang='lat' dir='ltr'><strong>libras</strong></span> <span class='ocrx_word' id='word_1_301' title='bbox 2160 3736 2269 3808; x_wconf 84' lang='lat'><strong>15;</strong></span> <span class='ocrx_word' id='word_1_302' title='bbox 2325 3734 2784 3814; x_wconf 89' lang='lat' dir='ltr'><strong>possessionem</strong></span> <span class='ocrx_word' id='word_1_303' title='bbox 2829 3734 3227 3796; x_wconf 90' lang='lat' dir='ltr'><strong>scaurianam</strong></span> <span class='ocrx_word' id='word_1_304' title='bbox 3258 3734 3323 3796; x_wconf 93' lang='lat' dir='ltr'><strong>in</strong></span> <span class='ocrx_word' id='word_1_305' title='bbox 3357 3735 3672 3797; x_wconf 89' lang='lat' dir='ltr'><strong>territorio</strong></span> 
     </span>
    </p>
   </div>
   <div class='ocr_carea' id='block_1_28' title="bbox 416 3839 3668 3925">
    <p class='ocr_par' dir='ltr' id='par_1_28' title="bbox 416 3839 3668 3925">
     <span class='ocr_line' id='line_1_28' title="bbox 416 3839 3668 3925; baseline -0.002 -19"><span class='ocrx_word' id='word_1_306' title='bbox 416 3845 715 3907; x_wconf 84' lang='lat' dir='ltr'><strong>Gacitano</strong></span> <span class='ocrx_word' id='word_1_307' title='bbox 744 3842 852 3925; x_wconf 65' lang='lat'><strong>(1),</strong></span> <span class='ocrx_word' id='word_1_308' title='bbox 889 3846 1291 3923; x_wconf 65' lang='lat' dir='ltr'><strong>praestantem</strong></span> <span class='ocrx_word' id='word_1_309' title='bbox 1325 3840 1539 3902; x_wconf 91' lang='lat' dir='ltr'><strong>omnia</strong></span> <span class='ocrx_word' id='word_1_310' title='bbox 1562 3840 1719 3901; x_wconf 90' lang='lat' dir='ltr'><strong>inibi</strong></span> <span class='ocrx_word' id='word_1_311' title='bbox 1750 3859 1892 3900; x_wconf 90' lang='lat' dir='ltr'><strong>cum</strong></span> <span class='ocrx_word' id='word_1_312' title='bbox 1924 3839 2358 3920; x_wconf 88' lang='lat' dir='ltr'><strong>adjacentibus</strong></span> <span class='ocrx_word' id='word_1_313' title='bbox 2387 3841 2465 3902; x_wconf 90' lang='lat' dir='ltr'><strong>ad</strong></span> <span class='ocrx_word' id='word_1_314' title='bbox 2498 3840 2690 3920; x_wconf 87' lang='lat' dir='ltr'><strong>tignis</strong></span> <span class='ocrx_word' id='word_1_315' title='bbox 2719 3840 2954 3901; x_wconf 90' lang='lat' dir='ltr'><strong>solidos</strong></span> <span class='ocrx_word' id='word_1_316' title='bbox 2998 3843 3145 3916; x_wconf 80' lang='lat'><strong>312,</strong></span> <span class='ocrx_word' id='word_1_317' title='bbox 3174 3841 3507 3902; x_wconf 88' lang='lat' dir='ltr'><strong>trimisium</strong></span> <span class='ocrx_word' id='word_1_318' title='bbox 3542 3840 3621 3923; x_wconf 77' lang='lat' dir='ltr'><strong>(lt)</strong></span> <span class='ocrx_word' id='word_1_319' title='bbox 3651 3859 3668 3917; x_wconf 91' lang='lat'><strong>;</strong></span> 
     </span>
    </p>
   </div>
   <div class='ocr_carea' id='block_1_29' title="bbox 423 3938 3777 4031">
    <p class='ocr_par' dir='ltr' id='par_1_29' title="bbox 423 3938 3777 4031">
     <span class='ocr_line' id='line_1_29' title="bbox 423 3938 3777 4031; baseline -0.001 -20"><span class='ocrx_word' id='word_1_320' title='bbox 423 3950 879 4031; x_wconf 86' lang='lat' dir='ltr'><strong>possessionem</strong></span> <span class='ocrx_word' id='word_1_321' title='bbox 912 3950 1361 4010; x_wconf 88' lang='lat' dir='ltr'><strong>Marmoratam</strong></span> <span class='ocrx_word' id='word_1_322' title='bbox 1392 3947 1456 4008; x_wconf 91' lang='lat' dir='ltr'><strong>in</strong></span> <span class='ocrx_word' id='word_1_323' title='bbox 1489 3946 1803 4009; x_wconf 90' lang='lat' dir='ltr'><strong>territorio</strong></span> <span class='ocrx_word' id='word_1_324' title='bbox 1832 3947 2244 4020; x_wconf 65' lang='lat' dir='ltr'><strong>Praenestino,</strong></span> <span class='ocrx_word' id='word_1_325' title='bbox 2270 3952 2672 4028; x_wconf 68' lang='lat' dir='ltr'><strong>prmstantem</strong></span> <span class='ocrx_word' id='word_1_326' title='bbox 2704 3946 2938 4009; x_wconf 87' lang='lat' dir='ltr'><strong>solidos</strong></span> <span class='ocrx_word' id='word_1_327' title='bbox 2966 3953 3221 4009; x_wconf 89' lang='lat' dir='ltr'><strong>centum</strong></span> <span class='ocrx_word' id='word_1_328' title='bbox 3252 3946 3674 4028; x_wconf 86' lang='lat' dir='ltr'><strong>quinquagin—</strong></span> <span class='ocrx_word' id='word_1_329' title='bbox 3758 3938 3777 3948; x_wconf 53' lang='grc'><strong>“</strong></span> 
     </span>
    </p>
   </div>
   <div class='ocr_carea' id='block_1_30' title="bbox 430 4051 3671 4137">
    <p class='ocr_par' dir='ltr' id='par_1_30' title="bbox 430 4051 3671 4137">
     <span class='ocr_line' id='line_1_30' title="bbox 430 4051 3671 4137; baseline -0.001 -19"><span class='ocrx_word' id='word_1_330' title='bbox 430 4057 690 4130; x_wconf 87' lang='lat' dir='ltr'><strong>taduos;</strong></span> <span class='ocrx_word' id='word_1_331' title='bbox 717 4055 1170 4137; x_wconf 87' lang='lat' dir='ltr'><strong>possessionem</strong></span> <span class='ocrx_word' id='word_1_332' title='bbox 1198 4054 1416 4116; x_wconf 89' lang='lat' dir='ltr'><strong>celeris</strong></span> <span class='ocrx_word' id='word_1_333' title='bbox 1434 4054 1499 4113; x_wconf 88' lang='lat' dir='ltr'><strong>in</strong></span> <span class='ocrx_word' id='word_1_334' title='bbox 1518 4054 1832 4116; x_wconf 87' lang='lat' dir='ltr'><strong>territorio</strong></span> <span class='ocrx_word' id='word_1_335' title='bbox 1851 4051 2205 4135; x_wconf 83' lang='lat' dir='ltr'><strong>(I),Aﬁlano</strong></span> <span class='ocrx_word' id='word_1_336' title='bbox 2227 4059 2630 4133; x_wconf 79' lang='lat' dir='ltr'><strong>praestantem</strong></span> <span class='ocrx_word' id='word_1_337' title='bbox 2657 4054 2891 4115; x_wconf 89' lang='lat' dir='ltr'><strong>solidos</strong></span> <span class='ocrx_word' id='word_1_338' title='bbox 2912 4058 3260 4128; x_wconf 86' lang='lat' dir='ltr'><strong>oentum,et</strong></span> <span class='ocrx_word' id='word_1_339' title='bbox 3288 4054 3671 4128; x_wconf 82' lang='lat' dir='ltr'><strong>undecim,et</strong></span> 
     </span>
    </p>
   </div>
   <div class='ocr_carea' id='block_1_31' title="bbox 422 4159 3669 4242">
    <p class='ocr_par' dir='ltr' id='par_1_31' title="bbox 422 4159 3669 4242">
     <span class='ocr_line' id='line_1_31' title="bbox 422 4159 3669 4242; baseline -0.001 -17"><span class='ocrx_word' id='word_1_340' title='bbox 422 4163 789 4236; x_wconf 87' lang='lat' dir='ltr'><strong>trimisium;</strong></span> <span class='ocrx_word' id='word_1_341' title='bbox 822 4163 1090 4223; x_wconf 91' lang='lat' dir='ltr'><strong>Domum</strong></span> <span class='ocrx_word' id='word_1_342' title='bbox 1117 4160 1386 4224; x_wconf 88' lang='lat' dir='ltr'><strong>Palmati</strong></span> <span class='ocrx_word' id='word_1_343' title='bbox 1412 4161 1582 4221; x_wconf 87' lang='lat' dir='ltr'><strong>intra</strong></span> <span class='ocrx_word' id='word_1_344' title='bbox 1610 4160 1870 4233; x_wconf 88' lang='lat' dir='ltr'><strong>Urbem,</strong></span> <span class='ocrx_word' id='word_1_345' title='bbox 1895 4159 2083 4239; x_wconf 82' lang='lat' dir='ltr'><strong>juxta</strong></span> <span class='ocrx_word' id='word_1_346' title='bbox 2112 4159 2272 4220; x_wconf 88' lang='lat' dir='ltr'><strong>inibi</strong></span> <span class='ocrx_word' id='word_1_347' title='bbox 2318 4160 2644 4221; x_wconf 87' lang='lat' dir='ltr'><strong>basilicam</strong></span> <span class='ocrx_word' id='word_1_348' title='bbox 2675 4178 2818 4220; x_wconf 91' lang='lat' dir='ltr'><strong>cum</strong></span> <span class='ocrx_word' id='word_1_349' title='bbox 2863 4159 3113 4233; x_wconf 88' lang='lat' dir='ltr'><strong>balneo,</strong></span> <span class='ocrx_word' id='word_1_350' title='bbox 3149 4165 3213 4221; x_wconf 88' lang='lat' dir='ltr'><strong>et</strong></span> <span class='ocrx_word' id='word_1_351' title='bbox 3242 4159 3506 4239; x_wconf 85' lang='lat' dir='ltr'><strong>pristino</strong></span> <span class='ocrx_word' id='word_1_352' title='bbox 3539 4159 3669 4242; x_wconf 71' lang='grc' dir='ltr'><strong>(νη),</strong></span> 
     </span>
    </p>
   </div>
   <div class='ocr_carea' id='block_1_32' title="bbox 315 4264 3672 4351">
    <p class='ocr_par' dir='ltr' id='par_1_32' title="bbox 315 4264 3672 4351">
     <span class='ocr_line' id='line_1_32' title="bbox 315 4264 3672 4351; baseline -0.001 -24"><span class='ocrx_word' id='word_1_353' title='bbox 315 4269 380 4330; x_wconf 83' lang='lat'><strong>15</strong></span> <span class='ocrx_word' id='word_1_354' title='bbox 417 4275 816 4351; x_wconf 63' lang='lat' dir='ltr'><strong>praestantem</strong></span> <span class='ocrx_word' id='word_1_355' title='bbox 846 4269 1082 4331; x_wconf 83' lang='lat' dir='ltr'><strong>solidos</strong></span> <span class='ocrx_word' id='word_1_356' title='bbox 1113 4270 1265 4341; x_wconf 79' lang='lat'><strong>154;</strong></span> <span class='ocrx_word' id='word_1_357' title='bbox 1297 4285 1551 4329; x_wconf 89' lang='lat' dir='ltr'><strong>cervum</strong></span> <span class='ocrx_word' id='word_1_358' title='bbox 1582 4272 1951 4346; x_wconf 90' lang='lat' dir='ltr'><strong>argenteum</strong></span> <span class='ocrx_word' id='word_1_359' title='bbox 1983 4266 2049 4327; x_wconf 91' lang='lat' dir='ltr'><strong>in</strong></span> <span class='ocrx_word' id='word_1_360' title='bbox 2081 4267 2254 4327; x_wconf 90' lang='lat' dir='ltr'><strong>fonte</strong></span> <span class='ocrx_word' id='word_1_361' title='bbox 2275 4265 2362 4347; x_wconf 84' lang='grc' dir='ltr'><strong>(η)</strong></span> <span class='ocrx_word' id='word_1_362' title='bbox 2382 4266 2749 4327; x_wconf 82' lang='lat' dir='ltr'><strong>fundentem</strong></span> <span class='ocrx_word' id='word_1_363' title='bbox 2781 4283 3039 4345; x_wconf 90' lang='lat' dir='ltr'><strong>aquam,</strong></span> <span class='ocrx_word' id='word_1_364' title='bbox 3074 4270 3444 4345; x_wconf 89' lang='lat' dir='ltr'><strong>pensantem</strong></span> <span class='ocrx_word' id='word_1_365' title='bbox 3479 4264 3672 4325; x_wconf 88' lang='lat' dir='ltr'><strong>libras</strong></span> 
     </span>
    </p>
   </div>
   <div class='ocr_carea' id='block_1_33' title="bbox 420 4368 3671 4454">
    <p class='ocr_par' dir='ltr' id='par_1_33' title="bbox 420 4368 3671 4454">
     <span class='ocr_line' id='line_1_33' title="bbox 420 4368 3671 4454; baseline -0.002 -16"><span class='ocrx_word' id='word_1_366' title='bbox 420 4377 710 4454; x_wconf 82' lang='lat' dir='ltr'><strong>triginta;</strong></span> <span class='ocrx_word' id='word_1_367' title='bbox 744 4374 959 4439; x_wconf 90' lang='lat' dir='ltr'><strong>omnia</strong></span> <span class='ocrx_word' id='word_1_368' title='bbox 986 4394 1137 4437; x_wconf 87' lang='lat' dir='ltr'><strong>vasa</strong></span> <span class='ocrx_word' id='word_1_369' title='bbox 1166 4374 1463 4454; x_wconf 88' lang='lat' dir='ltr'><strong>baptismi</strong></span> <span class='ocrx_word' id='word_1_370' title='bbox 1492 4380 1742 4436; x_wconf 76' lang='lat' dir='ltr'><strong>sacrata</strong></span> <span class='ocrx_word' id='word_1_371' title='bbox 1769 4378 2070 4452; x_wconf 88' lang='lat' dir='ltr'><strong>argentea</strong></span> <span class='ocrx_word' id='word_1_372' title='bbox 2098 4372 2293 4432; x_wconf 89' lang='lat' dir='ltr'><strong>libras</strong></span> <span class='ocrx_word' id='word_1_373' title='bbox 2325 4373 2439 4445; x_wconf 83' lang='lat'><strong>15;</strong></span> <span class='ocrx_word' id='word_1_374' title='bbox 2473 4371 2802 4433; x_wconf 78' lang='lat' dir='ltr'><strong>ccenacula</strong></span> <span class='ocrx_word' id='word_1_375' title='bbox 2849 4370 3039 4449; x_wconf 73' lang='lat' dir='ltr'><strong>regiae</strong></span> <span class='ocrx_word' id='word_1_376' title='bbox 3071 4369 3412 4450; x_wconf 89' lang='lat' dir='ltr'><strong>gradorum</strong></span> <span class='ocrx_word' id='word_1_377' title='bbox 3450 4368 3671 4433; x_wconf 61' lang='lat' dir='ltr'><strong>adha-</strong></span> 
     </span>
    </p>
   </div>
   <div class='ocr_carea' id='block_1_34' title="bbox 418 4475 3671 4565">
    <p class='ocr_par' dir='ltr' id='par_1_34' title="bbox 418 4475 3671 4565">
     <span class='ocr_line' id='line_1_34' title="bbox 418 4475 3671 4565; baseline -0.002 -20"><span class='ocrx_word' id='word_1_378' title='bbox 418 4475 615 4545; x_wconf 72' lang='lat' dir='ltr'><strong>ren&#39;lia</strong></span> <span class='ocrx_word' id='word_1_379' title='bbox 645 4482 730 4565; x_wconf 88' lang='grc' dir='ltr'><strong>(ο)</strong></span> <span class='ocrx_word' id='word_1_380' title='bbox 756 4482 1054 4557; x_wconf 59' lang='lat' dir='ltr'><strong>basilicas,</strong></span> <span class='ocrx_word' id='word_1_381' title='bbox 1086 4481 1186 4543; x_wconf 91' lang='lat' dir='ltr'><strong>vel</strong></span> <span class='ocrx_word' id='word_1_382' title='bbox 1216 4480 1525 4562; x_wconf 89' lang='lat' dir='ltr'><strong>quidquid</strong></span> <span class='ocrx_word' id='word_1_383' title='bbox 1556 4480 1805 4541; x_wconf 88' lang='lat' dir='ltr'><strong>videtur</strong></span> <span class='ocrx_word' id='word_1_384' title='bbox 1834 4497 1968 4541; x_wconf 89' lang='lat' dir='ltr'><strong>esse</strong></span> <span class='ocrx_word' id='word_1_385' title='bbox 1996 4479 2398 4539; x_wconf 86' lang='lat' dir='ltr'><strong>intrinsecus.</strong></span> <span class='ocrx_word' id='word_1_386' title='bbox 2430 4477 2544 4540; x_wconf 89' lang='lat' dir='ltr'><strong>Hic</strong></span> <span class='ocrx_word' id='word_1_387' title='bbox 2575 4477 2817 4539; x_wconf 88' lang='lat' dir='ltr'><strong>ornavit</strong></span> <span class='ocrx_word' id='word_1_388' title='bbox 2871 4477 2950 4539; x_wconf 88' lang='lat' dir='ltr'><strong>de</strong></span> <span class='ocrx_word' id='word_1_389' title='bbox 3001 4481 3303 4557; x_wconf 88' lang='lat' dir='ltr'><strong>argenteo</strong></span> <span class='ocrx_word' id='word_1_390' title='bbox 3332 4475 3671 4539; x_wconf 57' lang='lat' dir='ltr'><strong>confessim</strong></span> 
     </span>
    </p>
   </div>
   <div class='ocr_carea' id='block_1_35' title="bbox 418 4584 2437 4669">
    <p class='ocr_par' dir='ltr' id='par_1_35' title="bbox 418 4584 2437 4669">
     <span class='ocr_line' id='line_1_35' title="bbox 418 4584 2437 4669; baseline -0.003 -17"><span class='ocrx_word' id='word_1_391' title='bbox 418 4608 555 4652; x_wconf 90' lang='lat' dir='ltr'><strong>nem</strong></span> <span class='ocrx_word' id='word_1_392' title='bbox 583 4589 757 4652; x_wconf 91' lang='lat' dir='ltr'><strong>beati</strong></span> <span class='ocrx_word' id='word_1_393' title='bbox 784 4588 956 4661; x_wconf 88' lang='lat' dir='ltr'><strong>Petri</strong></span> <span class='ocrx_word' id='word_1_394' title='bbox 985 4588 1279 4669; x_wconf 87' lang='lat' dir='ltr'><strong>apostoli,</strong></span> <span class='ocrx_word' id='word_1_395' title='bbox 1310 4606 1451 4668; x_wconf 74' lang='lat' dir='ltr'><strong>quae</strong></span> <span class='ocrx_word' id='word_1_396' title='bbox 1482 4585 1676 4649; x_wconf 89' lang='lat' dir='ltr'><strong>habet</strong></span> <span class='ocrx_word' id='word_1_397' title='bbox 1703 4586 1897 4648; x_wconf 91' lang='lat' dir='ltr'><strong>libras</strong></span> <span class='ocrx_word' id='word_1_398' title='bbox 1927 4584 2437 4666; x_wconf 86' lang='lat' dir='ltr'><strong>quadringintas.</strong></span> 
     </span>
    </p>
   </div>
   <div class='ocr_carea' id='block_1_36' title="bbox 491 4689 3671 4776">
    <p class='ocr_par' dir='ltr' id='par_1_36' title="bbox 491 4689 3671 4776">
     <span class='ocr_line' id='line_1_36' title="bbox 491 4689 3671 4776; baseline -0.002 -19"><span class='ocrx_word' id='word_1_399' title='bbox 491 4704 599 4757; x_wconf 66' lang='grc' dir='ltr'><strong>σε</strong></span> <span class='ocrx_word' id='word_1_400' title='bbox 630 4694 835 4776; x_wconf 86' lang='lat' dir='ltr'><strong>Hujus</strong></span> <span class='ocrx_word' id='word_1_401' title='bbox 865 4693 1327 4776; x_wconf 89' lang='lat' dir='ltr'><strong>supplicatione</strong></span> <span class='ocrx_word' id='word_1_402' title='bbox 1356 4692 1589 4754; x_wconf 90' lang='lat' dir='ltr'><strong>obtulit</strong></span> <span class='ocrx_word' id='word_1_403' title='bbox 1614 4693 2095 4755; x_wconf 87' lang='lat' dir='ltr'><strong>Valentinianus</strong></span> <span class='ocrx_word' id='word_1_404' title='bbox 2122 4693 2442 4769; x_wconf 84' lang='lat' dir='ltr'><strong>Augustus</strong></span> <span class='ocrx_word' id='word_1_405' title='bbox 2472 4690 2817 4769; x_wconf 84' lang='lat' dir='ltr'><strong>imaginem</strong></span> <span class='ocrx_word' id='word_1_406' title='bbox 2848 4708 3104 4752; x_wconf 88' lang='lat' dir='ltr'><strong>auream</strong></span> <span class='ocrx_word' id='word_1_407' title='bbox 3135 4689 3226 4772; x_wconf 79' lang='grc' dir='ltr'><strong>(ρ)</strong></span> <span class='ocrx_word' id='word_1_408' title='bbox 3256 4707 3401 4752; x_wconf 90' lang='lat' dir='ltr'><strong>cum</strong></span> <span class='ocrx_word' id='word_1_409' title='bbox 3429 4689 3671 4752; x_wconf 85' lang='lat' dir='ltr'><strong>duode-</strong></span> 
     </span>
    </p>
   </div>
   <div class='ocr_carea' id='block_1_37' title="bbox 400 4797 3667 4885">
    <p class='ocr_par' dir='ltr' id='par_1_37' title="bbox 400 4797 3667 4885">
     <span class='ocr_line' id='line_1_37' title="bbox 400 4797 3667 4885; baseline -0.002 -21"><span class='ocrx_word' id='word_1_410' title='bbox 400 4803 532 4874; x_wconf 67' lang='lat' dir='ltr'><strong>cim</strong></span> <span class='ocrx_word' id='word_1_411' title='bbox 560 4803 783 4885; x_wconf 86' lang='lat' dir='ltr'><strong>portis,</strong></span> <span class='ocrx_word' id='word_1_412' title='bbox 815 4807 879 4866; x_wconf 88' lang='lat' dir='ltr'><strong>et</strong></span> <span class='ocrx_word' id='word_1_413' title='bbox 906 4802 1227 4882; x_wconf 78' lang='lat' dir='ltr'><strong>apOstolos</strong></span> <span class='ocrx_word' id='word_1_414' title='bbox 1256 4800 1615 4876; x_wconf 90' lang='lat' dir='ltr'><strong>duodecim,</strong></span> <span class='ocrx_word' id='word_1_415' title='bbox 1649 4805 1711 4861; x_wconf 90' lang='lat' dir='ltr'><strong>et</strong></span> <span class='ocrx_word' id='word_1_416' title='bbox 1756 4798 2148 4863; x_wconf 89' lang='lat' dir='ltr'><strong>Salvatorem</strong></span> <span class='ocrx_word' id='word_1_417' title='bbox 2199 4798 2264 4858; x_wconf 91' lang='lat' dir='ltr'><strong>in</strong></span> <span class='ocrx_word' id='word_1_418' title='bbox 2313 4797 2581 4878; x_wconf 89' lang='lat' dir='ltr'><strong>gemmis</strong></span> <span class='ocrx_word' id='word_1_419' title='bbox 2627 4797 3093 4878; x_wconf 89' lang='lat' dir='ltr'><strong>pretiosissimis</strong></span> <span class='ocrx_word' id='word_1_420' title='bbox 3138 4802 3429 4859; x_wconf 88' lang='lat' dir='ltr'><strong>ornatam</strong></span> <span class='ocrx_word' id='word_1_421' title='bbox 3473 4815 3667 4877; x_wconf 89' lang='lat' dir='ltr'><strong>super</strong></span> 
     </span>
    </p>
   </div>
   <div class='ocr_carea' id='block_1_38' title="bbox 418 4903 3660 4987">
    <p class='ocr_par' dir='ltr' id='par_1_38' title="bbox 418 4903 3660 4987">
     <span class='ocr_line' id='line_1_38' title="bbox 418 4903 3660 4987; baseline -0.002 -16"><span class='ocrx_word' id='word_1_422' title='bbox 418 4909 865 4972; x_wconf 80' lang='lat' dir='ltr'><strong>confessionem</strong></span> <span class='ocrx_word' id='word_1_423' title='bbox 898 4908 1067 4969; x_wconf 88' lang='lat' dir='ltr'><strong>beati</strong></span> <span class='ocrx_word' id='word_1_424' title='bbox 1093 4907 1264 4969; x_wconf 90' lang='lat' dir='ltr'><strong>Petri</strong></span> <span class='ocrx_word' id='word_1_425' title='bbox 1292 4906 1583 4987; x_wconf 90' lang='lat' dir='ltr'><strong>apostoli.</strong></span> <span class='ocrx_word' id='word_1_426' title='bbox 1617 4906 1790 4967; x_wconf 86' lang='lat' dir='ltr'><strong>Fecit</strong></span> <span class='ocrx_word' id='word_1_427' title='bbox 1834 4911 2044 4967; x_wconf 90' lang='lat' dir='ltr'><strong>autem</strong></span> <span class='ocrx_word' id='word_1_428' title='bbox 2092 4904 2571 4965; x_wconf 86' lang='lat' dir='ltr'><strong>Valentinianus</strong></span> <span class='ocrx_word' id='word_1_429' title='bbox 2603 4923 2680 4965; x_wconf 88' lang='lat' dir='ltr'><strong>ex</strong></span> <span class='ocrx_word' id='word_1_430' title='bbox 2726 4910 2955 4984; x_wconf 88' lang='lat' dir='ltr'><strong>rogatu</strong></span> <span class='ocrx_word' id='word_1_431' title='bbox 2984 4905 3141 4966; x_wconf 89' lang='lat' dir='ltr'><strong>Sixti</strong></span> <span class='ocrx_word' id='word_1_432' title='bbox 3188 4903 3470 4985; x_wconf 90' lang='lat' dir='ltr'><strong>episcopi</strong></span> <span class='ocrx_word' id='word_1_433' title='bbox 3530 4903 3660 4964; x_wconf 83' lang='lat' dir='ltr'><strong>fas-</strong></span> 
     </span>
    </p>
   </div>
   <div class='ocr_carea' id='block_1_39' title="bbox 424 5010 3670 5098">
    <p class='ocr_par' dir='ltr' id='par_1_39' title="bbox 424 5010 3670 5098">
     <span class='ocr_line' id='line_1_39' title="bbox 424 5010 3670 5098; baseline -0.002 -19"><span class='ocrx_word' id='word_1_434' title='bbox 424 5018 631 5097; x_wconf 87' lang='lat' dir='ltr'><strong>tigium</strong></span> <span class='ocrx_word' id='word_1_435' title='bbox 659 5021 1031 5098; x_wconf 87' lang='lat' dir='ltr'><strong>argenteum</strong></span> <span class='ocrx_word' id='word_1_436' title='bbox 1060 5016 1125 5076; x_wconf 92' lang='lat' dir='ltr'><strong>in</strong></span> <span class='ocrx_word' id='word_1_437' title='bbox 1156 5014 1417 5076; x_wconf 85' lang='lat' dir='ltr'><strong>basilica</strong></span> <span class='ocrx_word' id='word_1_438' title='bbox 1440 5013 1986 5086; x_wconf 88' lang='lat' dir='ltr'><strong>Constantiniana,</strong></span> <span class='ocrx_word' id='word_1_439' title='bbox 2022 5012 2193 5092; x_wconf 89' lang='lat' dir='ltr'><strong>quod</strong></span> <span class='ocrx_word' id='word_1_440' title='bbox 2223 5030 2261 5072; x_wconf 90' lang='lat' dir='ltr'><strong>a</strong></span> <span class='ocrx_word' id='word_1_441' title='bbox 2290 5010 2578 5072; x_wconf 90' lang='lat' dir='ltr'><strong>barbaris</strong></span> <span class='ocrx_word' id='word_1_442' title='bbox 2606 5010 2924 5072; x_wconf 88' lang='lat' dir='ltr'><strong>sublatum</strong></span> <span class='ocrx_word' id='word_1_443' title='bbox 2955 5011 3181 5087; x_wconf 86' lang='lat' dir='ltr'><strong>fuerat,</strong></span> <span class='ocrx_word' id='word_1_444' title='bbox 3217 5010 3389 5091; x_wconf 85' lang='lat' dir='ltr'><strong>quod</strong></span> <span class='ocrx_word' id='word_1_445' title='bbox 3440 5028 3670 5091; x_wconf 82' lang='lat' dir='ltr'><strong>pensa-</strong></span> 
     </span>
    </p>
   </div>
   <div class='ocr_carea' id='block_1_40' title="bbox 1446 5242 2490 5291">
    <p class='ocr_par' dir='ltr' id='par_1_40' title="bbox 1446 5242 2490 5291">
     <span class='ocr_line' id='line_1_40' title="bbox 1446 5242 2490 5291; baseline -0.003 -1"><span class='ocrx_word' id='word_1_446' title='bbox 1446 5244 1700 5291; x_wconf 76' lang='lat' dir='ltr'><strong>NOTULE</strong></span> <span class='ocrx_word' id='word_1_447' title='bbox 1742 5242 2128 5290; x_wconf 65' lang='lat' dir='ltr'><strong>HARGINALES</strong></span> <span class='ocrx_word' id='word_1_448' title='bbox 2171 5242 2490 5289; x_wconf 80' lang='lat' dir='ltr'><strong>FABROTTI.</strong></span> 
     </span>
    </p>
   </div>
   <div class='ocr_carea' id='block_1_41' title="bbox 351 5438 3666 5511">
    <p class='ocr_par' dir='ltr' id='par_1_41' title="bbox 351 5438 3666 5511">
     <span class='ocr_line' id='line_1_41' title="bbox 351 5438 3666 5511; baseline -0.001 -14"><span class='ocrx_word' id='word_1_449' title='bbox 351 5442 414 5509; x_wconf 83' lang='grc' dir='ltr'><strong>(α)</strong></span> <span class='ocrx_word' id='word_1_450' title='bbox 440 5444 499 5511; x_wconf 86' lang='grc' dir='ltr'><strong>Β,</strong></span> <span class='ocrx_word' id='word_1_451' title='bbox 529 5444 730 5501; x_wconf 87' lang='lat' dir='ltr'><strong>minus</strong></span> <span class='ocrx_word' id='word_1_452' title='bbox 761 5444 820 5501; x_wconf 90' lang='lat' dir='ltr'><strong>d.</strong></span> <span class='ocrx_word' id='word_1_453' title='bbox 854 5444 943 5510; x_wconf 91' lang='lat'><strong>30,</strong></span> <span class='ocrx_word' id='word_1_454' title='bbox 977 5460 1012 5499; x_wconf 90' lang='lat' dir='ltr'><strong>a</strong></span> <span class='ocrx_word' id='word_1_455' title='bbox 1041 5459 1171 5499; x_wconf 91' lang='lat' dir='ltr'><strong>coss</strong></span> <span class='ocrx_word' id='word_1_456' title='bbox 1202 5441 1354 5509; x_wconf 64' lang='lat' dir='ltr'><strong>Etii,</strong></span> <span class='ocrx_word' id='word_1_457' title='bbox 1388 5444 1444 5496; x_wconf 89' lang='lat' dir='ltr'><strong>et</strong></span> <span class='ocrx_word' id='word_1_458' title='bbox 1471 5439 1707 5507; x_wconf 89' lang='lat' dir='ltr'><strong>Valerii,</strong></span> <span class='ocrx_word' id='word_1_459' title='bbox 1742 5440 1815 5496; x_wconf 91' lang='lat' dir='ltr'><strong>ad</strong></span> <span class='ocrx_word' id='word_1_460' title='bbox 1850 5439 2403 5511; x_wconf 52' lang='lat' dir='ltr'><strong>Valentinianum}?</strong></span> <span class='ocrx_word' id='word_1_461' title='bbox 2434 5442 2490 5495; x_wconf 90' lang='lat' dir='ltr'><strong>et</strong></span> <span class='ocrx_word' id='word_1_462' title='bbox 2518 5438 2875 5511; x_wconf 82' lang='lat' dir='ltr'><strong>Anatolium.</strong></span> <span class='ocrx_word' id='word_1_463' title='bbox 2951 5441 3029 5507; x_wconf 78' lang='grc' dir='ltr'><strong>(ὁ)</strong></span> <span class='ocrx_word' id='word_1_464' title='bbox 3078 5438 3206 5495; x_wconf 81' lang='lat' dir='ltr'><strong>Vide</strong></span> <span class='ocrx_word' id='word_1_465' title='bbox 3249 5440 3380 5511; x_wconf 85' lang='lat' dir='ltr'><strong>Bar.</strong></span> <span class='ocrx_word' id='word_1_466' title='bbox 3424 5439 3495 5495; x_wconf 89' lang='lat' dir='ltr'><strong>ad</strong></span> <span class='ocrx_word' id='word_1_467' title='bbox 3532 5456 3666 5495; x_wconf 70' lang='lat' dir='ltr'><strong>amt.</strong></span> 
     </span>
    </p>
   </div>
   <div class='ocr_carea' id='block_1_42' title="bbox 299 5510 3667 5587">
    <p class='ocr_par' dir='ltr' id='par_1_42' title="bbox 299 5510 3667 5587">
     <span class='ocr_line' id='line_1_42' title="bbox 299 5510 3667 5587; baseline -0.001 -18"><span class='ocrx_word' id='word_1_468' title='bbox 299 5510 569 5587; x_wconf 69' lang='grc'><strong>433,</strong></span> <span class='ocrx_word' id='word_1_469' title='bbox 598 5534 728 5587; x_wconf 85' lang='lat' dir='ltr'><strong>pag.</strong></span> <span class='ocrx_word' id='word_1_470' title='bbox 760 5516 887 5587; x_wconf 81' lang='grc'><strong>640.</strong></span> <span class='ocrx_word' id='word_1_471' title='bbox 964 5515 1034 5587; x_wconf 81' lang='grc' dir='ltr'><strong>(ο)</strong></span> <span class='ocrx_word' id='word_1_472' title='bbox 1067 5518 1087 5539; x_wconf 76' lang='lat'>&#39;</span> <span class='ocrx_word' id='word_1_473' title='bbox 1117 5512 1333 5572; x_wconf 86' lang='lat' dir='ltr'><strong>Judicii</strong></span> <span class='ocrx_word' id='word_1_474' title='bbox 1366 5512 1625 5587; x_wconf 80' lang='lat' dir='ltr'><strong>synodici</strong></span> <span class='ocrx_word' id='word_1_475' title='bbox 1658 5516 1964 5587; x_wconf 71' lang='lat' dir='ltr'><strong>purgatus.</strong></span> <span class='ocrx_word' id='word_1_476' title='bbox 2042 5512 2119 5587; x_wconf 67' lang='lat' dir='ltr'><strong>(tl)</strong></span> <span class='ocrx_word' id='word_1_477' title='bbox 2152 5511 2267 5587; x_wconf 86' lang='lat' dir='ltr'><strong>&#39;_In</strong></span> <span class='ocrx_word' id='word_1_478' title='bbox 2304 5510 2671 5587; x_wconf 37' lang='lat' dir='ltr'><strong>ultimoAdie.</strong></span> <span class='ocrx_word' id='word_1_479' title='bbox 2728 5511 2798 5582; x_wconf 75' lang='grc' dir='ltr'><strong>(θ)</strong></span> <span class='ocrx_word' id='word_1_480' title='bbox 2832 5512 2872 5567; x_wconf 92' lang='lat' dir='ltr'>C</span> <span class='ocrx_word' id='word_1_481' title='bbox 3012 5510 3336 5587; x_wconf 64' lang='lat' dir='ltr'><strong>recondidit</strong></span> <span class='ocrx_word' id='word_1_482' title='bbox 3382 5514 3456 5566; x_wconf 90' lang='lat' dir='ltr'><strong>et.</strong></span> <span class='ocrx_word' id='word_1_483' title='bbox 3533 5512 3617 5587; x_wconf 62' lang='lat' dir='ltr'><strong>(f)</strong></span> <span class='ocrx_word' id='word_1_484' title='bbox 3645 5512 3667 5587; x_wconf 60' lang='grc' dir='ltr'>ξ</span> 
     </span>
    </p>
   </div>
   <div class='ocr_carea' id='block_1_43' title="bbox 300 5581 3667 5662">
    <p class='ocr_par' dir='ltr' id='par_1_43' title="bbox 300 5581 3667 5662">
     <span class='ocr_line' id='line_1_43' title="bbox 300 5581 3667 5662; baseline -0.001 -22"><span class='ocrx_word' id='word_1_485' title='bbox 300 5583 478 5662; x_wconf 52' lang='lat' dir='ltr'><strong>(eiecit.</strong></span> <span class='ocrx_word' id='word_1_486' title='bbox 662 5581 941 5662; x_wconf 44' lang='lat' dir='ltr'><strong>{binis}.</strong></span> <span class='ocrx_word' id='word_1_487' title='bbox 975 5581 1073 5662; x_wconf 54' lang='grc' dir='ltr'><strong>(ἦ)</strong></span> <span class='ocrx_word' id='word_1_488' title='bbox 1101 5589 1120 5609; x_wconf 87' lang='grc'><strong>·</strong></span> <span class='ocrx_word' id='word_1_489' title='bbox 1151 5581 1697 5662; x_wconf 60' lang='lat' dir='ltr'><strong>Aquamanunulos.</strong></span> <span class='ocrx_word' id='word_1_490' title='bbox 1743 5581 1842 5662; x_wconf 80' lang='lat' dir='ltr'><strong>__(z‘_)</strong></span> <span class='ocrx_word' id='word_1_491' title='bbox 1871 5586 1891 5608; x_wconf 85' lang='grc'><strong>·</strong></span> <span class='ocrx_word' id='word_1_492' title='bbox 1924 5581 2327 5662; x_wconf 75' lang='lat' dir='ltr'><strong>aurochalcea.</strong></span> <span class='ocrx_word' id='word_1_493' title='bbox 2374 5583 2481 5662; x_wconf 42' lang='lat' dir='ltr'><strong>.(j)</strong></span> <span class='ocrx_word' id='word_1_494' title='bbox 2514 5581 2817 5662; x_wconf 75' lang='lat' dir='ltr'><strong>Gajetano.</strong></span> <span class='ocrx_word' id='word_1_495' title='bbox 2893 5582 2967 5662; x_wconf 54' lang='lat'><strong>([5)</strong></span> <span class='ocrx_word' id='word_1_496' title='bbox 3018 5583 3077 5637; x_wconf 92' lang='lat' dir='ltr'><strong>C.</strong></span> <span class='ocrx_word' id='word_1_497' title='bbox 3118 5582 3477 5662; x_wconf 56' lang='lat' dir='ltr'><strong>trimissem:</strong></span> <span class='ocrx_word' id='word_1_498' title='bbox 3552 5581 3667 5662; x_wconf 46' lang='lat'><strong>(1).“</strong></span> 
     </span>
    </p>
   </div>
   <div class='ocr_carea' id='block_1_44' title="bbox 298 5651 3666 5793">
    <p class='ocr_par' dir='ltr' id='par_1_44' title="bbox 298 5651 3666 5793">
     <span class='ocr_line' id='line_1_44' title="bbox 298 5651 3666 5734; baseline 0 -28"><span class='ocrx_word' id='word_1_499' title='bbox 298 5651 534 5717; x_wconf 77' lang='lat' dir='ltr'><strong>Asiliano.</strong></span> <span class='ocrx_word' id='word_1_500' title='bbox 560 5651 711 5734; x_wconf 61' lang='lat' dir='ltr'><strong>&quot;(m)</strong></span> <span class='ocrx_word' id='word_1_501' title='bbox 741 5657 802 5714; x_wconf 80' lang='grc' dir='ltr'><strong>Ο.</strong></span> <span class='ocrx_word' id='word_1_502' title='bbox 834 5651 1103 5732; x_wconf 80' lang='lat' dir='ltr'><strong>pistrino.</strong></span> <span class='ocrx_word' id='word_1_503' title='bbox 1177 5651 1262 5729; x_wconf 72' lang='grc' dir='ltr'><strong>(ἡ)</strong></span> <span class='ocrx_word' id='word_1_504' title='bbox 1294 5658 1316 5681; x_wconf 76' lang='lat'>*</span> <span class='ocrx_word' id='word_1_505' title='bbox 1348 5656 1589 5712; x_wconf 86' lang='lat' dir='ltr'><strong>Fontem</strong></span> <span class='ocrx_word' id='word_1_506' title='bbox 1619 5653 1974 5729; x_wconf 88' lang='lat' dir='ltr'><strong>baptisterri.</strong></span> <span class='ocrx_word' id='word_1_507' title='bbox 2052 5654 2124 5728; x_wconf 92' lang='lat'><strong>(0)</strong></span> <span class='ocrx_word' id='word_1_508' title='bbox 2157 5657 2177 5679; x_wconf 86' lang='lat'>&quot;</span> <span class='ocrx_word' id='word_1_509' title='bbox 2209 5671 2239 5710; x_wconf 91' lang='lat' dir='ltr'><strong>e</strong></span> <span class='ocrx_word' id='word_1_510' title='bbox 2270 5651 2503 5728; x_wconf 85' lang='lat' dir='ltr'><strong>regione</strong></span> <span class='ocrx_word' id='word_1_511' title='bbox 2533 5651 2824 5727; x_wconf 80' lang='lat' dir='ltr'><strong>graduum</strong></span> <span class='ocrx_word' id='word_1_512' title='bbox 2855 5651 3215 5710; x_wconf 86' lang='lat' dir='ltr'><strong>adherentia.</strong></span> <span class='ocrx_word' id='word_1_513' title='bbox 3288 5652 3369 5724; x_wconf 77' lang='grc' dir='ltr'><strong>(ρ)</strong></span> <span class='ocrx_word' id='word_1_514' title='bbox 3400 5653 3421 5676; x_wconf 69' lang='grc'><strong><em>³</em></strong></span> <span class='ocrx_word' id='word_1_515' title='bbox 3453 5651 3666 5724; x_wconf 82' lang='lat' dir='ltr'><strong>Imagi-</strong></span> 
     </span>
     <span class='ocr_line' id='line_1_45' title="bbox 301 5728 1042 5793; baseline -0.005 -2"><span class='ocrx_word' id='word_1_516' title='bbox 301 5737 411 5791; x_wconf 70' lang='lat' dir='ltr'><strong>nem</strong></span> <span class='ocrx_word' id='word_1_517' title='bbox 436 5746 669 5793; x_wconf 76' lang='lat' dir='ltr'><strong>auream</strong></span> <span class='ocrx_word' id='word_1_518' title='bbox 703 5728 1042 5793; x_wconf 75' lang='lat' dir='ltr'><strong>Salvatoris.</strong></span> 
     </span>
    </p>
   </div>
   <div class='ocr_carea' id='block_1_45' title="bbox 301 5728 1042 5795">
    <p class='ocr_par' dir='ltr' id='par_1_45' title="bbox 301 5728 1042 5795">
     <span class='ocr_line' id='line_1_46' title="bbox 301 5728 1042 5795; baseline 0.003 -10"><span class='ocrx_word' id='word_1_519' title='bbox 301 5737 411 5791; x_wconf 65' lang='lat' dir='ltr'><strong>nem</strong></span> <span class='ocrx_word' id='word_1_520' title='bbox 436 5728 669 5795; x_wconf 69' lang='lat' dir='ltr'><strong>sumain</strong></span> <span class='ocrx_word' id='word_1_521' title='bbox 693 5728 1042 5793; x_wconf 45' lang='lat' dir='ltr'><strong>Salv—storis.</strong></span> 
     </span>
    </p>
   </div>
  </div>
