4046 6174
379 123 498 184 347
1524 123 1937 186 ANASTASII
1980 123 2638 186 BIBLIOTHECARII.
3663 119 3780 182 348

535 251 656 316 Hic
684 253 825 336 fecit
851 255 1219 334 decretalem,
1256 268 1314 318 et
1333 277 1444 340 per
1473 261 1804 318 universum
1840 258 2132 318 Orientem
2163 259 2392 338 sparsit
2421 257 2786 338 Epistolitas
2817 257 2893 318 de
2925 256 3048 317 ﬁde
3077 255 3387 317 catholica
3417 261 3480 316 et
3521 261 3779 336 aposto—

535 362 680 438 lica,
715 366 1096 426 confirmans
1127 373 1248 426 tres
1273 366 1544 444 synodos
1573 367 1914 436 Nicanam,
1950 367 2352 446 Ephesinam,
2390 371 2452 426 et
2479 365 3076 437 Chalcedonensem,
3109 362 3206 424 vel.
3223 362 3302 443 (a)
3323 369 3564 424 tomum
3585 365 3650 425 S.
3689 381 3782 423 ar-

540 471 923 553 chiepiscopi
953 473 1193 542 Leonis,
1230 477 1290 532 et
1319 473 1644 534 damnavit
1673 474 2110 554 Eutychetem,
2141 479 2203 534 et
2249 473 2629 546 Nestorium,
2666 479 2728 532 et
2755 473 3148 544 Dioscorum,
3169 470 3268 530 vel
3297 489 3517 531 omnes
3555 489 3783 550 sequa-

459 581 496 641 5
541 597 662 652 ces,
695 598 932 652 eorum,
967 583 1027 638 et
1055 597 1272 640 omnes
1305 579 1594 654 hareses,
1629 587 1691 641 et
1720 582 2101 642 confirmans
2149 582 2590 642 auctoritatem
2621 579 2703 660 (b)
2745 585 2807 640 et
2857 579 3282 658 principatum
3333 581 3567 638 sancta
3619 576 3784 637 sedis

543 685 918 766 apostolica.
955 685 1066 744 Hic
1097 686 1242 744 fecit
1271 688 1682 746 constitutum
1735 689 1810 748 de
1861 688 2168 748 Ecclessia
2201 688 2265 747 in
2293 689 2554 748 basilica
2585 687 2664 746 ad
2697 693 2980 747 sanctam
3033 685 3146 746 Dei
3175 684 3543 763 genitricem
3575 683 3788 762 Virgi-

543 809 684 851 nem
713 790 969 850 Mariam
1001 792 1328 853 consulatu
1359 793 1638 854 Basilisci
1681 801 1744 855 et
1773 795 2265 868 I-lcrmenerichi,
2301 813 2404 854 xvr
2435 793 2752 854 Kalendas
2783 792 3170 854 Decembris.

617 905 730 956 σθ
761 897 870 958 Hic
899 897 1046 958 fecit
1074 902 1350 960 oratoria
1383 901 1500 960 tria
1529 901 1592 960 in
1621 901 1994 981 baptisterio
2021 902 2296 962 basilica
2327 901 2890 972 Constantiniana,
2933 899 3195 960 Joannis
3235 897 3557 977 Baptista,
3615 903 3678 958 et
3719 899 3784 959 S.

538 1003 799 1064 Joannis
829 1005 1252 1084 evangelista,
1285 1013 1348 1068 et
1377 1009 1440 1069 S.
1476 1009 1711 1082 Crucis,
1763 1009 1977 1070 omnia
2026 1027 2102 1068 ex
2155 1013 2417 1087 argento
2469 1013 2535 1068 et
2583 1007 2902 1086 lapidibus
2949 1005 3261 1084 pretiosis.
3319 1003 3788 1065 Confessionem

542 1109 740 1170 sancti
769 1113 1029 1172 Joannis
1059 1113 1357 1192 Baptista
1391 1115 1534 1174 fecit
1564 1134 1636 1174 ex
1671 1122 1956 1193 argento,
1991 1135 2132 1196 qua
2163 1115 2470 1195 pensabat
2499 1115 2692 1176 libras
2715 1121 2989 1186 centum,
3025 1119 3088 1174 et
3118 1130 3367 1172 crucem
3399 1129 3680 1172 auream.
3715 1112 3792 1172 Et

544 1219 998 1282 confessionem
1031 1221 1094 1282 S.
1125 1223 1388 1284 Joannis
1419 1225 1818 1301 evangelista
1849 1224 1995 1284 fecit
2025 1243 2101 1284 ex
2131 1229 2417 1302 argento,
2465 1243 2606 1302 qua
2655 1221 2962 1302 pensabat
3011 1221 3205 1281 libras
3257 1222 3393 1292 100,
3431 1224 3494 1280 et
3539 1237 3792 1279 crucem

463 1326 500 1384 5
545 1342 800 1385 auream
835 1344 849 1386 :
885 1333 948 1388 et
973 1327 1034 1386 in
1067 1328 1374 1388 ambobus
1405 1331 1694 1390 oratoriis
1718 1329 1950 1409 januas
1982 1349 2196 1402 areas,
2235 1336 2296 1390 et
2327 1335 2589 1409 argento
2621 1329 2847 1390 clusas.
2885 1331 2953 1390 In
2981 1327 3259 1388 oratorio
3295 1329 3358 1388 S.
3395 1324 3606 1388 Crucis
3645 1325 3797 1386 fecit

545 1431 1025 1507 confessionem,
1061 1435 1169 1495 ubi
1201 1435 1438 1514 lignum
1471 1437 1864 1497 Dominicum
1899 1437 2132 1516 posuit,
2167 1455 2309 1497 cum
2343 1455 2524 1497 cruce
2555 1455 2770 1509 aurea,
2801 1453 2943 1496 cum
2977 1433 3264 1514 gemmis,
3297 1451 3439 1512 qua
3487 1431 3799 1512 pensabat

547 1538 794 1618 pondus
825 1539 1126 1602 librarum
1161 1545 1258 1604 20.
1296 1543 1467 1602 Fecit
1495 1563 1568 1604 ex
1603 1549 1863 1622 argento
1895 1544 2230 1622 purissimo
2261 1543 2324 1603 in
2356 1543 2745 1604 confessione
2769 1541 3002 1621 januas
3053 1546 3393 1620 pensantes
3437 1539 3688 1618 pondus
3718 1537 3797 1598 li-

547 1644 802 1707 brarum
837 1649 944 1721 50;
977 1667 1171 1728 supra
1201 1649 1654 1710 confessionem
1688 1669 1946 1711 aureum
1979 1669 2192 1712 arcum
2225 1650 2334 1730 qui
2365 1649 2671 1728 pensabat
2701 1649 2894 1710 libras
2923 1652 2982 1722 4,
3019 1665 3204 1727 quem
3254 1651 3514 1726 portant
3551 1645 3798 1706 colum-

550 1771 648 1812 na
679 1753 1034 1833 onychina,
1068 1755 1176 1815 ubi
1201 1761 1324 1816 stat
1353 1775 1555 1836 agnus
1585 1776 1834 1830 aureus,
1869 1777 2139 1836 pensans
2169 1757 2363 1817 libras
2389 1757 2576 1830 duas;
2611 1775 2910 1817 coronam
2963 1773 3218 1816 auream
3255 1759 3400 1814 ante
3451 1752 3798 1813 confessio-

433 1860 508 1920 10
551 1877 716 1920 nem.
749 1861 990 1922 Pharos
1019 1880 1160 1922 cum
1193 1863 1532 1943 delphinis,
1567 1883 1707 1944 qua
1741 1869 2006 1944 pensant
2033 1864 2227 1924 libras
2256 1864 2570 1943 quinque;
2607 1862 2939 1943 lampadas
2971 1880 3194 1922 aureas
3227 1877 3490 1920 numero
3523 1865 3804 1940 quatuor

551 1973 888 2047 pensantes
932 1968 1124 2029 libras
1153 1970 1342 2044 duas;
1379 1971 1814 2051 nymphaum,
1865 1977 1927 2032 et
1972 1971 2369 2050 triporticum
2425 1977 2570 2030 ante
2620 1969 2968 2032 oratorium
3003 1971 3066 2030 S.
3101 1967 3337 2040 Crucis,
3369 1966 3478 2026 ubi
3517 1973 3663 2026 sunt
3693 1985 3802 2027 co-

551 2073 787 2134 lumna
819 2074 993 2135 mira
1027 2076 1501 2155 magnitudinis,
1553 2097 1694 2157 qua
1745 2079 2040 2140 dicuntur
2069 2077 2363 2150 hecaton,
2416 2083 2641 2158 penta;
2695 2077 2889 2150 lacus,
2943 2081 3006 2137 et
3053 2074 3328 2136 conchas
3359 2072 3626 2135 triantas
3655 2071 3732 2150 (c)
3765 2073 3804 2130 2

553 2199 696 2242 cum
725 2181 1034 2242 columnis
1065 2183 1525 2263 porphyreticis
1557 2185 1814 2262 ragiatis
1845 2184 1953 2264 (εἰ),
1987 2184 2206 2245 foratis
2238 2183 2312 2264 (θ)
2344 2203 2576 2264 aquam
2607 2183 2964 2256 fundentes,
2995 2188 3058 2244 et
3089 2183 3152 2242 in
3184 2181 3390 2242 medio
3417 2179 3630 2239 laeum
3663 2195 3808 2256 por-

555 2287 950 2368 phyreticum
985 2307 1126 2350 cum
1160 2289 1402 2350 concha
1429 2291 1652 2351 assirta
1684 2291 1756 2371 (f)
1787 2291 1850 2350 in
1885 2291 2090 2352 medio
2121 2309 2350 2370 aquam
2383 2291 2773 2362 fundentem,
2819 2289 3274 2350 circumdatam
3324 2305 3360 2347 a
3409 2284 3666 2356 dextris,
3703 2282 3806 2342 vel

439 2395 512 2456 15
556 2393 856 2468 sinistris;
889 2395 954 2456 in
989 2397 1192 2458 medio
1221 2398 1514 2458 cancellis
1543 2399 1744 2472 areis,
1781 2404 1845 2458 et
1872 2398 2181 2458 columnis
2213 2415 2354 2457 cum
2387 2397 2672 2476 fastigiis,
2725 2401 2787 2457 et
2833 2395 3137 2475 epistyliis
3178 2394 3458 2472 undique
3503 2397 3802 2453 ornatum

559 2520 636 2562 ex
669 2503 932 2576 musivo,
967 2509 1029 2564 et
1057 2503 1364 2564 columnis
1395 2505 1802 2584 Aquitanicis,
1837 2511 1898 2564 et
1929 2486 2242 2584 tripolitis,
2279 2509 2342 2564 et
2379 2503 2877 2584 porphyreticis‘?
2924 2505 3086 2562 Ante
3133 2499 3586 2561 confessionem
3633 2498 3806 2558 beati

555 2609 819 2670 Joannis
886 2629 1185 2670 coronam
1257 2619 1643 2691 argenteam,
1703 2618 2072 2691 pensantem
2130 2612 2324 2672 libras
2369 2611 2622 2690 viginti;
2673 2610 2786 2691 (g),
2867 2613 3236 2690 pensantem
3313 2607 3506 2666 libras
3577 2604 3806 2684 viginti

559 2715 864 2795 quinque.

647 2829 752 2882 το
780 2824 933 2884 Item
965 2823 1044 2883 ad
1072 2829 1360 2885 sanctum
1387 2825 1698 2887 Joannem
1732 2828 1898 2886 intra
1927 2830 2214 2886 sanctum
2247 2826 2483 2885 fontem
2517 2825 2837 2884 lucernam
2888 2841 3146 2884 auream
3205 2839 3348 2882 cum
3399 2819 3559 2879 nixis
3593 2818 3682 2899 (Ιι)
3711 2819 3806 2879 lu-

563 2929 804 2990 minum
837 2929 1074 3006 decem,
1109 2941 1478 3011 pensantem
1507 2933 1698 2993 libras
1729 2933 2039 3012 quinque;
2076 2951 2290 2993 cervos
2321 2937 2652 3010 argenteos
2685 2937 2811 2990 tres
2859 2929 3190 2990 fundentes
3240 2945 3494 3006 aquam,
3531 2945 3811 3006 pensan-

565 3040 655 3095 tes
685 3035 846 3113 sing.
879 3037 1022 3096 libr.
1057 3038 1348 3117 triginta;
1385 3047 1620 3100 turrem
1651 3045 2012 3117 argenteam
2047 3057 2189 3100 cum
2243 3039 2576 3118 delphinis,
2617 3057 2875 3118 pensan.
2911 3036 3104 3096 libras
3159 3035 3522 3113 sexaginta;
3573 3033 3817 3094 colum-

563 3141 710 3200 bam
743 3159 1020 3218 auream,
1053 3163 1316 3222 pensan.
1349 3145 1542 3206 libras
1572 3148 1669 3206 2t.
1703 3148 1771 3206 In
1803 3146 2123 3206 basilicam
2157 3145 2740 3207 Constantinianam
2773 3141 3283 3223 pharacanthara
3311 3147 3630 3220 argentea,
3667 3159 3811 3220 qua

487 3248 523 3305 5
567 3247 844 3327 pendent
873 3255 1016 3310 ante
1048 3250 1245 3311 altare
1273 3253 1512 3324 decem,
1547 3271 1806 3332 pensan.
1843 3253 2092 3330 singula
2121 3252 2310 3313 libras
2341 3253 2595 3331 viginti;
2630 3251 2937 3330 scyphum
2971 3268 3256 3320 aureum,
3317 3266 3580 3326 pensan.
3615 3247 3813 3307 libras

567 3373 706 3430 sex;
740 3355 962 3418 calices
993 3375 1238 3433 aureos,
1275 3377 1536 3438 pensan.
1572 3359 1802 3438 singuli
1833 3360 1975 3419 libr.
2009 3362 2074 3433 l;
2111 3359 2380 3438 scyphos
2411 3363 2741 3436 argenteos
2771 3358 2928 3418 duos
2959 3356 3023 3438 (ι’)
3059 3373 3320 3436 pensan.
3355 3354 3588 3433 singuli
3617 3353 3816 3414 libras

565 3461 812 3536 decem;
858 3464 1048 3524 alium
1083 3465 1390 3544 scyphum
1417 3485 1701 3536 aureum,
1741 3485 1998 3544 pensan.
2051 3466 2192 3525 libr.
2245 3467 2555 3544 quinque;
2604 3464 2828 3524 calices
2879 3461 3320 3524 ministeriales
3349 3468 3686 3539 argenteos
3720 3459 3812 3519 vi-

569 3571 749 3648 ginli,
786 3590 1048 3650 pensan.
1085 3573 1314 3652 singuli
1347 3575 1454 3634 lib.
1488 3577 1558 3640 2:
1595 3594 1770 3635 amas
1801 3580 2131 3653 argenteas
2163 3574 2464 3653 quinque,
2518 3578 2856 3654 pensantes
2905 3573 3098 3632 libras
3147 3571 3384 3632 decem.
3419 3570 3511 3630 Ad
3553 3569 3812 3629 beatum

569 3679 822 3737 Petrum
855 3679 1230 3760 apostolum,
1267 3679 1569 3760 scyphum
1632 3701 1915 3754 aureum,
1967 3699 2227 3760 pensan.
2281 3681 2470 3740 libras
2525 3679 2907 3759 quindecim,
2960 3679 3151 3738 alium
3203 3677 3512 3756 scyphum
3543 3693 3814 3736 aureum

453 3784 530 3843 10
570 3802 710 3844 cum
744 3785 1010 3862 gemmis
1041 3785 1306 3864 prasinis
1335 3793 1396 3848 et
1425 3787 1874 3867 hiacynthinis,
1911 3794 2276 3866 pensantem
2307 3787 2449 3846 libr.
2485 3792 2786 3866 quatuor;
2813 3786 3038 3846 calices
3069 3789 3399 3863 argenteos
3431 3781 3817 3842 ministeria-

571 3890 660 3949 les
689 3891 926 3962 decem,
964 3911 1224 3971 pensan.
1255 3893 1415 3972 sing.
1451 3893 1558 3952 lib.
1593 3899 1660 3968 2;
1692 3913 1865 3954 amas
1895 3901 2227 3971 argenteas
2253 3894 2429 3964 duas,
2467 3913 2729 3972 pensan.
2781 3893 2941 3970 sing.
2997 3893 3188 3952 libras
3235 3897 3418 3960 octo;
3455 3889 3816 3968 pharacan-

533 3996 756 4058 -thara
783 4003 1080 4075 argentea
1113 3999 1334 4078 viginti
1364 4005 1656 4079 quatuor,
1697 4020 1956 4080 pensan.
1991 4001 2240 4080 singula
2267 4001 2462 4060 libras
2496 4001 2774 4080 quinque
2811 4018 2824 4073 ;
2861 3999 2940 4060 ad
2991 3999 3244 4058 beatum
3302 3997 3568 4057 Paulum
3621 4015 3816 4076 apos-

573 4103 772 4164 tolum
802 4105 1108 4184 scyphum
1141 4125 1424 4180 aureum,
1463 4127 1725 4188 pensan.
1757 4109 1916 4188 sing.
1952 4108 2143 4168 libras
2175 4109 2488 4188 quinque;
2523 4109 2793 4187 scyphos
2825 4112 3154 4186 argenteos
3209 4111 3503 4184 quatuor,
3545 4121 3816 4183 pensan.

571 4211 732 4290 sing.
764 4211 959 4272 libras
989 4231 1131 4286 sex;
1165 4215 1387 4275 calices
1415 4215 1853 4302 ministeriales
1883 4221 2215 4294 argenteos
2245 4215 2486 4288 decem,
2521 4219 2858 4295 pensantes
2888 4213 3049 4292 sing.
3085 4211 3277 4272 libras
3323 4217 3600 4291 septem;
3637 4227 3821 4271 amas

455 4319 528 4377 15
575 4325 904 4398 argenteas
934 4320 1113 4392 duas,
1149 4326 1484 4400 pensantes
1512 4323 1672 4400 sing.
1707 4323 1900 4382 libras
1926 4324 2164 4383 decem.
2215 4323 2308 4381 Ad
2357 4322 2612 4382 beatum
2661 4321 3066 4381 Laurentium
3116 4325 3454 4399 martyrem
3505 4317 3820 4398 scyphum

574 4446 835 4488 aureum
869 4445 1008 4487 cum
1042 4429 1306 4506 gemmis
1353 4429 1645 4507 prasinis,
1679 4435 1738 4488 et
1771 4429 2219 4506 biacynthinis,
2275 4447 2537 4507 pensan.
2587 4427 2780 4488 libras
2829 4433 3132 4507 quatuor;
3185 4427 3506 4488 lucernam
3557 4443 3822 4486 auream

575 4533 864 4594 nixorum
899 4533 1138 4604 decem,
1173 4553 1432 4613 pensan.
1467 4535 1658 4594 libras
1692 4535 2008 4613 quinque;
2045 4535 2351 4613 scyphum
2385 4553 2645 4595 aureum
2681 4535 3108 4614 purissimum,
3147 4551 3408 4614 pensan.
3459 4533 3603 4593 libr.
3639 4531 3826 4612 quin-

575 4657 732 4717 que;
767 4639 1096 4718 lampadas
1128 4657 1351 4699 aureas
1383 4638 1562 4712 duas,
1597 4659 1856 4718 pensan.
1909 4640 2070 4718 sing.
2116 4641 2260 4700 libr.
2297 4643 2363 4714 l;
2397 4639 2481 4720 (λ’)
2532 4640 3174 4720 pharamcantharam
3222 4657 3504 4717 auream,
3551 4657 3822 4718 pensan.

575 4743 684 4803 lib.
719 4747 785 4816 2;
823 4749 1057 4804 turrem
1092 4749 1454 4823 argenteam
1490 4764 1629 4804 cum
1662 4745 1999 4825 delphinis,
2053 4766 2312 4826 pensan.
2351 4747 2541 4807 libras
2575 4748 2792 4826 viginti
2822 4749 3140 4827 quinque;
3175 4747 3444 4826 scyphos
3485 4751 3826 4823 argenteos

458 4853 536 4912 20
579 4856 724 4924 tres,
759 4857 1096 4930 pensantes
1123 4851 1282 4930 sing.
1317 4851 1510 4912 libras
1540 4852 1796 4931 triginta
1823 4859 2124 4932 quatuor;
2163 4855 2386 4916 calices
2417 4861 2748 4934 argenteos
2780 4855 3216 4916 ministeriales
3247 4853 3600 4924 duodecim,
3637 4871 3823 4933 pens.

578 4957 738 5034 sing.
775 4959 881 5017 lib.
917 4961 982 5030 2;
1019 4959 1217 5018 altare
1249 4966 1642 5037 argenteum,
1677 4979 1968 5038 pensans.
2007 4963 2150 5022 libr.
2186 4963 2640 5041 quadraginta;
2675 4963 3004 5042 lampadas
3035 4969 3367 5040 argenteas
3397 4961 3635 5030 decem,
3675 4978 3831 5039 pen-

579 5074 743 5116 sans.
780 5057 922 5116 libr.
954 5059 1020 5133 2;
1058 5075 1231 5118 amas
1262 5063 1593 5135 argenteas
1624 5059 1801 5132 duas,
1837 5066 2173 5140 pensantes
2203 5061 2394 5122 libras
2425 5061 2640 5122 decem
2666 5080 2679 5136 ;
2715 5061 2778 5121 in
2805 5061 3066 5121 basilica
3096 5060 3268 5120 beati
3299 5057 3618 5120 Laurentii
3652 5076 3830 5118 mar-

1605 5305 1858 5349 NOTULxE
1901 5305 2281 5352 MARGINALES
2325 5306 2635 5352 FABROTTI.

489 5519 566 5590 (α)
599 5519 656 5592 ς,
689 5524 796 5575 etc.
867 5519 941 5590 (b)
975 5521 1030 5586 (ἶ,
1063 5517 1542 5574 dominationem.
1621 5519 1690 5592 (ετ)
1732 5516 2058 5592 castriatas.

2157 5562 2170 5584 ,
2219 5518 2583 5592 cithariaoas.
2632 5520 2738 5592 (ἀ)
2789 5523 2829 5578 (Ξ
2879 5521 3132 5577 soraitis.
3209 5523 3282 5588 (ιὲ)
3333 5519 3370 5574 ε
3419 5517 3755 5592 perforatis.

418 5591 494 5660 (Γ)
545 5588 710 5646 raita.
787 5588 882 5661 (g)'
915 5593 970 5646 id
1019 5595 1128 5659 est,
1173 5597 1532 5662 argenteum.
1611 5589 1690 5660 (h)
1743 5588 1988 5658 lychnis,
2045 5592 2104 5660 Β,
2157 5591 2350 5646 mixis.
2429 5593 2494 5660 (ί)
2543 5591 2821 5662 quinque.
2902 5594 2964 5664 (j)
3016 5593 3268 5664 pharum
3319 5588 3669 5647 cantharum
3723 5606 3848 5644 au-

423 5677 610 5719 reum.
