4028 6166
396 243 507 313 451
865 197 867 200 ⁴
1054 294 1057 297 .
1547 233 1961 296 ANASTASII
2006 229 2650 295 BIBLIOTHECARII.
3645 240 3740 303 452

1498 515 1662 587 Llll.
1706 511 2088 585 SANCTUS
2135 511 2692 583 SYMMACHUS.

1142 788 1306 835 anno
1349 788 1593 835 cunts'ri
1633 772 1774 846 498,
1819 787 2145 834 amsusn
2187 787 2313 832 IMP.
2359 768 2399 829 8
2439 782 2741 835 resonos.
2787 781 2960 828 REGIS
3001 766 3061 826 5.

647 915 752 969 eo
798 902 1215 987 Symmachus,
1259 905 1497 966 natione
1537 905 1858 965 Romanus
1887 902 1969 985 (a)
2014 922 2091 965 ea:
2126 913 2304 986 patre
2344 902 2703 975 Fortunato,
2732 898 2885 987 sedit
2932 916 3117 961 annos
3157 898 3253 971 15,
3289 893 3369 978 (ὁ)
3396 916 3599 960 menses
3623 913 3752 976 octo,

560 1013 692 1075 dies
734 1014 835 1073 26.
882 1011 1002 1073 Hic
1042 1010 1169 1092 fuit
1209 1009 1567 1091 temporibus
1623 1010 1976 1072 Theoderici
2025 1011 2228 1090 regis;
2275 1019 2331 1071 et
2396 1007 2713 1071 Anastasii
2774 1004 3037 1086 Augusti
3077 1022 3116 1066 a
3157 1004 3256 1065 die
3298 1022 3336 1067 Χ
3378 1004 3753 1068 kalendarum

558 1119 1070 1181 Decembriarum
1153 1137 1352 1199 usque
1421 1118 1486 1178 in
1578 1118 1745 1178 diem
1827 1135 1931 1180 xxv
1995 1117 2407 1178 kalendarum
2479 1104 2928 1194 Augustarum.
3003 1112 3114 1173 Hic
3196 1111 3311 1171 sub
3393 1113 3756 1175 contentione

561 1227 892 1287 ordinatus
934 1232 1028 1287 est
1070 1243 1197 1286 uno
1240 1225 1342 1287 die
1384 1242 1528 1285 cum
1570 1224 1910 1285 Laurentio
1957 1241 1971 1283 :
2022 1223 2438 1305 Symmachus
2479 1222 2545 1283 in
2607 1220 2868 1282 basilica
2928 1217 3468 1293 Constantiniana,
3513 1221 3760 1281 Lauren-

482 1335 518 1392 5
565 1333 686 1395 tius
728 1352 878 1395 vero
920 1332 984 1393 in
1028 1332 1289 1395 basilica
1330 1331 1532 1393 beatae
1575 1330 1812 1392 Marias.
1859 1332 1951 1392 Ex
1995 1349 2122 1410 qua
2163 1349 2354 1392 causa
2414 1335 2741 1409 separatus
2802 1332 2895 1387 est
2959 1327 3161 1387 clerus
3186 1323 3283 1405 (c),
3330 1330 3392 1385 et
3431 1324 3649 1386 divisus
3685 1333 3764 1388 est

561 1446 840 1501 senatus.
887 1439 1010 1501 A-lii
1052 1456 1194 1501 cum
1240 1437 1646 1518 Symmacho,
1692 1438 1799 1499 alii
1840 1455 1990 1500 vero
2036 1455 2178 1499 cum
2221 1435 2583 1498 Laurentio.
2634 1434 2728 1496 Et
2791 1433 2960 1514 facta
3029 1431 3397 1492 contentione
3436 1429 3539 1492 hoc
3575 1433 3762 1494 consti-

560 1555 803 1607 tuerunt
844 1543 931 1626 (d)
969 1553 1192 1627 partes,
1241 1554 1305 1605 ut
1350 1543 1520 1607 ambo
1564 1542 1646 1606 ad
1683 1544 2031 1606 Ravennam
2068 1551 2385 1625 pergerent
2414 1541 2510 1623 (e),
2562 1540 2645 1602 ad
2671 1539 2975 1622 judicium
3042 1540 3201 1618 regis
3274 1536 3628 1609 Theoderici,
3678 1558 3764 1620 qua

559 1652 699 1715 dum
743 1651 932 1713 ambo
974 1650 1339 1714 introissent
1379 1650 1446 1710 in
1488 1652 1878 1723 Ravennam,
1914 1650 2035 1711 hoc
2065 1649 2371 1730 judicium
2402 1647 2717 1728 aequitatis
2761 1647 3109 1708 invenerunt
3142 1663 3155 1705 :
3204 1679 3284 1689 —
3325 1646 3406 1707 Ut
3447 1643 3551 1724 qui
3590 1642 3765 1725 primo

566 1758 895 1820 ordinatus
937 1757 1179 1831 fuisset,
1225 1756 1322 1818 vel
1385 1755 1496 1818 ubi
1557 1774 1703 1837 pars
1763 1756 2040 1817 maxima
2097 1763 2564 1835 cognosceretur,
2611 1753 2745 1833 ipse
2806 1752 3051 1814 sederet
3114 1752 3178 1812 in
3246 1749 3391 1812 sede
3432 1750 3764 1830 apostolica.

442 1867 520 1930 10
562 1864 742 1939 Quod
783 1862 1021 1925 tandem
1051 1864 1314 1944 aequitas
1358 1864 1422 1924 in
1468 1863 1852 1943 Symmacho
1896 1862 2139 1924 invenit
2178 1861 2574 1942 cognitionem
2603 1858 2687 1941 (Γ)
2743 1858 3034 1921 veritatis.
3094 1858 3186 1921 Et
3242 1866 3404 1920 actus
3460 1864 3538 1918 est
3581 1855 3772 1940 pracsul

563 1969 976 2051 Symmachus.

649 2084 746 2137 π
794 2074 1023 2137 Eodem
1086 2083 1344 2156 tempore
1412 2094 1578 2156 papa
1650 2075 2039 2151 Symmachus
2067 2075 2155 2157 (g)
2201 2075 2611 2155 congregavit
2671 2073 3009 2154 synodum,
3071 2082 3155 2133 et-
3189 2070 3493 2134 constituit
3531 2068 3769 2132 Lauren-

562 2184 706 2244 tium
780 2184 843 2243 in
912 2180 1233 2244 Nuceriam
1325 2182 1619 2243 civitatem
1706 2184 2062 2263 episcopum,
2135 2183 2356 2243 intuitu
2425 2180 2866 2242 misericordiae.
2939 2179 3087 2242 Post
3153 2197 3342 2240 annos
3401 2196 3532 2238 vero
3589 2179 3624 2236 4
3670 2175 3770 2236 zelo

560 2288 729 2350 ducti
766 2287 970 2371 aliqui
1004 2308 1080 2348 ea:
1121 2288 1297 2360 clero,
1346 2296 1405 2349 et
1441 2288 1557 2349 alii
1592 2308 1669 2348 ea:
1727 2297 1958 2363 senatu,
2004 2289 2280 2351 maxime
2343 2291 2563 2349 Festus
2625 2293 2689 2347 ct
2745 2287 3079 2360 Probinus,
3127 2284 3583 2345 incriminarunt
3624 2281 3774 2364 Sym-

560 2394 855 2472 machum,
922 2404 979 2455 et
1043 2394 1511 2455 subornaverunt
1581 2404 1745 2455 testes
1800 2396 2012 2474 falsos,
2069 2414 2214 2476 quos
2274 2395 2553 2455 miserum
2596 2394 2947 2455 Ravennam
2989 2391 3073 2455 ad
3112 2410 3313 2472 regem
3362 2387 3768 2464 Theodoricum,

378 2576 379 2579 η
481 2504 517 2563 5
559 2509 900 2567 accusantes
955 2500 1186 2562 beatum
1229 2499 1678 2582 Symmachum,
1725 2511 1781 2562 et
1820 2500 2041 2563 occulte
2081 2510 2510 2564 revocaverunt
2570 2501 2981 2575 Laurentium,
3043 2505 3189 2579 post
3254 2497 3529 2558 libellum
3590 2499 3770 2556 Romae

562 2611 825 2683 factum,
883 2617 942 2667 et
1006 2608 1283 2687 fecerunt
1348 2607 1619 2681 schisma,
1667 2615 1729 2667 et
1794 2608 2029 2668 divisus
2073 2614 2168 2668 est
2210 2609 2437 2668 iterum
2483 2607 2708 2668 clerus.
2757 2611 2833 2668 Et
2871 2607 2979 2667 alii
3022 2604 3575 2667 comnnunicahaut
3613 2604 3770 2682 Sym-

566 2716 814 2789 macho,
860 2714 967 2775 alii
1008 2714 1371 2775 Laurentio.
1418 2716 1594 2775 Tunc
1636 2718 1856 2776 Festus
1898 2720 1960 2775 et
2019 2715 2330 2775 Probinus
2395 2721 2717 2774 senatores
2782 2714 3086 2774 miserunt
3128 2712 3502 2773 relationem
3547 2709 3687 2788 regi,
3723 2713 3773 2768 et

563 2827 893 2906 cmperunt
932 2838 1145 2900 agere,
1189 2826 1261 2881 ut
1300 2820 1686 2882 visitalorem
1731 2822 1911 2883 daret
1954 2840 2065 2883 rex
2106 2821 2270 2884 sedis
2313 2821 2699 2901 apostolicae.
2730 2823 2908 2883 Tunc
2942 2838 3048 2881 rex
3079 2819 3259 2881 dedit
3286 2820 3536 2880 Petrum
3562 2815 3624 2897 (ἢ
3642 2813 3772 2876 Alti-

564 2930 721 2993 cinas
764 2927 1033 2990 civitatis
1103 2927 1490 3008 episcopum,
1535 2927 1705 3008 quod
1774 2947 2047 2990 canones
2116 2927 2561 3009 prohibebant.
2625 2927 2861 2989 Eodem
2906 2933 3191 3007 tempore
3258 2926 3480 2986 beatus
3536 2922 3774 3004 Symma-

445 3040 522 3101 lO
562 3037 702 3099 chus
743 3034 829 3115 (Ic)
857 3035 1242 3115 congregavit
1283 3036 1576 3115 episcopos
1604 3044 1835 3096 centum
1864 3045 1921 3096 et
1959 3034 2317 3116 quindecim,
2364 3044 2420 3095 et
2460 3036 2625 3114 facta
2664 3032 2916 3116 synodo,
2955 3040 3269 3115 purgatur
3296 3051 3335 3094 a
3363 3030 3599 3092 crimine
3621 3025 3771 3109 falso.

563 3142 655 3205 Et
692 3140 1016 3203 damnatur
1069 3139 1287 3201 Petrus
1316 3139 1388 3221 (Ι)
1413 3140 1651 3203 Attinas
1707 3142 1948 3203 invasor
1985 3140 2138 3202 sedis
2190 3140 2550 3222 apostolica,
2581 3149 2636 3200 et
2681 3140 3043 3201 Laurentius
3090 3139 3450 3212 Nucerinus,
3483 3137 3624 3217 quia
3658 3133 3774 3193 vivo

563 3249 857 3330 episcopo
902 3245 1286 3326 Symmacho
1332 3254 1742 3327 pervaserunt
1784 3248 1993 3309 sedem
2039 3247 2199 3326 ejus.
2251 3247 2413 3309 Tunc
2467 3246 2538 3309 ah
2588 3246 2856 3307 omnibus
2902 3247 3185 3328 cpiscOpis
3233 3254 3293 3308 et
3337 3241 3699 3325 presbyteris,
3727 3246 3774 3299 et

564 3351 933 3431 diaconibus,
967 3361 1019 3415 et
1049 3352 1225 3414 omni
1267 3351 1446 3428 clero,
1482 3353 1579 3415 vel
1622 3354 1804 3433 plebe
1828 3352 1929 3435 (m)
1956 3356 2361 3434 reintegratur
2387 3353 2517 3414 sedi
2540 3354 2875 3435 apostolica
2909 3352 3107 3415 beatus
3137 3350 3553 3435 Symmachus,
3584 3357 3644 3410 ut
3664 3365 3775 3409 cum

560 3463 760 3548 gloria
788 3462 956 3545 apud
980 3462 1208 3525 beatum
1240 3463 1483 3524 Petrum
1512 3463 1733 3524 sederet
1757 3464 2004 3545 praesul.

652 3578 753 3634 τε
799 3570 1035 3632 Eodem
1081 3577 1366 3651 tempore
1411 3574 1631 3632 Festus
1685 3577 1876 3651 caput
1937 3576 2192 3632 senatus
2253 3571 2573 3646 exconsul,
2623 3577 2685 3632 et
2741 3571 3055 3631 Probinus
3112 3569 3446 3644 exconsul,
3492 3580 3789 3647 coeperunt

496 3672 503 3675 ”
562 3678 731 3738 intra
772 3677 995 3737 urbem
1043 3679 1299 3737 Romam
1345 3696 1629 3757 pugnare
1674 3697 1814 3739 cum
1862 3679 1999 3739 aliis
2043 3679 2461 3751 senatoribus,
2509 3685 2570 3739 et
2614 3678 2886 3739 maxime
2948 3696 3091 3738 cum
3157 3679 3392 3738 Fausto
3450 3670 3780 3742 exconsule,

565 3788 628 3846 et
694 3782 919 3858 cmdcs,
992 3788 1056 3844 et
1110 3783 1452 3844 homicidia
1520 3785 1586 3845 in
1657 3785 1824 3846 clero
1896 3804 1974 3845 ex
2043 3785 2285 3846 invidia
2348 3785 2608 3846 fiebant.
2656 3784 2774 3857 Qui
2836 3803 2982 3847 vero
3027 3783 3582 3845 communicabant
3620 3778 3779 3873 beato

567 3889 953 3972 Symmacho
989 3888 1182 3969 juste,
1231 3890 1481 3970 publice
1543 3891 1654 3970 qui
1713 3891 1954 3953 inventi
2013 3891 2279 3954 fuissent
2319 3891 2490 3952 intra
2531 3891 2766 3954 Urbem
2824 3891 3035 3970 gladio
3079 3891 3554 3952 occidebantur.
3610 3883 3786 3946 Etiam

479 4000 517 4061 5
560 4002 624 4059 et
673 3995 1180 4058 sanctimoniales
1241 3996 1556 4070 mulieres,
1601 4002 1664 4059 et
1722 3998 1996 4077 virgines
2056 3997 2445 4078 deponentes
2516 3998 2593 4059 de
2656 3997 3076 4070 monasteriis,
3123 3996 3223 4058 vel
3288 3996 3368 4058 de
3435 3987 3779 4056 habitaculis

568 4103 718 4177 suis,
765 4102 1160 4164 denudantes
1203 4121 1422 4164 sexum
1465 4105 1806 4166 femineum
1852 4105 2134 4166 cmdibus
2175 4104 2507 4184 plagarum
2553 4104 2820 4165 afﬂictas
2862 4103 3311 4179 vulnerabant,
3360 4109 3424 4165 et
3478 4098 3645 4162 omni
3703 4093 3787 4155 die

565 4228 815 4291 pugnas
858 4215 1079 4272 contra
1108 4210 1449 4274 Ecclesiam
1492 4210 1560 4271 in
1603 4211 1812 4274 medio
1857 4212 2126 4273 civitatis
2168 4212 2498 4291 gerebant.
2545 4212 2753 4274 Etiam
2785 4210 3016 4273 multos
3046 4210 3408 4272 sacerdotes
3436 4202 3786 4271 occiderunt,

560 4317 728 4380 inter
768 4336 927 4398 quos
986 4317 1433 4396 Dignissimum
1477 4324 1541 4379 et
1583 4319 1968 4380 Gordianum
2010 4318 2412 4399 presbyteros
2481 4316 2561 4379 ad
2621 4318 2875 4379 vincula
2923 4316 3002 4398 (η)
3048 4317 3252 4378 sancti
3312 4315 3487 4379 Petri
3527 4304 3785 4393 apostoli,

562 4429 627 4489 et
669 4424 750 4485 ad
797 4430 1048 4486 sanctos
1089 4425 1403 4487 Joannem
1447 4428 1511 4485 et
1552 4425 1842 4499 Paulum,
1892 4444 2050 4505 quos
2091 4425 2385 4500 fustibus,
2434 4431 2500 4486 et
2567 4425 2779 4503 gladio
2837 4425 3294 4491 interfecerunt
3340 4423 3441 4504 (ο),
3488 4426 3551 4483 et
3589 4415 3789 4479 multos

448 4533 525 4593 10
568 4531 726 4592 alios
769 4530 1177 4605 Christianos,
1226 4531 1316 4591 ita
1360 4535 1431 4590 ut
1473 4530 1631 4590 nulli
1675 4549 1807 4592 esse
1851 4532 2180 4605 securitas,
2212 4531 2312 4592 die
2355 4531 2453 4592 vel
2500 4536 2704 4605 nocte,
2738 4531 2816 4592 de
2861 4532 3029 4593 clero
3070 4532 3136 4592 in
3181 4531 3439 4591 civitate
3469 4523 3788 4590 ambulare.

560 4636 747 4700 Solus
790 4641 1004 4697 autem
1048 4639 1317 4697 Faustus
1360 4636 1661 4696 exconsul
1704 4655 1819 4715 pro
1862 4636 2140 4698 Ecclesia
2182 4637 2531 4717 pugnabat.
2580 4637 2669 4718 (p)
2709 4639 2860 4699 Post
2901 4637 3038 4699 haec
3081 4636 3298 4700 omnia
3361 4636 3582 4697 beatus
3629 4632 3789 4709 Sym-

564 4741 824 4803 machus
867 4740 1109 4801 invenit
1150 4739 1533 4802 Manichaeos
1575 4741 1641 4802 in
1700 4742 1855 4803 urbe
1919 4746 2141 4819 ltoma,
2186 4762 2456 4823 quorum
2519 4743 2736 4805 omnia
2795 4745 3158 4819 simulacra,
3203 4744 3305 4804 vel
3370 4741 3612 4804 codices
3664 4737 3790 4796 ante

564 4848 733 4910 fores
773 4846 1048 4908 basilicae
1091 4847 1622 4910 Constantiniana
1665 4848 1956 4911 incendio
2001 4851 2443 4927 concremavit,
2492 4854 2555 4913 et
2614 4869 2720 4912 eos
2780 4849 2950 4930 ipsos
3011 4851 3230 4912 exsilio
3299 4846 3628 4929 relegavit.
3669 4836 3790 4903 Fuit

563 4959 777 5016 autem
820 4972 858 5014 a
901 4954 1233 5015 consulatu
1277 4954 1550 5029 Paulini,
1598 4973 1795 5036 usque
1826 4956 1907 5018 ad
1951 4957 2347 5019 consulatum
2392 4957 2722 5019 senatoris.

652 5069 758 5122 τε)
810 5060 922 5122 Hic
967 5061 1117 5122 fecit
1157 5061 1482 5123 basilicam
1526 5064 1727 5124 sancti
1767 5065 2034 5126 Andreae
2078 5065 2349 5146 apostoli
2408 5065 2579 5147 apud
2640 5065 2898 5126 beatum
2961 5066 3217 5126 Petrum
3278 5061 3656 5145 apostolum,
3697 5049 3786 5114 ubi

565 5167 713 5230 fecit
754 5167 1053 5246 ligurium
1098 5167 1180 5251 (q)
1231 5187 1308 5230 ex
1351 5174 1616 5248 argento
1661 5176 1724 5232 et
1764 5172 2248 5245 confessionem,
2296 5191 2563 5251 pensan.
2622 5172 2816 5233 libras
2876 5177 3129 5232 centum
3193 5176 3255 5233 et
3314 5168 3589 5248 vigenti;
3633 5173 3787 5224 arcus

1590 5302 1845 5348 NOTULE
1887 5302 2159 5349 MARGINA
2169 5305 2277 5350 LES
2319 5305 2639 5350 FABROTTI.

474 5399 642 5497 (ea
668 5398 1378 5497 §:_§fr935;.._(b2&.“‘;
1402 5399 1773 5497 amissar-
1799 5401 1851 5469 ά»
1885 5401 1957 5497 ξεί
1989 5401 2065 5457 Co

2194 5401 2435 5470 Paulini,
2469 5406 2527 5459 et
2558 5402 2804 5474 Scythae,
2837 5403 2909 5458 ad
2937 5402 3015 5459 M.
3040 5404 3179 5458 Aur.
3211 5399 3623 5457 Cassiodorum
3650 5394 3785 5471 Cosa-

2290 5474 2354 5497 [Α
2387 5474 2457 5497 ττι.
2492 5474 2672 5497 -.μιμ
2706 5478 2899 5497 ---ι--
2982 5475 3048 5497 in
3078 5477 3120 5497 ΙΙ
3177 5478 3227 5497 ,ι
3261 5470 3513 5497 -.υ-..ζιελ
3593 5464 3662 5497 ΙηΧ
3683 5456 3785 5497 Vn“

399 5456 641 5554 (ffl’idé
660 5456 861 5554 Raron.
894 5470 964 5554 ad
992 5456 1125 5554 ann‘.
1390 5456 1532 5554 ‘4g8..
1581 5472 1657 5554 (et)
1688 5474 1749 5539 C,
1777 5456 2216 5554 contraxerunt.
2236 5456 3149 5554 "_V'(e)_llntvambdspartemin
3167 5456 3535 5554 etcognitio;

399 5491 471 5543 (a)
508 5491 632 5528 riae
660 5491 861 5526 παπ-οη.
894 5491 964 5525 aa
992 5491 1363 5526 ann.uomzm
1396 5491 1519 5525 qua.
1581 5491 1636 5538 (α
1688 5491 1749 5539 υ,
1777 5491 1990 5527 contra:

399 5542 602 5626 paron.
635 5541 705 5597 ad
735 5558 867 5626 ann.
899 5542 1122 5626 pomini
1150 5541 1255 5626 {199
1327 5541 1489 5626 (h)‘(.',
1518 5541 1576 5596 in
1609 5491 1899 5626 liueat-lina
1930 5543 1990 5621 cij

2194 5512 2216 5529 ρ.
2288 5491 2356 5546 (ρ)
2392 5491 2460 5529 Ut
2489 5491 2674 5529 ambas
2746 5491 2918 5530 artes.
2981 5491 3140 5547 (1)11,
3173 5491 3231 5530 et
3257 5491 3535 5546 cognitio.
3613 5491 3785 5544 gnum

2232 5545 2389 5626 ‘l’i‘de
2419 5547 2619 5626 Baron.
2654 5491 2887 5626 ann.
2918 5547 3146 5626 Domini
3167 5547 3291 5601 502.
3390 5542 3558 5626 (ιχ-1),

422 5612 477 5696 lc)
504 5613 874 5696 Symmachus
887 5614 958 5695 _in
983 5612 1200 5696 Synodo
1225 5608 1515 5696 purgatus.
1567 5681 1583 5696 _
1621 5613 1685 5685 (ι)
1715 5612 2071 5696 ᾼΙιιίξιθῐιείεε
2152 5618 2250 5696 (τῃ)
2300 5616 2357 5685 C,
2392 5616 2886 5696 redintegratum-
2949 5619 3031 5690 (η)
3063 5618 3241 5696 Inter.
3263 5608 3788 5696 qugsﬁo‘rdianug

399 5631 477 5741 gs)
504 5631 958 5740 agmmacnusm
983 5631 1200 5696 gynoao
1225 5631 1515 5693 purgatus.
1621 5631 1685 5685 tt)
1715 5631 2058 5672 amnensis.
2152 5631 2250 5698 (τη)
2300 5631 2357 5685 u,
2392 5631 2849 5698 redintegratur.
2949 5631 3031 5690 (η)
3064 5631 3220 5674 Inter
3304 5631 3417 5698 uos
3460 5631 3788 5669 uox-omnum

444 5700 539 5740 res
565 5689 810 5816 ὄψει-ρῳ
843 5684 1261 5770 dignisSImum
1294 5683 1366 5770 ad
1393 5681 1645 5739 vmcula.
1721 5686 1797 5768 (ρ)
1818 5687 2000 5753 Quem
2041 5686 2331 5773 fustibus,
2362 5691 2440 5770 et.
2466 5686 2661 5772 gladio
2705 5687 3143 5747 interfecerunt.
3222 5631 3300 5763 (13
3334 5683 3475 5745 Vide
3517 5683 3706 5739 Ramn-
3730 5666 3790 5728 αδ

397 5771 534 5816 ann.
611 5771 789 5818 0mm:
811 5756 919 5816 503
950 5773 1013 5817 in
1040 5756 1140 5836 ﬁn.
1173 5754 1604 5818 Manichaeorum
1631 5754 1839 5816 codices
1868 5765 2070 5821 evasti.
2149 5760 2225 5837 (q)
2250 5760 2358 5833 CB,
2392 5759 2699 5821 oiborlum.

519 5796 534 5814 ο
565 5796 789 5818 ννησυνο
811 5796 919 5816 νυν
952 5796 1013 5817 ν’,
1040 5796 1140 5833 II...
1173 5796 1492 5818 ωιυυινηυνυι
1512 5796 1604 5814 νυν
1631 5796 1836 5816 ννυηννν
1868 5796 2070 5821 mm...
2250 5796 2358 5833 νυ,
2392 5796 2699 5821 νιυυιιυιωο
