4028 6166
249 212 348 276 453
924 211 1293 276 HISTORIA
1336 212 1438 276 DE
1482 212 1683 277 VITIS
1728 212 1915 279 ROM.
1966 212 2287 278 PONT.—
2329 217 2395 279 S.
2443 216 2953 284 SYMMACHUS.
3518 222 3635 290 454

382 350 716 426 argenteos
761 352 906 423 tres,
958 366 1217 427 pensan.
1267 347 1427 428 sing.
1475 348 1617 409 libr.
1666 348 2036 428 sexaginta;
2082 349 2429 412 oratorium
2473 352 2671 413 sancti
2726 353 2987 417 Thema:
3050 356 3321 437 apostoli
3389 377 3467 421 ex
3527 380 3632 424 ar-

386 459 605 538 gento,
651 472 828 534 pens.
880 454 1021 514 libr.
1070 456 1221 529 300;
1270 454 1331 514 in
1387 456 1775 516 confessibne
1816 456 1899 536 (α)
1945 456 2085 515 libr.
2134 456 2411 535 vigenti;
2458 476 2675 518 arcum
2736 468 3128 538 argenteum,
3177 483 3437 544 pensan.
3484 467 3629 530 libr.

313 563 347 621 5
389 561 749 634 sexdecim;
795 562 1256 624 confessionem
1300 562 1499 623 sancti
1542 562 1845 636 Cassiani,
1877 567 1942 623 et
1982 569 2344 635 sanctorum
2407 564 2648 638 Prothi,
2697 570 2760 626 et
2822 567 3160 647 Hyacinthi
3218 589 3296 632 ex
3341 581 3627 653 argento,

390 686 655 748 pensan.
719 668 913 728 libras
973 669 1229 748 viginti;
1277 688 1490 730 arcum
1550 676 1946 749 argenteum,
2005 688 2181 750 pens.
2252 670 2358 731 lib.
2422 674 2535 744 l2;
2582 672 2929 733 oratorium
2992 676 3194 736 sancti
3253 679 3634 756 Apollinaris

387 792 463 836 ex
533 781 819 854 argento,
865 780 929 837 et
997 776 1452 837 confessionem
1524 794 1668 836 cum
1739 794 1887 837 arcu
1949 795 2027 837 ex
2087 784 2373 856 argento,
2440 797 2616 858 pens.
2682 777 2828 839 libr.
2904 779 3204 859 triginta;
3270 784 3631 849 Oratorium

389 881 589 942 sancti
617 881 700 962 (b)
747 882 908 943 Sosii
950 901 1024 943 ex
1070 888 1333 963 argento
1377 884 1440 943 in
1486 882 1897 957 confessione,
1946 902 2122 964 pcns.
2170 885 2311 944 libr.
2359 884 2602 963 viginti.
2650 887 2804 946 Item
2850 885 2931 946 ad
2980 888 3218 950 fontem
3265 888 3339 949 in'
3372 889 3636 956 basilica

389 987 561 1048 beati
600 988 770 1049 Petri
813 989 1105 1069 apostoli,
1151 990 1498 1051 oratorium
1560 993 1796 1050 sanctae
1859 989 2061 1051 crucis
2123 1009 2199 1051 ex
2260 996 2545 1069 argento,
2607 991 3088 1065 confessionem,
3135 998 3197 1054 et
3264 1014 3513 1059 crucem
3557 1016 3635 1061 ex

281 1095 352 1156 lO
389 1112 544 1155 auro
586 1113 732 1155 cum
774 1097 1061 1174 gemmis,
1108 1096 1217 1157 ubi
1259 1096 1512 1158 inclusit
1570 1096 1812 1176 lignum
1858 1097 2279 1170 Dominicum,
2326 1099 2464 1178 ipsa
2524 1116 2679 1159 crux
2742 1117 2935 1161 aurea
2996 1121 3260 1181 pensan.
3319 1103 3464 1165 libr.
3521 1106 3635 1167 de-

389 1220 547 1263 cem.
595 1202 770 1264 Fecit
811 1208 1024 1264 autem
1068 1203 1347 1265 oratoria
1387 1203 1513 1265 duo
1557 1204 1759 1265 sancti
1808 1204 2070 1267 Joannis
2112 1205 2434 1285 Baptistae,
2496 1210 2557 1266 et
2626 1206 2829 1266 sancti
2894 1208 3156 1270 Joannis
3216 1210 3637 1292 Evangelistm

394 1308 454 1369 in
500 1327 773 1389 quorum
818 1310 1210 1373 confessione
1271 1329 1453 1372 arcus
1512 1317 1845 1390 argenteos
1916 1312 2146 1391 posuit,
2212 1331 2477 1391 pensan.
2523 1312 2667 1372 libr.
2716 1313 2976 1392 triginta
3020 1314 3092 1394 (c)
3150 1317 3302 1389 Quae
3345 1318 3639 1382 cubicula

391 1416 605 1477 omnia
648 1434 687 1477 a
728 1416 1141 1479 fundamento
1187 1418 1463 1497 perfecta
1506 1419 1877 1480 construxit.
1941 1418 2277 1479 Basilicam
2338 1438 2488 1480 vero
2549 1418 2719 1480 beati
2761 1420 2930 1481 Petri
2979 1422 3401 1486 marmoribus
3444 1444 3636 1488 orna-

390 1522 523 1597 vit;
568 1529 635 1584 et
676 1522 1051 1584 cantharum
1112 1524 1282 1585 beati
1336 1525 1507 1585 Petri
1569 1544 1711 1585 cum
1775 1524 2248 1605 quadriperticu
2320 1526 2742 1585 marmoribus
2801 1528 3067 1601 ornavit,
3134 1534 3198 1589 et
3257 1548 3332 1591 ex
3391 1532 3634 1595 musivo

285 1630 352 1689 15
391 1647 610 1708 agnos,
658 1634 722 1691 et
761 1647 998 1704 cruces,
1045 1635 1109 1692 et
1150 1630 1393 1711 palmas
1435 1629 1521 1712 (d)
1566 1631 1836 1693 ornavit.
1882 1632 2094 1711 Ipsum
2140 1650 2287 1692 vero
2331 1631 2561 1692 atrium
2604 1649 2792 1693 omne
2845 1634 3353 1713 compaginavit;
3400 1638 3634 1717 gradus

390 1754 539 1797 vero
599 1743 748 1797 ante
810 1737 974 1797 fores
1035 1737 1308 1798 basilicze
1367 1737 1537 1798 beati
1595 1738 1764 1799 Petri
1825 1738 2175 1817 ampliavit,
2221 1743 2283 1798 et
2343 1738 2796 1818 alios‘gradus
2857 1741 3229 1815 construxit,
3275 1743 3392 1804 sub
3454 1744 3633 1824 tigno

392 1841 633 1917 dextra,
667 1843 975 1923 laevaque.
1022 1845 1175 1905 Item
1220 1844 1285 1904 in
1324 1844 1549 1905 'eodem
1595 1844 1733 1905 loco
1795 1844 2114 1924 episcopia
2173 1844 2393 1905 dextra
2455 1845 2739 1924 lmvaque
2800 1844 2979 1919 fecit;
3026 1845 3175 1908 item
3241 1848 3358 1910 sub
3401 1851 3636 1929 gradus

391 1950 452 2009 in
497 1949 661 2010 atrio
705 1950 895 2011 alium
943 1950 1318 2011 cantharum
1366 1952 1515 2012 foris
1558 1952 1620 2011 in
1665 1951 1857 2029 vulgo
1900 1951 2109 2030 campi
2153 1952 2381 2031 posuit,
2430 1957 2494 2011 et
2536 1951 2615 2011 ad
2662 1970 2841 2012 usum
2888 1953 3274 2014 necessitatis
3335 1946 3633 2020 humanm

393 2055 578 2131 fecit;
625 2056 783 2117 item
824 2062 887 2117 et
928 2056 1083 2117 alios
1126 2057 1360 2136 gradus
1405 2057 1885 2119 ascendentibus
1929 2058 2010 2118 ad
2069 2058 2325 2119 beatum
2381 2058 2697 2119 Andream
2761 2058 2927 2133 fecit,
2973 2064 3036 2131 at
3097 2059 3472 2124 cantharum
3518 2082 3634 2144 po-

282 2165 356 2224 20
393 2163 549 2235 suit;
597 2162 701 2224 hic
748 2164 892 2225 fecit
934 2163 1256 2224 basilicam
1304 2170 1538 2224 sancta:
1584 2165 1877 2244 martyris
1919 2165 2187 2244 Agathae
2232 2165 2333 2224 via
2375 2164 2627 2225 Aurelia
2649 2164 2720 2245 (e)
2752 2165 2816 2225 in
2865 2166 3129 2226 fundum
3175 2168 3637 2244 Lardarum,et

391 2287 428 2330 a
468 2269 882 2331 fundamento
926 2289 1069 2331 cum
1133 2270 1303 2331 fonte
1365 2271 1737 2344 construxit,
1787 2270 1893 2331 ubi
1953 2271 2163 2350 posuit
2224 2289 2407 2332 arcus
2461 2276 2793 2349 argenteos
2835 2270 3017 2333 duos.
3065 2273 3299 2335 Eodem
3346 2280 3635 2357 tempore

390 2378 534 2438 fecit
573 2377 899 2438 basilicam
945 2377 1142 2438 sancti
1190 2376 1526 2452 Pancratii,
1577 2377 1684 2437 ubi
1727 2384 1789 2438 et
1830 2378 1977 2439 fecit
2019 2396 2232 2438 arcum
2278 2385 2672 2457 argenteum,
2720 2378 2829 2458 qui
2876 2380 3183 2458 pensabat
3253 2381 3396 2444 libr.
3444 2358 3632 2464 quin-

392 2484 633 2556 decim;
684 2483 829 2544 fecit
870 2489 1082 2545 autem
1126 2483 1190 2543 in
1233 2483 1455 2544 eodem
1499 2482 1636 2544 loco
1679 2484 2020 2558 balneum;
2070 2486 2213 2546 iiem
2277 2485 2445 2564 apud
2506 2484 2761 2545 beatum
2827 2486 3184 2565 apestolum
3230 2488 3519 2564 Paulum,
3567 2491 3633 2552 in

393 2590 648 2650 basilica
709 2591 1036 2651 renovavit
1104 2590 1413 2664 absidam,
1460 2610 1602 2670 quas
1663 2591 1727 2650 in
1792 2591 2039 2651 ruinam
2099 2592 2487 2662 imminebat,
2536 2599 2600 2651 et
2660 2599 2802 2671 post
2862 2593 3319 2654 confessionem
3384 2597 3632 2674 pictura

288 2700 357 2759 25
399 2697 668 2759 ornavit.
713 2698 792 2757 Et
834 2715 1148 2758 cameram
1192 2698 1362 2771 fecit,
1408 2702 1471 2758 et
1512 2703 1931 2773 matroneum,
1980 2702 2043 2757 et
2101 2715 2290 2777 super
2348 2697 2800 2758 confessionem
2861 2697 3202 2775 imaginem
3265 2708 3630 2779 argenteam

392 2824 530 2867 cum
574 2806 922 2882 Salvatore,
967 2811 1031 2867 et
1072 2805 1404 2867 duodecim
1467 2806 1788 2886 apostolos
1831 2804 2059 2885 posuit,
2108 2806 2217 2885 qui
2281 2805 2631 2885 pensabant
2688 2805 2884 2866 libras
2945 2812 3196 2867 centum
3254 2807 3518 2887 viginti;
3567 2818 3634 2874 et

396 2919 536 2974 ante
580 2913 745 2975 fores
803 2912 1080 2974 basilicae
1123 2913 1359 2992 gradus
1400 2912 1549 2975 fecit
1590 2912 1651 2973 in
1699 2913 1885 2987 atrio,
1932 2917 1995 2974 et
2054 2911 2471 2986 cantharum;
2518 2916 2581 2973 et
2622 2916 2765 2993 post
2807 2911 3089 2975 absidam
3154 2932 3386 2995 aquam
3425 2915 3630 2981 intro-

398 3019 594 3093 duxit,
640 3019 750 3097 ubi
793 3025 854 3081 et
900 3019 1193 3093 balneum
1239 3038 1278 3081 a
1319 3019 1732 3081 fundamento
1776 3020 1945 3081 fecit.
3000 3014 3003 3017 ’

474 3135 585 3188 80
625 3128 801 3188 Intra
843 3126 1162 3191 civitatem
1209 3130 1558 3189 Romanam
1600 3126 1923 3188 basilicam
1984 3131 2345 3187 sanctorum
2399 3126 2680 3187 Silvestri
2723 3130 2783 3187 et
2843 3126 3095 3189 Martini
3138 3146 3176 3189 a
3216 3128 3630 3194 fundamento

396 3233 742 3295 construxit
788 3232 977 3313 juxta
1034 3234 1340 3296 Thermas
1398 3232 1723 3313 Trajanas,
1773 3234 1883 3294 ubi
1942 3239 2005 3295 et
2064 3219 2254 3313 super
2312 3233 2511 3293 altare
2552 3232 2632 3313 (f)
2675 3233 2979 3311 tigurium
3044 3243 3413 3314 argenteum
3462 3238 3629 3314 fecit,

398 3360 653 3421 pensan.
701 3340 846 3400 libr.
896 3342 1033 3414 120,
1080 3359 1263 3401 arcus
1322 3345 1619 3418 argentos
1680 3343 1754 3400 12
1817 3340 1927 3422 qui
1988 3340 2341 3419 pensabant
2400 3339 2634 3419 singuli
2676 3339 2820 3400 libr.
2868 3340 3123 3416 decem;
3173 3344 3631 3407 confessionem

397 3454 779 3528 argenteam,
828 3467 969 3527 quae
1028 3466 1293 3527 pensan.
1340 3447 1483 3507 libr;
1532 3450 1629 3508 15.
1675 3448 1770 3508 Ad
1832 3448 2085 3509 beatum
2145 3449 2455 3509 Joannem
2516 3453 2581 3507 et
2647 3446 2915 3508 Paulum
2976 3448 3125 3509 fecit
3191 3451 3428 3528 gradus
3489 3459 3631 3533 post

324 3556 358 3614 5
396 3555 717 3628 absidam;
762 3554 911 3615 item
956 3555 1036 3614 ad
1080 3553 1530 3633 archangelum
1575 3553 1946 3616 Michaelem
1992 3554 2312 3614 basilicam
2358 3553 2706 3633 ampliavit,
2752 3559 2815 3615 et
2857 3553 3090 3632 gradus
3133 3554 3298 3630 fecit,
3325 3561 3387 3618 et
3426 3557 3630 3620 intro-

394 3662 567 3723 duxit
608 3679 883 3742 aquam;
928 3662 1079 3722 item
1124 3661 1204 3721 ad
1248 3668 1531 3721 sanctam
1576 3662 1879 3736 Mariam;
1926 3661 2270 3722 oratorium
2318 3666 2678 3721 sanctorum
2722 3661 2962 3721 Cosmae
3004 3668 3068 3722 et
3108 3663 3463 3725 Damiania
3490 3666 3629 3743 fun,

394 3769 685 3831 damento
730 3768 1119 3841 construxit;
1165 3767 1315 3829 item
1359 3767 1425 3827 in
1475 3767 1571 3828 via
1610 3767 1945 3828 Tiburtina
2009 3767 2305 3828 milliaria
2369 3766 2668 3846 vigesimo
2732 3767 3000 3847 septimo
3062 3768 3141 3829 ab
3197 3768 3367 3832 Urbe
3411 3768 3633 3834 Roma-

391 3882 643 3955 rogatus
684 3875 766 3935 ab
811 3872 894 3956 (g)
940 3873 1163 3935 Alvino
1207 3879 1270 3935 et
1312 3874 1547 3935 Glaﬁra
1586 3874 1934 3935 illustribus
1976 3874 2054 3934 de
2099 3875 2356 3954 proprio
2402 3873 2774 3935 facientibus
2817 3892 2854 3933 a
2883 3874 3252 3936 fudamento
3300 3876 3629 3941 basilicam

320 3974 329 3979 ’
395 3982 573 4045 beato
616 3983 804 4043 Petro
845 3982 910 4042 in
960 3981 1221 4042 fundum
1264 3980 1675 4042 Pacinianum
1720 3979 2073 4054 dedicavit;
2119 3980 2271 4041 item
2316 3980 2395 4041 ad
2438 3980 2695 4041 beatum
2737 3982 2993 4042 Petrum
3058 3986 3122 4042 et
3162 3981 3415 4043 beatum
3461 3986 3629 4047 Pau-

294 4090 357 4151 IO
393 4090 515 4150 lum
560 4088 902 4170 apostolos,
941 4093 1003 4149 et
1044 4087 1122 4148 ad
1168 4092 1452 4149 sanctum
1515 4087 1924 4148 Laurentium
1988 4091 2327 4165 martyrem
2390 4086 2775 4165 pauperibus
2835 4085 3200 4148 habitacula
3252 4092 3626 4153 construxit.

393 4197 540 4258 Item
586 4195 669 4257 ad
713 4195 969 4256 beatum
1014 4197 1268 4256 Petrum
1310 4193 1535 4273 viginti
1577 4192 1885 4254 canthara
1925 4198 2228 4273 argentea
2268 4192 2436 4265 fecit,
2486 4210 2749 4271 pensan.
2795 4190 3046 4271 singula
3104 4191 3298 4254 libras
3358 4195 3627 4274 quinde-

393 4304 531 4379 cim,
577 4309 642 4365 et
684 4320 868 4363 arcus
909 4302 987 4361 22
1031 4319 1295 4381 pensan.
1340 4300 1501 4379 sing.
1551 4299 1692 4361 libr.
1736 4300 1982 4379 viginti.
2030 4300 2142 4360 Hic
2202 4298 2521 4378 reparavit
2580 4298 2906 4359 basilicam
2967 4303 3202 4358 sanctae
3256 4300 3624 4378 Felicitatis,

395 4411 467 4493 (ἡ)
511 4429 655 4491 quas
689 4410 828 4490 jam
870 4409 935 4470 in
965 4408 1215 4469 ruinam
1258 4406 1669 4481 imminebat;
1716 4406 1820 4468 hic
1862 4405 2145 4468 absidem
2189 4405 2390 4467 beatae
2432 4404 2712 4484 Agnetis,
2747 4423 2889 4486 quae
2932 4404 2996 4465 in
3040 4404 3288 4467 ruinam
3331 4405 3627 4472 immine-

392 4518 494 4579 bat
532 4524 594 4579 et
636 4535 891 4579 omnem
934 4515 1257 4576 basilicam
1302 4514 1650 4576 renovavit.

466 4634 564 4686 81
614 4625 727 4686 Hic
769 4623 1096 4686 constituit
1139 4627 1209 4684 ut
1267 4621 1441 4683 omni
1500 4621 1602 4683 die
1659 4620 2041 4695 Dominicos,
2076 4620 2176 4682 vel
2219 4619 2521 4681 natalitiis
2584 4624 2934 4698 martyrum
2996 4618 3269 4698 hymnus
3313 4620 3627 4684 diceretur

389 4732 727 4814 angelicas,
772 4731 835 4792 id
879 4736 976 4792 est
1013 4728 1213 4811 gloria
1244 4729 1310 4789 in
1350 4728 1589 4789 excelsis
1622 4728 1764 4789 Deo.
1809 4729 1924 4789 Hic
1966 4728 2113 4789 fecit
2155 4727 2583 4789 cmmeterium
2626 4726 3047 4787 Jordanorum
3094 4726 3159 4786 in
3206 4727 3431 4788 melius
3475 4747 3624 4808 pro-

389 4847 522 4921 pter
563 4856 792 4919 corpus
832 4838 1032 4899 sancti
1072 4836 1447 4911 Alexandri;
1496 4834 1596 4896 hic
1638 4835 1812 4896 omni
1854 4854 2023 4897 anno
2068 4854 2179 4915 per
2219 4834 2519 4908 Africam,
2566 4833 2665 4894 vel
2708 4833 3062 4895 Sardiniam
3125 4833 3207 4895 ad
3267 4835 3619 4917 episcopos,

385 4948 487 5028 qui
528 4947 592 5008 in
624 4945 844 5007 exsilio
878 4950 1059 5006 erant
1098 4943 1347 5016 retrusi,
1381 4942 1714 5023 pecuniam
1759 4947 1821 5003 et
1861 4949 2064 5004 vestes
2110 4942 2542 5014 ministrabat;
2593 4940 2694 5000 hic
2736 4941 3017 5019 captivos
3045 4959 3158 5020 per
3187 4941 3530 5020 Liguriam,
3558 4951 3624 5007 et

310 5058 346 5117 5
389 5053 837 5127 Mediolanum,
883 5057 948 5112 et
1005 5069 1119 5131 per
1178 5049 1458 5111 diversas
1521 5048 1876 5129 provincias
1918 5048 1989 5129 (ι)
2032 5048 2298 5129 pecunia
2358 5046 2642 5121 redemit,
2689 5050 2752 5107 et
2810 5045 2978 5107 dona
3040 5046 3507 5127 multiplicavit,
3565 5054 3632 5113 et

380 5160 653 5235 dimisit;
699 5158 794 5221 hic
819 5157 966 5238 fecit
1003 5155 1408 5219 ordinationes
1449 5164 1706 5237 quatuor
1748 5158 1811 5216 in
1853 5155 2000 5217 urbe
2038 5155 2230 5217 Roma
2265 5174 2379 5237 per
2418 5172 2634 5215 menses
2680 5152 3050 5216 Decembrem
3102 5162 3159 5216 et
3198 5153 3620 5247 Februarium,

375 5266 752 5351 presbyteros
779 5265 1113 5345 nonaginta
1140 5262 1308 5340 duos,
1339 5262 1619 5326 diaconos
1645 5261 1962 5340 sexdecim,
1993 5263 2291 5343 episcopos
2315 5280 2427 5343 per
2455 5261 2704 5322 diversa
2752 5258 2878 5321 loca
2921 5269 3149 5322 centum
3180 5258 3259 5343 (lc)
3291 5270 3352 5322 et
3385 5271 3622 5344 septem.

378 5376 495 5450 Qui
539 5374 733 5437 etiam
773 5371 1033 5454 sepultus
1089 5381 1171 5433 est
1210 5371 1276 5432 in
1317 5370 1579 5432 basilica
1621 5370 1791 5431 beati
1833 5370 2002 5430 Petri
2045 5368 2340 5449 apostoli,
2384 5377 2443 5429 et
2487 5367 2731 5429 cessavit
2775 5368 3143 5449 episcopatus
3182 5367 3315 5429 dies
3356 5373 3620 5450 septem,

377 5483 486 5565 qui
530 5481 729 5545 etiam
771 5479 838 5541 in
881 5497 1038 5561 pace
1080 5479 1402 5543 confessor
1443 5478 1702 5557 quievit.

1396 5600 1647 5647 NOTULE
1692 5600 2079 5646 MARGINALES
2123 5599 2441 5645 FABROT’I‘I.

295 5686 498 5772 (a108,
531 5690 587 5743 et
607 5684 1059 5769 confessionem.
1134 5683 1210 5755 (ὁ)
1246 5684 1311 5747 C,
1344 5681 1514 5741 Sosii.
1584 5684 1734 5765 (c)_et
1761 5680 2031 5764 cubicula
2062 5699 2191 5763 pas.
2246 5681 2346 5766 .(d)
2376 5679 2530 5763 fecit.
2592 5680 2663 5752 (c)
2695 5678 2752 5762 in
2785 5670 3278 5760 fundolaudario.
3348 5678 3418 5806 Υ)
3447 5678 3505 5749 6,
3538 5676 3621 5736 ei-

295 5776 467 5806 mum-
548 5759 604 5806 (Σ,
639 5759 718 5806 (al
747 5756 955 5806 Albino
984 5760 1041 5806 et
1067 5754 1360 5806 Glanhvra
1391 5758 1734 5806 nrmnositls.
1811 5754 1893 5806 (h)
1921 5770 2017 5806 cui
2045 5770 2215 5806 rmna
2240 5751 2608 5806 Imminebat.
2684 5750 2749 5806 (tl
2782 5763 3033 5806 Decumi.
3112 5748 3185 5806 (It)
3214 5749 3317 5806 CB.
3383 5751 3438 5806 7.

242 5748 496 5819 boriumf
548 5759 605 5817 ϐ.
639 5759 718 5834 (g)
746 5756 955 5816 Albino
984 5760 1041 5814 et
1067 5748 1360 5831 Glaphyra
1388 5748 1734 5829 prmpoSitis.
1811 5757 1832 5826 (

1846 5754 1893 5824 ιι)
1921 5752 2017 5812 cui
2045 5748 2215 5811 ruina
2240 5748 2608 5824 imminebat,
2644 5748 2652 5752 ’
2684 5750 2749 5824 (i)
2779 5748 3033 5822 pecunii.
3112 5748 3185 5825 (Ic)
3214 5749 3317 5822 CB,
3352 5748 3437 5806 17.
