4028 6166
222 201 315 267 ua
924 194 1293 257 HISTORIA
1335 194 1440 256 DE
1479 193 1685 257 VITIS
1732 191 1922 256 80M;
1968 191 2199 254 PONT.
2232 214 2311 234 —
2344 188 2410 250 S.
2457 186 2887 250 HORMISDA.
3491 179 3614 250 I'M

1355 589 1517 658 LIV.
1575 585 1947 656 SANCTUS
1998 581 2437 655 HORMISDA
2454 635 2469 651 .

1066 842 1229 889 anno
1273 840 1509 888 CHRISTI
1553 827 1694 899 514,
1740 838 2059 886 ANASTASII
2100 823 2201 895 24,
2246 837 2615 885 TBEODOBICI
2660 823 2759 882 22.

456 1252 561 1306 82
596 1242 943 1315 Hormisda,
977 1243 1216 1304 natione
1249 1241 1606 1325 Campanus,
1642 1261 1717 1303 ex
1739 1252 1914 1325 patre
1940 1242 2110 1303 Justo
2139 1239 2210 1300 de
2239 1240 2478 1300 civitate
2515 1239 2808 1302 Frisilone
2848 1240 2956 1322 (a),
2988 1240 3139 1303 sedit
3178 1262 3363 1306 annos
3408 1246 3471 1324 8,
3504 1245 3625 1310 dies

375 1346 447 1413 l7
481 1350 587 1433 (ὁ).
622 1352 769 1413 Fuit
792 1355 1000 1412 autem
1036 1349 1425 1428 temporibus
1459 1349 1622 1428 regis
1651 1347 2029 1410 Theodorici
2073 1352 2137 1408 et
2182 1347 2496 1408 Anastasii
2521 1347 2809 1426 Augusti,
2856 1368 2895 1409 a
2941 1349 3273 1413 consulatu
3302 1354 3625 1417 Senatoris

373 1477 572 1538 usque
600 1457 681 1518 ad
712 1456 1105 1518 consulatum
1138 1455 1504 1535 Symmachi
1533 1460 1596 1516 et
1623 1454 1844 1516 Boetii.
1876 1454 1989 1515 Hic
2018 1453 2372 1534 composuit
2401 1454 2663 1527 clerum,
2698 1459 2759 1515 et
2788 1455 3066 1535 psalmos
3086 1456 3158 1539 (ο)
3189 1458 3487 1535 erudivit;
3522 1461 3625 1524 hic

374 1567 522 1628 fecit
548 1564 874 1627 basilicam
906 1564 970 1624 in
1004 1563 1318 1626 territorio
1349 1564 1705 1625 Albanense
1734 1563 1802 1624 in
1833 1563 2287 1643 possessionem
2319 1561 2533 1623 Fontis
2561 1560 2681 1642 (d);
2714 1563 2952 1625 Eodem
2983 1570 3267 1645 tempore
3307 1586 3382 1629 ex
3422 1571 3628 1630 consti-

297 1676 334 1739 5
378 1668 501 1735 t'uto
528 1671 743 1756 synodi
767 1671 929 1731 misit
958 1672 1018 1731 in
1054 1669 1366 1745 Graeciam,
1402 1670 1825 1733 humanitatem
1851 1669 2187 1730 ostendens
2214 1667 2365 1728 sedis
2394 1667 2748 1748 apostolica,
2781 1669 2933 1749 quia
2964 1672 3161 1733 Graeci
3182 1671 3439 1755 obligati
3453 1685 3631 1737 erant

372 1779 482 1843 sub
514 1779 763 1841 vinculo
794 1776 1186 1840 anathematis
1204 1786 1460 1859 propter
1490 1777 1739 1839 Petrum
1769 1774 2277 1848 Alexandrinum,
2310 1782 2366 1834 et
2392 1773 2680 1836 Acacium
2713 1774 3433 1860 Constantinopolitanum
3477 1784 3630 1865 epis-

377 1905 550 1967 copos
579 1886 694 1946 sub
705 1886 739 1947 J
743 1904 863 1946 oan
874 1903 949 1945 ne
966 1884 1262 1966 episcopo
1275 1882 1977 1962 Constantinopolitano
1996 1899 2135 1942 cum
2170 1880 2434 1941 concilio
2455 1881 2618 1958 regis
2630 1880 3001 1944 Theodorici
3017 1883 3114 1965 (e),
3129 1884 3357 1947 direxit
3376 1907 3629 1970 quoque

374 1991 730 2055 Ennodium
758 1992 1092 2075 epiicOpum
1126 1990 1511 2065 Tictnensem,
1544 2000 1601 2051 et
1630 1990 2032 2051 Fortunatam
2060 1989 2391 2070 episcopum
2427 1985 2826 2058 Catenensem.
2870 1995 2936 2051 et
2972 1992 3355 2054 Venantium
3382 1994 3632 2077 presby-

379 2110 564 2160 terum
594 2099 758 2160 urbis
786 2098 1008 2173 Romx,
1044 2104 1108 2158 et
1134 2097 1401 2159 Vitalem
1436 2096 1774 2157 diaconum
1806 2096 1970 2157 sedis
1999 2094 2385 2175 apostolicae,
2421 2099 2484 2155 et
2513 2095 2798 2156 Hilarum
2828 2096 2919 2177 (Γ)
2945 2098 3266 2159 notarium
3314 2100 3481 2162 sedis
3525 2121 3633 2163 su-

268 2206 339 2271 10
378 2205 723 2289 prascritte.
756 2205 1103 2286 Euntesque
1131 2202 1212 2266 ad
1234 2204 1622 2265 Anastasium
1652 2203 2011 2282 Augustum,
2046 2200 2203 2261 nihil
2239 2210 2507 2279 egerunt.
2557 2202 2729 2263 Idem
2777 2202 3029 2264 secundo
3072 2206 3232 2267 misit
3283 2206 3635 2270 Ennodium

379 2314 611 2395 ipsum,
641 2321 698 2373 et
725 2311 1123 2391 Peregrinum
1152 2312 1482 2392 episcopum
1506 2311 1930 2370 Mezenensem
1985 2307 2069 2388 (ῃ)
2122 2313 2445 2387 portantes
2474 2308 2769 2389 epistolas,
2814 2311 3303 2374 confortatorias
3338 2313 3417 2394 (h)
3463 2315 3630 2392 ﬁdei,

377 2430 436 2482 et
463 2419 907 2482 contestationes
932 2425 1181 2479 secretas
1209 2425 1266 2478 et
1292 2436 1565 2477 numeros
1596 2417 1692 2488 {9,
1726 2420 1789 2476 et
1820 2419 2057 2475 textum
2095 2412 2297 2474 libello
2333 2415 2394 2474 in
2424 2434 2539 2496 quo
2570 2414 2785 2477 libello
2815 2416 3011 2479 noluit
3040 2421 3369 2482 consentire
3404 2422 3641 2503 Augus-

383 2536 472 2587 tus
500 2526 876 2588 Anastasius.
911 2524 1062 2604 quia
1092 2530 1152 2584 et
1183 2524 1315 2602 ipse
1345 2524 1409 2584 in
1441 2522 1733 2584 haeresim
1764 2520 2228 2600 Eutychianam
2261 2521 2864 2583 communicaverat.

461 2641 567 2694 88
615 2630 810 2694 Voluit
837 2631 1035 2712 itaque
1063 2630 1317 2691 eosdem
1348 2628 1591 2708 legatos
1613 2647 1729 2709 per
1755 2628 2289 2689 remunerationem
2320 2647 2694 2709 corrumpere
2721 2628 2817 2709 (ἢ.
2839 2630 3053 2709 Legati
3085 2650 3232 2696 vero
3258 2635 3422 2698 sedis
3450 2655 3635 2716 apos-

264 2734 270 2739 ’
383 2739 609 2813 ιοιίεω,
640 2747 965 2818 contempto
995 2736 1326 2798 Anastasio
1356 2739 1667 2814 Augusto,
1695 2734 2034 2795 nullatenus
2064 2743 2481 2794 consenserunt
2501 2734 2770 2816 accipere
2792 2739 3104 2817 pecunias,
3132 2740 3250 2801 nisi
3271 2741 3642 2806 satisfactio-

386 2866 529 2908 nem
559 2844 721 2909 sedis
752 2844 1111 2926 apostolicae
1143 2849 1536 2923 operaretur.
1571 2843 1747 2904 Tunc
1795 2842 2143 2922 imperator
2188 2840 2465 2921 repletus
2520 2841 2685 2903 furia
2729 2843 2916 2922 ejecit
2962 2863 3068 2907 eos
3112 2861 3221 2925 per
3249 2840 3638 2928 posterulam

382 2953 484 3035 (ι),
515 2962 575 3013 et
601 2952 879 3035 imposuit
904 2970 996 3013 eos
1028 2951 1092 3011 in
1119 2951 1321 3012 navim
1350 2950 1768 3030 periculosam
1800 2948 1883 3030 (lt)
1914 2967 2057 3010 cum
2090 2948 2415 3022 militibus,
2448 2954 2511 3009 et
2541 2950 2986 3029 magistrianis,
3019 2957 3083 3013 et
3113 2954 3537 3033 praefectianis
3568 2956 3639 3038 (Ι)

307 3063 345 3122 5
383 3060 637 3122 nomine
666 3057 768 3139 (m)
804 3056 1192 3119 Heliodorum
1220 3065 1279 3119 et
1304 3056 1694 3118 Demetrium.
1728 3056 1847 3129 Qui
1877 3054 1962 3137 (η)
1996 3055 2115 3116 hoc
2143 3053 2305 3116 dedit
2338 3055 2426 3116 eis
2457 3057 2517 3116 in
2546 3056 2840 3118 mandatis
2879 3057 3206 3139 imperator
3248 3063 3641 3138 Anastasius,

383 3176 449 3228 ut
475 3165 705 3227 nullam
733 3165 1027 3227 civitatem
1058 3162 1533 3244 ingrederentur.
1569 3163 1787 3242 Legati
1814 3181 1963 3222 vero
1994 3161 2159 3223 sedis
2190 3162 2554 3243 apostolicae
2581 3166 2856 3224 secretius
2892 3168 3328 3248 suprascriptas
3363 3168 3645 3250 epistolas

385 3273 534 3355 fidei
560 3274 633 3334 l9
656 3292 768 3355 per
796 3290 1003 3334 manus
1030 3270 1448 3332 monachorum
1496 3268 1999 3330 orthodoxorum
2046 3278 2445 3350 exposuerunt
2484 3290 2595 3351 per
2640 3289 2837 3333 omnes
2883 3273 3171 3336 civitates.
3217 3275 3384 3346 Quas
3433 3282 3645 3338 tamen

389 3380 703 3462 epistolas
716 3379 796 3439 ab
826 3378 1137 3459 episcopis
1166 3375 1642 3455 civitatum,qui
1673 3381 1852 3435 erant
1874 3375 2214 3455 complices
2241 3378 2556 3438 Anastasii
2585 3378 2852 3457 Augusti
2881 3379 3106 3442 timore
3134 3399 3357 3443 omnes
3381 3400 3491 3445 eas
3518 3385 3647 3465 epi-

389 3486 582 3548 stolas
612 3484 761 3546 ﬁdei
791 3504 905 3565 pro
935 3483 1196 3545 crimine
1225 3481 1839 3562 Constantinopolim
1874 3479 2245 3544 direxerunt
2270 3481 2377 3562 (ο).
2414 3485 2648 3545 Furore
2680 3484 2958 3564 repletus
2986 3487 3353 3549 Anastasius
3393 3491 3644 3568 Augus-

279 3588 353 3655 ιο
392 3599 490 3654 tus
518 3599 741 3653 contra
768 3610 998 3672 papam
1033 3590 1427 3652 Hormisdam
1461 3591 1618 3649 inter
1642 3588 1769 3650 alia
1797 3608 1973 3650 sacra
2002 3608 2117 3649 sua
2143 3588 2264 3650 hoc
2291 3590 2528 3670 scripsit
2574 3589 2773 3651 dicens
2824 3609 2837 3650 :
2890 3594 3015 3653 Nos
3054 3592 3279 3672 jubere
3326 3595 3642 3670 volumus,

391 3719 519 3761 non
550 3698 734 3760 nobis
756 3697 992 3777 juberi.
1025 3695 1257 3759 Eodem
1287 3705 1544 3778 tempore
1586 3701 1747 3758 nutu
1791 3694 2140 3769 divinitatis
2187 3714 2520 3775 percussus
2569 3703 2664 3758 est
2711 3697 2977 3759 fulmine
3026 3698 3239 3762 divino
3283 3702 3649 3763 Anastasius

389 3805 756 3887 imperator,
790 3808 854 3865 et
880 3803 1059 3865 obiit.
1093 3803 1365 3884 Sumpsit
1392 3803 1592 3883 itaque
1621 3802 1940 3882 imperium
1966 3801 2238 3863 Justinus
2266 3801 2655 3877 orthodoxus,
2674 3814 2729 3864 et
2746 3805 2979 3866 direxit
3005 3807 3443 3869 auctoritatem
3464 3824 3647 3872 suam

391 3911 471 3972 ad
504 3918 736 3991 papam
768 3906 1169 3971 Ho‘r'misdam
1199 3907 1363 3969 sedis
1394 3906 1758 3987 apostolicae
1807 3926 1920 3989 per
1968 3906 2221 3970 Gratum
2252 3907 2362 3991 (p),
2396 3918 2453 3970 et
2482 3908 2772 3972 illustrem
2818 3920 3074 3988 nomine,
3111 3933 3371 3994 sperans
3416 3934 3457 3976 a
3502 3915 3657 3978 sede

394 4018 763 4098 apostolica,
796 4022 868 4077 ut
897 4015 980 4097 (ᾳ)
1015 4016 1509 4094 reintegrarctur
1540 4033 1664 4094 pax
1702 4015 2147 4076 Ecclesiaru'n.

477 4134 586 4187 84
624 4123 786 4186 Tunc
814 4120 1141 4185 Hormisda
1170 4122 1473 4203 episcopus
1502 4140 1633 4182 cum
1667 4122 1908 4182 consilio
1938 4122 2097 4202 regis
2131 4121 2485 4183 Theodorici
2507 4122 2585 4205 (r)
2622 4123 2848 4186 direxit
2874 4144 2920 4201 a,
2941 4127 3088 4187 sede
3119 4129 3469 4208 apostolica
3500 4127 3649 4191 Ger-

394 4250 635 4293 manum
669 4230 1022 4312 Capuanum
1050 4230 1404 4310 episwpum,
1440 4236 1493 4288 et
1517 4226 1830 4301 Joannem,
1861 4236 1919 4288 et
1947 4226 2248 4288 Blandum
2294 4229 2716 4308 presbyteros,
2770 4240 2830 4291 et
2877 4231 3148 4305 Felicem,
3200 4242 3260 4294 et
3306 4233 3652 4295 Dioscorum

395 4338 693 4401 diaconos
723 4334 888 4399 sedis
919 4334 1305 4417 apostolicae,
1338 4338 1401 4396 et
1427 4334 1684 4395 Petrum
1716 4333 2068 4396 Notarium.
2101 4335 2267 4406 Quos
2297 4333 2569 4396 monitos
2597 4355 2672 4397 ex
2704 4337 2878 4399 omni
2908 4344 3085 4418 parte
3113 4339 3285 4415 ﬁdei,
3316 4345 3381 4402 et
3410 4346 3651 4402 textum

394 4425 592 4507 libelli
622 4443 1012 4525 paenitentiae
1042 4441 1139 4523 (s),
1178 4442 1290 4523 qui
1312 4441 1597 4502 venientes
1623 4440 1693 4521 (t)
1716 4442 1904 4520 juxta
1936 4440 2529 4524 Constantinopolim,
2563 4451 2730 4505 tanta
2760 4444 2965 4523 gratia
3006 4444 3153 4505 ﬁdei
3195 4445 3443 4506 refulsit
3472 4445 3561 4528 (τι)
3588 4455 3664 4509 at

320 4550 357 4615 δ
397 4547 713 4614 multitudo
742 4548 1161 4613 monachorum
1190 4546 1717 4621 orthodoxorum,
1750 4556 1809 4608 et
1838 4546 2158 4609 illustrium
2188 4548 2453 4610 virorum
2500 4549 2780 4611 maxima
2820 4549 3134 4613 multitudo
3181 4562 3539 4615 occurreret.
3585 4554 3657 4616 in

395 4658 611 4742 quibus
639 4667 698 4720 et
716 4656 989 4720 Justinus
1020 4657 1369 4738 imperator,
1395 4660 1453 4716 et
1490 4655 1823 4717 Vitalianus
1844 4656 2065 4717 consul
2094 4655 2281 4716 simul
2311 4667 2697 4717 occurrerunt
2725 4675 2761 4718 a
2793 4657 3062 4720 Castello
3089 4660 3382 4723 Rotumlo
3416 4658 3519 4744 (υ),
3548 4678 3668 4753 qu,-

398 4764 634 4828 dicitur
664 4762 747 4847 (τε)
784 4783 981 4845 usque
1010 4763 1079 4825 in
1109 4762 1426 4825 civitatem
1458 4762 2090 4843 Constantinopolim,
2125 4780 2268 4822 cum
2297 4762 2495 4841 gloria
2523 4768 2586 4825 et
2615 4760 2929 4828 laudibus.
2953 4766 3073 4842 Qui
3094 4767 3353 4848 ingressi
3372 4790 3498 4831 una
3527 4784 3659 4832 cum

403 4871 593 4935 Grato
620 4871 865 4945 illustri,
899 4870 1160 4952 suscepti
1180 4878 1315 4931 sunt
1345 4888 1383 4930 a
1410 4868 1644 4932 Iustino
1675 4872 1943 4951 Augusto
1973 4867 2301 4930 orthodoxa
2348 4888 2479 4930 cum
2529 4870 2749 4950 gloria.
2804 4871 3017 4935 Omnia
3064 4874 3263 4956 itaque
3306 4875 3503 4939 clerus
3536 4890 3659 4939 una

1436 5098 1692 5144 NOTULE
1734 5098 2116 5145 MARGINALES
2156 5097 2468 5145 FABROTTI.

313 5302 392 5373 (ᾳ)
422 5298 483 5363 C,
509 5296 864 5373 Frusinona.
908 5295 1377 5373 A((g)_Fusinona.‘
1415 5370 1422 5373 _
1466 5296 1580 5373 _I_2_B_,
1611 5312 1727 5373 ann
1757 5296 1813 5362 9,
1844 5295 1959 5373 dies
1991 5296 2645 5373 10,_a__Cons‘Qassio_dori
2669 5296 2744 5373 ad
2775 5294 3095 5373 Maximum.
3126 5372 3137 5373 ί
3201 5300 3271 5373 (c)
3309 5299 3558 5358 Psalmis
3598 5303 3656 5358 C.

313 5366 389 5439 (Α)
417 5375 486 5437 Β,
508 5368 801 5426 Mefontis.
879 5370 945 5433 C,
981 5366 1283 5423 Mesontis.
1361 5366 1439 5439 (θ)
1466 5367 1591 5421 Vide
1621 5368 1803 5423 Baron
1832 5367 2047 5439 adiann
2072 5369 2197 5424 515.
2303 5368 2377 5439 (f)
2410 5370 2468 5432 C,
2506 5366 2810 5425 Hilarium.
2887 5375 2967 5437 (Ω)
3006 5371 3065 5439 6,
3122 5366 3499 5428 Mesenatem.
3578 5374 3658 5439 (h)

246 5438 827 5508 B,uonﬁrmatorias.
903 5442 970 5508 (ἰ)
1003 5439 1130 5495 Vide
1160 5440 1348 5494 Baron
1372 5438 1445 5493 ad
1474 5455 1587 5492 ann
1614 5440 1741 5493 517.
1818 5444 1837 5505 (

247 5512 553 5563 arefactis.
632 5512 733 5563 (mi
758 5510 1045 5563 Eliodoro.
1079 5515 1137 5563 et
1171 5509 1480 5563 Demetrio.
1558 5510 1635 5563 (nl
1670 5510 1727 5563 C.
1759 5526 1837 5563 au

2044 5439 2164 5494 lrbe
2197 5438 2706 5563 pergosticulum,
2783 5440 2858 5509 (lc)
2890 5442 3027 5507 Navi
3052 5438 3422 5527 periculosa.
3498 5443 3567 5526 (_l)
3597 5442 3635 5498 ϐ

2071 5514 2145 5563 to)
2180 5511 2304 5563 Vide
2377 5527 2515 5563 aron
2545 5512 2627 5563 loc
2654 5518 2744 5563 cit.
2778 5528 2882 5563 ma
2910 5514 3034 5563 677.
3068 5522 3119 5563 et
3146 5531 3207 5563 ιη
3237 5514 3344 5563 ﬁne
3390 5521 3523 5563 tam:
3560 5511 3633 5563 VI

247 5512 553 5585 putastis.
632 5512 733 5585 (in)
758 5510 1046 5585 Eliodoro,
1079 5515 1137 5565 et
1171 5510 1480 5585 Qemetdo.
1558 5510 1635 5582 (π)
1670 5510 1727 5585 (3,
1759 5510 1994 5585 quibus.
2071 5514 2145 5579 (0)
2180 5510 2515 5585 Vide‘liaron
2545 5512 2627 5567 loc
2654 5515 2744 5585 cit.
2775 5528 2882 5583 pag
2910 5514 3034 5580 677,
3068 5510 3119 5569 Et
3146 5516 3207 5585 in
3234 5514 3344 5585 ﬁne
3390 5515 3525 5585 tanti
3546 5510 3635 5569 VI

314 5584 400 5657 (ρ)
422 5584 527 5654 Leg
555 5598 665 5657 per
683 5580 924 5657 Gratum
954 5580 1146 5657 virum
1176 5581 1487 5657 illustrem.
1565 5580 1644 5657 (q)
1677 5583 1742 5653 0,
1766 5580 2060 5657 redinteg.
2137 5581 2209 5652 (r)
2250 5582 2595 5657 Vide‘ltaron
2622 5583 2693 5657 ad
2720 5580 2859 5657 ann.
2884 5585 3030 5657 518.Δ
3078 5580 3659 5657 (θρίξφμπιοτιῇσεξξ

247 5651 770 5732 φράξει-βόες
804 5657 1052 5732 etAtextu
1083 5652 1269 5732 libelli
1284 5651 1673 5732 pmnitentiaa.
1726 5651 1812 5721 Ὀ,
1844 5651 2123 5710 munitos.
2202 5656 2262 5727 (t)
2293 5652 2518 5724 Quibus
2546 5653 2933 5717 venientibus.
3011 5651 3193 5727 (200,
3235 5654 3352 5711 illis
3400 5653 3505 5719 ref.
3582 5652 3665 5732 (τ’)

248 5725 308 5795 6,
336 5723 670 5787 attinendi.-
740 5724 831 5797 (at)
855 5723 913 5779 C.
949 5724 1104 5795 quod
1138 5723 1319 5781 ducit}

3641 5485 3656 5511 9
