4028 6166
421 197 540 258 515

1579 192 1994 255 ANASTASII
2041 194 2666 255 BIBLIOTIIECARI.
3663 205 3759 268 518

584 335 704 408 que
746 327 826 387 ad
870 325 1101 388 Jastini
1143 327 1414 406 Augusti
1459 333 1746 408 tempora
1789 347 1914 390 non
1961 328 2261 389 meruisse
2305 333 2514 407 partes
2557 326 2938 388 Graeciarum
2981 325 3152 386 beati
3192 325 3356 388 Petri
3395 333 3642 410 apostoli
3683 339 3764 398 vi-

581 434 816 494 carium
866 434 1212 512 suscepisse
1256 452 1396 494 cum
1443 435 1665 514 gloria.

663 549 770 600 88
817 542 996 602 Tunc
1023 541 1323 608 Justinus
1365 543 1682 618 Augustus
1725 542 1882 602 dans
1925 541 2232 602 honorem
2277 544 2404 603 Deo
2465 540 2826 602 humiliavit
2879 559 2944 602 se
3005 558 3241 619 pronus
3285 539 3358 620 (a)
3403 547 3462 603 et
3515 545 3768 610 adoravit

579 645 1016 708 beatissimum
1078 666 1311 728 papam
1373 650 1707 710 Joannem.
1753 649 1991 708 Eodem
2057 655 2337 728 tempore
2390 648 2612 709 beatus
2669 649 2945 710 Joannes
3005 663 3174 728 papa
3231 665 3370 706 cum
3413 652 3767 716 senatoribus

582 753 1026 834 suprascriptis
1069 773 1212 815 cum
1259 755 1484 832 grandi
1537 755 1688 815 ﬂetu
1749 760 2134 834 rogaverunt
2193 756 2510 816 Justinum
2572 756 2949 834 Augustum,
2995 759 3068 814 ut
3125 753 3350 831 legatio
3407 757 3768 836 acceptabilis

578 865 740 921 esset
783 861 846 920 in
895 867 1236 939 conspectu
1281 859 1439 940 ejus.
1486 861 1604 932 Qui
1645 880 1793 922 vero
1839 880 2004 942 papa
2047 863 2344 936 Joannes,
2393 863 2490 922 vel
2536 867 2854 922 senatores
2897 860 3014 920 viri
3077 859 3346 938 religiosi
3401 862 3601 922 omnia
3655 883 3767 926 me-

498 969 535 1026 5
581 972 865 1040 ruerunt,
913 972 975 1028 et
1035 967 1304 1028 liberata
1365 975 1458 1028 est
1517 967 1696 1028 Iialia
1752 987 1790 1028 a
1851 987 1995 1047 rege
2055 968 2447 1030 Theoderico
2513 968 2830 1029 haeretico.
2875 967 3158 1028 Justinus
3211 966 3543 1046 imperator
3583 974 3767 1032 tamen

579 1073 808 1152 gaudio
855 1073 1133 1153 repletus
1177 1078 1290 1149 est,
1341 1073 1490 1152 quia
1541 1074 1769 1134 meruit
1819 1075 2210 1154 temporibus
2271 1075 2398 1136 suis
2457 1073 2760 1134 vicarium
2823 1073 2990 1134 beati
3049 1073 3218 1134 Petri
3277 1073 3533 1152 apostoli
3586 1075 3772 1138 videre

579 1198 775 1259 regno
819 1199 958 1253 suo,
1003 1180 1082 1242 de
1125 1179 1306 1259 cujus
1349 1181 1640 1241 manibus
1683 1199 1822 1241 cum
1869 1181 2071 1260 gloria
2113 1188 2448 1242 coronatus
2489 1187 2585 1242 est
2624 1181 2910 1243 Justinus
2964 1182 3303 1258 Augustus.
3348 1179 3573 1240 Eodem
3629 1186 3768 1243 tem-

580 1305 732 1366 pore
777 1305 918 1348 cum
965 1285 1030 1346 hi
1073 1287 1506 1366 suprascripti,
1553 1287 1616 1347 id
1682 1294 1774 1348 est
1829 1306 1994 1367 papa
2049 1289 2324 1349 Joannes
2385 1306 2527 1349 cum
2589 1286 3008 1362 senatoribus,
3053 1277 3384 1348 Theodoro
3439 1289 3762 1364 exconsule,

581 1393 946 1473 importuno
991 1393 1352 1465 exconsule,
1397 1393 1668 1473 Agapito
1711 1394 2048 1455 exconsule
2103 1393 2392 1474 (Agapito
2459 1395 2724 1474 patricio
2784 1394 3081 1455 defuncto
3111 1391 3633 1472 Thessalonicae),
3677 1413 3773 1474 po-

456 1499 533 1560 10
574 1499 678 1560 siti
721 1505 928 1560 essent
970 1499 1534 1579 Constantinopoli,
1587 1499 1975 1560 Theodericus
2017 1519 2126 1561 rex
2171 1501 2499 1562 baareticus
2559 1501 2747 1562 tenuit
2802 1499 2946 1560 duos
3002 1508 3297 1560 senatores
3355 1497 3699 1579 praeclaros,
3727 1508 3775 1560 et

574 1606 905 1667 exconsules
948 1605 1398 1686 Symmachum
1443 1613 1506 1667 et
1545 1607 1856 1680 Boetium,
1905 1613 1969 1668 et
2009 1607 2258 1682 occidit,
2303 1609 2686 1670 interficiens
2727 1607 2938 1686 gladio
2983 1606 3089 1688 (ὁ).

659 1721 768 1773 80
831 1713 1064 1774 Eodem
1133 1719 1418 1793 tempore
1477 1720 1799 1774 revertens
1857 1715 2134 1776 Joannes
2194 1715 2572 1776 venerabilis
2633 1733 2824 1795 papa,
2879 1719 2942 1774 et
2999 1717 3322 1774 senatores
3381 1730 3516 1773 cum
3579 1711 3772 1791 gloria,

581 1821 730 1881 dum
795 1820 1010 1882 omnia
1070 1821 1494 1882 obtinuissent
1552 1840 1590 1881 a
1649 1822 1896 1882 Justino
1959 1825 2263 1901 Augusto,
2328 1843 2436 1883 rex
2515 1821 2942 1884 Theodericus
3003 1820 3339 1882 haereticus
3397 1839 3522 1880 cum
3585 1818 3781 1898 grandi

579 1927 712 1988 dole
773 1937 829 1988 et
887 1926 1022 1988 odio
1083 1929 1332 2010 suscepit
1394 1929 1667 2002 eosdem,
1735 1947 1901 2008 papa
1959 1930 2266 1990 Joannem
2331 1935 2393 1990 et
2453 1934 2796 2000 senatores,
2865 1946 3024 2007 quos
3084 1927 3276 1988 etiam
3347 1925 3551 2005 gladio
3605 1924 3777 1985 voluit

575 2035 944 2106 interﬁcere,
1009 2035 1112 2096 sed
1161 2033 1452 2095 metuebat
1515 2035 1984 2114 indignationem
2042 2035 2274 2096 Justini
2329 2035 2650 2115 Augusti:
2696 2053 2853 2122 quos
2897 2044 3087 2096 tamen
3131 2035 3192 2093 in
3237 2031 3554 2094 custodiam
3605 2049 3772 2091 omnes

502 2143 537 2201 5
583 2141 852 2202 afﬂictos
895 2141 1198 2203 cruciavit
1241 2141 1338 2222 (c),
1389 2142 1471 2201 ita
1513 2151 1578 2200 ut
1625 2141 1985 2202 beatissimus
2023 2142 2282 2204 Joannes
2325 2143 2652 2222 episcopus
2695 2140 2918 2222 primae
2979 2140 3143 2202 sedis
3199 2159 3364 2222 papa
3423 2139 3486 2198 in
3541 2135 3772 2198 custodia

579 2249 852 2309 afﬂictus
895 2247 1167 2329 deﬁciens
1207 2255 1558 2309 moreretur.
1609 2248 1728 2322 Qui
1763 2248 2074 2327 defunctus
2114 2259 2195 2310 est
2238 2249 2534 2310 Ravennae
2579 2248 2640 2307 in
2683 2247 2946 2310 atstedia
2987 2265 3066 2309 xv
3107 2245 3194 2326 (ιι)
3241 2243 3538 2308 Kalendas
3591 2243 3779 2305 Junius

577 2361 838 2436 martyr.
887 2356 1033 2417 Post
1073 2353 1180 2414 hoc
1219 2354 1446 2434 factum
1489 2364 1636 2414 nutu
1681 2355 1796 2416 Dei
1832 2357 2240 2436 omnipotentis
2284 2355 2692 2433 nonagesimo
2737 2361 2958 2416 octavo
3003 2353 3126 2428 die,
3154 2362 3467 2435 postquam
3509 2350 3779 2433 defunctus

579 2473 658 2524 est
701 2463 1110 2524 beatissimus
1151 2463 1430 2524 Joannes
1473 2463 1534 2522 in
1575 2461 1863 2538 custodia,
1917 2461 2305 2524 Theodericus
2347 2481 2458 2521 rex
2501 2461 2833 2522 haereticus
2875 2459 3082 2522 subito
3127 2461 3378 2532 interiit,
3423 2463 3484 2520 et
3532 2463 3780 2518 mortuus

577 2575 691 2631 est.
757 2569 870 2631 Hic
927 2587 1093 2650 papa
1151 2571 1426 2630 Joannes
1488 2569 1632 2629 fecit
1686 2570 2116 2630 cmmcterium
2178 2569 2505 2630 beatorum
2569 2574 2922 2647 martyrum
2985 2567 3191 2642 Nerei,
3263 2572 3327 2628 et
3379 2563 3660 2637 Archilei,
3697 2561 3781 2620 via

457 2679 534 2738 10
576 2677 937 2739 Ardeatina.
984 2677 1140 2737 Item
1187 2675 1513 2737 renovavit
1555 2677 1984 2736 caemeterium
2031 2675 2251 2737 Felicis
2304 2681 2366 2736 et
2424 2675 2729 2748 Adaucti;
2777 2675 2928 2735 item
2993 2673 3328 2734 renovavit
3387 2669 3777 2733 coemeterium

573 2783 872 2844 Priscilla:
919 2783 1018 2843 via
1058 2783 1324 2843 Salaria.
1373 2783 1604 2844 Eodem
1653 2789 1936 2862 tempore
1981 2783 2255 2862 positum
2301 2787 2394 2842 est
2435 2787 2879 2842 ornamentum
2925 2799 3114 2860 super
3156 2778 3608 2841 confessionem
3637 2771 3780 2835 beati

573 2890 753 2950 Pauli
795 2889 1066 2970 apostoli
1109 2889 1186 2950 de
1229 2890 1498 2968 gemmis
1543 2889 1810 2969 prasinis
1854 2895 1918 2950 et
1958 2889 2406 2968 hiacynthinis.
2453 2890 2610 2949 Item
2655 2887 2847 2966 hujus
2903 2887 3304 2966 temporibus
3359 2885 3632 2948 Justinus
3681 2881 3780 2941 im-

574 3001 829 3076 perator
871 2996 1101 3057 obtulit
1143 3001 1438 3076 patenum
1487 3014 1744 3056 auream
1789 3015 1931 3056 cum
1976 2995 2264 3074 gemmis,
2313 3014 2488 3076 pons.
2536 2995 2678 3054 libr.
2731 2993 3006 3074 viginti;
3055 2993 3322 3054 calicem
3366 3007 3614 3052 aureum
3663 3001 3780 3046 cum

576 3103 862 3183 gemmis,
909 3122 1086 3182 pens.
1135 3103 1278 3162 libr.
1327 3103 1654 3182 quinque;
1704 3101 1976 3181 scyphos
2021 3107 2352 3180 argenteos
2395 3101 2676 3181 quinque
2713 3120 2727 3175 ;
2775 3101 2969 3181 pallia
3011 3089 3167 3161 auro
3212 3105 3394 3162 texta
3434 3093 3778 3179 quindecim,

457 3213 532 3271 15
575 3229 718 3291 quae
761 3210 894 3289 ipse
934 3211 1212 3270 Joannes
1255 3209 1485 3269 detulit
1528 3209 1830 3287 apostolis
1873 3208 2234 3269 beatissimo
2277 3209 2465 3268 Petro
2509 3213 2572 3269 et
2613 3207 2834 3281 Paulo,
2883 3213 2946 3268 et
2989 3207 3068 3268 ad
3111 3213 3404 3268 sanctam
3446 3202 3711 3272 Mariam,
3737 3200 3787 3258 et

575 3317 656 3378 ad
711 3321 997 3377 sanctum
1069 3315 1504 3376 Laurentium.
1563 3314 1676 3374 Hic
1735 3314 2052 3375 ordinavit
2105 3315 2428 3394 episcopos
2491 3333 2602 3393 per
2662 3314 2908 3375 diversa
2967 3314 3108 3375 loca
3169 3331 3439 3375 numero
3485 3311 3581 3370 15.
3623 3305 3784 3384 Cujus

575 3442 802 3503 corpus
847 3421 1220 3483 translatum
1267 3427 1360 3482 est
1401 3421 1479 3482 de
1527 3423 1848 3494 Ravenna,
1898 3425 1962 3481 et
2003 3421 2318 3502 sepultum
2369 3426 2462 3482 est
2511 3421 2578 3482 in
2625 3420 2888 3482 basilica
2943 3421 3112 3482 beati
3156 3421 3338 3483 Petri
3383 3409 3784 3501 apostoli‘sub

573 3530 674 3590 die
721 3546 778 3590 γι
829 3527 1094 3587 Kalend.
1147 3527 1296 3588 Jun.
1349 3526 1604 3606 Olybrio
1654 3527 1930 3598 consule,
1977 3533 2039 3588 et
2089 3527 2356 3590 cessavit
2397 3528 2792 3608 episcopatus
2841 3528 2974 3589 dies
3023 3529 3122 3588 58.

1595 3695 1839 3740 NOTL'LE
1880 3695 2268 3742 MARGINALES
2311 3695 2628 3742 FABROTTI.

485 3831 561 3904 (a)
594 3829 635 3904 (ζ
666 3829 725 3885 in
757 3833 992 3884 terram.

414 3919 508 3960 an.
538 3903 664 3957 526.

1075 3827 1150 3902 (b)
1185 3827 1313 3884 Vide
1339 3833 1540 3884 Baron.
1573 3827 1642 3884 ad
1670 3845 1802 3884 ann.
1835 3831 1987 3886 Dom.
2019 3829 2126 3885 525
2145 3838 2196 3886 et
2228 3830 2355 3885 526.
2433 3829 2503 3901 (ε)
2545 3833 2607 3898 C,
2661 3829 2996 3886 maceravit.
3073 3829 3152 3900 (ἁ)
3194 3830 3257 3898 C,
3295 3832 3382 3885 12.
3461 3827 3583 3883 Vide
3628 3829 3777 3880 Baron

1763 4041 2004 4098 VARIIE
2045 4041 2462 4099 LECTIONES.

691 4183 845 4258 Apud
872 4185 1186 4242 Fabrottum
1211 4202 1281 4241 ex
1307 4185 1487 4241 codice
1513 4186 1761 4242 Freheri.

479 4295 622 4350 Num
667 4295 758 4360 87,
809 4294 892 4349 lin
941 4294 992 4358 1,
1023 4297 1087 4348 B.

410 4371 467 4422 et
495 4365 812 4422 Justiniani
846 4363 1228 4436 Augusti.rilin
1259 4365 1311 4436 4,
1337 4364 1500 4436 A,_ad
1531 4363 1930 4436 Justinianum
1957 4365 2063 4418 im-

409 4443 759 4509 peratorem.
813 4437 894 4516 lin
941 4434 1030 4502 11,
1087 4435 1194 4500 ΑΒ,
1243 4434 1528 4514 Agapitus
1575 4435 1934 4515 exconsules.
1981 4437 2064 4490 lin

407 4509 615 4575 eadem,
647 4509 710 4574 A,
744 4524 844 4577 qui
867 4507 986 4577 ihoc
1016 4509 1366 4577 acceperunt
1397 4521 1454 4558 1n
1475 4503 1848 4577 rlegatlonum
1889 4523 2060 4560 man-

407 4550 818 4655 d_atis_._’lt,,g‘_iii
865 4576 1020 4655 hanc
1067 4550 1260 4655 accfep.
1294 4576 1376 4655 lin
1427 4576 1512 4655 14,
1541 4550 1633 4655 :4,
1667 4579 2062 4655 _occurrerunt

408 4649 460 4704 ei
490 4667 524 4703 a
555 4651 622 4702 12
645 4645 942 4712 milliario,
974 4651 1082 4701 etc.
1117 4645 1320 4700 civitas
1360 4649 1502 4699 tota.
1533 4650 1597 4713 Β,
1631 4645 1783 4700 cives
1833 4663 2056 4702 omnes.

411 4721 630 4800 tin‘106,
662 4723 1000 4800 a.tempore
1025 4715 1414 4800 ‘tlonstantini
1466 4721 1597 4800 Aug
1645 4716 2058 4800 beatique'Sil-

407 4786 892 4862 vestriepiscopi
943 4788 1099 4842 sedis
1147 4786 1475 4862 apostolica:
1527 4786 2058 4862 temporibusJus-j

407 4860 615 4932 tiniani
647 4858 918 4932 Augusti
943 4863 1138 4932 partes
1184 4858 1535 4932 Grzeciarum
1569 4858 1872 4932 meruisse,
1906 4860 2060 4916 beati

409 4931 560 5012 Petri
591 4930 838 5004 apostoli
870 4930 1152 4987 vicarium
1181 4930 1415 5000 vidisse,
1448 4937 1504 4988 et
1533 4948 1668 4988 cum
1699 4931 1886 5005 gloria
1925 4951 2060 4988 sus-

409 5020 657 5058 0801888.

527 5091 622 5129 um
649 5075 739 5139 88,
773 5073 854 5128 lin.
883 5074 918 5128 5
947 5077 1010 5138 Α,
1032 5090 1146 5145 quo
1179 5073 1482 5144 impetrato
1515 5073 1758 5130 liberata
1783 5079 1872 5130 est
1894 5074 2060 5130 Italia

407 5146 479 5201 ab
511 5145 781 5217 haaretico
814 5161 946 5217 rege
977 5145 1334 5200 Theoderico
1368 5145 1686 5216 imperator
1714 5147 1886 5201 tu.lin
1919 5149 2056 5212 6,4,

406 5219 469 5286 Β,
503 5215 695 5272 videre
716 5215 776 5270 in
809 5215 986 5289 regno
1018 5233 1145 5289 suo.
1181 5217 1344 5289 lin_7,
1381 5215 1580 5272 eodem
1613 5223 1874 5289 tempore
1905 5219 2056 5272 idem

407 5291 868 5361 papascnatores
883 5287 1252 5361 Theodorum
1271 5287 1670 5361 importunum
1693 5287 2055 5361 exconsules,

407 5357 465 5415 et
483 5357 1486 5441 Ef’tgnapitum_patricipmndct'un’ctos
1518 5359 1934 5441 Thessalonica
1964 5377 2060 5440 po-

408 5430 526 5486 suit
546 5429 1121 5502 Constantinopolim
1155 5429 1549 5485 Theodericus
1583 5447 1680 5485 rex
1727 5435 1932 5487 tenens
1963 5429 2057 5486 in-

405 5503 633 5558 terfecit
661 5502 876 5574 gladio.

1121 4297 1284 4364 patre
1337 4291 1741 4364 Constantino.
1775 4293 1858 4348 (in
1905 4294 1960 4360 3,
1993 4297 2061 4361 Α,

2075 4187 2130 4254 Α
2159 4185 2465 4267 haereticus
2495 4201 2628 4267 cum
2648 4185 2864 4267 grandi
2895 4185 3026 4240 dolo
3055 4189 3112 4267 c_t
3149 4185 3304 4267 odio
3338 4183 3608 4267 suscepitz
3645 4193 3786 4267 quos.

2172 4257 2348 4312 etiam
2401 4256 2594 4328 gladio
2643 4253 2966 4328 interficere
3013 4256 3216 4311 voluit.
3257 4259 3338 4313 lin
3372 4259 3426 4324 li,
3457 4253 3699 4328 AB,_bos
3715 4253 3786 4328 ta-

2173 4345 2304 4383 men
2337 4317 2542 4382 orffnes
2571 4327 2630 4381 in
2663 4327 2930 4382 custodia
2961 4327 3208 4382 afflictos
3241 4317 3649 4384 cremavitftin
3671 4317 3786 4386 6,11.

2171 4399 2266 4474 hic
2299 4400 2965 4474 det'u_nct_us.est,etc.,xv
2994 4397 3214 4474 Kalend
3247 4401 3348 4474 Jul
3383 4391 3786 4474 martyrditfli‘,

2171 4471 2233 4542 Β,
2269 4471 2468 4542 refecit
2499 4459 2883 4542 cimiterium.’
2909 4470 2990 4542 lin
3023 4471 3109 4536 10,
3145 4471 3313 4542 Nerei
3349 4475 3407 4526 et
3434 4459 3788 4542 Arebi_1_lei,_t_1.

2169 4533 2232 4594 Β.
2269 4541 2350 4594 lin
2383 4541 2469 4610 10,
2505 4543 2564 4606 A,
2591 4545 2648 4594 ct
2675 4541 2940 4608 Audacti,
2965 4547 3022 4596 et
3050 4533 3410 4598 cimiterium
3443 4533 3792 4595 PriscillzeJin

2173 4613 2258 4676 15,
2295 4613 2399 4674 ΑΒ,
2433 4627 2560 4682 quae
2593 4611 2717 4682 ipse
2747 4612 3004 4668 Joannes
3033 4613 3244 4668 detulit
3280 4615 3354 4668 ad
3407 4614 3602 4668 beatos
3647 4619 3790 4683 apes}-

2169 4674 2317 4738 tolos
2351 4674 2580 4736 Petrum
2613 4674 2669 4737 et
2699 4683 2969 4751 Paulum,
3004 4688 3060 4738 et
3098 4685 3170 4739 ad
3202 4685 3260 4740 S.
3297 4685 3568 4748 Mariam,
3595 4674 3694 4735 etc:
3723 4674 3790 4729 tin

2172 4755 2256 4822 17,
2291 4755 2354 4820 B,
2387 4753 2738 4808 translatum
2769 4759 2859 4810 est
2891 4755 3163 4811 Ravenna
3193 4755 3468 4812 Romam.

2549 4843 2632 4897 Ex
2661 4841 2840 4898 codice
2869 4844 3030 4915 Regio
3062 4843 3188 4900 Max
3216 4852 3268 4900 et
3301 4846 3436 4899 Thu.

2239 4932 2399 4988 Num.
2433 4933 2533 5008 67,
2555 4932 2638 5008 lin
2666 4934 2720 4996 2,
2754 4931 3017 5008 dies__16.
3071 4933 3204 5008 Fuit
3253 4937 3460 5008 autem
3493 4947 3543 5008 Aa
3571 4940 3700 5008 cons

2165 5020 2220 5059 ν.
2255 5021 2308 5060 a.
2341 5021 2390 5059 c.
2427 5002 2652 5068 Olibrii,
2675 5007 2792 5058 tem
2843 5004 2956 5058 .(i-n
2988 5005 3042 5072 6,
3077 5004 3384 5060 haereticos
3414 5002 3786 5059 exterminare,

2167 5079 2233 5128 ut
2290 5075 2636 5128 Arianorum
2699 5019 2974 5128 eccfesias
3045 5075 3365 5128 catholicas
3437 5064 3786 5128 consecrareL

2167 5079 2233 5129 ut
2290 5064 2648 5130 Arianorum
2699 5064 2974 5146 ecclesias
3031 5064 3365 5130 catholicas
3437 5064 3788 5146 consecrarylo

2168 5147 2314 5200 Nam
2347 5163 2578 5222 summo
2609 5145 2830 5222 fer-_chr
2857 5146 2966 5202 hoc
2996 5147 3238 5222 consilio
3268 5164 3420 5222 usus
3452 5137 3790 5222 estEst}

2169 5234 2280 5288 que
2309 5235 2487 5292 causa
2523 5215 2829 5292 haereticus
2878 5235 2978 5273 rex
3023 5217 3424 5292 Theodericus
3473 5205 3788 5292 exfarsiﬂlf'ﬂ

2167 5279 2574 5344 exterminare.
2617 5289 2763 5343 Nam
2811 5305 3043 5346 summo
3089 5291 3306 5346 fervore
3357 5279 3790 5344 Christianitatis

2167 5359 2226 5435 _h.
2262 5377 2311 5415 ο.
2345 5377 2404 5414 u.
2439 5364 2545 5426 est,
2577 5365 2642 5435 ut
2677 5361 2774 5413 Ar.
2797 5360 2990 5435 _eccles
3027 5361 3230 5435 _cathol
3276 5359 3664 5435 consecraret.
3693 5347 3790 5435 Ηξο

2165 5431 2362 5502 itaque
2393 5449 2571 5486 causa
2601 5431 2766 5485 h.rex
2797 5431 2904 5487 Th.
2931 5433 3130 5488 audita
3159 5435 3271 5500 ex.)
3293 5432 3380 5486 lin
3407 5431 3466 5502 9,
3497 5429 3792 5502 exstingue'

2169 5493 2312 5574 re,ét
2329 5503 2798 5574 dissipare;quod
2821 5507 2876 5558 et
2889 5493 3263 5574 fecisset,nisi
3277 5493 3472 5574 beatis
3491 5493 3794 5574 papaJan-

475 5553 925 5648 ᾑξιῆίδῗᾰξῐιῆι,
958 5577 1022 5638 Α,
1054 5571 1254 5626 codem
1287 5575 1550 5648 tempore
1580 5571 1864 5648 Joannem
1885 5589 2055 5628 vene-
2085 5553 2133 5618 Β
2648 5553 2847 5648 ῗᾳ-ιίειῗῐῐῖ
2859 5553 3792 5648 βῐῖᾧξέρᾆῖᾆὶᾞξξῖέίῖἆιῖἐτὴθρᾶξ·

407 5644 652 5726 rabilem
685 5641 898 5726 papam
915 5649 974 5726 et
1004 5641 1458 5726 senatores'cur'n
1471 5641 1662 5726 gloria
1683 5649 2048 5726 revertentes,

2163 5635 2798 5730 ricusrecepissetzgui
2813 5635 3070 5730 accepta:
3095 5647 3386 5730 legatione
3415 5635 3794 5730 pergeBBEEE'

407 5715 550 5777 dum
581 5705 780 5779 omnia:
809 5716 1202 5778 obtinuissent
1231 5732 1266 5774 a
1293 5715 1427 5776 Just
1453 5705 1583 5792 Kug
1599 5731 1698 5773 rex
1727 5705 2050 5778 Tbcodorié
2160 5705 2600 5792 stantinopdlim
2613 5705 3791 5796 adJustinumimpé’ratoum‘sen‘atoribus.
