4028 6166
515 225 624 292 551

1659 223 2072 286 ANASTASII
2123 223 2776 286 BlBlJOTHECARll.

3775 235 3884 314 5-13.

516 367 618 436 ctu:
646 355 1146 436 catholicagmtque
1167 353 1500 436 apostolicae
1531 355 2167 436 Ecclesiaa,etgreveren-
2199 357 2254 424 Λ
2285 359 2428 436 trem
2453 375 2588 436 esse
2610 356 2863 412 dicimus
2889 373 2901 412 :
2927 355 3054 436 Non
3085 355 3228 436 quia
3247 355 3670 436 DeusVerbnm
3688 364 3880 436 princi-

516 429 744 488 dissimi
783 427 1255 485 archimandritas
1295 433 1632 482 sanctorum
1679 429 2167 483 monasteriorum

513 505 825 574 sequentes
844 499 1238 574 Sanctitatem
1267 505 1605 574 vestrani_,et
1636 500 2031 574 custodientes
2055 505 2166 554 sla-

509 570 724 638 tum,et
757 571 1040 627 unitatem
1063 575 1399 642 sanctarum
1431 571 1532 626 Dei
1565 570 2162 642 Ecclesiarnm,quem

510 643 731 714 habent
761 643 832 698 ab
863 641 1182 714 apostolica
1208 647 1415 714 vestrae
1449 642 1777 696 sanctitatis
1825 643 1981 706 sede,
2006 641 2162 714 nihil

511 713 746 787 penitus
777 713 1258 787 immutantesde
1289 713 1684 768 ecclesiastico
1717 717 1896 780 statu,
1932 714 2028 783 qni
2055 713 2163 768 ha-

509 784 714 842 ctenus
745 785 1017 850 obtinuit,
1041 788 1097 840 et
1128 784 1369 850 obtinet,
1397 801 1512 840 uno
1545 801 1834 838 consensu
1881 787 2162 838 confiten-

509 857 956 926 tur,Dominum
989 855 1056 910 N.
1090 855 1144 911 J.
1169 856 1228 910 Ο.
1254 860 1386 910 ante
1420 855 1630 910 smcula
1661 861 1718 910 et
1749 855 1874 910 sine
1901 860 2162 925 tempore

508 929 577 984 de
611 927 777 983 Patre
809 932 1034 994 natum,
1070 926 1128 980 in
1163 926 1384 981 ultimis
1431 927 1636 982 diebus
1690 927 2059 982 descendisse
2092 927 2162 982 de

507 997 702 1066 ccelis;
734 1004 792 1054 et
821 999 1192 1054 incarnatnm
1225 999 1294 1052 de
1325 999 1383 1052 S.
1417 998 1654 1068 Spiritu,
1675 1003 1730 1052 et
1763 1003 1960 1053 sancta
1985 1004 2161 1069 atque

505 1069 762 1196 gloriosa
783 1069 1042 1142 Virgine,
1077 1075 1132 1126 et
1161 1069 1262 1124 Dei
1291 1069 1582 1124 Genitrice
1615 1069 1798 1124 Maria
1847 1075 2074 1136 natum,
2106 1073 2162 1124 et

549 1142 804 1196 nminem
839 1141 1087 1196 factum:
1111 1143 1168 1196 et
1196 1141 1540 1196 crucifixum
1573 1157 1756 1196 unum
1787 1157 1916 1196 esse
1947 1145 2160 1196 sancta:

549 1142 804 1200 ominem
839 1141 1054 1196 factum
1074 1158 1087 1206 ;
1111 1143 1168 1196 et
1196 1141 1540 1196 crucifixum
1573 1157 1756 1196 unum
1787 1157 1916 1196 esse
1947 1145 2160 1196 sancta:

506 1216 570 1268 et
589 1211 1110 1270 consubstantialis
1141 1211 1513 1267 Trinitatis...
1533 1212 1664 1267 ldeo
1695 1217 1748 1267 et
1767 1211 1824 1268 S.
1841 1217 2016 1270 atque
2036 1211 2160 1270 2'10-

506 1281 724 1342 riosam
749 1283 1048 1358 Virginem
1081 1283 1326 1340 Mariam
1361 1283 1590 1356 proprie
1621 1287 1678 1339 et
1719 1301 1850 1340 vere
1899 1281 2000 1339 Dei
2033 1281 2160 1338 Ma-

2277 429 2445 552 gium
2475 447 2544 483 ex
2575 429 2702 500 ipsa
2732 429 3069 500 sumpserit,
3095 429 3196 484 sed
3230 429 3364 511 quia
3393 429 3450 486 in
3473 429 3880 496 ultimis-diebus

2319 499 2578 552 escendit
2600 501 2668 552 de
2701 499 2880 552 cmlis.
2915 503 2972 552 et
3003 517 3070 552 ex
3099 499 3228 552 insa
3255 506 3606 552 incarnatus-
3637 509 3692 552 et
3725 506 3874 552 l‘mmn

2319 499 2578 554 escendit
2600 499 2668 554 de
2701 499 2887 566 caelis,
2915 503 2972 554 et
3003 517 3070 572 ex
3099 499 3228 572 ipsa
3246 499 3606 570 incarnatus,
3637 509 3692 560 et
3725 506 3884 568 homo.

2275 571 2484 645 factus,
2511 575 2568 626 et
2599 575 2774 626 natus
2803 575 2959 645 est...
2995 569 3159 645 S_i_cu't
3189 577 3380 628 vestra
3409 569 3715 645 apostdlica
3741 579 3884 638 sedes

2275 641 2460 716 docet,
2487 645 2661 716 atque
2691 642 2987 713 praedicat.
3021 643 3185 698 Unde
3206 641 3644 716 properavimus
3693 647 3790 706 hoc
3818 653 3876 708 ad

2275 713 2538 789 notitiam
2573 715 2782 768 referre
2803 717 3006 789 vestrae
3031 713 3358 789 sanctitatis
3391 733 3493 787 per
3522 715 3808 789 Hypatium
3834 727 3879 778 et

2273 783 3178 869 Demetrium..reverepdissimos
3199 783 3520 869 episcopos,
3653 805 3748 846 nec
3773 809 3882 848 ves-

2271 859 2422 910 tram
2455 855 2836 942 sanctitatem.
2855 855 3054 942 lateat,
3087 873 3213 928 qua:
3235 855 3278 912 _a
3322 855 3880 942 quibusdampaueis

2273 926 2578 1006 monachis
2609 926 2758 1006 male
2789 931 2846 982 et
2867 926 3447 1006 judaicesecund—um
3479 926 3726 986 Nestorii'
3742 936 3884 1006 perti-

2275 999 2429 1052 diam
2463 999 2751 1070 denegata
2777 1003 2935 1070 sunt.
2971 1021 3000 1048 »
3074 1069 3081 1070 7
3170 1069 3178 1070 ί
3742 999 3770 1006 “’

2343 1069 2602 1142 Pontifex
2619 1068 2948 1142 declaravit
2979 1069 3360 1126 orthodoxam
3399 1069 3727 1142 bujusmodi
3767 1092 3880 1142 pro-

2270 1139 2584 1222 fessionem
2607 1140 2748 1220 .fidei
2776 1141 3268 1222 ‘ab_imperato.re
3315 1139 3882 1222 transmissum._Vide

2270 1211 2574 1338 aequeiztia
2603 1211 2662 1266 in
2692 1211 2847 1268 notis
2877 1211 3038 1284 Pagii
3072 1213 3144 1268 ad
3195 1212 3346 1269 hanc
3396 1218 3535 1270 sect.
3581 1219 3635 1272 et
3673 1215 3810 1274 infra
3831 1219 3884 1276 in

2315 1299 2458 1338 sane
2489 1299 2540 1338 ο.

2313 1299 2540 1356 gapeto.

1649 1597 1818 1668 LlX.
1879 1597 2262 1668 SANC'l'US
2315 1597 2490 1666 AGA
2505 1597 2650 1666 ΡΕἸ
2669 1597 2797 1668 US.

1313 1763 1474 1809 ANNO
1516 1761 1756 1810 CHRISTI
1800 1746 1941 1819 535,
1985 1760 2322 1808 JUSTINIANI
2369 1747 2429 1824 9,
2477 1763 2786 1808 THEODATI
2833 1763 3004 1808 REGIS
3047 1749 3107 1805 2.

741 2019 846 2071 91
895 2009 1220 2090 Agapz'tus,
1271 2006 1528 2068 natione
1573 2009 1916 2078 Romanus,
1961 2025 2038 2068 ex
2083 2012 2261 2086 patre
2323 2005 2638 2068 Gordiano
2685 2006 3075 2086 presbytero,
3127 2005 3400 2068 clericus
3462 2005 3544 2068 ad
3595 2007 3660 2070 S.
3716 2005 3878 2068 Joan-

663 2135 806 2178 nem
850 2121 912 2178 et
954 2114 1252 2186 Paulum,
1300 2112 1463 2174 sedit
1506 2131 1750 2173 menses
1797 2115 1892 2186 ll,
1943 2113 2074 2173 dies
2119 2113 2216 2172 18.
2266 2113 2347 2194 (α)
2395 2113 2505 2174 Ilic
2549 2119 2690 2173 ortu
2736 2113 3135 2192 episcopatus
3179 2112 3276 2172 sui
3343 2111 3588 2174 libellos
3647 2111 3874 2174 anathe-

663 2223 870 2296 matis,
905 2241 1066 2302 quos
1107 2219 1362 2282 invidiae
1403 2218 1552 2280 dolo
1595 2223 1948 2280 extorserat
1989 2220 2350 2280 Bonifacius
2392 2219 2796 2299 presbyteris,
2841 2226 2900 2280 et
2968 2219 3280 2299 episcopis
3344 2225 3568 2282 contra
3621 2237 3876 2292 canones.

551 2345 554 2348 '
662 2337 724 2392 et
765 2335 986 2392 contra
1050 2327 1418 2388 Dioscornm
1481 2325 1546 2385 in
1621 2325 1827 2386 medio
1891 2325 2182 2386 Ecclesia;
2244 2325 2641 2404 congregatis
2703 2325 2996 2386 omnibus
3039 2325 3340 2387 incendio
3397 2327 3786 2406 consumpsit,
3823 2331 3872 2387 et

581 2441 618 2497 5
661 2435 931 2498 absolvit
983 2439 1190 2518 totam
1261 2432 1606 2494 Ecelesiam
1681 2432 1758 2491 de
1825 2431 2064 2491 invidia
2133 2431 2516 2511 perfidorum
2563 2431 2644 2512 (ὑ)
2691 2433 2800 2492 llic
2873 2433 3096 2493 missus
3159 2437 3256 2493 est
3299 2452 3342 2494 θ
3386 2433 3704 2496 Theodato
3757 2451 3874 2512 rege

661 2543 1008 2608 Gothorum
1083 2541 1161 2602 ad
1227 2541 1527 2600 domnum
1599 2539 2028 2600 Justinianum
2102 2542 2450 2618 Augustum
2516 2539 2577 2598 in
2645 2539 3050 2618 legationem,
3119 2539 3268 2619 quia
3343 2540 3562 2601 eodem
3632 2547 3872 2620 tempore

659 2652 929 2712 domnus
969 2648 1364 2710 Justinianus
1435 2647 1776 2724 imperator
1843 2647 2162 2722 Augustus
2221 2645 2586 2724 indignatus
2647 2652 2740 2706 est
2798 2646 3126 2707 Theodato
3191 2647 3355 2725 regi,
3403 2667 3477 2708 eo
3541 2647 3700 2728 quod
3737 2645 3870 2708 occi-

658 2756 856 2820 disset
897 2755 1186 2836 reginam
1231 2751 1733 2813 Amalasintham
1791 2751 1870 2832 (ς)
1915 2752 2106 2812 tiliam
2169 2752 2546 2814 Theoderici
2603 2752 2764 2831 regis
2831 2753 3348 2814 commendatam
3412 2755 3550 2828 sibi,
3597 2753 3696 2836 qui
3754 2769 3868 2814 eum

666 2882 876 2943 regem
919 2864 1180 2924 fecerat.

741 2977 852 3030 95
901 2969 1020 3042 Qui
1087 2987 1236 3030 vero
1306 2966 1612 3046 Agapitus
1682 2965 2032 3026 ambulavit
2091 2965 2698 3045 Constantinopolim
2763 2982 2800 3026 x
2843 2966 3108 3027 Kalend.
3155 2965 3333 3042 Maii,
3383 2965 3689 3046 ingressus
3740 2967 3870 3028 Con-

661 3073 1166 3154 stantinopolim,
1243 3077 1306 3133 et
1375 3077 1704 3150 susceptus
1781 3077 1876 3132 est
1941 3071 2250 3150 Agapitus
2319 3071 2651 3151 episcopus
2720 3091 2862 3132 cum
2932 3073 3156 3151 gloria.
3233 3075 3324 3136 Et.
3393 3074 3656 3155 primum
3717 3071 3872 3153 carpit

661 3180 900 3242 habere
972 3179 1447 3242 altercationem
1538 3197 1680 3238 cum
1761 3177 2040 3256 piissimo
2113 3177 2396 3256 principe
2464 3179 2821 3239 Justiniano
2905 3180 3188 3258 Augusto
3259 3179 3348 3241 de
3417 3181 3724 3261 religione.
3783 3177 3872 3241 Cui

665 3286 1062 3348 beatissimus
1103 3285 1409 3363 Agapitus
1454 3283 1787 3363 episcopus
1857 3282 2382 3343 constantissimae
2453 3283 2598 3344 ﬁdei
2667 3285 3100 3363 apostolorum
3173 3304 3550 3366 responsum
3623 3283 3870 3356 reddidit.

579 3397 616 3455 5
663 3395 937 3457 dicens:
985 3391 1320 3454 Dominum
1393 3397 1677 3450 nostrum
1753 3391 1966 3452 Jesum
2032 3389 2349 3449 Christum
2423 3391 2621 3449 Deum
2692 3391 3142 3452 etvhominem
3209 3409 3378 3468 esse,
3425 3393 3544 3454 hoc
3601 3397 3687 3454 est
3743 3390 3868 3451 duas

661 3507 922 3562 naturas
983 3517 1116 3560 esse
1183 3497 1248 3558 in
1312 3515 1440 3558 uno
1501 3497 1789 3568 Christo;
1837 3501 1900 3558 et
1959 3497 2110 3556 dum
2175 3496 2496 3557 contentio
2561 3501 2907 3557 verteretur
2949 3495 3062 3578 (d),
3109 3499 3198 3560 ita
3240 3499 3550 3561 Dominus
3602 3498 3782 3570 alluit,
3817 3501 3870 3556 ut

661 3608 1024 3688 episcopum
1097 3602 1872 3683 Constantinopolitanum
1969 3603 2222 3662 nomine
2308 3603 2680 3662 Anthimum
2754 3603 3070 3664 inveniret
3157 3604 3558 3668 haereticum.
3629 3607 3698 3668 Et
3757 3619 3870 3664 cum

661 3711 983 3774 contentio
1029 3713 1376 3772 verteretur
1438 3727 1580 3768 cum
1645 3710 1950 3784 Augusto,
1997 3713 2058 3768 et
2117 3708 2385 3786 Agapito
2449 3727 2634 3787 papa,
2687 3707 2808 3768 hoe
2867 3709 3026 3770 dixit
3083 3709 3142 3770 ei
3199 3711 3602 3774 Justinianus
3649 3712 3867 3789 impera.

661 3826 762 3882 tor
808 3835 823 3879 :
871 3823 999 3880 Aut
1041 3816 1354 3879 censentis
1397 3815 1606 3886 nobis,
1655 3821 1765 3876 aut
1825 3815 2042 3875 exsilio
2101 3821 2162 3874 te
2224 3815 2540 3893 deportari
2605 3816 2854 3875 faciam.
2913 3819 3090 3877 Tunc
3153 3817 3556 3894 beatissimus
3611 3817 3866 3897 Agapitns

543 3929 622 3988 10
669 3945 836 4006 papa
879 3924 1203 4005 respondit
1249 3942 1390 3984 cum
1436 3921 1696 4001 gaudio,
1741 3921 1954 3982 dicens
2017 3922 2098 3980 ad
2157 3921 2602 3999 imperatorem
2651 3939 2664 3980 :
2713 3924 2844 4000 Ego
2906 3924 3162 4002 quidem
3225 3933 3528 4004 peccator
3585 3924 3658 3986 ad
3707 3921 3862 3988 Justi-

661 4033 922 4094 nianum
997 4031 1446 4110 imperatorem
1511 4027 2114 4089 Christianissimnm
2188 4027 2400 4087 venire
2470 4028 2884 4088 desideravi:

2934 4048 3102 4090 nunc
3172 4037 3388 4092 autem
3463 4030 3862 4092 Diocletianum

661 4139 902 4214 inveni,
951 4137 1062 4218 qui
1105 4143 1316 4197 tamen
1366 4135 1568 4196 minas
1615 4141 1752 4194 tuas
1795 4153 1918 4194 non
1969 4133 2362 4212 permilesco.
2413 4136 2488 4194 Et
2531 4135 2690 4194 dixit
2748 4140 2812 4194 et
2870 4134 3097 4196 iterum
3164 4137 3474 4218 Agapitus
3543 4131 3860 4198 venerabilis

661 4265 829 4329 papa
874 4265 889 4308 :
936 4250 1176 4308 Tamen
1223 4251 1292 4304 ut
1363 4243 1522 4304 scias
1583 4249 1643 4303 te
1706 4241 2002 4302 idoneum
2051 4239 2124 4320 (e)
2171 4259 2296 4300 non
2369 4259 2502 4300 esse
2573 4240 2864 4320 religioni
2935 4239 3332 4316 Christianas,
3381 4244 3698 4324 episcopus
3747 4247 3860 4300 tuus

659 4355 1036 4416 conﬁteatur
1079 4353 1238 4413 duas
1282 4355 1541 4412 naturas
1584 4351 1646 4408 in
1692 4349 1963 4411 Christo.
2010 4350 2186 4408 Tunc
2231 4365 2306 4407 ex
2352 4354 2670 4426 praecepto
2714 4348 2984 4426 Augusti
3027 4349 3334 4411 accersito
3377 4351 3664 4430 episCOpo
3701 4347 3854 4410 Cons.

545 4464 620 4522 15
665 4460 1223 4542 tantinopolitano,
1253 4459 1509 4518 nomine
1551 4457 1876 4532 Anthimo,
1903 4461 1966 4516 et
2009 4455 2391 4515 discussione
2437 4457 2752 4534 patefacta
2795 4454 2870 4536 (/)
2915 4475 3242 4536 nunquam
3287 4457 3488 4518 voluit
3529 4451 3786 4517 conﬁteri
3807 4451 3856 4508 in

658 4567 952 4630 doctrina
995 4565 1323 4627 catholica:
1368 4563 1792 4642 responsionis
1835 4563 1912 4622 ad
1957 4561 2514 4640 interrogationem
2563 4561 2726 4624 beati
2772 4581 2954 4642 papae
2997 4563 3276 4642 Agapiti,
3323 4565 3482 4626 duas
3538 4569 3772 4626 naturas
3805 4556 3852 4616 in

659 4692 785 4735 uno
830 4672 1100 4736 Domino
1128 4671 1283 4732 Jasu
1329 4669 1594 4731 Christo.
1643 4669 1840 4740 Quem
1885 4667 2158 4728 convicit
2199 4673 2451 4728 sanctus
2509 4687 2675 4748 papa
2738 4671 3066 4750 Agapitus,
3117 4677 3179 4731 et
3239 4671 3626 4749 glorificatus
3681 4671 3760 4727 est
3793 4659 3854 4724 ab

660 4779 954 4840 omnibus
995 4775 1386 4838 Christianis.

738 4893 853 4947 96
898 4885 1074 4948 Tunc
1117 4883 1436 4964 piissimus
1477 4883 1795 4959 Augustus
1848 4879 2240 4942 Justinianus
2310 4880 2540 4960 gaudio
2597 4883 2873 4962 repletus
2945 4882 3314 4944 humiliavit
3361 4903 3428 4944 se
3497 4885 3714 4946 sancta:
3749 4870 3852 4935 sedi

656 4991 1046 5071 apostolica,
1099 4996 1160 5051 et
1221 4989 1508 5052 adoravit
1567 4987 1997 5049 beatissimum
2063 5007 2292 5067 papam
2351 4987 2718 5067 Agapitum.
2775 4988 3010 5049 Eodem
3072 4995 3354 5069 tempore
3423 4988 3602 5067 ejecit
3661 4977 3848 5047 Anthi-
3921 4991 3930 5000 ‘

660 5117 832 5160 mum
903 5117 942 5160 a
1013 5098 1481 5171 communione,
1530 5102 1592 5156 et
1663 5095 1905 5175 expulit
1973 5096 2036 5154 in
2111 5095 2421 5154 exsilium.
2490 5097 2666 5155 Tunc
2737 5095 3052 5175 piissimus
3123 5101 3444 5174 Augustus
3509 5089 3848 5156 Justinianus

656 5224 886 5286 rogans
960 5204 1390 5266 beatissimum
1465 5203 1808 5282 Agapitum
1879 5219 2136 5281 papam,
2209 5207 2274 5261 et
2343 5202 2408 5260 in
2499 5201 2633 5261 loco
2715 5200 3002 5262 Authimi
3069 5203 3434 5282 episcopum
3515 5187 3848 5260 consecravit

576 5315 612 5373 5
657 5311 1039 5376 catholicum
1087 5311 1339 5371 nomine
1385 5311 1702 5370 Mennam.
1753 5307 1830 5388 (g)
1879 5309 1994 5380 Qui
2041 5325 2186 5368 vero
2230 5309 2534 5387 Agapitus
2579 5327 2744 5388 papa
2805 5309 3020 5370 omnia
3080 5309 3373 5378 obtinuit,
3422 5327 3496 5369 ex
3539 5323 3658 5387 qua
3694 5309 3844 5362 caesa

655 5421 928 5482 directus
971 5419 1395 5508 fuei'at..Post
1437 5415 1572 5476 dies
1615 5433 1764 5476 vero
1810 5414 2170 5492 aliquantos
2214 5415 2588 5492 aegritudine
2641 5421 2992 5476 commotus
3037 5415 3146 5497 (I2),
3193 5415 3530 5484 defunctus
3577 5417 3664 5475 est
3717 5409 3842 5470 Con-

1673 5565 1914 5611 NOTULE
1958 5564 2224 5609 MARGINA
2233 5566 2332 5610 LES
2377 5565 2694 5622 FABHQTTI.

561 5688 850 5780 (ttancn'on
871 5686 995 5744 vult
1025 5703 1187 5780 ειη-εὶς
1209 5684 1442 5780 vixisse.
1471 5760 1487 5780 Χ
1519 5683 1594 5780 (nb)
1629 5681 1755 5738 l’idc
1785 5682 1966 5780 tiaran
1997 5681 2066 5738 ad
2229 5683 2449 5780 DoI-Izii'nni
2477 5683 2601 5737 536.
2697 5687 2767 5780 ςε)
2801 5683 3256 5744 ΜειΙαευῃιΙιίιιῃ,

3365 5681 3440 5758 (d)
3466 5685 3529 5750 Β,
3555 5673 3842 5736 verearetur.

489 5753 702 5842 (8)138,
735 5765 800 5820 tu
821 5776 979 5820 eum.
1058 5761 1128 5836 (ί)
1161 5758 1330 5816 facta.
1411 5757 1488 5832 (g)
1517 5753 1702 5813 Baron
1725 5758 1918 5830 negat,
1950 5771 2065 5811 ann
2093 5755 2220 5811 536.
2299 5754 2374 5830 (Ιι)
2401 5753 2458 5828 C,
2494 5759 2813 5832 correptus.
