4028 6166
457 179 578 241 563
1609 171 2022 235 ANASTASII
2067 172 2716 236 BIBLIOTHECARII.
3691 186 3787 248 564

1615 607 1750 676 LX.
1808 603 2188 676 SANCTUS
2239 604 2699 676 SlLVERIUS.

1375 877 1534 924 ANNO
1579 877 1816 924 CHRISTI
1860 864 1980 924 536
2023 879 2358 924 JUSTINIANI
2405 864 2502 936 10,
2549 877 2855 926 THEODATI
2899 862 2959 921 3.

703 1331 806 1384 υτ
843 1324 1428 1399 Silverius,natione
1447 1327 1907 1406 Campanus,ex
1930 1331 2108 1406 patre
2125 1324 3260 1405 Hormisda,episeopoRomano,sedit
3279 1342 3508 1384 annum
3537 1325 3805 1407 unum(a),

623 1447 869 1490 menses
899 1431 1200 1510 quinque,
1235 1432 1367 1493 dies
1399 1433 1711 1493 undecim.
1746 1432 1859 1493 Hic
1889 1433 2132 1493 levatus
2161 1437 2254 1493 est
2283 1452 2320 1493 a
2349 1439 2616 1512 tyranno
2647 1430 2974 1492 Theodato
3006 1431 3140 1490 sine
3169 1429 3606 1491 deliberatione
3633 1431 3808 1492 decre-

625 1537 668 1596 ti
701 1554 714 1595 :
752 1538 860 1616 qui
888 1539 1249 1599 Theodatus
1280 1547 1612 1618 corruptus
1644 1539 1912 1619 pecunia
1945 1539 2026 1619 (b)
2059 1540 2210 1601 data
2241 1540 2430 1600 talem
2458 1539 2747 1600 timorem
2799 1538 3050 1598 induxit
3093 1539 3285 1612 clero,
3318 1543 3388 1598 ut
3415 1537 3520 1616 qui
3559 1556 3672 1598 non
3697 1557 3812 1599 con-

623 1645 882 1704 sentiret
910 1643 974 1704 in
1007 1644 1142 1724 eius
1172 1645 1656 1718 ordinationem,
1693 1646 1903 1724 gladio
1935 1647 2284 1725 puniretur.
2345 1646 2462 1718 Qui
2510 1646 2765 1725 quidem
2815 1644 3172 1705 sacerdotes
3199 1643 3276 1724 (c)
3311 1662 3432 1704 non
3477 1642 3809 1723 subscripse-

543 1748 578 1805 5
625 1753 772 1808 runt
801 1749 862 1808 in
895 1768 1038 1809 eum
1071 1751 1414 1811 secundum
1447 1769 1684 1811 morem
1737 1753 2090 1831 antiquum,
2125 1751 2222 1813 vel
2257 1751 2343 1832 (d)
2375 1752 2698 1812 decretum
2749 1749 3287 1810 conﬁrmaverunt
3331 1754 3472 1809 ante
3516 1748 3811 1816 ordinatio-

623 1872 790 1913 nem.
823 1857 962 1916 Jam
994 1862 1205 1916 autem
1238 1857 1526 1916 ordinato
1558 1858 1673 1917 sub
1705 1858 1764 1917 vi
1796 1863 1857 1918 et
1887 1865 2054 1919 metu
2087 1858 2372 1929 Silverio,
2411 1863 2670 1936 propter
2699 1857 3151 1916 adunationem
3199 1855 3485 1916 Ecclesia
3515 1861 3575 1916 et
3599 1855 3812 1934 religio-

621 1959 740 2030 nis,
775 1971 916 2037 post
945 1961 1202 2020 modum
1235 1963 1322 2023 sic
1352 1964 1854 2043 subscripserunt
1889 1964 2263 2045 presbyteri.
2300 1967 2448 2024 Post
2479 1981 2724 2024 menses
2773 1964 2932 2024 duos
2980 1968 3138 2022 nutu
3187 1962 3400 2023 divino
3449 1961 3814 2041 exstinguitur

615 2064 977 2126 Theodatus
1009 2073 1332 2146 tyrannus,
1369 2076 1432 2130 et
1459 2071 1704 2130 levatur
1729 2090 1840 2131 rex
1871 2072 2135 2150 Guitigis
2167 2070 2264 2151 (e).
2299 2071 2534 2132 Eodem
2589 2077 2872 2149 tempore
2921 2069 3184 2148 Guitigis
3235 2068 3570 2129 ambulavit
3619 2070 3816 2129 Raven-

619 2191 790 2248 nam,
823 2179 884 2232 et
911 2193 1050 2234 cum
1085 2176 1146 2235 vi
1177 2177 1322 2237 tulit
1353 2177 1544 2237 ﬁliam
1579 2178 2033 2239 Amalasintha
2064 2178 2148 2258 (f)
2186 2179 2420 2256 regina
2451 2177 2568 2238 sibi
2602 2195 2884 2238 uxorem.
2919 2177 3048 2236 Hoc
3078 2175 3163 2255 (g)
3195 2175 3552 2255 indignatus
3587 2175 3815 2235 domnus

503 2278 578 2336 10
619 2279 965 2359 imperator
1012 2282 1403 2342 Justinianus
1453 2287 1796 2362 Augustus,
1853 2285 2002 2364 quia
2049 2285 2333 2364 reginam
2383 2285 2502 2345 sibi
2553 2283 3059 2344 commendatam
3111 2282 3438 2343 occidisset
3479 2281 3812 2354 Theodatus,

621 2387 790 2447 misit
819 2388 1178 2449 Vilisarium
1213 2389 1298 2470 (la)
1326 2391 1657 2470 patricium
1691 2409 1832 2450 cum
1864 2391 2171 2464 exercitu,
2227 2397 2294 2451 ut
2343 2391 2641 2452 liberaret
2687 2409 2938 2451 omnem
2971 2389 3220 2450 Italiam
3271 2408 3308 2449 a
3355 2387 3694 2467 captivitate
3720 2389 3814 2448 Go-

627 2493 1095 2556 thorum.’l‘unc
1127 2498 1382 2558 veniens
1412 2498 1718 2576 patricius
1748 2498 2208 2578 suprascriptus
2240 2497 2304 2558 in
2339 2503 2550 2578 partes
2579 2497 2828 2570 Sicilia,
2865 2497 2984 2557 fuit
3011 2496 3246 2557 ibidem
3279 2495 3656 2574 aliquantum
3687 2499 3818 2554 tem-

626 2601 817 2677 poris.
850 2602 1127 2662 Audiens
1159 2609 1368 2664 autem
1399 2605 1568 2682 quod
1599 2603 1786 2665 Gothi
1815 2604 1932 2664 sibi
1962 2604 2250 2664 fecissent
2301 2623 2514 2682 regem
2563 2608 2782 2664 contra
2831 2607 3047 2664 votum
3099 2601 3320 2664 domni
3365 2601 3684 2664 Justiniani
3714 2602 3816 2661 Au-

629 2708 815 2786 gusti,
851 2710 1022 2770 venit
1049 2710 1112 2770 in
1146 2716 1356 2790 partes
1387 2712 1744 2791 Campania
1768 2711 1950 2789 juxta
1980 2711 2297 2773 civitatem
2331 2711 2678 2792 Neapolim,
2717 2717 2779 2771 et
2809 2710 3052 2771 obsedit
3081 2727 3222 2769 eam
3257 2727 3396 2769 cum
3427 2707 3682 2769 exercitu
3709 2724 3819 2780 suo,

512 2813 586 2870 15
629 2814 779 2892 quia
804 2816 1146 2877 noluerunt
1174 2817 1231 2877 ei
1261 2816 1424 2876 cives
1457 2817 1854 2897 Neapolitani
1885 2817 2126 2897 aperire
2158 2817 2248 2897 (ε).
2297 2818 2532 2879 Eodem
2583 2824 2866 2896 tempore
2917 2817 3264 2896 pugnando
3313 2815 3600 2896 patricius
3643 2819 3823 2875 contra

608 2921 937 2981 .civitatem
971 2923 1271 2995 introivit,
1307 2929 1366 2984 et
1398 2924 1622 2984 ductus
1651 2925 1863 2986 furore
1894 2925 2206 2985 interfecit
2237 2925 2493 2998 Gothos,
2533 2930 2592 2984 et
2621 2943 2840 2984 omnes
2871 2923 3033 2983 cives
3074 2923 3541 3002 Neapolitanos,
3591 2925 3648 2980 et
3689 2917 3825 2978 misit

623 3027 926 3104 pradam,
961 3034 1024 3088 et
1053 3048 1166 3090 nec
1198 3030 1471 3090 ecclesiis
1522 3032 1800 3110 pepercit
1850 3031 2216 3109 pradando.
2267 3033 2363 3091 Ita
2413 3037 2482 3091 ut
2531 3031 2832 3090 uxoribus
2885 3029 3306 3108 praesentibus
3354 3028 3601 3088 maritos
3645 3042 3822 3087 earum

617 3131 827 3209 gladio
858 3134 1284 3196 interficerent
1312 3137 1398 3216 (j)
1429 3141 1491 3196 et
1517 3137 1797 3215 captivos
1828 3137 2010 3208 fillos,
2046 3142 2109 3196 et
2140 3155 2364 3197 uxores
2409 3137 2715 3196 nobilium
2765 3135 3266 3197 exterminarent
3315 3134 3435 3216 (k);
3487 3133 3663 3194 nullis
3702 3148 3820 3212 par-

619 3254 787 3310 cens,
821 3257 936 3299 nec
967 3241 1420 3315 sacerdotibus,
1453 3261 1564 3302 nec
1597 3243 1790 3302 servis
1819 3242 1953 3315 Dei,
1991 3261 2104 3303 nec
2137 3243 2484 3322 virginibus
2515 3242 3125 3303 sanctimonialibus.

697 3352 806 3404 98
839 3346 1072 3405 Eodem
1101 3352 1383 3428 tempore
1414 3349 1650 3409 bellum
1701 3349 1820 3408 fuit
1867 3348 2234 3423 maximum,
2269 3349 2559 3409 veniente
2611 3349 2856 3425 Guitige
2913 3354 3137 3408 contra
3188 3347 3546 3408 Vilisarium
3578 3345 3641 3426 (ι)
3670 3341 3824 3424 patri-

617 3451 808 3526 cium,
843 3457 904 3512 et
933 3461 1152 3514 contra
1183 3456 1400 3515 urbem
1434 3458 1720 3516 Romam.
1763 3457 2088 3534 Ingressus
2139 3461 2350 3515 autem
2399 3455 2739 3516 Belisarius
2785 3455 2850 3514 in
2901 3454 3134 3517 Urbem
3181 3471 3243 3516 1v
3293 3455 3438 3516 Idus
3484 3449 3818 3517 Decembris,

615 3558 939 3632 custodiis,
972 3565 1034 3619 et
1065 3561 1542 3635 munitionibus,
1578 3562 1677 3622 vel
1709 3561 1961 3621 fabricis
1993 3579 2342 3634 murorum,
2376 3567 2438 3621 et
2490 3561 2889 3640 reparatione
2937 3560 3155 3620 fossati
3205 3559 3614 3640 circumdedit
3639 3557 3822 3619 civita-

616 3669 740 3722 tem
771 3667 1146 3740 Romanam,
1179 3673 1242 3727 et
1273 3668 1575 3740 munivit;
1614 3675 1803 3729 noctu
1836 3668 1934 3748 (ιη)
1971 3669 2108 3747 ipsa
2138 3686 2264 3747 qua
2295 3667 2579 3727 introivit
2607 3667 2932 3728 Vilisarius
2965 3667 3288 3746 patricius,
3314 3667 3520 3740 Gothi,
3545 3666 3646 3745 qui
3673 3667 3824 3726 erant

538 3769 574 3826 5
616 3767 680 3828 in
711 3769 980 3844 civitate,
1018 3771 1116 3831 vel
1165 3772 1315 3832 foris
1367 3791 1597 3845 muros,
1655 3775 1975 3852 fugerunt,
2031 3779 2092 3834 et
2142 3791 2362 3834 omnes
2412 3778 2626 3852 portas
2677 3778 2928 3852 apertas
2965 3774 3343 3834 dimiserunt
3371 3777 3736 3834 Ravennam.
3763 3771 3825 3831 Et

617 3880 757 3952 post
788 3875 907 3937 hoc
938 3878 1238 3955 colligens
1270 3879 1548 3958 Guitiges
1573 3881 1657 3962 (η)
1692 3900 1800 3942 rex
1833 3879 2302 3940 multitudinem
2353 3880 2667 3940 exercitus
2719 3879 3091 3954 Gothorum,
3139 3899 3463 3960 regressus
3510 3883 3600 3941 est
3641 3883 3824 3939 contra

616 3983 879 4042 Romam
913 4001 974 4043 ix
1005 3984 1318 4045 Kalendas
1348 3986 1576 4058 Martii,
1612 3991 1674 4046 et
1705 3986 1840 4046 ﬁxit
1865 3991 2070 4046 castra
2100 3987 2180 4046 ad
2214 3993 2470 4065 pontem
2505 3987 2810 4058 Milvium,
2845 3993 2906 4047 et
2936 3992 3268 4065 coeperunt
3317 3987 3600 4048 obsidere
3649 3984 3825 4046 civita-

617 4093 738 4148 tem
775 4091 1146 4150 Romanam.
1181 4093 1356 4152 Tunc
1389 4093 1686 4172 patricius
1719 4093 2062 4166 Vilisarius,
2097 4093 2204 4172 qui
2238 4112 2348 4173 pro
2383 4093 2636 4154 nomine
2672 4097 2954 4154 Romano
2985 4099 3142 4167 erat,
3168 4093 3426 4155 inclusit
3453 4112 3516 4156 se
3545 4095 3739 4154 Roma
3755 4089 3824 4149 in-

617 4201 713 4254 tra
741 4194 1076 4272 civitatem,
1117 4203 1179 4259 et
1206 4199 1543 4260 custodivit
1572 4200 1912 4262 civitatem.

693 4310 805 4362 99
835 4303 941 4362 His
973 4303 1192 4364 diebus
1222 4306 1443 4366 obessa
1474 4312 1566 4366 est
1595 4307 1834 4382 civitas,
1871 4312 1937 4366 ut
1972 4305 2128 4366 nulli
2158 4312 2320 4367 esset
2351 4306 2616 4367 facultas
2647 4305 2938 4380 exeundi,
2977 4305 3070 4367 vel
3106 4305 3496 4368 introeundi.
3527 4309 3691 4366 Tunc
3716 4319 3822 4363 om-

616 4427 723 4468 nes
755 4411 1175 4487 possessiones
1209 4413 1468 4489 privata
1502 4413 1599 4472 vel
1631 4413 1782 4485 fisci,
1816 4413 1914 4473 vel
1945 4412 2261 4484 Ecclesia,
2297 4412 2589 4472 incendio
2622 4417 3011 4492 consumpta
3043 4417 3208 4487 sunt,
3245 4413 3538 4474 homines
3557 4429 3692 4472 vero
3719 4406 3822 4486 gla-

611 4515 714 4574 dio
743 4515 1104 4594 interempti
1135 4523 1300 4577 sunt.
1335 4519 1501 4588 Quos
1534 4518 1800 4595 gladius,
1836 4517 2082 4596 gladius
2110 4535 2122 4590 ;
2160 4535 2317 4596 quos
2349 4520 2572 4592 fames,
2605 4520 2832 4590 fames;
2869 4537 3028 4598 quos
3061 4519 3343 4594 morbus,
3379 4519 3628 4580 morbus
3655 4515 3820 4576 inter-

611 4619 881 4679 ﬁciebat.
915 4624 1070 4680 Nam
1103 4622 1380 4682 ecclesia
1410 4629 1472 4683 et
1501 4641 1767 4700 corpora
1797 4629 2156 4683 sanctorum
2191 4629 2539 4702 martyrum
2573 4625 3006 4686 exterminata
3039 4632 3186 4686 sunt
3215 4645 3252 4686 a
3285 4627 3527 4688 Gothis.
3561 4627 3722 4686 Intra
3746 4618 3818 4677 ci-

532 4725 567 4781 5
611 4725 868 4784 vitatem
899 4733 1108 4786 autem
1142 4729 1397 4805 grandis
1429 4731 1626 4790 fames
1655 4735 1813 4804 erat,
1849 4731 1938 4790 ita
1971 4736 2038 4790 ut
2067 4749 2234 4810 aqua
2265 4732 2735 4792 venundaretur
2765 4733 2991 4812 pretio,
3028 4733 3146 4792 nisi
3189 4733 3611 4813 nympharum
3644 4742 3818 4789 reme-

611 4829 784 4888 dium
817 4831 1226 4892 subvenisset.
1256 4835 1490 4912 Pugna
1522 4842 1730 4895 autem
1765 4837 2055 4896 maxima
2089 4843 2267 4897 erant
2297 4843 2516 4898 contra
2547 4839 2891 4899 civitatem.
2926 4839 3034 4900 His
3062 4839 3284 4900 diebus
3309 4838 3630 4900 Vilisarius
3657 4829 3820 4914 patri-

611 4935 742 4995 cius
772 4938 1114 5014 pugnando
1147 4946 1365 5000 contra
1397 4960 1604 5019 regem
1638 4943 1968 5020 Guitigem,
2005 4943 2102 5002 vel
2135 4944 2603 5006 multitudinem
2655 4931 3003 5006 Gothorum
3055 4945 3330 5024 protexit
3379 4947 3706 5014 Romanos,
3735 4933 3814 4994 vel

612 5041 925 5102 civitatem
985 5046 1267 5106 custodia
1323 5067 1437 5108 sua
1495 5049 1807 5123 liberavit,
1842 5056 1903 5110 et
1959 5068 2191 5110 nomen
2250 5054 2629 5114 Romanum.
2679 5055 2854 5114 Tune
2903 5052 3159 5113 obsessa
3204 5060 3298 5113 est
3344 5052 3560 5113 civitas
3605 5059 3810 5110 annum

1619 5287 1868 5332 NOTULE
1910 5289 1994 5333 MA
2005 5287 2296 5334 RGINALES
2341 5289 2638 5336 FABROTTI
2649 5319 2664 5336 ο

511 5489 586 5568 (q)
619 5491 664 5568 Ιξ
687 5506 871 5544 annos
901 5493 1040 5568 tres.
1117 5491 1189 5563 (b)
1215 5491 1475 5568 pecuniae
1503 5493 1654 5568 dato.
1683 5494 1858 5568 Bnron
1891 5499 2052 5568 negat
2079 5495 2507 5568 ῃίεσίέτιμ.Διὶςιῑιλιτη.Δ
2584 5497 2658 5568 (c)
2678 5495 3077 5568 C,sacerdotes
3110 5497 3367 5568 quidam.
3445 5493 3518 5568 (gl)
3541 5493 3597 5568 ς,
3623 5499 3802 5568 ηθίῖιέἓε

437 5560 598 5641 ρέίθ
627 5562 826 5616 Baron.
861 5561 1090 5641 adulta.
1124 5555 1350 5641 ubinmi
1376 5565 1500 5641 .536.
1578 5555 2148 5641 ge)_\'bigitcs."B,'C,
2181 5565 2414 5641 Vitigia.
2490 5565 2564 5638 (l')
2589 5555 3144 5641 ‘C',_A'malasuntha:
3187 5567 3296 5641 L(g]
3335 5566 3396 5641 _C,
3430 5555 3525 5641 ob:
3548 5555 3680 5641 hoc.
3704 5555 3804 5637 Ἧι)

435 5629 556 5711 Reli
587 5649 807 5711 sarum.
883 5633 948 5702 (ἱ)
972 5635 1106 5711 _l’z'de
1130 5635 1406 5711 Bero-759d
1433 5651 1546 5689 ann
1575 5629 1698 5690 537.
1777 5629 1846 5706 (ἶ)
1879 5629 2244 5692 inter-liceret.
2303 5629 2398 5708 “(15)
2432 5629 2804 5694 ex'terminar.
2840 5638 2879 5694 l.
2957 5640 3020 5711 (ι)
3055 5642 3076 5664 ⁶
3113 5629 3474 5708 ΒεΙὶἔιίνὶιαω,
3505 5635 3590 5690 hic
3633 5637 3682 5686 et
3723 5629 3800 5682 in-

431 5702 546 5776 fra.
628 5706 729 5776 (m)
755 5704 816 5772 C,
853 5709 1040 5762 nocte.
1117 5705 1198 5780 (η)
1231 5705 1496 5778 Witiges.
