4028 6166
268 158 385 227 585
989 161 1359 228 HISTORIA
1398 165 1500 229 DE
1547 165 1751 231 VITIS
1794 166 1986 232 ROM.
2027 166 2262 231 PONT.
2294 197 2375 214 --
2400 168 2466 232 S.
2512 167 2944 234 SILVERIUS.
3556 167 3681 236 566

426 313 654 374 unum,
687 299 753 360 et
779 299 1003 379 portus
1029 300 1355 361 Romanus
1383 318 1421 361 a
1447 300 1689 363 Gothis.
1723 301 2033 364 Patricius
2059 300 2437 363 venerabilis
2465 301 2791 365 Vilisarius
2830 303 3173 385 pugnando
3221 303 3369 369 vicit
3410 304 3669 383 Gothos,

320 444 323 445 ν
429 409 495 465 et
522 404 926 485 postmodum
957 406 1257 485 fugerunt
1289 408 1477 469 Gothi
1507 410 1870 471 Ravennam
1895 415 2038 489 post
2064 428 2304 471 annum
2337 428 2554 470 unum.

513 519 679 573 ιω
736 512 974 574 Eodem
1031 517 1317 594 tempore
1377 520 1556 577 tanta
1606 516 1805 577 fames
1862 516 1982 577 fuit
2038 535 2152 597 per
2208 517 2572 579 universum
2628 518 2959 593 mundum,
3021 526 3092 581 ut
3144 520 3370 582 Dacius
3427 521 3671 601 episco-

427 638 553 701 pus
609 618 883 681 civitatis
965 619 1453 684 Mediolanensis
1534 622 1837 685 relatione
1892 642 2009 685 sua
2088 623 2210 685 hoc
2285 624 2610 686 evidenter
2693 626 3068 701 narraverit,
3154 628 3324 706 quod
3399 628 3464 689 in
3523 647 3671 709 par-

424 726 603 789 tibus
675 726 945 806 Liguriaa
1047 729 1340 790 mulieres
1434 730 1597 792 ﬁlios
1685 748 1832 792 suos
1915 731 2334 793 comedissent
2413 732 2684 811 penuria
2763 733 2972 806 famis,
3059 751 3216 812 quas
3301 735 3515 795 retulit
3598 755 3671 797 ex

423 834 727 896 Ecclesia:
782 853 912 895 suae
967 835 1158 897 fuisse
1216 836 1458 898 familia
1515 837 1619 919 (a).
1678 838 1916 899 Eodem
1992 842 2279 919 tempore
2352 839 2700 901 ambulavit
2775 839 3100 902 Vilisarius
3152 840 3454 919 patricius
3511 842 3674 902 Nea—

339 942 379 1002 5
426 941 654 1023 polim,
716 947 779 1002 et
832 941 1149 1004 ordinavit
1207 962 1371 1005 eam.
1430 946 1509 1006 Et
1562 945 1968 1024 postmodum
2024 946 2199 1007 venit
2254 948 2576 1020 Romam;
2634 947 2744 1027 qui
2817 950 3144 1026 susceptus
3198 951 3295 1008 est
3350 965 3389 1007 a
3443 945 3678 1007 domno

424 1049 699 1112 Silverio
755 1050 1052 1131 benigne,
1116 1055 1180 1111 et
1236 1050 1394 1112 abiit
1454 1050 1532 1132 (b)
1588 1052 1919 1114 Vilisarius
1974 1052 2274 1133 patricius
2329 1054 2393 1113 in
2452 1054 2758 1133 palatium
2813 1053 3183 1116 Pincianum
3236 1053 3334 1134 (c),
3387 1052 3479 1114 Id.
3534 1053 3681 1114 Maii

422 1153 540 1236 (ἄ),
602 1155 825 1219 indict.
888 1175 991 1219 xv.
1049 1158 1226 1218 'Iunc
1282 1162 1419 1218 erat
1472 1157 1957 1249 Vigilius’diac.
2018 1159 2461 1239 apocrisiarius
2525 1160 3089 1240 Constantinopoli.
3153 1159 3384 1221 Dolens
3467 1164 3680 1220 autem

422 1267 721 1342 Augusta
776 1282 891 1346 pro
948 1262 1253 1326 Anthimo
1314 1263 1700 1345 patriarcha,
1749 1265 1920 1345 quod
1977 1265 2298 1346 depositus
2352 1266 2571 1327 fuisset
2624 1285 2664 1327 a
2717 1267 3108 1328 sanctissimo
3163 1265 3433 1347 Agapito
3487 1284 3677 1347 papa,

423 1369 540 1451 qui
597 1387 743 1431 eum
799 1369 1168 1432 hasreticum
1228 1370 1583 1452 reperisset,
1636 1377 1699 1438 et
1744 1372 1810 1433 in
1861 1371 2071 1434 locum
2117 1373 2253 1452 ejus
2298 1373 2722 1435 constituisset
2768 1375 3064 1435 Mennam
3122 1390 3371 1434 servum
3425 1371 3540 1435 Dei
3569 1370 3677 1453 (e):

303 1477 379 1540 l0
424 1481 581 1539 tunc
628 1480 932 1557 Augusta,
996 1477 1264 1539 concilio
1324 1496 1438 1539 usa
1493 1497 1638 1540 cum
1697 1478 1926 1558 Vigilio
1984 1478 2278 1553 diacono,
2336 1480 2506 1541 misit
2561 1479 2858 1560 epistolas
2914 1497 3059 1540 suas
3106 1480 3370 1539 Romam
3416 1477 3681 1539 Silverio

422 1601 638 1667 papaa,
702 1603 937 1667 rogans
992 1589 1055 1647 et
1110 1585 1493 1647 obsecrans:
1530 1588 1619 1648 Ne
1676 1586 1995 1668 pigriteris
2050 1586 2131 1647 ad
2187 1605 2303 1649 nos
2358 1587 2597 1661 venire,
2658 1593 2770 1647 aut
2808 1591 2973 1648 certe
3031 1603 3258 1646 revoca
3303 1583 3678 1646 Anthimum

420 1690 492 1754 in
551 1691 764 1756 locum
820 1709 1027 1753 suum.
1086 1690 1205 1764 Qui
1259 1691 1411 1753 dum
1467 1692 1724 1771 legisset
1777 1692 2177 1754 beatissimus
2250 1693 2551 1755 Silverius
2625 1693 2889 1764 litteras,
2961 1691 3286 1772 ingemuit,
3349 1696 3413 1767 et
3469 1690 3674 1752 dixit:

419 1794 616 1860 Modo
675 1796 803 1861 scio
859 1798 1011 1879 quia
1066 1798 1201 1860 haec
1257 1817 1447 1860 causa
1502 1799 1693 1860 linem
1748 1799 1896 1859 vitae
1971 1816 2128 1859 meae
2203 1798 2467 1860 adduxit
2530 1798 2630 1879 (ί).
2691 1799 2816 1861 Sed
2897 1798 3296 1887 beatissimus
3377 1797 3679 1858 Silverius

420 1903 726 1967 ﬁduciam
784 1904 1026 1968 habens
1081 1904 1147 1965 in
1201 1907 1330 1966 Deo
1387 1910 1451 1966 et
1504 1905 1691 1966 beato
1745 1906 1932 1965 Petro
1992 1904 2303 1984 apostolo,
2358 1905 2678 1985 rescripsit
2729 1906 3075 1984 Augustae:
3119 1904 3390 1965 Domina
3440 1904 3680 1981 Augus-

301 2009 375 2072 15
421 2014 513 2085 ta,
574 2029 692 2090 ego
750 2030 883 2075 rem
939 2012 1126 2073 istam
1182 2012 1465 2072 facturus
1521 2030 1847 2092 nunquam
1905 2030 2036 2085 ero,
2095 2016 2165 2071 ut
2220 2030 2509 2073 revocem
2596 2011 2921 2072 hominem
3004 2010 3370 2071 haereticum
3443 2009 3509 2068 in
3565 2027 3679 2070 sua

420 2117 718 2197 nequitia
770 2116 1167 2181 damnatum.
1222 2121 1400 2180 Tunc
1453 2117 1786 2197 indignata
1842 2120 2127 2197 Augusta
2184 2117 2355 2178 misit
2411 2118 2728 2196 jussiones
2786 2117 2866 2178 ad
2924 2116 3285 2179 Vilisarium
3346 2114 3677 2196 patricium

418 2242 542 2305 per
595 2223 894 2304 Vigilium
952 2225 1201 2287 diacon.
1261 2225 1350 2285 ita
1406 2224 1801 2286 continentes
1834 2241 1849 2284 :
1881 2224 2037 2286 Vide
2093 2224 2339 2305 aliquas
2391 2224 2749 2286 occasiones
2806 2225 2871 2284 in
2930 2223 3263 2286 Silverium
3328 2241 3587 2304 papam,
3618 2228 3681 2284 et

418 2330 678 2410 depone
731 2330 910 2393 illum
969 2331 1051 2392 ab
1107 2330 1498 2412 episcopatu,
1557 2336 1668 2392 aut
1724 2334 1895 2392 certe
1949 2330 2216 2391 festinus
2269 2330 2620 2391 transmitte
2678 2348 2819 2390 eum
2883 2329 2963 2389 ad
3020 2348 3157 2391 nos.
3220 2331 3377 2391 Ecce
3432 2329 3523 2390 ibi
3561 2329 3678 2390 ha-

416 2437 537 2499 bes
592 2436 891 2516 Vigilium
948 2437 1487 2512 archidiaconum,
1549 2443 1613 2499 et
1669 2436 2148 2517 apocrisiarium
2218 2442 2503 2498 nostrum
2562 2436 3025 2509 cliarissimum,
3090 2436 3200 2515 qui
3252 2435 3435 2497 nobis
3491 2435 3678 2516 polli-

298 2546 378 2607 20
418 2542 588 2605 citus
645 2548 740 2604 est
792 2561 1087 2606 revocare
1140 2543 1513 2605 Anthimum
1570 2542 2023 2623 patriarcham.
2081 2544 2162 2604 Et
2216 2548 2367 2604 tunc
2423 2542 2697 2622 suscepit
2746 2542 3097 2621 jussionem
3176 2541 3503 2603 Vilisarius
3561 2560 3675 2622 pa-

424 2649 678 2724 tricius,
740 2649 953 2711 dicens
986 2666 1000 2708 :
1037 2651 1170 2729 Ego
1227 2649 1482 2730 quidem
1531 2649 1882 2730 jussionem
1938 2648 2125 2725 facio,
2183 2649 2292 2711 sed
2346 2648 2475 2723 ille,
2532 2648 2643 2728 qui
2696 2649 2957 2710 interest
3010 2648 3075 2708 in
3134 2666 3286 2710 nece
3335 2647 3428 2728 (g)
3487 2647 3678 2710 Silve-

420 2759 505 2820 rii
566 2777 777 2840 papas,
836 2758 969 2839 ipse
1025 2759 1336 2821 rationem
1395 2758 1615 2821 reddet
1667 2759 1746 2821 de
1801 2758 1986 2820 factis
2043 2759 2170 2820 suis
2250 2757 2518 2819 Domino
2593 2764 2804 2819 nostro
2887 2759 3036 2820 Jesu
3112 2756 3380 2819 Christo.
3434 2759 3514 2817 Et
3568 2774 3675 2817 ur-

423 2870 618 2946 gente
669 2864 952 2945 jussione
1010 2865 1300 2927 exierunt
1356 2865 1610 2946 quidam
1672 2865 1814 2926 falsi
1872 2870 2078 2940 testes,
2110 2848 2251 2944 ‘qui
2301 2869 2364 2926 et
2405 2864 2747 2926 dixerunt:
2783 2864 2941 2937 Quia
2997 2883 3110 2926 nos
3168 2862 3380 2924 multis
3437 2861 3676 2924 vicibus

420 2972 510 3052 (Ιι)
568 2972 926 3033 invenimus
981 2972 1312 3034 Silverium
1373 2991 1606 3053 papam
1662 2972 1897 3053 scripta
1956 2971 2309 3033 mittentem
2368 2972 2448 3033 ad
2507 2990 2721 3051 regem
2771 2972 3165 3033 Gothorum:
3202 2970 3360 3032 Veni
3402 2969 3483 3030 ad
3533 2987 3676 3049 por-

310 3080 387 3140 25
429 3084 594 3154 tam,
656 3097 799 3159 quae
874 3078 1231 3160 appellatur
1310 3066 1619 3154 Asinaria,
1698 3079 1885 3159 juxta
1968 3082 2328 3152 Lateranas,
2390 3084 2453 3139 et
2516 3079 2834 3140 civitatem
2891 3078 3005 3139 tibi
3060 3078 3267 3153 trado,
3331 3082 3395 3138 et
3449 3076 3674 3138 Vilisa-

424 3186 597 3247 rium
652 3185 1010 3265 patricium.
1069 3186 1249 3258 Quod
1307 3186 1570 3248 audiens
1625 3186 1948 3248 Vilisarius
2005 3205 2132 3247 non
2183 3185 2498 3247 credebat.
2558 3185 2810 3247 Sciebat
2892 3184 3061 3246 enim
3120 3183 3291 3264 quod
3343 3202 3455 3263 per
3511 3182 3673 3243 invi-

416 3291 595 3355 diam
655 3292 795 3353 haac
850 3292 928 3354 de
985 3310 1059 3354 eo
1117 3293 1513 3355 dicebantur.
1575 3293 1699 3357 Sed
1753 3292 1905 3354 dum
1963 3292 2144 3354 multi
2199 3292 2266 3353 in
2323 3292 2543 3354 eadem
2595 3293 2994 3354 accusatione
3048 3290 3475 3371 persisterent,
3536 3307 3677 3369 per-

416 3398 659 3461 timuit.

504 3513 668 3567 non
729 3507 906 3567 Tunc
984 3505 1132 3568 fecit
1214 3505 1472 3567 beatum
1504 3558 1525 3573 .
1557 3504 1889 3568 Silverium
1970 3523 2201 3586 papam
2280 3505 2494 3567 venire
2579 3506 2658 3567 ad
2709 3524 2774 3567 se
2820 3505 2887 3565 in
2944 3504 3248 3585 palatium
3317 3501 3524 3564 Pincis
3579 3500 3673 3582 (ι).

414 3612 499 3674 Et
551 3612 632 3674 ad
708 3612 984 3692 primum
1048 3618 1112 3674 et
1168 3612 1517 3674 secundum
1574 3612 1784 3673 velum
1861 3612 2120 3674 retinuit
2192 3631 2445 3673 omnem
2521 3613 2783 3674 clerum.
2844 3614 2980 3684 Quo
3036 3612 3320 3690 ingresso
3376 3608 3679 3671 Silverius

415 3737 565 3781 cum
622 3719 849 3796 Vigilio
906 3719 1025 3781 soli
1077 3720 1142 3780 in
1199 3720 1504 3798 Mausole.
1564 3719 1884 3781 Antonina
1950 3719 2215 3799 patricia
2264 3719 2523 3799 jacebat
2576 3720 2640 3779 in
2697 3719 2883 3793 lecto,
2943 3723 3007 3779 et
3060 3717 3386 3780 Vilisarius
3439 3716 3516 3798 (j)
3580 3734 3679 3778 se-

416 3826 611 3889 debat
663 3827 739 3888 ad
801 3826 991 3907 pedes
1043 3825 1201 3904 ejus.
1263 3828 1341 3887 Et
1396 3827 1548 3888 dum
1597 3845 1742 3888 eum
1818 3825 2074 3888 vidisset
2158 3826 2481 3888 Antonina
2563 3826 2849 3906 patricia,
2912 3825 3071 3886 dixit
3126 3825 3206 3886 ad
3260 3843 3411 3885 eum
3463 3841 3477 3884 :
3535 3823 3670 3896 Dic,

341 3932 377 3991 5
419 3931 678 3994 domine
735 3933 959 3996 Siiveri
1016 3951 1205 4014 papa,
1267 3932 1419 4013 quid
1488 3933 1762 3995 fecimus
1830 3932 1946 3993 tibi
2002 3939 2064 3994 et
2121 3934 2444 4007 Romanis,
2506 3940 2576 3993 ut
2634 3938 2702 3992 tu
2759 3933 2913 3994 velis
2969 3951 3083 3993 nos
3140 3932 3206 3991 in
3263 3948 3488 3992 manus
3546 3933 3671 3992 Go-

420 4032 679 4100 thorum
738 4039 1033 4100 tradere?
1085 4040 1309 4107 Adhuc
1362 4059 1436 4101 eo
1493 4040 1794 4121 loquente
1842 4039 2161 4119 ingressus
2222 4041 2499 4102 Joannes
2585 4039 3008 4101 subdiaconus
3092 4037 3490 4117 regionarius
3543 4036 3675 4117 pri-

422 4164 547 4206 mae
600 4145 897 4225 regionis,
959 4145 1104 4207 tulit
1163 4146 1426 4226 pallium
1476 4146 1553 4207 de
1611 4146 1775 4208 collo
1830 4146 1986 4225 ejus,
2051 4151 2113 4207 et
2167 4147 2348 4206 duxit
2400 4147 2466 4206 in
2524 4146 2906 4207 cubiculum.
2967 4148 3045 4206 Et
3100 4144 3457 4223 exspolians
3503 4160 3672 4215 eum,

420 4251 631 4313 induit
687 4270 832 4313 eum
889 4257 1061 4339 veste
1114 4252 1491 4313 monachica
1546 4252 1652 4333 (k),
1717 4257 1779 4313 et
1836 4251 2169 4313 abscondit
2225 4270 2392 4312 eum.
2452 4254 2629 4312 Tunc
2687 4252 2919 4311 Sixtus.
2975 4250 3399 4310 subdiaconus
3462 4248 3672 4327 regio-

422 4357 642 4420 narius
695 4358 978 4437 regionis.
1027 4363 1241 4432 sexta,
1300 4358 1523 4419 videns
1578 4376 1720 4419 eum
1773 4356 1912 4437 jam
1969 4358 2378 4430 monachum,
2435 4344 2723 4435 egressus
2778 4359 2972 4431 foras,
3033 4355 3350 4417 nuntiavit
3406 4354 3487 4415 ad
3544 4354 3671 4415 cle—

312 4465 384 4526 10
421 4483 586 4538 rum,
650 4464 864 4527 dicens
917 4482 932 4525 :
994 4465 1153 4538 Quia
1206 4465 1479 4526 domnus
1548 4483 1716 4546 papa
1791 4465 2114 4545 depositus
2168 4470 2284 4539 est,
2346 4470 2409 4526 et
2462 4465 2666 4526 factus
2721 4468 2814 4525 est
2875 4462 3244 4524 monachus.
3308 4460 3427 4534 Qui
3482 4459 3674 4522 etiam

422 4573 752 4634 audientes
805 4572 1106 4652 fugerunt
1160 4590 1399 4646 omnes,
1461 4591 1650 4652 quem
1708 4573 1981 4652 suscepit
2035 4572 2299 4651 Vigilius
2357 4571 2839 4633 archidiaconus
2895 4571 2959 4630 in
3013 4589 3126 4631 sua
3182 4568 3363 4649 quasi
3418 4568 3568 4643 ﬁde,
3614 4573 3677 4629 ct

423 4679 596 4740 misit
650 4696 794 4739 eum
851 4678 916 4739 in
973 4678 1263 4740 exsilium
1319 4677 1383 4738 in
1434 4678 1692 4740 Pontias
1749 4678 1842 4758 (Ι).
1898 4680 1976 4740 Et
2034 4679 2407 4739 sustentavit
2459 4697 2601 4738 cum
2660 4696 2824 4757 pane
2900 4676 3328 4737 tribulationis
3386 4679 3447 4736 et
3504 4693 3674 4755 aqua

424 4786 737 4866 angustiae
789 4784 914 4867 (m).
964 4785 1082 4858 Qui
1130 4784 1450 4859 deficiens,
1511 4790 1796 4847 mortuus
1852 4791 1971 4859 est,
2022 4791 2085 4846 et
2140 4787 2462 4846 confessor
2518 4785 2725 4845 factus
2783 4790 2898 4845 est.
2960 4784 3077 4857 Qui
3137 4789 3200 4845 et
3249 4782 3531 4863 sepultus
3585 4787 3680 4843 est

424 4893 489 4955 in
540 4892 768 4954 eodem
824 4893 963 4955 loco
1018 4908 1105 4954 x11
1156 4892 1470 4953 Kalendas
1524 4891 1697 4954 Julii.
1757 4892 1979 4972 Ibique
2035 4892 2310 4955 occurrit
2370 4891 2706 4953 multitudo
2765 4891 2927 4952 male
2985 4890 3380 4964 habentium,
3432 4895 3495 4951 et
3550 4888 3678 4950 sal-

319 5002 387 5063 15
429 5006 682 5063 vantur.
745 5000 862 5062 Hic
916 5000 1066 5063 fecit
1121 4999 1585 5062 ordinationem
1644 5017 1837 5059 unam
1898 5016 2010 5079 per
2063 5018 2341 5060 mensem
2391 4998 2773 5072 Decembris,
2826 4997 3279 5078 presbyteros"
3311 5000 3407 5072 14,
3443 4996 3677 5077 episco-

428 5126 543 5191 pos
595 5125 711 5188 per
766 5106 1015 5168 diversa
1068 5106 1207 5169 loca
1261 5126 1437 5168 num.
1487 5109 1586 5181 19,
1621 5110 1684 5167 et
1738 5103 2004 5168 cessavit
2059 5106 2462 5187 episcopatus
2519 5105 2706 5166 dies"
2759 5105 3061 5185 quinque.

1452 5354 1701 5402 NOTULE
1743 5352 2131 5401 HARGINALES
2173 5352 2492 5400 FABROTTI.

250 5559 445 5641 (ειν
465 5564 529 5641 9t
551 5561 628 5641 (ξε
650 5560 913 5641 Quadam
944 5558 1556 5641 εξῖειωίιίειὲοριςείφ
1590 5562 1707 5641 έιξφ
1738 5561 1847 5641 δρα
1879 5559 2101 5641 retulit:
2141 5558 2572 5641 (.w‘hebitavit-
2614 5558 2713 5629 (εν
2732 5556 3038 5641 ίιῖ.Ρ²Ψιίί⁰
3068 5552 3365 5641 Ρίηθίέξιὲ·
3395 5548 3675 5641 (εὓζὲξῖξίς

465 5621 692 5704 (ελνίάἑ
721 5632 925 5704 Βᾳνοῃ.
958 5631 1028 5704 ad
1055 5648 1187 5686 ann.
1219 5633 1344 5704 538.
1387 5635 1459 5704 (Γ)
1490 5634 1548 5704 (1,
1583 5633 1841 5689 adducit.

2088 5621 2482 5704 interceditdn
2514 5621 2736 5704 necem.
2776 5621 2922 5704 A(h:)__'_
2942 5625 3174 5704 sacpius.
3221 5622 3288 5704 (ἐξ
3312 5624 3377 5691 Β,
3400 5621 3459 5675 in
3479 5621 3674 5704 glacie

268 5703 351 5760 vel
379 5692 584 5760 Pincii.
628 5702 695 5774 (j)
727 5706 749 5729 "
782 5701 1099 5759 Belisarius
1130 5692 1451 5775 patricius?
1473 5692 1551 5775 (1ίᾷ
1581 5708 1601 5730 ‘
1634 5692 1977 5761 monastica.
2018 5692 2081 5772 (Ζ)
2116 5705 2181 5767 0,
2215 5703 2285 5758 ad
2321 5701 2652 5757 Pontianas.
2693 5692 2795 5768 (in)
2827 5692 2951 5754 Vide
2981 5692 3185 5750 lfaron.
3218 5693 3289 5748 ad
3310 5710 3444 5748 ann.
3476 5692 3601 5747 538.
