4064 6172
237 242 333 317 571
970 244 1342 312 HISTORIA
1386 243 1488 315 DE
1531 244 1738 314 VITIS
1780 242 1971 313 ROM.
2018 250 2248 314 PONT.
2294 282 2372 296 --
2416 250 2481 312 S.
2527 246 2891 315 VIGILIUS.
3511 252 3633 327 578
3716 204 3723 207 Π

1608 610 1776 683 LXI.
1840 609 2229 685 VlGlLlUS.

978 842 1141 897 anno
1184 843 1423 899 cnnxsn
1464 830 1609 905 540,
1654 846 1996 897 JUSTINIANI
2039 848 2163 901 mp.
2214 833 2311 906 lt,
2356 846 2578 897 vmels
2621 845 2756 893 ana.
2803 833 2864 891 4.

1712 1059 2110 1077 ,ιὰ-φῇ

461 1222 624 1277 ιθ.
669 1215 956 1307 Vigilius,
1001 1217 1257 1281 natione
1301 1223 1642 1294 Romanus,
1710 1238 1785 1281 ex
1847 1226 2025 1304 patre
2068 1222 2313 1282 Joanne
2373 1220 2653 1293 consule,
2700 1219 2862 1281 sedit
2922 1238 3122 1281 annos
3178 1222 3251 1282 17
3296 1220 3403 1302 (a),
3454 1240 3635 1284 men-

378 1340 475 1384 ses
516 1321 824 1403 quinque,
868 1324 999 1385 dies
1040 1326 1141 1385 26.
1187 1325 1424 1387 Eodem
1472 1331 1753 1415 tempore
1796 1326 2124 1388 Vilisarius
2173 1326 2471 1407 patricius
2529 1328 2844 1389 commisit
2898 1326 3134 1388 bellum
3193 1346 3335 1389 cum
3385 1328 3636 1409 Guitige

375 1427 460 1517 (ὁ)
505 1446 652 1510 rege
697 1429 1066 1505 Gothorum,
1115 1431 1224 1513 qui
1266 1452 1373 1494 rex
1419 1433 1663 1514 fugiens
1708 1439 1899 1495 noctu
1942 1434 2260 1497 insecutus
2316 1442 2411 1497 est
2465 1455 2609 1497 eum
2665 1436 2942 1497 Joannes
2986 1435 3058 1516 (c)
3106 1436 3405 1514 magister
3466 1435 3633 1497 mili-

377 1541 537 1615 tum,
583 1536 687 1597 cui
727 1554 1076 1617 cognomen
1119 1538 1595 1625 sanguinarius,
1646 1547 1709 1603 et
1752 1541 1951 1612 tenuit
1994 1560 2159 1616 eum,
2209 1547 2271 1604 et
2312 1542 2577 1603 adduxit
2639 1541 2720 1602 ad
2782 1542 3166 1611 Vilisarium,
3215 1548 3278 1603 et
3329 1543 3409 1602 ad
3461 1542 3637 1622 Vigi-

300 1644 336 1703 5
376 1642 531 1704 lium
577 1645 865 1706 Romam.
908 1646 1087 1707 Tunc
1130 1645 1441 1708 dederunt
1481 1648 1540 1709 ei
1581 1653 1979 1709 sacramenta
2020 1648 2084 1708 in
2129 1649 2452 1709 basilicam
2495 1648 2622 1710 Juli
2666 1647 2774 1729 (d),
2822 1654 2893 1709 ut
2948 1649 3189 1709 salvum
3252 1648 3432 1709 illum
3492 1668 3637 1730 per-

376 1749 684 1811 ducerent
723 1750 806 1812 ad
845 1752 1273 1814 Iustinianum
1317 1753 1791 1834 imperatorem.
1852 1755 2049 1827 Quem
2108 1774 2250 1817 cum
2314 1755 2639 1815 duxissent
2700 1755 3336 1835 Constantinopolim,
3383 1756 3637 1835 gavisus

380 1861 475 1918 est
516 1856 885 1938 imperator,
933 1864 996 1919 et
1038 1858 1187 1933 fecit
1229 1878 1370 1920 eum
1419 1861 1752 1942 patricium
1810 1866 1873 1922 et
1932 1862 2249 1934 comitem,
2298 1868 2362 1923 et
2406 1861 2752 1922 transmisit
2794 1880 2936 1922 eum
2973 1861 3160 1940 juxta
3216 1861 3371 1922 fines
3414 1863 3636 1923 Persa-

379 1981 547 2036 rum,
608 1969 671 2024 et
727 1963 816 2024 ibi
869 1965 1063 2025 vitam
1122 1965 1345 2027 finivit.
1408 1967 1768 2028 Vilisarium
1826 1986 1975 2028 vero
2031 1968 2448 2046 interrogavit
2489 1970 2854 2047 imperator,
2901 1968 3223 2046 quomodo
3266 1986 3331 2028 se
3376 1967 3640 2030 haberet

382 2089 524 2133 cum
572 2071 872 2133 Romanis
917 2072 1014 2133 vel
1057 2074 1376 2153 quomodo
1420 2074 1481 2134 in
1528 2075 1667 2136 loco
1729 2074 1979 2136 Silverii
2033 2076 2353 2136 statuisset
2406 2074 2728 2154 Vigilium.
2780 2076 2877 2147 Et,
2924 2074 3071 2135 dato
3117 2074 3197 2135 ab
3241 2093 3316 2136 eo
3374 2094 3638 2156 respon-

273 2177 343 2239 ιο
382 2196 474 2253 so,
522 2182 761 2258 gratias
803 2178 860 2240 ei
902 2177 1170 2258 egerunt
1222 2180 1569 2260 imperator
1629 2186 1692 2241 et
1751 2186 2055 2259 augusta;
2102 2186 2165 2242 et
2208 2182 2356 2241 data
2398 2180 2455 2242 ei
2498 2180 2828 2259 dignitate,
2876 2181 3104 2241 iterum
3165 2181 3334 2242 misit
3384 2201 3527 2243 eum
3575 2183 3640 2245 in

260 2356 268 2362 ,
382 2284 663 2346 Africam
706 2284 784 2345 ad
828 2286 1195 2348 Gundarum
1241 2287 1311 2368 (e)
1358 2306 1571 2368 regem
1617 2288 2094 2350 Guandalorum
2138 2286 2242 2368 (/),
2290 2292 2352 2349 et
2399 2293 2465 2348 ut
2508 2306 2651 2367 quae
2696 2288 2930 2348 fecerat
2972 2286 3035 2348 in
3080 2288 3261 2349 Italia
3304 2289 3538 2351 faceret
3579 2295 3644 2353 et

380 2390 447 2451 in
501 2390 735 2452 Africa.
792 2392 911 2471 Qui
968 2392 1226 2454 veniens
1284 2392 1347 2453 in
1410 2393 1565 2455 fines
1618 2394 1844 2455 Africze
1904 2394 2020 2455 sub
2074 2394 2221 2455 dolo
2278 2393 2450 2475 pacis
2511 2393 2827 2455 interfecit
2885 2394 3251 2456 Gundarum
3299 2394 3382 2477 (g)
3427 2414 3638 2476 regem

386 2495 897 2575 Guandalorum,
926 2504 985 2561 et
1033 2499 1287 2561 redacta
1328 2506 1423 2562 est
1462 2500 1672 2561 Africa
1716 2502 1832 2561 sub
1876 2501 2358 2581 rempublicam.
2408 2503 2586 2562 Tunc
2646 2501 2983 2563 Belisarius
3026 2501 3331 2581 patricius
3373 2503 3449 2564 de
3492 2521 3639 2583 spo-

385 2602 484 2662 liis
526 2603 995 2666 Guandalorum
1045 2605 1123 2689 (Ia)
1185 2605 1443 2666 veniens
1506 2607 1798 2681 Romam,
1858 2607 2090 2669 obtulit
2145 2608 2329 2669 beato
2390 2610 2576 2667 Petro
2620 2607 2908 2687 apostolo
2972 2626 3083 2686 per
3140 2626 3365 2669 manus
3429 2608 3643 2688 Vigilli

269 2711 345 2770 15
391 2728 572 2791 papae
615 2728 865 2772 crucem
909 2730 1165 2774 auream
1209 2730 1353 2773 cum
1396 2714 1683 2791 gemmis,
1734 2733 1874 2793 quae
1918 2721 2143 2794 pensat
2184 2713 2379 2775 libras
2423 2720 2712 2786 centum;
2760 2712 2823 2773 in
2869 2732 2997 2793 qua
3039 2713 3289 2793 scripsit
3344 2714 3640 2776 victorias

389 2833 534 2877 suas
574 2815 670 2905 (ι).
714 2818 1070 2880 Cerostatas
1111 2825 1444 2899 argenteas
1486 2819 1821 2881 deauratas
1865 2819 2136 2900 majores
2178 2819 2357 2896 duas,
2406 2838 2548 2899 quae
2591 2824 2762 2879 stant
2804 2837 3004 2898 usque
3055 2817 3245 2880 hodie
3296 2825 3443 2881 ante
3500 2838 3639 2881 cor-

390 2942 508 3003 pus
550 2923 719 2985 beati
760 2924 929 2986 Petri
971 2926 1265 3005 apostoli.
1313 2925 1438 2989 Sed
1481 2932 1544 2987 et
1584 2927 1710 2988 alia
1754 2926 1955 2987 multa
1998 2926 2167 2987 dona
2226 2931 2289 2987 et
2350 2925 2778 3005 eleemosynas
2822 2942 3171 3005 pauperum
3217 2924 3481 3004 largitus
3524 2930 3639 2987 est.

395 3029 569 3091 Fecit
609 3031 796 3092 etiam
841 3031 1177 3093 Belisarius
1220 3033 1522 3113 patricius
1565 3033 2031 3095 xenodochium
2076 3033 2140 3093 in
2184 3032 2289 3093 via
2345 3032 2497 3105 lata,
2559 3038 2621 3092 et
2678 3031 2768 3112 (j)
2828 3031 2892 3091 in
2954 3031 3055 3092 via
3112 3031 3423 3093 Flaminia
3456 3031 3644 3119 juxta

391 3137 707 3201 civitatem
750 3139 969 3202 hortas‘
1013 3139 1093 3224 (k)
1139 3143 1593 3204 monasterium
1638 3143 1841 3204 sancti
1882 3141 2225 3215 Juvelanis,
2273 3140 2383 3202 ubi
2426 3140 2852 3221 possessiones
2895 3146 2959 3201 et
3000 3139 3170 3202 dona
3214 3140 3415 3201 multa
3457 3140 3646 3221 largi-

281 3246 358 3305 20
400 3251 500 3306 tus
540 3251 660 3310 est.

476 3359 640 3415 108
686 3353 921 3417 Eodem
967 3361 1250 3437 tempore
1291 3356 1627 3429 Theodora
1668 3362 1943 3437 augusta
1984 3356 2234 3435 scripsit
2289 3354 2369 3416 ad
2429 3354 2727 3434 Vigilium
2784 3371 3016 3434 papam
3066 3370 3082 3414 :
3130 3353 3307 3427 Veni,
3365 3352 3642 3435 adimple

392 3458 575 3521 nobis
617 3479 760 3540 quae
804 3480 919 3542 pro
962 3461 1133 3524 bona
1174 3462 1498 3525 voluntate
1553 3468 1665 3525 tua
1720 3463 2064 3544 promisisti
2123 3463 2201 3524 de
2260 3467 2436 3543 patre
2493 3466 2706 3522 nostro
2750 3460 3073 3535 Anthimo,
3120 3465 3184 3522 et
3225 3478 3453 3522 revoca
3495 3479 3638 3523 eum

388 3566 453 3627 in
497 3566 776 3628 ofﬁcium
820 3587 1028 3630 suum.
1077 3568 1173 3631 Ad
1215 3568 1352 3631 haec
1396 3570 1716 3651 rescripsit
1757 3570 2021 3655 Vigilius
2067 3586 2082 3630 :
2129 3568 2309 3630 Absit
2352 3568 2473 3629 hoc
2530 3585 2568 3628 a
2625 3586 2746 3640 me,
2808 3566 3067 3629 domina
3106 3568 3414 3647 Augusta.
3461 3567 3653 3628 Prius‘

389 3673 638 3736 locutus
679 3693 818 3736 sum
864 3676 1030 3737 male
1089 3682 1153 3738 et
1202 3676 1595 3758 insipienter,
1655 3677 1845 3739 modo
1903 3682 2115 3738 autem
2175 3675 2349 3736 nullo
2408 3674 2595 3736 modo
2653 3674 2768 3735 tibi
2824 3674 3170 3749 consentio,
3232 3680 3301 3736 ut
3356 3692 3643 3736 revocem

312 3780 349 3839 Β
391 3780 709 3843 hominem
755 3782 1122 3844 haereticum
1167 3789 1230 3845 et
1270 3783 1898 3853 anathematizatum.
1944 3784 2022 3845 Et
2064 3783 2115 3844 si
2158 3782 2455 3861 indignus
2498 3781 2768 3843 vicarius
2811 3800 2948 3842 sum
3004 3780 3173 3843 beati
3235 3782 3404 3844 Petri
3457 3800 3643 3862 apos-

389 3887 521 3961 toli,
572 3888 891 3969 quomodo
938 3890 1191 3962 fuerunt
1232 3895 1662 3952 antecessores
1707 3889 1831 3952 mei
1872 3889 2250 3951 sanctissimi
2292 3889 2598 3968 Agapitus
2640 3892 2701 3949 et
2747 3888 3070 3961 Silverius,
3119 3887 3228 3967 qui
3270 3906 3414 3949 eum
3459 3888 3638 3948 dam-

392 3996 747 4056 naverunt?
788 3997 966 4057 Tunc
1009 3997 1278 4058 Romani
1318 3997 1606 4059 fecerunt
1648 3997 2082 4079 suggestiones
2143 4014 2287 4056 suas
2340 4000 2561 4056 contra
2602 3994 2924 4073 Vigilium,
2971 4012 3045 4054 eo
3088 3994 3258 4072 quod
3301 4012 3442 4055 cum
3491 4013 3644 4055 con-

392 4100 530 4162 silio
590 4100 726 4189 ejus
781 4102 1105 4187 depositus
1158 4104 1380 4165 fuisset
1434 4104 1733 4165 Silverius
1791 4102 2193 4163 beatissimus
2247 4120 2415 4182 papa
2469 4108 2882 4180 suggerentes
2926 4098 2995 4181 (1)
3040 4100 3260 4179 pietati
3304 4107 3451 4175 tuae,
3499 4101 3649 4181 quia

392 4207 557 4280 male
597 4208 730 4288 agit
769 4227 913 4269 cum
957 4210 1150 4283 servis
1192 4210 1316 4270 tuis
1358 4209 1680 4284 Romanis,
1727 4215 1790 4271 et
1831 4227 1974 4270 cum
2017 4208 2157 4288 ipsa
2200 4207 2380 4288 plebe
2424 4226 2539 4267 sua
2585 4223 2600 4266 :
2648 4206 2797 4285 quia
2860 4205 3240 4265 homicidam
3297 4206 3477 4266 illum
3535 4224 3644 4267 ac-

283 4313 355 4377 l0
392 4332 707 4376 cusamus.
753 4315 856 4377 Sic
897 4320 992 4379 est
1029 4316 1096 4377 in
1142 4317 1420 4379 furorem
1475 4335 1712 4392 versus,
1782 4320 1849 4377 ut
1902 4315 2084 4377 daret
2140 4314 2391 4394 alapam
2452 4312 2701 4374 notario
2765 4329 2902 4385 suo,
2952 4311 3065 4391 qui
3107 4329 3256 4372 mox
3316 4312 3396 4373 ad
3456 4312 3650 4393 pedes

395 4420 531 4501 ejus
572 4421 827 4497 cadens,
874 4422 1243 4503 exspiravit.

474 4536 638 4591 HM
680 4528 839 4590 Item
881 4528 1056 4592 dedit
1105 4536 1360 4610 neptem
1417 4548 1597 4591 suam
1653 4528 1947 4609 Vigiliam
2007 4526 2106 4610 (m)
2160 4526 2404 4589 Asterio
2462 4524 2729 4599 consuli,
2791 4524 2993 4585 ﬁlium
3056 4523 3337 4586 mulieris
3391 4525 3643 4601 viduas;

392 4654 517 4717 quo
560 4652 709 4698 casu
753 4636 1045 4716 faciente,
1090 4636 1239 4699 fecit
1279 4654 1423 4697 eum
1469 4636 1668 4698 teneri
1710 4641 1918 4715 nocte,
1967 4641 2030 4698 et
2076 4634 2295 4696 tandiu
2338 4632 2495 4695 caedi
2538 4632 2822 4713 quandiu
2862 4632 3058 4694 vitam
3101 4631 3332 4694 ﬁniret.
3357 4632 3493 4705 Quo
3537 4651 3650 4694 au-

389 4742 545 4818 dito,
588 4745 876 4823 Augusta
916 4743 1088 4815 misit
1125 4742 1537 4806 Anthemium
1580 4742 1934 4805 scribonem
1978 4760 2122 4804 cum
2157 4740 2547 4821 jussionibus
2589 4740 2739 4815 suis,
2788 4745 2851 4801 et
2907 4758 3050 4801 cum
3109 4738 3342 4801 virtute
3399 4738 3646 4819 majore

389 4850 655 4911 Romam
697 4849 912 4912 dicens
959 4867 973 4911 :
1019 4852 1295 4931 Excepto
1338 4850 1404 4912 in
1448 4850 1710 4912 basilica
1751 4850 1951 4911 sancti
1990 4849 2164 4911 Petri
2206 4866 2393 4928 parce
2439 4846 2545 4927 (η).
2593 4849 2749 4908 Nam
2813 4847 2867 4908 si
2917 4847 2984 4907 in
3041 4846 3394 4922 Lateranis,
3453 4851 3647 4926 atque

314 4958 349 5017 5
390 4955 452 5017 in
496 4956 738 5045 palatio
781 4962 893 5019 aut
934 4958 1000 5018 in
1043 4957 1328 5039 qualibet
1370 4957 1634 5019 ecclesia
1674 4957 1989 5019 inveneris
2030 4956 2351 5035 Vigilium,
2400 4973 2548 5015 mox
2590 4954 2885 5033 imposito
2946 4954 3013 5014 in
3070 4953 3217 5014 navi
3282 4952 3358 5036 (θ)
3413 4953 3653 5034 perduc

390 5081 533 5125 eum
578 5083 777 5144 usque
820 5064 897 5125 ad
945 5083 1081 5126 nos.
1128 5066 1289 5126 Nam
1330 5065 1383 5126 si
1427 5083 1553 5126 non
1598 5063 1838 5139 feceris,
1890 5082 2003 5144 per
2044 5062 2359 5123 viventem
2406 5060 2472 5120 in
2517 5060 2752 5121 saecula
2792 5060 3104 5121 excoriari
3146 5064 3208 5121 te
3252 5060 3653 5133 faciam.Qui

385 5170 759 5241 Anthemius
800 5170 1005 5234 scribo
1054 5170 1305 5235 veniens
1362 5173 1652 5244 Romam,
1714 5169 1961 5234 invenit
2015 5186 2161 5230 eum
2222 5168 2288 5228 in
2350 5166 2617 5230 ecclesia
2672 5172 2907 5228 sanctae
2966 5166 3210 5229 Ceciliae
3252 5185 3293 5228 Χ
3333 5147 3653 5231 Kalendas

1411 5390 1664 5439 κίοσι-σω
1706 5390 2095 5438 MARGINALES
2140 5389 2467 5436 FABROTTI.

306 5566 378 5640 (α)
407 5568 470 5643 B,
498 5584 634 5643 ann.
669 5567 756 5643 id.
790 5641 795 5643 Α
834 5566 912 5641 (b)
939 5567 1178 5643 Witige.
1255 5570 1324 5640 (ε)
1352 5571 1584 5643 "_quem
1615 5570 1911 5643 fugientem

2040 5586 2082 5626 s.
2104 5572 2207 5643 est
2232 5569 2537 5643 Joannes._
2587 5568 2664 5640 (ἁ)
2694 5568 2953 5643 C._Julii.
3021 5568 3193 5643 fe)_C,
3227 5566 3645 5643 Gontharidem

423 5641 648 5726 inme.“
670 5639 749 5719 θ’)
773 5641 803 5726 ι’
836 5638 1311 5726 νωραιᾳξιιιωἈξ
1332 5641 1406 5726 (ρ)
1423 5638 1460 5667 “·
1491 5638 1840 5726 Guntharuu

2041 5666 2047 5724 χ
2076 5640 2200 5726 νιᾴθ
2231 5639 2537 5726 Βςινρηλαά
2564 5638 2838 5726 αηηι.545.
2916 5642 2985 5708 (ἰ)
3009 5639 3447 5726 CL'Qerostrata.
3475 5710 3487 5726 λ
3522 5639 3646 5726 ς

235 5698 578 5796 Ᾱ-ῘίιιὰεἹυε)
609 5698 863 5796 9,13}th
1002 5698 1218 5796 ostia;
1248 5698 1403 5796 (ιλέζ
1437 5698 1835 5796 suggerimus,
1884 5698 2183 5796 inquiunt.
2261 5716 2361 5796 ςγη)
2410 5714 2471 5792 (ξ,
2522 5715 2792 5792 nepotem
2837 5698 3012 5767 suum
3056 5698 3332 5784 Vigilius.
3409 5710 3491 5784 (η)
3522 5698 3646 5766 δ’Βί

236 5798 366 5843 eum
394 5781 691 5841 inveneris
717 5781 779 5840 in
808 5781 1054 5847 basilica
1082 5784 1147 5849 Β.
1175 5782 1329 5849 Patri
1355 5781 1606 5864 apostbli
1630 5781 1827 5867 parce.
1899 5781 1984 5861 (of
2006 5787 2030 5811 ¹
2060 5782 2408 5862 impositum
2437 5782 2497 5839 in
2528 5781 2744 5840 navim.
