4064 6172
377 237 380 240 ’
446 229 562 292 579
1601 225 2014 287 ANAS'I‘ASII
2058 221 2682 289 BIBLIOTHECARII
3691 243 3790 308 530

602 359 983 422 Decembris.
1058 361 1136 420 Et
1178 364 1442 438 rogante
1487 360 1723 440 populo
1767 365 1976 420 tentus
2021 365 2136 420 est.
2181 361 2330 421 Erat
2373 362 2540 423 enim
2593 362 2823 424 natalis
2880 363 3019 442 ejus
3080 364 3232 440 dies,
3279 385 3536 430 munera
3573 375 3794 440 tradens

598 469 859 548 populo,
905 468 1014 547 qui
1057 473 1276 528 tenens
1319 469 1610 547 deposuit
1669 487 1808 528 eum
1875 487 1986 547 per
2040 468 2333 541 Tiberim,
2383 475 2444 530 et
2503 470 2670 530 misit
2731 470 2792 530 in
2855 472 3089 532 navim.
3137 474 3318 535 Plebs
3360 478 3677 562 autem‘(a)
3717 503 3798 546 se.

480 575 556 634 10
599 574 910 654 quebatur
951 594 1091 636 cum
1139 575 1589 636 acclamantem
1641 573 1742 656 (b),
1788 580 1858 636 ut
1899 575 2248 636 orationem
2295 576 2374 636 ab
2419 595 2492 637 eo
2537 577 2914 657 acciperent.
2962 581 3122 640 Data
3163 581 3464 656 oratione,
3511 589 3802 666 respondit

595 683 800 742 omnis
842 682 1113 762 populus
1157 686 1379 756 Amen,
1413 688 1476 742 et
1519 687 1690 742 mota
1746 687 1840 742 est
1895 681 2094 742 navis.
2141 683 2439 743 Videntes
2499 685 2790 760 Romani,
2837 686 3012 765 quod
3067 688 3364 750 movisset
3409 688 3478 770 (ο)
3521 693 3703 768 navis,
3743 696 3798 757 in

594 808 720 867 qua
763 789 1020 850 sedebat
1063 789 1349 868 Vigilius,
1395 795 1545 850 tunc
1587 789 1777 868 coepit
1821 789 2091 868 populus
2143 789 2386 868 jactare
2449 796 2590 870 post
2650 809 2792 852 eum
2858 793 3122 872 lapides,
3179 795 3397 870 fustes,
3443 799 3711 876 cacabos,
3750 809 3804 864 et

593 897 798 957 dicere
848 915 860 956 :
911 899 1131 958 Fames
1175 903 1286 957 tua
1329 903 1558 969 tecum,
1607 897 1958 956 mortalitas
2005 903 2210 956 tecum
2259 915 2272 956 :
2324 898 2485 958 male
2528 899 2730 959 fecisti
2787 901 3108 975 Romanis,
3167 903 3332 964 male
3392 903 3662 968 invenias
3709 928 3802 970 va-

592 1005 708 1064 dis.
756 1007 833 1066 Et
873 1005 1128 1084 quidem
1177 1004 1262 1084 (d)
1303 1011 1616 1065 amatores
1659 1003 1794 1082 ejus
1838 1004 2034 1065 secuti
2076 1023 2216 1064 eum
2265 1011 2411 1064 sunt
2452 1005 2528 1066 de
2573 1006 2859 1067 ecclesia.
3791 987 3797 990 ’

677 1123 838 1174 105
885 1115 1002 1186 Qui
1043 1114 1358 1190 ingressus
1401 1113 1678 1174 Siciliam
1723 1113 1788 1172 in
1833 1113 2150 1173 civitatem
2193 1115 2629 1188 Catanensem,
2687 1116 3027 1195 permissus
3088 1123 3183 1178 est
3237 1119 3444 1180 facere
3494 1121 3808 1185 ordinatio-

593 1240 734 1282 nem
773 1241 894 1308 per
937 1239 1212 1282 mensem
1257 1220 1617 1281 Decembris
1663 1220 2060 1299 presbyteros
2103 1225 2164 1280 et
2207 1220 2526 1295 diaconos,
2546 1221 2616 1280 ’in
2662 1223 2889 1301 quibus
2933 1225 3354 1286 retransmisit
3397 1229 3651 1288 Romam
3689 1231 3808 1291 Am-

593 1329 856 1408 pliatum
904 1328 1358 1408 presbyterum,
1409 1333 1471 1387 et
1513 1326 1972 1386 vicsdominum
2019 1345 2226 1400 suum,
2273 1335 2337 1388 et
2377 1327 2778 1388 Valentinum
2824 1330 3216 1410 episcopum,
3263 1351 3303 1392 a
3346 1339 3560 1394 saucta
3602 1333 3668 1416 (e)
3709 1338 3809 1397 Ru-

595 1437 742 1509 fina,
789 1443 852 1496 et
894 1436 1204 1508 Secunda,
1253 1435 1331 1494 ad
1359 1435 1856 1495 custodiendum
1916 1434 2242 1494 Lateranis
2285 1433 2393 1514 (Γ),
2441 1441 2505 1495 et
2547 1436 3030 1514 gubernandum
3093 1440 3358 1500 clerum.
3417 1441 3495 1502 Et
3551 1441 3683 1504 vale
3727 1444 3807 1504 fa-

511 1545 546 1600 5
591 1543 762 1604 ciens
803 1544 1120 1614 omnibus,
1166 1543 1483 1620 ingressus
1527 1547 1618 1601 est
1660 1540 2270 1620 Constantinopolim
2316 1541 2380 1600 in
2424 1542 2652 1620 Vigilia
2693 1543 2946 1604 Domini
2991 1546 3190 1607 nostri
3231 1547 3382 1608 Jesu
3425 1546 3668 1609 Christi.
3711 1549 3808 1611 Ob-

591 1651 727 1711 vius
770 1655 862 1711 est
905 1650 960 1710 ei
1002 1650 1366 1730 imperator,
1415 1653 1476 1708 et
1517 1648 1871 1708 osculantes
1914 1665 1978 1708 se
2021 1653 2350 1726 coeperunt
2393 1649 2563 1722 flere,
2627 1655 2688 1710 et
2744 1650 2922 1729 plebs
2983 1651 3090 1712 illa
3150 1653 3463 1731 psallebat
3504 1661 3644 1716 ante
3683 1673 3805 1717 eum

587 1776 786 1837 usque
831 1757 909 1816 ad
953 1757 1279 1816 ecclesiam
1322 1759 1554 1816 sanctae
1599 1755 1852 1834 Sophia:
1899 1772 1912 1814 ε
1963 1757 2118 1815 Ecce
2162 1755 2416 1816 advenit
2459 1755 2822 1818 dominator
2863 1759 3185 1835 Dominus,
3237 1766 3358 1822 etc.

599 1853 604 1860 ’
673 1873 837 1924 106
879 1865 998 1924 Per
1041 1863 1362 1924 biennium
1409 1882 1555 1924 vero
1599 1863 1856 1922 fuerunt
1911 1863 2347 1923 contentiones
2405 1864 2482 1924 de
2546 1864 2846 1926 Anthimo
2891 1866 3283 1945 patriarcha,
3329 1868 3643 1947 quomodo
3683 1887 3808 1948 pro-

591 1973 859 2032 misisset
900 1989 1042 2032 eum
1088 1971 1150 2030 in
1195 1971 1402 2030 locum
1466 1989 1646 2030 suum
1707 1970 2055 2041 restituere,
2102 1969 2456 2030 cautionem
2503 1988 2726 2031 manus
2769 1991 2897 2032 suae
2960 1973 3016 2032 ei
3076 1974 3482 2035 ostendentes
3523 1975 3806 2054 quomodo

589 2081 963 2161 promiserat
1004 2097 1146 2138 eum
1191 2078 1252 2136 in
1298 2078 1582 2137 ordinem
1627 2095 1808 2136 suum
1855 2095 2169 2136 revocare.
2219 2077 2342 2137 Sed
2394 2078 2658 2156 Vigilius
2712 2079 3074 2140 nullatenus
3133 2081 3223 2142 eis
3284 2082 3485 2142 voluit
3524 2081 3805 2142 consenti-

589 2207 678 2260 re,
725 2187 832 2247 sed
877 2191 1054 2246 tanta
1099 2185 1429 2244 roboratus
1473 2184 1702 2243 virtute
1763 2183 1961 2261 magis
2019 2183 2178 2242 mori
2240 2183 2661 2257 desiderabat,
2709 2204 2900 2264 quam
2945 2187 3154 2248 vivere
3196 2186 3312 2268 (g).
3359 2190 3534 2249 Tunc
3575 2187 3805 2268 Vigilius

507 2300 543 2357 5
591 2313 755 2374 papa
797 2293 956 2353 dixit
1002 2311 1014 2351 :
1063 2295 1146 2353 Ut
1187 2291 1390 2362 video,
1441 2309 1566 2349 non
1611 2308 1710 2349 me
1757 2291 2036 2349 fecerunt
2097 2289 2178 2349 ad
2236 2295 2292 2349 te
2351 2291 2564 2352 venire
2621 2293 3038 2366 Justinianus,
3086 2301 3149 2354 et
3201 2295 3536 2355 Theodora
3577 2293 3804 2374 piissimi

589 2401 924 2482 principes,
973 2400 1080 2460 sed
1127 2399 1313 2458 hodie
1370 2397 1498 2457 scio
1561 2397 1728 2476 quod
1771 2397 2228 2456 Diocletianum
2274 2402 2335 2456 et
2377 2397 2807 2459 Eleutheriam
2852 2399 3100 2473 inveni;
3147 2401 3338 2462 facite
3382 2407 3454 2462 ut
3494 2402 3689 2474 vultis,
3729 2401 3802 2460 di-

587 2528 713 2588 gna
755 2509 921 2568 enim
971 2507 1146 2566 factis
1191 2505 1446 2584 recipio.
1491 2508 1667 2565 Tunc
1713 2504 1884 2563 dedit
1941 2504 2192 2584 alapam
2247 2505 2310 2563 in
2369 2505 2588 2565 faciem
2645 2505 2780 2584 ejus
2835 2507 3094 2586 quidam
3157 2507 3375 2568 dicens
3421 2526 3434 2568 :
3483 2507 3796 2580 Homicida,

587 2616 805 2690 nescis,
856 2615 1082 2692 quibus
1125 2613 1441 2692 loqueris?
1484 2613 1692 2672 Nescis
1736 2611 1884 2690 quia
1928 2611 2260 2670 Silverium
2308 2631 2538 2690 papam
2585 2613 2887 2686 occidisti,
2937 2619 2999 2674 et
3041 2615 3242 2674 ﬁlium
3303 2615 3578 2675 mulieris
3627 2614 3800 2674 viduae

587 2723 667 2783 ad
711 2723 912 2783 calces
955 2727 1017 2782 et
1059 2722 1252 2780 fustes
1295 2719 1684 2780 interfecisti.
1739 2722 1914 2778 Tunc
1972 2717 2214 2795 fugiens
2258 2719 2322 2778 in
2368 2719 2694 2779 ecclesiam
2757 2726 2990 2780 sancta:
3051 2720 3446 2800 Euphemim,
3495 2720 3682 2782 tenuit
3717 2738 3803 2781 co-

470 2832 544 2894 lO
587 2831 869 2890 lumnam
915 2828 1151 2890 altaris.
1200 2825 1316 2899 Qui
1359 2831 1594 2886 tractus
1639 2831 1732 2886 est
1775 2825 1854 2884 ab
1899 2843 1995 2896 ea,
2041 2831 2104 2884 et
2145 2824 2382 2903 ejectus
2425 2825 2575 2886 foris
2615 2824 2700 2906 (/2)
2746 2827 3097 2887 ecclesiam.
3145 2828 3444 2908 Fecitque
3499 2826 3795 2889 Theodora

585 2941 866 3016 Augusta
911 2935 1072 2995 mitti
1115 2936 1330 2994 funem
1376 2934 1438 2992 in
1487 2933 1717 2993 collum
1762 2931 1916 3010 ejus,
1966 2937 2028 2991 et
2071 2931 2237 2991 trahi
2281 2951 2392 3010 per
2437 2937 2631 2992 totam
2686 2931 3005 2992 civitatem
3063 2953 3266 3013 usque
3324 2935 3402 2995 ad
3467 2949 3788 3015 vesperum.

583 3048 758 3105 Tunc
803 3043 1024 3102 missus
1065 3047 1159 3102 est
1199 3041 1262 3099 in
1309 3039 1680 3110 custodiam,
1728 3045 1789 3098 et
1831 3037 2102 3098 dabatur
2144 3038 2201 3098 ei
2245 3039 2560 3099 modicum
2606 3039 2786 3118 panis
2828 3044 2891 3099 et
2933 3057 3141 3118 aquae.
3191 3041 3414 3102 Clerus
3455 3049 3655 3103 autem
3698 3042 3798 3100 Ro-

588 3169 834 3222 manus,
891 3150 995 3228 qui
1062 3166 1204 3208 cum
1263 3166 1337 3208 eo
1396 3152 1552 3223 erat,
1617 3145 1788 3205 missi
1845 3150 1992 3205 sunt
2047 3145 2109 3204 in
2170 3146 2455 3206 exsilium
2523 3165 2635 3226 per
2693 3145 2938 3207 diversa
2999 3147 3157 3220 loca,
3225 3149 3315 3208 ad
3375 3149 3622 3210 metalla
3677 3145 3800 3208 inci-

586 3257 816 3318 denda.

673 3372 829 3424 ιιη
877 3365 1052 3423 Tune
1097 3361 1282 3424 Gothi
1329 3362 1610 3422 fecerunt
1653 3359 1771 3419 sibi
1815 3378 2025 3438 regem
2081 3359 2362 3420 Baduam
2426 3359 2516 3440 (ι’),
2577 3359 2688 3439 qui
2742 3359 2946 3421 Totila
3003 3362 3518 3441 nuncupabatur,
3577 3367 3634 3423 et
3685 3360 3802 3420 des-

585 3472 795 3532 cendit
834 3474 1118 3542 Romam,
1154 3475 1216 3529 et
1259 3469 1503 3528 obsedit
1544 3485 1705 3527 eam.
1739 3469 1816 3526 Et
1859 3467 2026 3526 facta
2070 3472 2162 3526 est
2203 3467 2400 3527 fames
2445 3467 2724 3527 maxima
2767 3467 2828 3526 in
2875 3467 3126 3529 civitate
3173 3471 3490 3537 Romana.
3535 3473 3602 3530 ut
3641 3467 3802 3528 etiam

586 3584 766 3638 natos
809 3597 953 3638 suos
999 3577 1230 3636 vellent
1272 3575 1622 3634 comedere.
1669 3573 1778 3634 Die
1838 3573 1905 3653 (ι’)
1965 3579 2170 3634 autem
2239 3574 2422 3634 tertia
2478 3574 2722 3634 decima
2777 3574 3058 3636 introivit
3117 3576 3180 3634 in
3241 3577 3560 3637 civitatem
3617 3579 3804 3635 Itoma-

587 3704 758 3758 nam,
805 3685 1020 3744 indict.
1067 3701 1171 3745 le
1219 3683 1325 3763 (lc),
1385 3699 1494 3761 per
1549 3685 1796 3760 portam
1857 3681 2055 3740 sancti
2111 3680 2312 3740 Pauli.
2379 3683 2540 3740 Tota
2598 3680 2762 3740 enim
2827 3687 3008 3742 nocte
3072 3682 3219 3742 fecit
3279 3683 3552 3744 buccina
3602 3677 3802 3757 clangi,

503 3797 540 3855 5
583 3811 780 3872 usque
824 3792 972 3851 dum
1018 3795 1279 3850 cunctus
1324 3787 1596 3868 pepulus
1639 3787 1906 3866 fugeret,
1956 3793 2066 3846 aut
2109 3806 2221 3866 per
2264 3787 2556 3848 ecclesias
2600 3806 2664 3848 se
2708 3787 3008 3861 celarent,
3059 3807 3136 3848 ne
3180 3789 3398 3868 gladio
3445 3786 3696 3851 Romani
3731 3783 3800 3844 vi-

585 3907 714 3960 tam
758 3898 1037 3960 finirent.
1085 3899 1406 3975 Ingressus
1449 3900 1659 3955 autem
1706 3913 1816 3954 rex
1863 3893 2170 3954 habitavit
2213 3911 2354 3953 cum
2401 3893 2722 3966 Romanis,
2770 3894 2952 3973 quasi
3016 3900 3195 3974 pater
3250 3915 3398 3956 cum
3457 3895 3615 3956 filiis.
3657 3895 3804 3955 Tunc

585 4006 845 4086 quidam
889 4005 966 4066 de
1011 4003 1405 4065 senatoribus
1458 4002 1766 4080 fugientes
1825 4001 2108 4062 Techeus
2152 3999 2242 4081 (ἰ),
2289 4000 2577 4074 Albinus,
2639 4005 2702 4060 et
2759 4001 3025 4061 Basilius
3086 4001 3392 4082 patricius
3449 3997 3798 4068 exconsules,

583 4113 849 4192 ingressi
914 4117 1061 4172 sunt
1137 4109 1766 4190 Constantinopolim,
1852 4115 1916 4170 et
1976 4113 2286 4188 praesente
2366 4113 2509 4168 ante
2589 4107 3039 4187 imperatorem
3120 4109 3346 4171 afﬂicti
3419 4115 3481 4171 et
3539 4102 3794 4169 desolati.

583 4221 957 4284 Consulatus
1019 4225 1112 4282 est
1167 4223 1377 4279 autem
1439 4236 1547 4278 eos
1607 4217 1978 4296 imperator,
2045 4220 2108 4276 et
2175 4215 2400 4276 ditavit
2462 4233 2590 4288 eos,
2656 4215 2816 4276 sicut
2889 4215 3064 4294 digni
3125 4219 3310 4276 erant
3379 4213 3656 4276 consules
3697 4212 3798 4270 Ro-

585 4330 783 4392 mani.

671 4446 828 4498 108
875 4437 1112 4498 Eodem
1169 4440 1452 4513 tempore
1515 4431 1684 4491 misit
1741 4431 2088 4509 imperator
2143 4428 2538 4490 Justinianus
2593 4431 2920 4490 Narsetem
2983 4427 3348 4489 eunuchum
3411 4433 3472 4490 et
3527 4421 3805 4489 cubicula-

585 4545 744 4605 rium
790 4562 973 4604 suum
1019 4543 1080 4602 in
1133 4541 1396 4612 Italiam,
1445 4538 1575 4617 qui,
1623 4537 1772 4596 data
1814 4554 2029 4615 pugna
2072 4553 2214 4594 cum
2259 4534 2494 4606 Gothis,
2543 4535 2804 4596 donavit
2845 4535 2902 4596 ei
2947 4539 3108 4596 Deus
3151 4536 3506 4608 victoriam,
3550 4539 3611 4594 et
3661 4527 3802 4592 occi-

583 4669 687 4710 sus
731 4655 824 4710 est
867 4669 998 4721 rex,
1059 4655 1122 4708 et
1182 4645 1517 4706 multitudo
1579 4643 1927 4705 Gothorum
1985 4641 2295 4702 interfecti
2354 4647 2524 4701 sunt.
2589 4645 2764 4702 Tunc
2820 4643 3133 4703 adunatus
3194 4643 3398 4704 clerus
3455 4637 3802 4720 rogaverunt

584 4759 932 4828 Narsetem,
979 4759 1048 4814 ut
1093 4771 1220 4812 una
1261 4770 1402 4812 cum
1447 4751 1583 4828 eius
1626 4749 2028 4830 suggestione
2072 4753 2371 4828 rogarent
2413 4748 2783 4828 principem,
2837 4755 2908 4810 ut
2949 4750 3002 4809 si
3045 4750 3254 4810 adhuc
3295 4750 3532 4812 viveret
3569 4741 3802 4824 Vigilius

583 4881 775 4946 papa,
830 4868 939 4922 aut
997 4860 1420 4941 presbyteros,
1479 4877 1588 4920 seu
1651 4859 1948 4918 diaconos
1993 4855 2118 4938 (φη),
2165 4855 2262 4917 vel
2307 4857 2533 4929 clerus,
2581 4857 2690 4934 qui
2733 4875 2874 4916 cum
2920 4856 3142 4918 eodem
3186 4857 3412 4935 Vigilio
3447 4841 3702 4915 fuerant
3747 4845 3799 4906 in

581 4971 870 5033 exsilium
917 4968 1250 5048 deportati,
1299 4972 1783 5028 reverterentur.
1833 4967 2139 5044 Suscepta
2183 4969 2394 5024 autem
2439 4963 2742 5040 relatione
2787 4963 3090 5036 Narsetis,
3135 4963 3233 5023 vel
3277 4961 3485 5023 cuncti
3525 4956 3667 5020 cleri
3706 4955 3802 5013 Βο-

587 5081 757 5142 mani
801 5081 980 5140 laetus
1025 5079 1282 5139 effectus
1325 5083 1418 5138 est
1461 5077 1825 5157 imperator,
1863 5081 1924 5136 et
1967 5073 2627 5157 omnes_iuclyti_e]us
2670 5073 2956 5157 eo‘quod
3001 5073 3284 5157 requiem
3331 5073 3628 5157 donasset.
3657 5067 3797 5124 Deus

583 5161 903 5225 Romanis.
953 5162 1030 5220 Et
1074 5179 1218 5220 mox
1263 5159 1432 5218 misit
1466 5146 1782 5238 jussiones
1808 5146 1970 5216 suas
2015 5173 2128 5234 per
2169 5146 2418 5215 diversa
2459 5146 2616 5228 loca,
2667 5153 2774 5213 ubi
2806 5146 3196 5214 fuerant-in
3255 5152 3544 5216 exsilium
3596 5146 3796 5224 depor-

1604 5405 1859 5456 NOTULE
1901 5402 2291 5450 MARGINALES
2333 5404 2655 5450 FABROTTI.

495 5624 569 5697 (α)
601 5627 620 5646 ’⁸
657 5621 822 5697 Plebs
855 5625 1048 5697 autem
1080 5623 1136 5674 et
1166 5575 1593 5697 pqpulusunqi)
1620 5619 1653 5697 ξ
1677 5613 2008 5697 acclamans
2040 5611 2100 5697 cl_:

2188 5615 2380 5697 antas.-
2401 5681 2436 5697 η
2459 5613 2530 5697 (ιε)
2575 5611 3074 5697 ωοιειέξεξθιηοκ.
3109 5607 3190 5697 ςιὲ)
3221 5608 3509 5697 quidse-ﬁ
3551 5584 3793 5697 (22.92.33

423 5665 680 5753 saiiwc/tas:
699 5665 1440 5766 lutiliat‘éﬁqﬁssfﬁT'QS'
1459 5665 1591 5766 νίὶὶέ
1613 5665 2226 5766 βςῑνέλιῑῇξέ,ἀῑιτίξέιεγρ
2291 5665 2716 5766 ([09,:1693‘."
2745 5685 2809 5752 (ι’)
2835 5685 2902 5766 ρ,
2936 5665 3286 5766 Badjg‘ilhui.
3362 5678 3436 5752 (j)
3470 5674 3530 5742 Ο,
3557 5665 3794 5760 quatiant

423 5768 534 5842 die,
615 5767 689 5847 (k)
720 5753 790 5842 ϐξ
812 5753 896 5824 t3.
973 5765 1038 5842 (ι)
1069 5763 1129 5836 C,
1161 5753 1457 5822 Cinthélis.
1537 5759 1634 5838 (φη)
1665 5763 1688 5784 ⁸
1721 5757 2064 5834 Presbyteri,
2097 5753 2348 5828 diaconi,
2385 5753 2512 5812 Vide
2540 5759 2742 5814 Baron.
2777 5753 2848 5812 ad
2875 5770 3008 5813 ann.
3041 5754 3170 5812 554.
