4064 6172
423 81 542 146 699
1567 86 1984 150 ANASTASII
2027 87 2686 151 BIBLIOTHEGARII.
3669 97 3767 164 700

425 219 842 296 eameterium,
877 217 1032 289 quod
1062 235 1178 296 non
1223 218 1315 292 via
1359 219 1690 296 ardeatinis,
1723 223 1788 296 ut
1811 218 2071 296 _scripsit
2100 227 2153 294 Α
2181 235 2280 275 eas
2299 219 2358 296 in
2375 219 2639 296 Angliam
2659 219 2884 296 littaras
2903 218 3770 296 misitBonil‘aciusdiusuperstes

425 290 762 364 Onuphrius
783 289 851 364 in
875 289 1339 364 ocemeteriorum
1361 290 1654 364 Catalogo,
1674 289 1788 364 sed
1811 289 2070 364 Num—en-
2100 289 2153 294 ⁷-
2179 308 2296 364 non
2327 290 2435 346 fuit
2452 289 2704 364 {eodem
2722 290 2894 364 enim
2925 307 3081 364 anno
3113 291 3520 364 sescentesimo
3538 289 3772 357 vicesimo

425 360 576 437 tanta:
599 378 776 434 prope
807 360 977 437 Urbis
1027 362 1242 418 moenia
1280 363 1468 437 situm
1519 360 1648 437 esse
1676 363 1832 437 inter
1877 363 2070 437 Romae
2181 362 2530 437 quinto,‘d_ie
2559 362 2845 437 vicesima
2865 362 3126 437 secunda
3163 361 3444 437 octobris,
3477 381 3774 437 supremum

425 381 564 420 rana
599 381 776 434 prope
812 381 977 417 UI‘DIS
1027 381 1242 418 mmnia
1289 381 1468 418 suum
1519 381 1648 418 esse
1678 381 1832 418 inter
1877 381 2070 418 nomae
2181 381 2408 488 animo,
2437 381 2530 418 nne
2559 381 2836 418 Vicesima
2865 381 3126 419 secunda
3163 381 3444 430 uctonris,
3477 381 3774 437 supremum

425 435 815 514 subterraneae
845 432 1158 514 scriptores
1176 433 1325 514 satis
1345 435 1630 514 convenit.
1651 433 2071 514 Ibidemetiam
2189 434 2337 514 _iem
2366 433 2532 514 obiit,
2565 439 2640 502 et,
2672 438 2736 514 ut
2755 433 2931 514 habet
2955 433 3581 514 Anastasius,_sepultus
3613 448 3686 514 est
3719 442 3778 497 ad

425 509 549 560 erat
579 504 824 578 ecclesia
845 504 1270 578 SzNicomedis,
1299 523 1474 577 quam
1495 509 1779 578 vetustate
1801 505 2072 560 fatiscen-
2181 505 2243 560 Β.
2277 511 2504 560 Petrum
2531 506 2830 578 apostolum
2856 505 2944 561 die
2973 507 3229 578 vicesimo,
3251 504 3438 578 quinto
3463 509 3777 568 musisch

423 580 541 652 tem
560 575 855 652 fidi-ianus
885 575 928 641 Ι,
961 581 1026 630 ut
1057 576 1235 652 refert
1256 575 1599 652 Anastasius
1629 577 1800 642 infra,
1833 593 2071 652 renovae
2183 575 3108 652 brz'§,p_ostquamsedissetannos
3135 575 3594 652 quinquagenm"
3611 580 3778 652 decem,

425 647 528 702 vit.
557 647 667 703 Sed
699 652 1030 719 temporum
1062 647 1277 718 injuria
1307 647 1388 719 ita
1417 647 1540 703 solo
1589 651 1818 719 aequata
1866 651 1974 718 est,
2009 651 2075 702 ut
2183 651 2248 702 ut
2277 646 2496 704 habent
2525 648 2822 704 Gotfridus
2851 646 3234 702 Viterbiensis
3265 646 3324 702 in
3347 647 3636 719 Chronico,
3656 646 3784 710 Luit-

425 723 626 774 nostra
656 717 942 792 aetatevix
962 717 1257 792 parietinae
1287 717 1445 792 illius
1476 719 1596 774 sint
1617 717 1966 792 conspicuae.
1987 719 2072 774 Ad
2181 719 2463 790 prandus,
2491 719 2803 792 Catalogus
2831 719 3138 792 nominum
3151 717 3783 791 apostolicorum,codex

428 789 827 862 coemeterium
877 789 1006 844 vero
1058 791 1225 862 quod,
1243 789 1472 862 attinet,
1503 807 1635 845 cum
1675 789 1808 844 ante
1839 789 2076 862 Bosium
2183 789 3016 862 msrAnastasiircolbertinus
3039 794 3097 845 et
3145 789 3398 862 quatuor
3433 807 3500 846 ex
3543 793 3784 862 catalogis

429 865 583 942 esset
621 861 922 942 ignotum,
943 859 1151 942 positis
1190 859 1338 942 illud
1382 861 1642 942 primum
1677 861 1892 917 detexit
1919 877 2073 942 anno
2183 861 2406 942 _Criticze
2435 861 2774 942 Baronianas
2805 861 3088 942 prefinis;
3123 859 3181 917 et
3204 862 3362 942 quod
3387 877 3506 942 rem
3525 869 3673 942 extra
3693 859 3782 921 du-

430 933 590 1006 1_601,
621 931 800 1004 prope
829 931 999 987 Urbis
1031 931 1246 987 mcenia
1267 933 1362 1006 via
1384 931 2076 1006 Numentana,complec-
2183 932 2349 1006 bium
2381 933 2563 1006 ponit,
2591 934 2718 1006 ejus
2741 931 3108 1006 epitaphium
3139 950 3174 989 a
3203 931 3443 1006 Baronio
3497 935 3784 1006 recitatum,

429 1003 695 1129 titurqute'
717 1009 835 1129 tres
867 1007 969 1058 aut
998 1009 1248 1076 quatuor
1273 1004 1500 1060 viarum
1532 1004 1772 1060 semitas
1801 1003 2074 1060 totidem-
2184 1004 2340 1074 quod
2369 1003 2600 1060 duobus
2625 1003 2725 1060 bis
2754 1003 3022 1062 versibus
3053 1003 3366 1060 clauditur.

432 1091 544 1129 aue
565 1091 637 1129 cu
681 1091 774 1129 1011
801 1092 854 1129 a.

432 1091 544 1146 que
565 1075 854 1130 cumcum.
1157 1181 1342 1237 PAG“
2184 1143 2402 1193 Culmen
2428 1144 2778 1208 apostolicum
2809 1145 3048 1218 quinque
3096 1149 3150 1194 et
3177 1145 3262 1194 his
3291 1146 3578 1209 mensibus,
3607 1149 3740 1198 annis

1347 1225 1361 1238 -
1631 1229 1642 1240 ο
2309 1207 2462 1258 Rexit
2487 1211 2538 1258 et
2564 1207 2632 1257 ad
2661 1221 2842 1272 magni
2871 1207 3084 1258 culmen
3103 1207 3328 1258 honoris
3356 1209 3484 1260 abit.

510 1287 690 1345 Linea
721 1289 806 1343 12.
837 1319 907 1330 -
933 1288 1038 1357 Qui
1063 1289 1345 1360 defunctus
1373 1289 1615 1362 sepultus
1644 1289 2075 1362 est.Postquam

1755 1579 2018 1649 LXXII.
2071 1579 2526 1651 HONORIUS.

1585 1745 1750 1791 anno
1792 1744 2030 1791 cums'rr
2071 1731 2212 1803 626,
2259 1745 2544 1792 nauem
2587 1731 2686 1790 17.

1928 1887 2356 1902 ψ

683 2019 846 2072 illi
914 2013 1230 2076 Honorius
1299 2015 1557 2078 natione
1622 2019 2003 2098 Campanus,
2077 2037 2155 2080 ex
2229 2023 2405 2098 patre
2486 2015 2780 2079 Petronio
2864 2016 3143 2089 consule,
3221 2015 3386 2078 sedit
3463 2033 3651 2077 annos
3719 2017 3795 2088 l2,

600 2137 844 2180 menses
903 2121 1004 2194 11,
1050 2121 1183 2183 dies
1246 2124 1322 2183 11
1384 2123 1489 2204 (α).
1538 2125 1650 2185 Hic
1713 2125 2104 2206 temporibus
2160 2125 2286 2186 suis
2346 2126 2548 2186 multa
2615 2123 2786 2186 bona
2849 2123 3015 2186 fecit.
3081 2123 3197 2186 Hic
3257 2122 3524 2184 erudivit
3579 2123 3797 2196 clerum.

599 2226 1016 2306 Temporibus
1057 2229 1186 2288 suis
1228 2231 1556 2292 renovavit
1597 2250 1849 2293 omnem
1893 2232 2198 2293 familiam
2241 2233 2410 2293 beati
2451 2231 2623 2292 Petri
2666 2230 2938 2310 apostoli
2981 2229 3085 2310 (ὁ),
3135 2236 3202 2290 et
3243 2230 3556 2291 investivit
3593 2231 3797 2291 confes-

601 2333 843 2394 sionem
885 2333 1054 2395 beati
1097 2336 1265 2396 Petri
1307 2354 1384 2397 ex
1427 2343 1689 2416 argento
1734 2358 1916 2418 puro,
1965 2340 2135 2418 quod
2179 2343 2403 2419 pensat
2460 2338 2654 2399 libras
2715 2343 2969 2399 centum
3031 2337 3404 2416 octuaginla
3462 2341 3523 2398 et
3573 2341 3793 2417 septem.

523 2441 559 2500 5
601 2440 925 2502 lnvestivit
955 2442 1157 2521 regias
1192 2441 1427 2522 januas
1469 2444 1533 2504 in
1577 2445 1862 2525 ingressu
1909 2445 2186 2506 ecclesiae
2245 2444 2539 2524 majores,
2587 2463 2729 2524 quas
2790 2443 3199 2524 appellantur
3263 2443 3566 2505 mediana;
3615 2461 3682 2504 ex
3717 2461 3796 2504 ar-

603 2552 817 2628 gento,
865 2567 1005 2628 quae
1065 2555 1338 2629 pensant
1399 2549 1592 2612 libras
1654 2553 2076 2632 noningentas
2137 2552 2541 2633 septuaginta
2613 2550 2914 2632 quinque,
2963 2549 3112 2613 fecit
3169 2556 3237 2612 et
3297 2555 3630 2612 cerostatas
3691 2567 3798 2610 ma-

596 2653 770 2734 jores
813 2653 890 2736 (ο)
931 2673 1008 2716 ex
1050 2663 1314 2735 argento
1346 2659 1525 2737 paria
1565 2659 1712 2734 duo,
1761 2678 1904 2739 quae
1948 2665 2096 2720 sunt
2137 2664 2283 2720 ante
2325 2677 2552 2739 corpus
2595 2657 2764 2720 beati
2805 2657 2977 2718 Petri
3018 2657 3316 2738 apostoli,
3363 2675 3614 2738 pensan.
3669 2656 3800 2734 sing.

605 2761 798 2823 libras
865 2764 1006 2823 272.
1053 2764 1223 2825 Fecit
1291 2770 1354 2826 et
1423 2765 1502 2826 ad
1573 2765 1829 2828 beatum
1900 2765 2217 2829 Andream
2282 2765 2664 2847 apostolum,
2711 2764 2820 2826 ubi
2888 2783 3106 2844 supra,
3179 2769 3329 2854 ante
3398 2763 3800 2826 confessionem

607 2867 856 2930 tabulas
915 2888 994 2930 ex
1054 2877 1340 2950 argento,
1389 2892 1532 2952 quae
1576 2891 1753 2952 pens.
1820 2873 1966 2944 libr.
2013 2873 2416 2953 septuaginta
2479 2879 2625 2933 tres.
2701 2871 2904 2951 Hujus
2965 2857 3360 2952 temporibus
3419 2871 3631 2934 levatae
3687 2873 3803 2930 sunt

445 2973 566 3032 ’10
607 2974 818 3036 trabes
895 2976 960 3036 in
1025 2978 1287 3040 ecclesia
1358 2979 1527 3041 beati
1599 2980 1766 3041 Petri
1835 2981 2106 3060 apostoli
2176 2997 2438 3042 numero
2509 2977 2847 3041 sexdecim.
2921 2977 3034 3040 Hic
3117 2977 3442 3060 coaperuit
3525 2975 3802 3040 ecclesiam

606 3099 859 3143 omnem
929 3103 1003 3144 ex
1075 3085 1308 3146 tabulis
1349 3085 1436 3166 (ά)
1483 3087 1683 3160 aereis,
1732 3106 1889 3166 quas
1958 3087 2192 3149 levavit
2259 3087 2338 3148 de
2407 3085 2670 3167 templo,
2717 3085 2890 3166 quod
2967 3085 3334 3165 appellatur
3405 3087 3608 3147 Roma;
3645 3083 3708 3164 (ε)
3743 3100 3804 3144 ex

613 3205 920 3250 consensu
966 3189 1228 3270 piissimi
1269 3192 1552 3254 Heraclei
1608 3193 2027 3274 imperatoris.
2094 3195 2330 3255 Eodem
2391 3197 2676 3272 tempore
2737 3191 2886 3253 fecit
2945 3192 3278 3254 ecclesiam
3337 3193 3538 3254 beatae
3593 3189 3803 3270 Agnetis

613 3297 908 3375 martyris
979 3297 1269 3359 milliario
1341 3299 1419 3359 ab
1491 3299 1644 3360 urbe
1717 3303 1916 3361 Roma
1983 3300 2192 3374 tertio,
2265 3300 2368 3360 via
2452 3302 2872 3372 Numentana,
2949 3318 2988 3360 a
3057 3299 3216 3374 solo,
3309 3300 3419 3361 ubi
3497 3297 3801 3379 requiescit,

611 3420 800 3482 quam
873 3405 1149 3484 undique
1219 3405 1467 3466 ornavit
1536 3411 1599 3466 et
1667 3407 2020 3487 exquisivit,
2097 3407 2206 3467 ubi
2275 3407 2483 3486 posuit
2551 3407 2751 3466 multa
2814 3407 3005 3468 dona.
3081 3407 3350 3468 Ornavit
3391 3413 3595 3468 autem
3633 3399 3804 3483 sepul-

495 3510 569 3568 15
613 3527 784 3570 crum
831 3509 968 3589 ejus
1011 3528 1087 3570 ex
1130 3519 1418 3590 argento,
1465 3513 1634 3592 quod
1679 3532 1940 3592 pensan.
1986 3514 2180 3574 libras
2220 3516 2360 3574 252.
2407 3513 2623 3573 Posuit
2665 3518 2728 3573 et
2787 3513 3060 3593 desuper
3117 3513 3433 3576 eiburium
3495 3511 3568 3594 (Ι)
3616 3525 3804 3572 aereum

612 3615 984 3676 deauratum
1057 3617 1232 3678 mirae
1303 3619 1779 3698 magnitudinis.
1853 3619 2023 3680 Fecit
2093 3623 2155 3679 et
2225 3618 2544 3680 Gabathos
2615 3638 2839 3682 aureos
2901 3625 3174 3700 quatuor
3219 3620 3329 3702 (g),
3377 3639 3627 3702 pensan.
3675 3616 3803 3692 sing.

618 3722 813 3782 libras
882 3723 1182 3803 singulas.
1259 3725 1430 3787 Fecit
1501 3726 1789 3788 absidam
1862 3727 2144 3807 ejusdem
2214 3725 2495 3788 baeilicm
2566 3744 2645 3787 ex
2715 3726 2962 3789 musibo
3030 3726 3142 3808 (li),
3217 3728 3330 3788 ubi
3401 3728 3586 3789 etiam
3649 3721 3810 3784 multa

612 3830 776 3890 bona
819 3827 893 3910 (ί)
935 3829 1184 3893 obtulit.
1248 3833 1420 3894 Idem
1486 3833 1634 3894 fecit
1702 3833 2026 3894 basilicam
2102 3833 2274 3894 beati
2343 3833 2728 3912 Apollinaris
2799 3834 3093 3913 martyris
3161 3834 3228 3894 in
3301 3834 3458 3896 urbe
3529 3835 3724 3902 Roma,
3757 3827 3805 3887 in

615 3937 856 4016 porticu
903 3937 1071 3998 beati
1113 3939 1283 4001 Petri
1326 3941 1614 4019 apostoli,
1664 3960 1805 4020 quas
1850 3941 2206 4020 appellatur
2248 3939 2328 4000 ad
2373 3939 2655 4020 palmata
2695 3959 2734 4000 a
2775 3939 2934 4014 solo,
2982 3940 3091 4000 ubi
3133 3939 3309 4002 dona
3353 3941 3550 4002 multa
3587 3935 3807 4016 largitus

616 4049 708 4105 est
750 4043 850 4126 (j).

697 4158 862 4212 "0
903 4151 1016 4212 Hic
1084 4153 1231 4214 fecit
1299 4155 1708 4216 constitutum
1781 4155 1842 4214 in
1917 4152 2214 4226 Ecclesia,
2287 4159 2348 4214 et
2419 4152 2696 4214 decrevit
2763 4157 2834 4213 ut
2901 4171 3016 4232 per
3075 4173 3332 4215 omnem
3390 4149 3802 4215 hebdomadam

615 4259 892 4321 Sabbato
954 4261 1054 4322 die
1115 4268 1300 4322 exeat
1353 4263 1600 4323 Litania
1659 4262 1740 4322 ad
1803 4263 2057 4322 beatum
2118 4260 2574 4339 Apollinarem,
2622 4265 2684 4321 et
2739 4259 2818 4320 ad
2881 4260 3136 4320 beatum
3207 4263 3463 4322 Petrum
3509 4253 3804 4340 apostolum

617 4385 758 4428 cum
830 4368 1082 4447 hymnis
1151 4373 1212 4428 et
1281 4369 1538 4430 canticis
1609 4369 1880 4448 populus
1951 4368 2155 4428 omnis
2225 4385 2555 4428 occurrere
2624 4367 2878 4428 debeat.
2925 4367 3100 4429 Fecit
3168 4373 3232 4429 et
3293 4367 3608 4430 ecclesiam
3663 4361 3807 4421 beato

617 4474 875 4554 Cyriaco
922 4475 1184 4554 martyri
1225 4493 1262 4535 a
1304 4475 1437 4535 solo
1499 4475 1601 4535 via
1662 4475 1930 4536 Ostiensi
2003 4473 2295 4534 milliario
2366 4474 2659 4553 septimo,
2708 4473 2817 4534 ubi
2886 4479 2948 4536 et
3018 4473 3258 4536 donum
3331 4473 3576 4537 obtulit.
3617 4465 3806 4532 Eodem

540 4583 576 4640 5
619 4587 902 4660 tempore
947 4581 1093 4640 fecit
1135 4581 1462 4642 ecclesiam
1507 4581 1837 4642 beatorum
1881 4581 2230 4660 Martyrum
2291 4586 2567 4659 quatuor
2634 4582 3119 4654 Coronatorum,
3167 4601 3362 4660 quam
3407 4586 3470 4644 et
3527 4568 3806 4638 dedicavit,

621 4692 683 4747 et
723 4687 958 4747 donum
1003 4686 1253 4748 obtulit.
1301 4688 1474 4749 Fecit
1531 4689 1858 4750 ecclesiam
1931 4689 2114 4750 beato
2159 4687 2458 4750 Severino
2503 4706 2542 4748 a
2601 4687 2735 4748 solo
2789 4685 2974 4767 juxta
3053 4687 3372 4750 civitatem
3431 4682 3800 4749 Tiburtinam,

623 4793 914 4853 milliario
986 4793 1066 4853 ab
1139 4793 1296 4856 urbe
1363 4797 1651 4856 Romana
1721 4795 2036 4869 vicesimo,
2104 4813 2295 4875 quam
2365 4794 2499 4874 ipse
2569 4793 2908 4868 dedicavtt,
2978 4801 3034 4856 et
3108 4795 3277 4856 dona
3345 4795 3542 4855 multa
3602 4781 3805 4851 obtulit.

623 4899 969 4960 Renovavit
1015 4903 1074 4961 et
1117 4902 1544 4963 cmmeterium
1591 4903 1922 4964 beatorum
1996 4907 2344 4982 martyrum
2413 4901 2764 4964 Marcellini
2821 4907 2882 4962 et
2941 4902 3134 4977 Petri,
3191 4903 3295 4964 via
3361 4899 3675 4964 Lavicana.
3713 4890 3806 4950 Εο-

623 5007 766 5067 dem
811 5012 1094 5087 tempore
1138 5009 1284 5071 fecit
1326 5009 1650 5072 basilicam
1681 5011 1868 5072 beato
1909 5009 2246 5072 Pancratio
2293 5008 2579 5089 martyri,
2628 5008 2731 5068 via
2791 5009 3068 5084 Aurelia,
3115 5009 3410 5072 milliario
3479 4999 3722 5067 secundo
3779 5007 3806 5050 8

507 5114 583 5174 10
625 5113 781 5186 solo,
829 5119 892 5175 et
932 5115 1184 5177 ornavit
1224 5117 1582 5197 sepulcrum
1629 5117 1763 5198 ejus
1808 5135 1885 5180 ex
1926 5122 2211 5196 argento,
2261 5115 2430 5196 quod
2475 5134 2740 5195 pensari.
2787 5115 2980 5177 libras
3040 5124 3290 5180 centum
3352 5111 3586 5193 viginti.
3627 5107 3696 5168 Et
3741 5093 3808 5160 ibi

625 5220 950 5282 constituit
993 5223 1159 5283 mola
1199 5223 1265 5283 in
1310 5243 1561 5284 murum
1605 5226 1668 5285 in
1713 5225 1850 5286 loco
1895 5223 2152 5302 Trajani
2198 5222 2385 5302 juxta
2447 5241 2698 5283 murum
2761 5223 3052 5302 civitatis,
3102 5229 3165 5288 et
3223 5225 3488 5285 formam
3545 5231 3670 5298 qua?
3719 5205 3804 5266 ἀθ·

1653 5375 1901 5422 NOTULE
1941 5373 2324 5421 HARGINALES
2367 5371 2685 5418 FABROTTI.

540 5483 613 5566 (ᾳ)
643 5484 684 5537 Β
707 5484 993 5555 5,ζη1ἱῐιιιε
1022 5484 1218 5568 3.._dieb
1319 5486 1438 5614 (b2;
1471 5483 1774 5570 cimiliam.
1813 5488 1890 5568 C,_
1939 5485 2145 5570 cemili:

540 5571 694 5614 alora
765 5557 887 5614 (ἀν
917 5555 1150 5614 ίθςιιιιιε.
1229 5557 1297 5614 (θ)
1323 5561 1344 5582 “
1429 5556 1629 5614 omuh.
1707 5559 1808 5614 (Ν
1833 5557 2145 5614 Cibonum.

2201 5503 2252 5542 [ι.
2285 5491 2349 5554 Β,
2383 5483 2680 5557 cymiliam
2729 5486 2813 5543 vel
2863 5486 3302 5572 supellectilem.
3405 5481 3512 5555 (c)'
3539 5465 3806 5569 cereotstatf

2227 5561 2344 5614 (al'
2377 5556 2630 5614 Gabatas
2658 5558 2710 5613 3.
2787 5557 3184 5614 (hl‘musxvo.
3259 5555 3544 5614 (il‘dona.
3609 5545 3668 5614 (.1)
3716 5530 3790 5593 Pal

469 5545 727 5684 gazis],
751 5545 844 5628 '(d)
865 5561 887 5582 '
917 5545 1150 5630 tegulis.
1229 5557 1297 5629 (θ)
1323 5545 1344 5582 δ
1378 5545 1629 5614 Romuli.
1707 5559 1808 5630 (θ’
1833 5545 2074 5614 Ciboriu:

2062 5575 2148 5614 .m.
2227 5545 2347 5630 (gr'
2377 5545 2630 5614 Gabatas
2658 5558 2710 5613 3.
2787 5557 2868 5631 (h)
2891 5562 2914 5585 α
2937 5545 3184 5620 inusivo.
3259 5545 3544 5628 (ι’)*ἆοὶια.
3609 5545 3667 5616 0)
