4064 6172
250 228 362 295 709
1024 232 1394 296 HISTORIA
1437 231 1541 294 DE
1583 231 1786 296 VITIS
1830 230 2021 315 R_OM.
2066 231 2295 294 PONT.
2329 264 2406 277 --
2432 231 2889 298 SEVERINUS.
3534 240 3653 303 710

247 369 349 443 est,
374 363 471 443 vel
500 362 866 443 schismatici
917 364 1129 422 iterum
1184 367 1319 438 post
1366 363 1604 421 Honorii
1649 368 1897 420 mortem
1928 365 1981 432 Α
2009 361 2205 430 tionis,
2239 363 2665 443 quamnmortis
2709 368 2811 420 aut
2838 365 3171 443 sepulturae,
3202 371 3452 443 utgsaape
3474 370 3558 439 fit,
3590 372 3651 428 in

246 436 389 517 lapsi
420 441 622 517 sunt;
686 506 724 517 η
891 510 951 517 μ
1122 511 1152 517 _
1186 433 1221 517 ξ
1316 508 1350 517 Α.
1640 507 1671 517 __
1862 515 1868 517 Δ
2010 433 2313 517 summam
2338 433 2575 517 coll-ato,
2615 433 3230 517 exque-manifestum
3263 440 3333 517 ﬁt
3357 433 3463 497 nos
3484 433 3655 517 juxta

363 524 489 584 um.
525 508 646 584 i_20,
686 506 845 584 l_i_nea
888 510 974 584 20.
1010 538 1078 550 -η
1106 508 1246 584 ρας,
1274 508 1457 584 etiam
1496 507 1738 584 sepultus
1794 515 1889 584 est.
2003 511 2257 584 mentem
2284 507 2578 584 Anastasii
2609 506 3033 584 ordinationem
3049 511 3189 584 ejus
3224 515 3377 568 recte
3404 506 3653 584 conjun-

243 579 402 651 Obiit
429 577 991 651 tandemHonorius
1021 577 1172 651 papa
1192 577 1283 651 die
1305 577 1654 651 duodecima
1676 578 1895 651 mensis
2003 578 2158 633 xisse
2187 594 2321 651 cum
2353 577 2446 651 die
2490 580 2560 632 27
2607 577 2873 651 Octobris
2927 579 3065 651 anni
3090 577 3227 649 ⁷625,
3260 600 3415 649 cum,
3449 577 3653 641 eodem

243 650 512 707 Octobris
556 649 696 722 anni
749 648 1153 722 sexcentesimi
1198 649 1485 722 trigesimi
1514 648 1699 722 octavi
1727 653 1895 722 post-
2004 654 2173 716 teste,
2206 648 2417 722 obierit
2437 654 2501 722 et
2530 650 2812 722 sepultus
2828 650 2906 705 sit
2930 649 2995 722 in
3024 648 3267 709 basiliCa
3309 648 3459 710 beati
3497 655 3650 714 Petri

244 738 447 796 quam,
470 726 536 778 ut
553 721 732 796 habet
753 720 1112 796 Anastasius,
1135 719 1387 796 sedisset
1406 719 1895 796 annosduodéjcim,
2007 720 2255 793 apostoli
2284 720 2385 776 sub
2410 719 2505 777 die
2528 719 2726 794 quarto
2752 720 2881 778 Idus
2911 720 3169 778 Octobris.

244 791 456 852 mc:
485 793 758 862 undecim,
791 793 906 850 dies
934 791 1328 866 septemdecim,
1360 797 1482 848 tam
1531 792 1627 849 die
1665 792 1899 849 ordina-

1525 1108 1823 1179 LXXIII.
1880 1108 2384 1180 SEVERINUS.

1404 1272 1571 1321 anno
1614 1271 1852 1319 CHRISTI
1894 1257 2038 1333 638,
2084 1273 2369 1319 nessem
2409 1258 2511 1319 29.

487 1527 597 1589 121
646 1526 1004 1600 Severinus,
1070 1526 1328 1588 natione
1389 1528 1733 1598 Romanus,
1800 1543 1876 1587 ex
1939 1529 2119 1606 patre
2202 1524 2468 1598 Abieno,
2535 1525 2696 1588 sedit
2754 1544 2999 1588 menses
3058 1527 3240 1603 duos,
3304 1528 3436 1592 dies
3496 1548 3656 1612 qua-

410 1642 551 1697 tuor
592 1634 700 1716 (a).
747 1633 949 1713 Hujus
1008 1633 1400 1715 temporibus
1460 1631 1855 1694 devastatum
1925 1636 2018 1693 est
2060 1630 2450 1712 episcopium
2507 1634 2929 1695 Lateranense
2973 1651 3011 1695 a
3054 1634 3355 1696 Mauricio
3399 1635 3657 1698 chartu-

406 1742 563 1803 lario
633 1746 697 1804 et
737 1742 936 1803 Isacio
997 1740 1261 1822 patricio
1304 1744 1368 1801 et
1408 1738 1685 1801 exarcho
1727 1738 1951 1811 Italiae,
1998 1755 2141 1799 cum
2186 1737 2398 1799 adhuc
2441 1738 2681 1800 electus
2741 1746 2904 1801 esset
2964 1739 3235 1802 domnus
3296 1742 3653 1806 Severinus.

409 1848 528 1912 Sed
591 1854 933 1928 antequam
994 1848 1242 1909 veniret
1301 1846 1557 1922 Isacius,
1620 1845 1959 1907 Mauricius
2018 1845 2167 1906 dolo
2227 1845 2454 1906 ductus
2529 1846 2828 1908 adversus
2908 1846 3251 1909 Ecclesiam
3329 1849 3442 1911 Dei
3504 1868 3657 1912 con-

333 1958 368 2016 5
409 1955 544 2017 sitio
604 1954 764 2016 inito
826 1972 969 2015 cum
1039 1952 1418 2034 quibusdam
1490 1953 1801 2033 perversis
1877 1951 2265 2025 hominibus,
2347 1951 2770 2013 incitaverunt
2849 1953 3193 2014 exercitum
3274 1958 3654 2035 Romanum,

407 2063 706 2137 dicentes,
787 2061 938 2142 quia
1019 2059 1173 2141 quid
1253 2059 1510 2140 prodest
1598 2059 1768 2139 quod
1850 2063 2044 2119 tantae
2129 2059 2412 2139 pecunia:
2491 2065 2888 2139 congregatae
2967 2066 3117 2121 sunt
3195 2061 3264 2121 in
3342 2063 3659 2144 episcopio

407 2167 811 2232 Lateranensi
853 2166 934 2228 ab
991 2166 1270 2229 Honorio
1332 2184 1523 2247 papa,
1597 2171 1663 2227 et
1731 2165 1909 2226 miles
1979 2165 2095 2227 iste
2167 2166 2327 2226 nihil
2392 2166 2619 2228 exinde
2702 2166 3048 2228 subventus
3115 2168 3332 2244 habet,
3405 2172 3659 2250 quando

409 2283 469 2338 et
507 2294 678 2356 roga:
722 2280 968 2349 vestrae,
1014 2292 1173 2354 quas
1234 2273 1509 2335 domnus
1591 2272 1939 2353 imperator
2002 2272 2178 2334 vobis
2238 2291 2352 2353 per
2409 2273 2575 2335 vices
2639 2274 2984 2348 mandavit,
3033 2274 3123 2335 ibi
3167 2280 3318 2336 sunt
3361 2295 3399 2347 a
3440 2283 3658 2340 sancto

408 2384 538 2445 viro
598 2381 967 2444 reconditae.
1030 2380 1141 2442 His
1201 2379 1432 2441 auditis
1488 2383 1860 2441 exarserunt
1931 2397 2151 2440 omnes
2213 2380 2515 2441 adversus
2593 2379 2939 2442 Ecclesiam
3024 2381 3160 2455 Dei,
3229 2388 3294 2443 et
3352 2391 3662 2447 venerunt

304 2492 375 2552 10
413 2508 624 2551 omnes
666 2508 706 2551 a
749 2488 1009 2549 minimo
1092 2486 1412 2564 concitati,
1499 2504 1720 2547 omnes
1803 2486 2056 2561 armati,
2143 2486 2253 2566 qui
2336 2486 2579 2548 inventi
2661 2492 2809 2547 sunt
2888 2487 2954 2547 in
3040 2487 3291 2550 civitate
3374 2491 3660 2553 Romana

414 2616 449 2658 a
489 2614 685 2678 puero
759 2613 954 2675 usque
1037 2594 1118 2655 ad
1181 2612 1396 2655 senem
1478 2593 1543 2654 in
1628 2592 1947 2673 episcopio
2032 2593 2463 2673 suprascripto
2545 2593 2976 2667 Lateranensi,
3024 2601 3087 2655 et
3131 2614 3258 2656 non
3316 2603 3661 2676 potuerunt

413 2722 596 2765 manu
657 2703 915 2765 militari
973 2701 1256 2775 introire,
1324 2700 1476 2781 quia
1536 2700 1907 2762 restiterunt
1969 2699 2058 2760 eis
2118 2699 2229 2780 qui
2290 2705 2472 2761 erant
2531 2718 2672 2761 cum
2745 2700 3135 2763 sanctissimo
3192 2701 3426 2764 domno
3467 2704 3656 2768 Seve-

414 2811 570 2872 rino.

488 2919 602 2978 122
642 2919 822 2980 Tunc
879 2915 1098 2977 videns
1157 2913 1280 2975 hoc
1343 2912 1701 2987 Mauricius,
1746 2912 1898 2993 quia
1957 2912 2117 2973 nihil
2181 2917 2522 2992 potuerunt
2578 2914 2808 2988 facere,
2856 2913 3004 2976 dolo
3065 2914 3292 2977 ductus
3355 2916 3516 2979 fecit.
3568 2916 3658 2978 ibi

411 3025 746 3087 exercitum
830 3021 1125 3095 residere,
1212 3020 1381 3082 intra
1464 3019 1850 3101 episcopium
1935 3023 2382 3094 Lateranense,
2449 3025 2510 3081 et
2585 3020 2841 3082 fuerunt
2922 3021 3010 3082 ibi
3094 3022 3228 3084 dies
3314 3028 3463 3086 tres.
3506 3026 3660 3086 Post

407 3131 683 3193 triduum
767 3135 978 3191 autem
1062 3127 1347 3189 introivit
1427 3127 1769 3189 Mauricius
1851 3146 1993 3189 cum
2072 3127 2419 3207 judicibus,
2468 3128 2578 3207 qui
2659 3129 2899 3190 inventi
2980 3136 3129 3191 sunt
3188 3148 3332 3191 cum
3400 3131 3538 3211 ipso
3591 3132 3656 3193 in

411 3238 692 3313 consilio,
756 3242 819 3298 et
878 3234 1317 3316 sigillaverunt
1380 3232 1463 3316 (b)
1524 3252 1711 3295 omne
1792 3234 2157 3296 vestiarium
2243 3234 2543 3309 ecclesite,
2608 3254 2717 3296 seu
2779 3235 3075 3317 cimbylia
3134 3236 3457 3319 episcopii,
3516 3258 3659 3320 qum

334 3344 634 3408 5~diversi
715 3341 1231 3406 Christianissimi
1330 3342 1768 3421 imperatores,
1855 3359 1965 3402 seu
2069 3340 2316 3421 patricii
2418 3346 2482 3401 et
2590 3342 2901 3417 consules,
3008 3362 3122 3424 pro
3228 3344 3660 3427 redemptione

411 3453 764 3515 animarum
825 3468 1082 3512 suarum
1138 3447 1326 3510 beato
1384 3450 1573 3511 Petro
1644 3447 1935 3528 apostolo
2018 3447 2426 3529 reliquerant,
2491 3453 2563 3510 ut
2625 3449 3009 3529 pauperibus
3069 3450 3334 3531 singulis
3411 3458 3658 3534 tempo-

414 3561 585 3622 ribus
627 3578 742 3641 pro
784 3556 1092 3620 alimonia
1135 3553 1207 3636 (c)
1253 3560 1688 3635 erogarentur,
1735 3573 1844 3617 seu
1907 3560 2168 3635 prapter
2227 3555 2725 3635 redemptionem
2789 3556 3203 3635 captivorum.
3250 3560 3329 3619 Et
3377 3564 3658 3640 postmo—

420 3668 567 3730 dum
641 3665 813 3727 misit
871 3663 1210 3727 Mauricius
1266 3644 1566 3744 epistolas
1624 3680 1771 3723 suas
1832 3662 1912 3722 ad
1972 3661 2240 3723 Isacium
2314 3661 2647 3742 patricium
2730 3664 3096 3724 Ravennam
3170 3664 3249 3727 de
3312 3665 3431 3727 hoc
3490 3666 3661 3747 quod

414 3781 619 3837 actum
665 3778 781 3847 est,
828 3770 1146 3852 quomodo
1188 3769 1323 3849 ipse
1376 3786 1518 3829 cum
1584 3755 1860 3838 eiercitu
1922 3768 2255 3847 sigillasset
2320 3786 2509 3829 omne
2568 3768 2935 3830 vestiarium
3006 3770 3358 3851 episcopii;
3404 3777 3468 3833 et
3510 3773 3662 3854 quia

301 3883 375 3943 10
414 3881 544 3943 sine
613 3879 829 3959 aliqua
888 3877 1145 3939 laesione
1205 3894 1459 3938 omnem
1523 3875 1942 3937 substantiam
2002 3894 2168 3955 saape
2224 3874 2457 3936 dictam
2516 3876 2869 3955 potuissent
2929 3877 3303 3957 depraedari.
3378 3880 3660 3961 Cumque

413 3987 545 4049 haec
604 3986 816 4049 verius
877 3968 1274 4063 cognovisset
1343 3981 1595 4055 Isacius,
1662 3981 1836 4043 venit
1894 3981 1958 4041 in
2020 3981 2338 4043 civitatem
2404 3984 2776 4057 Romanam,
2822 3988 2887 4044 et
2930 3983 3101 4044 misit
3141 4003 3361 4047 omnes
3420 3987 3659 4067 prima-

414 4100 506 4156 tos
548 4094 635 4176 (ά)
678 4091 973 4155 Ecclesiae
1032 4090 1315 4170 singulos
1374 4106 1488 4169 per
1545 4088 1827 4168 singulas
1888 4088 2172 4150 civitates
2231 4088 2299 4148 in
2359 4089 2673 4164 exsilium,
2720 4096 2792 4152 ut
2852 4109 2978 4152 non
3040 4091 3261 4154 fuisset
3304 4093 3414 4173 qui
3470 4093 3528 4155 ei
3569 4112 3663 4157 re-

411 4202 623 4264 sistere
664 4198 984 4262 debuisset
1025 4196 1103 4258 de
1146 4197 1338 4257 clero.
1386 4197 1464 4256 Et
1506 4200 1650 4275 post
1689 4194 1824 4256 dies
1866 4194 2223 4275 aliquantos
2267 4194 2588 4275 ingressus
2630 4201 2726 4258 est
2766 4197 3000 4258 Isacius
3044 4198 3346 4278 patricius
3389 4200 3454 4260 in
3499 4200 3658 4281 epis-

414 4309 662 4390 copium
703 4309 1141 4378 Lateranense,
1190 4307 1254 4365 et
1294 4302 1415 4364 fuit
1454 4300 1542 4362 ibi
1585 4320 1697 4381 per
1738 4300 1871 4362 dies
1913 4307 2079 4376 octo,
2127 4320 2325 4383 usque
2368 4302 2520 4363 dum
2565 4321 2786 4365 omnes
2847 4303 3266 4367 substantiam
3329 4306 3508 4369 illam
3549 4307 3660 4369 de-

306 4415 379 4474 15
416 4415 870 4497 praedarentur.

493 4524 609 4585 123
651 4521 890 4584 Eodem
949 4523 1234 4600 tempore
1294 4515 1525 4577 direxit
1582 4514 1810 4577 exinde
1864 4533 1940 4578 ex
2000 4521 2179 4596 parte
2240 4534 2317 4578 ex
2360 4517 2713 4580 substantia
2775 4518 2917 4599 ipsa
2959 4515 3036 4599 (ρ)
3076 4518 3142 4580 in
3187 4519 3503 4583 civitatem
3561 4541 3661 4584 re-

415 4630 579 4710 giam
642 4628 723 4690 ad
785 4626 1145 4689 Heracliam
1205 4623 1675 4705 imperatorem.
1737 4623 2147 4684 Postmodum
2232 4625 2560 4686 ordinatus
2631 4631 2727 4687 est
2795 4626 3228 4687 sanctissimus
3301 4628 3660 4704 Severinus,

414 4744 474 4799 et
527 4754 814 4800 reversus
884 4739 980 4796 est
1059 4733 1295 4794 Isacius
1377 4733 1768 4793 Ravennam.
1834 4729 1949 4791 Hic
2010 4731 2338 4793 renovavit
2408 4732 2693 4794 absidem
2757 4732 2833 4815 (f)
2901 4733 3071 4795 beati
3142 4734 3314 4795 Petri
3374 4731 3665 4817 Apostoli

411 4863 481 4907 ex
526 4844 794 4919 musivo,
851 4841 1021 4923 quod
1082 4840 1364 4901 dirutum
1434 4844 1594 4900 erat.
1657 4837 1771 4898 Hic
1832 4837 2051 4899 dilexit
2110 4839 2370 4913 clerum,
2441 4845 2503 4901 et
2564 4840 2860 4901 omnibus
2943 4841 3181 4903 donum
3227 4841 3309 4924 (g)
3356 4860 3662 4922 augmen-

338 4954 373 5013 5
414 4954 585 5015 tavit.
668 4951 816 5014 Fuit
901 4953 1113 5010 autem
1201 4951 1477 5021 sanctus,
1561 4944 1872 5023 benignus
1950 4963 2139 5025 super
2238 4965 2459 5008 omnes
2538 4946 2850 5022 homines,
2942 4954 3190 5011 amator
3281 4970 3660 5033 pauperum,

410 5061 620 5140 largus
660 5063 726 5119 et
765 5056 1154 5118 mitissimus.
1201 5052 1375 5115 Fecit
1415 5057 1626 5113 autem
1670 5051 1997 5132 episcopos
2042 5072 2154 5132 per
2194 5054 2444 5115 diversa
2512 5054 2653 5116 loca
2710 5074 2973 5118 numero
3036 5062 3334 5137 quatuor.
3408 5059 3522 5120 Hic
3563 5058 3660 5119 di-

413 5167 577 5228 misit
618 5165 706 5248 (h)
748 5164 922 5227 omni
964 5162 1131 5225 clero
1174 5178 1395 5240 rogam
1439 5159 1775 5239 integram.
1825 5159 1944 5233 Qui
1984 5160 2173 5220 etiam
2219 5160 2504 5240 sepultus
2547 5167 2641 5223 est
2683 5162 2764 5223 ad
2806 5162 3062 5225 beatum
3105 5166 3364 5228 Petrum
3407 5174 3657 5248 aposto-

409 5273 539 5335 lum
583 5272 702 5334 sub
744 5272 845 5334 die
888 5274 1115 5352 quarto
1158 5269 1370 5330 Nonas
1409 5265 1697 5346 Augusti,
1745 5270 1810 5327 et
1851 5266 2117 5328 cessavit
2158 5266 2558 5348 episcOpatus
2602 5286 2848 5332 menses
2902 5278 3200 5353 quatuor,
3259 5275 3393 5336 dies
3434 5272 3657 5353 viginti

409 5398 659 5443 novem.

1432 5497 1686 5544 NOTULE
1725 5497 2111 5545 IARGINALES
2153 5500 2476 5547 FABROTTI.

325 5623 396 5695 :(a)
425 5625 625 5678 Baron.
660 5621 744 5695 ait
772 5618 1193 5695 Anastasiuniei
1208 5616 1640 5695 tribuerem.
1659 5614 1939 5695 undecim.
1974 5616 2376 5695 (b)_Intrantes_
2395 5618 2506 5675 sub
2538 5617 2731 5695 specie
2763 5619 2925 5695 pacis
2955 5617 3139 5695 sigill;
3163 5620 3236 5695 (c)
3256 5617 3657 5695 Eleanosyna.

549 5694 792 5821 ξηξῗὶιίθί
801 5699 966 5766 putat
981 5688 1312 5746 cardinales.
1347 5687 1417 5762 (ε)
1438 5691 1573 5760 Ipsa
1584 5686 1918 5747 substantia
1937 5692 2163 5759 partem
2182 5691 2501 5761 quandam.
2534 5686 2603 5764 (Γ)
2622 5690 2687 5760 Β,
2700 5686 2984 5763 upsidem.
3008 5686 3090 5762 fg)
3104 5686 3352 5756 adonis
3366 5692 3449 5749 νει
3464 5686 3658 5753 Μαιενο

410 5807 425 5833 ,
497 5782 627 5823 ινιει
660 5806 673 5822 .
