  <div class='ocr_page' id='page_1' title='image "/cluster/home/n/w/nwhite01/storage/ocr_20150623/128/hvd.32044054759899/367.png"; bbox 0 0 4064 6172; ppageno 0'>
   <div class='ocr_carea' id='block_1_1' title="bbox 425 215 3824 301">
    <p class='ocr_par' dir='ltr' id='par_1_1' title="bbox 425 215 3824 301">
     <span class='ocr_line' id='line_1_1' title="bbox 425 215 3824 301; baseline 0.01 -36"><span class='ocrx_word' id='word_1_1' title='bbox 425 215 577 296; x_wconf 70' lang='lat'>.723</span> <span class='ocrx_word' id='word_1_2' title='bbox 1601 223 2020 288; x_wconf 83' lang='lat' dir='ltr'>ANAS&#39;I‘ASII</span> <span class='ocrx_word' id='word_1_3' title='bbox 2061 223 2713 288; x_wconf 82' lang='lat' dir='ltr'>BIBLIOTHECARII.</span> <span class='ocrx_word' id='word_1_4' title='bbox 3715 219 3824 301; x_wconf 67' lang='lat' dir='ltr'>isi</span> 
     </span>
    </p>
   </div>
   <div class='ocr_carea' id='block_1_2' title="bbox 623 348 3824 452">
    <p class='ocr_par' dir='ltr' id='par_1_2' title="bbox 623 348 3824 452">
     <span class='ocr_line' id='line_1_2' title="bbox 623 348 3824 452; baseline 0.001 -23"><span class='ocrx_word' id='word_1_5' title='bbox 623 364 942 452; x_wconf 89' lang='lat' dir='ltr'>patricius,</span> <span class='ocrx_word' id='word_1_6' title='bbox 981 381 1055 425; x_wconf 91' lang='lat' dir='ltr'>eo</span> <span class='ocrx_word' id='word_1_7' title='bbox 1093 361 1268 443; x_wconf 91' lang='lat' dir='ltr'>quod</span> <span class='ocrx_word' id='word_1_8' title='bbox 1311 360 1611 424; x_wconf 85' lang='lat' dir='ltr'>Mauricio</span> <span class='ocrx_word' id='word_1_9' title='bbox 1655 359 1862 422; x_wconf 90' lang='lat' dir='ltr'>omnis</span> <span class='ocrx_word' id='word_1_10' title='bbox 1904 359 2214 422; x_wconf 88' lang='lat' dir='ltr'>exercitus</span> <span class='ocrx_word' id='word_1_11' title='bbox 2255 358 2452 420; x_wconf 66' lang='lat' dir='ltr'>Italia:</span> <span class='ocrx_word' id='word_1_12' title='bbox 2496 363 2892 422; x_wconf 87' lang='lat' dir='ltr'>sacramenta</span> <span class='ocrx_word' id='word_1_13' title='bbox 2933 348 3208 423; x_wconf 75' lang='lat' dir='ltr'>dedisset</span> <span class='ocrx_word' id='word_1_14' title='bbox 3237 359 3344 444; x_wconf 88' lang='lat' dir='ltr'>(a),</span> <span class='ocrx_word' id='word_1_15' title='bbox 3379 362 3542 427; x_wconf 84' lang='lat' dir='ltr'>misit</span> <span class='ocrx_word' id='word_1_16' title='bbox 3580 366 3824 449; x_wconf 89' lang='lat' dir='ltr'>Donum,</span> 
     </span>
    </p>
   </div>
   <div class='ocr_carea' id='block_1_3' title="bbox 623 465 3832 552">
    <p class='ocr_par' dir='ltr' id='par_1_3' title="bbox 623 465 3832 552">
     <span class='ocr_line' id='line_1_3' title="bbox 623 465 3832 552; baseline -0.001 -15"><span class='ocrx_word' id='word_1_17' title='bbox 623 473 994 552; x_wconf 90' lang='lat' dir='ltr'>magistrum</span> <span class='ocrx_word' id='word_1_18' title='bbox 1038 470 1308 530; x_wconf 80' lang='lat' dir='ltr'>militum</span> <span class='ocrx_word' id='word_1_19' title='bbox 1353 473 1414 529; x_wconf 91' lang='lat' dir='ltr'>et</span> <span class='ocrx_word' id='word_1_20' title='bbox 1456 467 1850 529; x_wconf 90' lang='lat' dir='ltr'>sacellarium</span> <span class='ocrx_word' id='word_1_21' title='bbox 1897 486 2106 540; x_wconf 90' lang='lat' dir='ltr'>suum,</span> <span class='ocrx_word' id='word_1_22' title='bbox 2141 467 2218 527; x_wconf 90' lang='lat' dir='ltr'>ad</span> <span class='ocrx_word' id='word_1_23' title='bbox 2259 465 2578 526; x_wconf 90' lang='lat' dir='ltr'>civitatem</span> <span class='ocrx_word' id='word_1_24' title='bbox 2629 469 2891 526; x_wconf 83' lang='lat' dir='ltr'>Romam</span> <span class='ocrx_word' id='word_1_25' title='bbox 2935 486 3078 528; x_wconf 89' lang='lat' dir='ltr'>cum</span> <span class='ocrx_word' id='word_1_26' title='bbox 3123 469 3424 544; x_wconf 87' lang='lat' dir='ltr'>exercitu,</span> <span class='ocrx_word' id='word_1_27' title='bbox 3457 473 3562 551; x_wconf 86' lang='lat' dir='ltr'>qui</span> <span class='ocrx_word' id='word_1_28' title='bbox 3601 477 3832 541; x_wconf 75' lang='lat' dir='ltr'>veniens</span> 
     </span>
    </p>
   </div>
   <div class='ocr_carea' id='block_1_4' title="bbox 622 571 3834 654">
    <p class='ocr_par' dir='ltr' id='par_1_4' title="bbox 622 571 3834 654">
     <span class='ocr_line' id='line_1_4' title="bbox 622 571 3834 654; baseline 0.004 -22"><span class='ocrx_word' id='word_1_29' title='bbox 622 585 688 647; x_wconf 76' lang='lat' dir='ltr'>in</span> <span class='ocrx_word' id='word_1_30' title='bbox 733 581 1044 643; x_wconf 86' lang='lat' dir='ltr'>civitatem</span> <span class='ocrx_word' id='word_1_31' title='bbox 1091 580 1462 649; x_wconf 83' lang='lat' dir='ltr'>Romanam,</span> <span class='ocrx_word' id='word_1_32' title='bbox 1511 593 1728 636; x_wconf 92' lang='lat' dir='ltr'>omnes</span> <span class='ocrx_word' id='word_1_33' title='bbox 1781 573 2048 653; x_wconf 90' lang='lat' dir='ltr'>judices,</span> <span class='ocrx_word' id='word_1_34' title='bbox 2097 593 2202 634; x_wconf 92' lang='lat' dir='ltr'>seu</span> <span class='ocrx_word' id='word_1_35' title='bbox 2267 571 2576 633; x_wconf 89' lang='lat' dir='ltr'>exercitus</span> <span class='ocrx_word' id='word_1_36' title='bbox 2623 573 2966 646; x_wconf 84' lang='lat' dir='ltr'>Romanus,</span> <span class='ocrx_word' id='word_1_37' title='bbox 3013 573 3133 645; x_wconf 89' lang='lat' dir='ltr'>Qui</span> <span class='ocrx_word' id='word_1_38' title='bbox 3176 574 3350 654; x_wconf 90' lang='lat' dir='ltr'>prius</span> <span class='ocrx_word' id='word_1_39' title='bbox 3393 593 3456 636; x_wconf 90' lang='lat' dir='ltr'>se</span> <span class='ocrx_word' id='word_1_40' title='bbox 3497 595 3636 639; x_wconf 92' lang='lat' dir='ltr'>cum</span> <span class='ocrx_word' id='word_1_41' title='bbox 3677 582 3834 645; x_wconf 88' lang='lat' dir='ltr'>Mau-</span> 
     </span>
    </p>
   </div>
   <div class='ocr_carea' id='block_1_5' title="bbox 625 677 3836 770">
    <p class='ocr_par' dir='ltr' id='par_1_5' title="bbox 625 677 3836 770">
     <span class='ocr_line' id='line_1_5' title="bbox 625 677 3836 770; baseline -0.002 -15"><span class='ocrx_word' id='word_1_42' title='bbox 625 692 776 754; x_wconf 92' lang='lat' dir='ltr'>ricio</span> <span class='ocrx_word' id='word_1_43' title='bbox 819 689 1213 749; x_wconf 88' lang='lat' dir='ltr'>sacramento</span> <span class='ocrx_word' id='word_1_44' title='bbox 1276 683 1799 754; x_wconf 83' lang='lat' dir='ltr'>constrinxerant,</span> <span class='ocrx_word' id='word_1_45' title='bbox 1867 680 2092 741; x_wconf 87' lang='lat' dir='ltr'>timore</span> <span class='ocrx_word' id='word_1_46' title='bbox 2159 679 2334 740; x_wconf 87' lang='lat' dir='ltr'>ducti</span> <span class='ocrx_word' id='word_1_47' title='bbox 2393 677 2778 739; x_wconf 89' lang='lat' dir='ltr'>dimittentes</span> <span class='ocrx_word' id='word_1_48' title='bbox 2839 679 3210 742; x_wconf 90' lang='lat' dir='ltr'>Mauricium</span> <span class='ocrx_word' id='word_1_49' title='bbox 3272 679 3718 747; x_wconf 89' lang='lat' dir='ltr'>ehartularium</span> <span class='ocrx_word' id='word_1_50' title='bbox 3747 688 3836 770; x_wconf 79' lang='grc' dir='ltr'>(ὁ),</span> 
     </span>
    </p>
   </div>
   <div class='ocr_carea' id='block_1_6' title="bbox 507 785 1949 868">
    <p class='ocr_par' dir='ltr' id='par_1_6' title="bbox 507 785 1949 868">
     <span class='ocr_line' id='line_1_6' title="bbox 507 785 1949 868; baseline -0.015 0"><span class='ocrx_word' id='word_1_51' title='bbox 507 808 579 868; x_wconf 83' lang='grc'>15</span> <span class='ocrx_word' id='word_1_52' title='bbox 623 817 844 864; x_wconf 88' lang='lat' dir='ltr'>omnes</span> <span class='ocrx_word' id='word_1_53' title='bbox 885 813 950 856; x_wconf 89' lang='lat' dir='ltr'>se</span> <span class='ocrx_word' id='word_1_54' title='bbox 992 809 1135 854; x_wconf 91' lang='lat' dir='ltr'>cum</span> <span class='ocrx_word' id='word_1_55' title='bbox 1179 793 1423 852; x_wconf 90' lang='lat' dir='ltr'>Domno</span> <span class='ocrx_word' id='word_1_56' title='bbox 1459 787 1812 868; x_wconf 85' lang='lat' dir='ltr'>junxerunt</span> <span class='ocrx_word' id='word_1_57' title='bbox 1847 785 1949 866; x_wconf 86' lang='lat' dir='ltr'>(c).</span> 
     </span>
    </p>
   </div>
   <div class='ocr_carea' id='block_1_7' title="bbox 714 889 3842 980">
    <p class='ocr_par' dir='ltr' id='par_1_7' title="bbox 714 889 3842 980">
     <span class='ocr_line' id='line_1_7' title="bbox 714 889 3842 980; baseline -0 -18"><span class='ocrx_word' id='word_1_58' title='bbox 714 911 879 966; x_wconf 65' lang='lat'>1:6</span> <span class='ocrx_word' id='word_1_59' title='bbox 933 899 1020 980; x_wconf 78' lang='grc' dir='ltr'>(ἆ)</span> <span class='ocrx_word' id='word_1_60' title='bbox 1089 899 1170 958; x_wconf 89' lang='lat' dir='ltr'>Et</span> <span class='ocrx_word' id='word_1_61' title='bbox 1225 896 1507 975; x_wconf 86' lang='lat' dir='ltr'>ingresso</span> <span class='ocrx_word' id='word_1_62' title='bbox 1569 913 1644 956; x_wconf 91' lang='lat' dir='ltr'>eo</span> <span class='ocrx_word' id='word_1_63' title='bbox 1701 895 1966 954; x_wconf 85' lang='lat' dir='ltr'>Romam</span> <span class='ocrx_word' id='word_1_64' title='bbox 2025 890 2188 970; x_wconf 85' lang='lat' dir='ltr'>fugit</span> <span class='ocrx_word' id='word_1_65' title='bbox 2242 889 2582 952; x_wconf 83' lang='lat' dir='ltr'>Mauricius</span> <span class='ocrx_word' id='word_1_66' title='bbox 2637 890 2718 952; x_wconf 91' lang='lat' dir='ltr'>ad</span> <span class='ocrx_word' id='word_1_67' title='bbox 2777 890 3028 952; x_wconf 84' lang='lat' dir='ltr'>beatam</span> <span class='ocrx_word' id='word_1_68' title='bbox 3087 893 3350 954; x_wconf 88' lang='lat' dir='ltr'>Mariam</span> <span class='ocrx_word' id='word_1_69' title='bbox 3407 894 3490 955; x_wconf 87' lang='lat' dir='ltr'>ad</span> <span class='ocrx_word' id='word_1_70' title='bbox 3555 898 3842 980; x_wconf 65' lang='lat' dir='ltr'>Prsesepe,</span> 
     </span>
    </p>
   </div>
   <div class='ocr_carea' id='block_1_8' title="bbox 628 995 3842 1095">
    <p class='ocr_par' dir='ltr' id='par_1_8' title="bbox 628 995 3842 1095">
     <span class='ocr_line' id='line_1_8' title="bbox 628 995 3842 1095; baseline -0.002 -21"><span class='ocrx_word' id='word_1_71' title='bbox 628 1029 814 1095; x_wconf 89' lang='lat' dir='ltr'>quem</span> <span class='ocrx_word' id='word_1_72' title='bbox 881 1006 1174 1068; x_wconf 88' lang='lat' dir='ltr'>tollentes</span> <span class='ocrx_word' id='word_1_73' title='bbox 1228 1003 1306 1063; x_wconf 91' lang='lat' dir='ltr'>de</span> <span class='ocrx_word' id='word_1_74' title='bbox 1359 1001 1620 1062; x_wconf 88' lang='lat' dir='ltr'>ecclesia</span> <span class='ocrx_word' id='word_1_75' title='bbox 1697 1000 2002 1060; x_wconf 87' lang='lat' dir='ltr'>miserunt</span> <span class='ocrx_word' id='word_1_76' title='bbox 2073 995 2288 1076; x_wconf 90' lang='lat' dir='ltr'>bojam</span> <span class='ocrx_word' id='word_1_77' title='bbox 2347 995 2420 1076; x_wconf 85' lang='lat' dir='ltr'>(e)</span> <span class='ocrx_word' id='word_1_78' title='bbox 2479 997 2544 1057; x_wconf 92' lang='lat' dir='ltr'>in</span> <span class='ocrx_word' id='word_1_79' title='bbox 2599 997 2829 1058; x_wconf 89' lang='lat' dir='ltr'>collum</span> <span class='ocrx_word' id='word_1_80' title='bbox 2884 1000 3044 1078; x_wconf 88' lang='lat' dir='ltr'>ejus.</span> <span class='ocrx_word' id='word_1_81' title='bbox 3104 999 3406 1062; x_wconf 86' lang='lat' dir='ltr'>Similiter</span> <span class='ocrx_word' id='word_1_82' title='bbox 3483 1007 3548 1063; x_wconf 91' lang='lat' dir='ltr'>et</span> <span class='ocrx_word' id='word_1_83' title='bbox 3627 1023 3842 1082; x_wconf 87' lang='lat' dir='ltr'>omnes,</span> 
     </span>
    </p>
   </div>
   <div class='ocr_carea' id='block_1_9' title="bbox 631 1101 3851 1202">
    <p class='ocr_par' dir='ltr' id='par_1_9' title="bbox 631 1101 3851 1202">
     <span class='ocr_line' id='line_1_9' title="bbox 631 1101 3851 1202; baseline -0.003 -21"><span class='ocrx_word' id='word_1_84' title='bbox 631 1119 743 1202; x_wconf 90' lang='lat' dir='ltr'>qui</span> <span class='ocrx_word' id='word_1_85' title='bbox 797 1117 862 1176; x_wconf 91' lang='lat' dir='ltr'>in</span> <span class='ocrx_word' id='word_1_86' title='bbox 920 1109 1180 1174; x_wconf 89' lang='lat' dir='ltr'>consilio</span> <span class='ocrx_word' id='word_1_87' title='bbox 1236 1127 1378 1169; x_wconf 89' lang='lat' dir='ltr'>cum</span> <span class='ocrx_word' id='word_1_88' title='bbox 1437 1107 1573 1187; x_wconf 89' lang='lat' dir='ltr'>ipso</span> <span class='ocrx_word' id='word_1_89' title='bbox 1631 1107 1904 1178; x_wconf 83' lang='lat' dir='ltr'>fuerant,</span> <span class='ocrx_word' id='word_1_90' title='bbox 1963 1101 2304 1182; x_wconf 86' lang='lat' dir='ltr'>imbojatos</span> <span class='ocrx_word' id='word_1_91' title='bbox 2361 1102 2435 1182; x_wconf 69' lang='grc' dir='ltr'>(Ι)</span> <span class='ocrx_word' id='word_1_92' title='bbox 2495 1103 2664 1164; x_wconf 90' lang='lat' dir='ltr'>misit</span> <span class='ocrx_word' id='word_1_93' title='bbox 2719 1106 3087 1165; x_wconf 82' lang='lat' dir='ltr'>Ravennam</span> <span class='ocrx_word' id='word_1_94' title='bbox 3147 1123 3258 1184; x_wconf 88' lang='lat' dir='ltr'>per</span> <span class='ocrx_word' id='word_1_95' title='bbox 3327 1125 3552 1169; x_wconf 88' lang='lat' dir='ltr'>manus</span> <span class='ocrx_word' id='word_1_96' title='bbox 3611 1111 3851 1175; x_wconf 84' lang='lat' dir='ltr'>Maurini</span> 
     </span>
    </p>
   </div>
   <div class='ocr_carea' id='block_1_10' title="bbox 633 1209 3850 1294">
    <p class='ocr_par' dir='ltr' id='par_1_10' title="bbox 633 1209 3850 1294">
     <span class='ocr_line' id='line_1_10' title="bbox 633 1209 3850 1294; baseline -0.002 -8"><span class='ocrx_word' id='word_1_97' title='bbox 633 1221 954 1294; x_wconf 84' lang='lat' dir='ltr'>scribonis,</span> <span class='ocrx_word' id='word_1_98' title='bbox 1003 1223 1066 1280; x_wconf 90' lang='lat' dir='ltr'>et</span> <span class='ocrx_word' id='word_1_99' title='bbox 1118 1214 1414 1278; x_wconf 87' lang='lat' dir='ltr'>Thomati</span> <span class='ocrx_word' id='word_1_100' title='bbox 1465 1213 1548 1294; x_wconf 86' lang='lat' dir='ltr'>(g)</span> <span class='ocrx_word' id='word_1_101' title='bbox 1607 1210 2000 1274; x_wconf 90' lang='lat' dir='ltr'>chartularii.</span> <span class='ocrx_word' id='word_1_102' title='bbox 2047 1209 2165 1283; x_wconf 88' lang='lat' dir='ltr'>Qui</span> <span class='ocrx_word' id='word_1_103' title='bbox 2223 1209 2602 1272; x_wconf 89' lang='lat' dir='ltr'>dedocentes</span> <span class='ocrx_word' id='word_1_104' title='bbox 2661 1229 2768 1272; x_wconf 89' lang='lat' dir='ltr'>eos</span> <span class='ocrx_word' id='word_1_105' title='bbox 2841 1217 3268 1291; x_wconf 90' lang='lat' dir='ltr'>pervenerunt</span> <span class='ocrx_word' id='word_1_106' title='bbox 3314 1212 3503 1292; x_wconf 86' lang='lat' dir='ltr'>juxta</span> <span class='ocrx_word' id='word_1_107' title='bbox 3559 1216 3850 1280; x_wconf 85' lang='lat' dir='ltr'>civitatem</span> 
     </span>
    </p>
   </div>
   <div class='ocr_carea' id='block_1_11' title="bbox 553 1315 3855 1399">
    <p class='ocr_par' dir='ltr' id='par_1_11' title="bbox 553 1315 3855 1399">
     <span class='ocr_line' id='line_1_11' title="bbox 553 1315 3855 1399; baseline -0.005 -1"><span class='ocrx_word' id='word_1_108' title='bbox 553 1339 590 1399; x_wconf 81' lang='grc'>5</span> <span class='ocrx_word' id='word_1_109' title='bbox 633 1332 1062 1397; x_wconf 87' lang='lat' dir='ltr'>Ravennatem</span> <span class='ocrx_word' id='word_1_110' title='bbox 1131 1323 1197 1382; x_wconf 91' lang='lat' dir='ltr'>in</span> <span class='ocrx_word' id='word_1_111' title='bbox 1265 1322 1474 1382; x_wconf 92' lang='lat' dir='ltr'>locum</span> <span class='ocrx_word' id='word_1_112' title='bbox 1536 1319 1644 1399; x_wconf 91' lang='lat' dir='ltr'>qui</span> <span class='ocrx_word' id='word_1_113' title='bbox 1703 1317 1932 1379; x_wconf 90' lang='lat' dir='ltr'>dicitur</span> <span class='ocrx_word' id='word_1_114' title='bbox 1991 1315 2239 1377; x_wconf 89' lang='lat' dir='ltr'>Ficulas</span> <span class='ocrx_word' id='word_1_115' title='bbox 2283 1315 2366 1396; x_wconf 82' lang='grc' dir='ltr'>(Ιι)</span> <span class='ocrx_word' id='word_1_116' title='bbox 2425 1316 2797 1378; x_wconf 92' lang='lat' dir='ltr'>duodecimo</span> <span class='ocrx_word' id='word_1_117' title='bbox 2864 1318 3157 1380; x_wconf 88' lang='lat' dir='ltr'>milliario</span> <span class='ocrx_word' id='word_1_118' title='bbox 3215 1337 3253 1380; x_wconf 92' lang='lat' dir='ltr'>a</span> <span class='ocrx_word' id='word_1_119' title='bbox 3308 1319 3598 1398; x_wconf 83' lang='lat' dir='ltr'>civitate,</span> <span class='ocrx_word' id='word_1_120' title='bbox 3676 1329 3735 1385; x_wconf 91' lang='lat' dir='ltr'>et</span> <span class='ocrx_word' id='word_1_121' title='bbox 3781 1325 3855 1388; x_wconf 86' lang='lat' dir='ltr'>ibi</span> 
     </span>
    </p>
   </div>
   <div class='ocr_carea' id='block_1_12' title="bbox 634 1421 3856 1508">
    <p class='ocr_par' dir='ltr' id='par_1_12' title="bbox 634 1421 3856 1508">
     <span class='ocr_line' id='line_1_12' title="bbox 634 1421 3856 1508; baseline -0.005 -6"><span class='ocrx_word' id='word_1_122' title='bbox 634 1435 1106 1502; x_wconf 88' lang='lat' dir='ltr'>decollaverunt</span> <span class='ocrx_word' id='word_1_123' title='bbox 1175 1427 1570 1500; x_wconf 87' lang='lat' dir='ltr'>Mauricium,</span> <span class='ocrx_word' id='word_1_124' title='bbox 1635 1424 1786 1506; x_wconf 90' lang='lat' dir='ltr'>quia</span> <span class='ocrx_word' id='word_1_125' title='bbox 1839 1423 1927 1484; x_wconf 90' lang='lat' dir='ltr'>sic</span> <span class='ocrx_word' id='word_1_126' title='bbox 1981 1423 2046 1483; x_wconf 92' lang='lat' dir='ltr'>in</span> <span class='ocrx_word' id='word_1_127' title='bbox 2107 1421 2421 1484; x_wconf 87' lang='lat' dir='ltr'>mandatis</span> <span class='ocrx_word' id='word_1_128' title='bbox 2496 1429 2874 1503; x_wconf 89' lang='lat' dir='ltr'>acceperant</span> <span class='ocrx_word' id='word_1_129' title='bbox 2945 1442 2984 1484; x_wconf 91' lang='lat' dir='ltr'>a</span> <span class='ocrx_word' id='word_1_130' title='bbox 3051 1425 3478 1508; x_wconf 79' lang='lat' dir='ltr'>suprascripto</span> <span class='ocrx_word' id='word_1_131' title='bbox 3531 1429 3747 1503; x_wconf 87' lang='lat' dir='ltr'>Isacio,</span> <span class='ocrx_word' id='word_1_132' title='bbox 3797 1439 3856 1493; x_wconf 82' lang='lat' dir='ltr'>ut</span> 
     </span>
    </p>
   </div>
   <div class='ocr_carea' id='block_1_13' title="bbox 635 1529 3858 1610">
    <p class='ocr_par' dir='ltr' id='par_1_13' title="bbox 635 1529 3858 1610">
     <span class='ocr_line' id='line_1_13' title="bbox 635 1529 3858 1610; baseline -0.003 -2"><span class='ocrx_word' id='word_1_133' title='bbox 635 1545 821 1609; x_wconf 89' lang='lat' dir='ltr'>unius</span> <span class='ocrx_word' id='word_1_134' title='bbox 877 1539 1196 1601; x_wconf 89' lang='lat' dir='ltr'>civitatem</span> <span class='ocrx_word' id='word_1_135' title='bbox 1269 1535 1698 1595; x_wconf 87' lang='lat' dir='ltr'>Ravennatem</span> <span class='ocrx_word' id='word_1_136' title='bbox 1755 1549 1882 1590; x_wconf 90' lang='lat' dir='ltr'>non</span> <span class='ocrx_word' id='word_1_137' title='bbox 1965 1529 2425 1608; x_wconf 81' lang='lat' dir='ltr'>ingrederetur.</span> <span class='ocrx_word' id='word_1_138' title='bbox 2485 1531 2565 1590; x_wconf 93' lang='lat' dir='ltr'>Et</span> <span class='ocrx_word' id='word_1_139' title='bbox 2613 1535 2950 1610; x_wconf 88' lang='lat' dir='ltr'>postquam</span> <span class='ocrx_word' id='word_1_140' title='bbox 3024 1529 3372 1594; x_wconf 85' lang='lat' dir='ltr'>decollatus</span> <span class='ocrx_word' id='word_1_141' title='bbox 3427 1539 3542 1609; x_wconf 88' lang='lat' dir='ltr'>est,</span> <span class='ocrx_word' id='word_1_142' title='bbox 3607 1535 3858 1599; x_wconf 86' lang='lat' dir='ltr'>levantes</span> 
     </span>
    </p>
   </div>
   <div class='ocr_carea' id='block_1_14' title="bbox 636 1634 3859 1732">
    <p class='ocr_par' dir='ltr' id='par_1_14' title="bbox 636 1634 3859 1732">
     <span class='ocr_line' id='line_1_14' title="bbox 636 1634 3859 1732; baseline -0.007 -16"><span class='ocrx_word' id='word_1_143' title='bbox 636 1654 828 1732; x_wconf 89' lang='lat' dir='ltr'>caput</span> <span class='ocrx_word' id='word_1_144' title='bbox 881 1644 1036 1726; x_wconf 86' lang='lat' dir='ltr'>ejus,</span> <span class='ocrx_word' id='word_1_145' title='bbox 1101 1641 1419 1702; x_wconf 89' lang='lat' dir='ltr'>duxerunt</span> <span class='ocrx_word' id='word_1_146' title='bbox 1473 1637 1549 1718; x_wconf 74' lang='grc' dir='ltr'>(τ’)</span> <span class='ocrx_word' id='word_1_147' title='bbox 1609 1638 1998 1698; x_wconf 90' lang='lat' dir='ltr'>Ravennam.</span> <span class='ocrx_word' id='word_1_148' title='bbox 2085 1634 2318 1696; x_wconf 82' lang='lat' dir='ltr'>Videns</span> <span class='ocrx_word' id='word_1_149' title='bbox 2391 1641 2604 1696; x_wconf 90' lang='lat' dir='ltr'>autem</span> <span class='ocrx_word' id='word_1_150' title='bbox 2681 1636 2912 1697; x_wconf 89' lang='lat' dir='ltr'>Isacius</span> <span class='ocrx_word' id='word_1_151' title='bbox 2995 1641 3189 1717; x_wconf 87' lang='lat' dir='ltr'>caput</span> <span class='ocrx_word' id='word_1_152' title='bbox 3255 1639 3570 1715; x_wconf 80' lang='lat' dir='ltr'>Mauricii,</span> <span class='ocrx_word' id='word_1_153' title='bbox 3637 1642 3859 1720; x_wconf 74' lang='lat' dir='ltr'>gavisus</span> 
     </span>
    </p>
   </div>
   <div class='ocr_carea' id='block_1_15' title="bbox 639 1740 3860 1824">
    <p class='ocr_par' dir='ltr' id='par_1_15' title="bbox 639 1740 3860 1824">
     <span class='ocr_line' id='line_1_15' title="bbox 639 1740 3860 1824; baseline -0.004 -2"><span class='ocrx_word' id='word_1_154' title='bbox 639 1765 754 1823; x_wconf 90' lang='lat' dir='ltr'>est.</span> <span class='ocrx_word' id='word_1_155' title='bbox 811 1757 890 1817; x_wconf 88' lang='lat' dir='ltr'>Et</span> <span class='ocrx_word' id='word_1_156' title='bbox 943 1749 1093 1812; x_wconf 89' lang='lat' dir='ltr'>fecit</span> <span class='ocrx_word' id='word_1_157' title='bbox 1146 1748 1226 1809; x_wconf 91' lang='lat' dir='ltr'>ad</span> <span class='ocrx_word' id='word_1_158' title='bbox 1281 1744 1640 1824; x_wconf 87' lang='lat' dir='ltr'>exemplum</span> <span class='ocrx_word' id='word_1_159' title='bbox 1697 1741 2043 1803; x_wconf 90' lang='lat' dir='ltr'>multorum</span> <span class='ocrx_word' id='word_1_160' title='bbox 2099 1740 2164 1800; x_wconf 92' lang='lat' dir='ltr'>in</span> <span class='ocrx_word' id='word_1_161' title='bbox 2223 1741 2389 1802; x_wconf 92' lang='lat' dir='ltr'>circo</span> <span class='ocrx_word' id='word_1_162' title='bbox 2449 1743 2813 1804; x_wconf 86' lang='lat' dir='ltr'>Ravennate</span> <span class='ocrx_word' id='word_1_163' title='bbox 2877 1741 2942 1802; x_wconf 91' lang='lat' dir='ltr'>in</span> <span class='ocrx_word' id='word_1_164' title='bbox 3011 1742 3290 1822; x_wconf 87' lang='lat' dir='ltr'>stipitem</span> <span class='ocrx_word' id='word_1_165' title='bbox 3353 1745 3527 1824; x_wconf 90' lang='lat' dir='ltr'>poni.</span> <span class='ocrx_word' id='word_1_166' title='bbox 3579 1746 3728 1808; x_wconf 80' lang='lat' dir='ltr'>Illos</span> <span class='ocrx_word' id='word_1_167' title='bbox 3765 1767 3860 1810; x_wconf 90' lang='lat' dir='ltr'>au-</span> 
     </span>
    </p>
   </div>
   <div class='ocr_carea' id='block_1_16' title="bbox 521 1846 3865 1940">
    <p class='ocr_par' dir='ltr' id='par_1_16' title="bbox 521 1846 3865 1940">
     <span class='ocr_line' id='line_1_16' title="bbox 521 1846 3865 1940; baseline -0.005 -7"><span class='ocrx_word' id='word_1_168' title='bbox 521 1871 596 1933; x_wconf 82' lang='grc'>10</span> <span class='ocrx_word' id='word_1_169' title='bbox 638 1873 764 1928; x_wconf 91' lang='lat' dir='ltr'>tem</span> <span class='ocrx_word' id='word_1_170' title='bbox 807 1859 917 1940; x_wconf 91' lang='lat' dir='ltr'>qui</span> <span class='ocrx_word' id='word_1_171' title='bbox 959 1875 1101 1918; x_wconf 91' lang='lat' dir='ltr'>cum</span> <span class='ocrx_word' id='word_1_172' title='bbox 1144 1854 1281 1933; x_wconf 89' lang='lat' dir='ltr'>ipso</span> <span class='ocrx_word' id='word_1_173' title='bbox 1324 1851 1544 1914; x_wconf 91' lang='lat' dir='ltr'>directi</span> <span class='ocrx_word' id='word_1_174' title='bbox 1585 1851 1837 1912; x_wconf 87' lang='lat' dir='ltr'>fuerant</span> <span class='ocrx_word' id='word_1_175' title='bbox 1879 1866 2096 1910; x_wconf 91' lang='lat' dir='ltr'>omnes</span> <span class='ocrx_word' id='word_1_176' title='bbox 2138 1846 2477 1927; x_wconf 89' lang='lat' dir='ltr'>imbojalos</span> <span class='ocrx_word' id='word_1_177' title='bbox 2523 1847 2605 1928; x_wconf 65' lang='grc' dir='ltr'>(λ)</span> <span class='ocrx_word' id='word_1_178' title='bbox 2652 1847 2843 1926; x_wconf 86' lang='lat' dir='ltr'>jussit</span> <span class='ocrx_word' id='word_1_179' title='bbox 2897 1853 3072 1910; x_wconf 83' lang='lat' dir='ltr'>arcta</span> <span class='ocrx_word' id='word_1_180' title='bbox 3126 1850 3410 1912; x_wconf 87' lang='lat' dir='ltr'>custodia</span> <span class='ocrx_word' id='word_1_181' title='bbox 3451 1852 3516 1912; x_wconf 88' lang='lat' dir='ltr'>in</span> <span class='ocrx_word' id='word_1_182' title='bbox 3575 1871 3865 1917; x_wconf 81' lang='lat' dir='ltr'>carcerem</span> 
     </span>
    </p>
   </div>
   <div class='ocr_carea' id='block_1_17' title="bbox 639 1955 3870 2043">
    <p class='ocr_par' dir='ltr' id='par_1_17' title="bbox 639 1955 3870 2043">
     <span class='ocr_line' id='line_1_17' title="bbox 639 1955 3870 2043; baseline -0.004 -10"><span class='ocrx_word' id='word_1_183' title='bbox 639 1967 826 2042; x_wconf 88' lang='lat' dir='ltr'>mitti,</span> <span class='ocrx_word' id='word_1_184' title='bbox 887 1961 1172 2043; x_wconf 87' lang='lat' dir='ltr'>cogitans</span> <span class='ocrx_word' id='word_1_185' title='bbox 1231 1977 1338 2020; x_wconf 86' lang='lat' dir='ltr'>eos</span> <span class='ocrx_word' id='word_1_186' title='bbox 1393 1955 1712 2037; x_wconf 91' lang='lat' dir='ltr'>quomodo</span> <span class='ocrx_word' id='word_1_187' title='bbox 1769 1955 2060 2034; x_wconf 88' lang='lat' dir='ltr'>puniret;</span> <span class='ocrx_word' id='word_1_188' title='bbox 2121 1955 2229 2015; x_wconf 90' lang='lat' dir='ltr'>sed</span> <span class='ocrx_word' id='word_1_189' title='bbox 2285 1973 2425 2016; x_wconf 90' lang='lat' dir='ltr'>cum</span> <span class='ocrx_word' id='word_1_190' title='bbox 2499 1971 2575 2016; x_wconf 92' lang='lat' dir='ltr'>ea</span> <span class='ocrx_word' id='word_1_191' title='bbox 2645 1959 2986 2034; x_wconf 77' lang='lat' dir='ltr'>agerentur</span> <span class='ocrx_word' id='word_1_192' title='bbox 3055 1974 3202 2016; x_wconf 90' lang='lat' dir='ltr'>mox</span> <span class='ocrx_word' id='word_1_193' title='bbox 3269 1957 3381 2018; x_wconf 91' lang='lat' dir='ltr'>Dei</span> <span class='ocrx_word' id='word_1_194' title='bbox 3441 1958 3696 2038; x_wconf 88' lang='lat' dir='ltr'>judicio</span> <span class='ocrx_word' id='word_1_195' title='bbox 3747 1961 3870 2041; x_wconf 83' lang='lat' dir='ltr'>ipsis</span> 
     </span>
    </p>
   </div>
   <div class='ocr_carea' id='block_1_18' title="bbox 642 2061 3872 2152">
    <p class='ocr_par' dir='ltr' id='par_1_18' title="bbox 642 2061 3872 2152">
     <span class='ocr_line' id='line_1_18' title="bbox 642 2061 3872 2152; baseline -0.003 -13"><span class='ocrx_word' id='word_1_196' title='bbox 642 2075 862 2140; x_wconf 88' lang='lat' dir='ltr'>diebus</span> <span class='ocrx_word' id='word_1_197' title='bbox 903 2083 1234 2152; x_wconf 90' lang='lat' dir='ltr'>percussus</span> <span class='ocrx_word' id='word_1_198' title='bbox 1275 2063 1488 2124; x_wconf 89' lang='lat' dir='ltr'>divino</span> <span class='ocrx_word' id='word_1_199' title='bbox 1531 2063 1659 2124; x_wconf 91' lang='lat' dir='ltr'>ictu</span> <span class='ocrx_word' id='word_1_200' title='bbox 1701 2061 1941 2122; x_wconf 87' lang='lat' dir='ltr'>interiit</span> <span class='ocrx_word' id='word_1_201' title='bbox 1983 2061 2236 2137; x_wconf 89' lang='lat' dir='ltr'>Isacius,</span> <span class='ocrx_word' id='word_1_202' title='bbox 2285 2065 2346 2122; x_wconf 90' lang='lat' dir='ltr'>et</span> <span class='ocrx_word' id='word_1_203' title='bbox 2389 2067 2674 2122; x_wconf 90' lang='lat' dir='ltr'>mortuus</span> <span class='ocrx_word' id='word_1_204' title='bbox 2733 2067 2848 2123; x_wconf 90' lang='lat' dir='ltr'>est.</span> <span class='ocrx_word' id='word_1_205' title='bbox 2897 2061 2948 2123; x_wconf 86' lang='lat' dir='ltr'>li</span> <span class='ocrx_word' id='word_1_206' title='bbox 3007 2066 3220 2124; x_wconf 89' lang='lat' dir='ltr'>autem</span> <span class='ocrx_word' id='word_1_207' title='bbox 3265 2063 3376 2144; x_wconf 90' lang='lat' dir='ltr'>qui</span> <span class='ocrx_word' id='word_1_208' title='bbox 3421 2065 3652 2127; x_wconf 88' lang='lat' dir='ltr'>reclusi</span> <span class='ocrx_word' id='word_1_209' title='bbox 3699 2073 3872 2138; x_wconf 84' lang='lat' dir='ltr'>erant,</span> 
     </span>
    </p>
   </div>
   <div class='ocr_carea' id='block_1_19' title="bbox 645 2167 3873 2254">
    <p class='ocr_par' dir='ltr' id='par_1_19' title="bbox 645 2167 3873 2254">
     <span class='ocr_line' id='line_1_19' title="bbox 645 2167 3873 2254; baseline -0.003 -9"><span class='ocrx_word' id='word_1_210' title='bbox 645 2183 946 2246; x_wconf 82' lang='lat' dir='ltr'>exeuntes</span> <span class='ocrx_word' id='word_1_211' title='bbox 986 2175 1064 2236; x_wconf 89' lang='lat' dir='ltr'>de</span> <span class='ocrx_word' id='word_1_212' title='bbox 1107 2189 1379 2244; x_wconf 89' lang='lat' dir='ltr'>carcere,</span> <span class='ocrx_word' id='word_1_213' title='bbox 1425 2167 1658 2230; x_wconf 87' lang='lat' dir='ltr'>reversi</span> <span class='ocrx_word' id='word_1_214' title='bbox 1701 2173 1850 2228; x_wconf 91' lang='lat' dir='ltr'>sunt</span> <span class='ocrx_word' id='word_1_215' title='bbox 1889 2167 2123 2246; x_wconf 84' lang='lat' dir='ltr'>singuli</span> <span class='ocrx_word' id='word_1_216' title='bbox 2165 2185 2276 2247; x_wconf 91' lang='lat' dir='ltr'>per</span> <span class='ocrx_word' id='word_1_217' title='bbox 2333 2167 2474 2228; x_wconf 87' lang='lat' dir='ltr'>loca</span> <span class='ocrx_word' id='word_1_218' title='bbox 2539 2186 2674 2228; x_wconf 90' lang='lat' dir='ltr'>sua.</span> <span class='ocrx_word' id='word_1_219' title='bbox 2719 2167 2994 2229; x_wconf 84' lang='lat' dir='ltr'>Audiens</span> <span class='ocrx_word' id='word_1_220' title='bbox 3039 2167 3160 2230; x_wconf 91' lang='lat' dir='ltr'>hoc</span> <span class='ocrx_word' id='word_1_221' title='bbox 3203 2168 3551 2250; x_wconf 87' lang='lat' dir='ltr'>imperator</span> <span class='ocrx_word' id='word_1_222' title='bbox 3595 2172 3710 2252; x_wconf 80' lang='lat' dir='ltr'>(k),</span> <span class='ocrx_word' id='word_1_223' title='bbox 3751 2176 3873 2254; x_wconf 88' lang='lat' dir='ltr'>quia</span> 
     </span>
    </p>
   </div>
   <div class='ocr_carea' id='block_1_20' title="bbox 649 2273 3871 2366">
    <p class='ocr_par' dir='ltr' id='par_1_20' title="bbox 649 2273 3871 2366">
     <span class='ocr_line' id='line_1_20' title="bbox 649 2273 3871 2366; baseline -0.003 -15"><span class='ocrx_word' id='word_1_224' title='bbox 649 2289 981 2352; x_wconf 87' lang='lat' dir='ltr'>detunctus</span> <span class='ocrx_word' id='word_1_225' title='bbox 1023 2287 1118 2342; x_wconf 87' lang='lat' dir='ltr'>est</span> <span class='ocrx_word' id='word_1_226' title='bbox 1158 2275 1412 2354; x_wconf 86' lang='lat' dir='ltr'>Isacius,</span> <span class='ocrx_word' id='word_1_227' title='bbox 1450 2275 1620 2336; x_wconf 85' lang='lat' dir='ltr'>misit</span> <span class='ocrx_word' id='word_1_228' title='bbox 1657 2273 2060 2336; x_wconf 87' lang='lat' dir='ltr'>Theodorum</span> <span class='ocrx_word' id='word_1_229' title='bbox 2107 2273 2441 2354; x_wconf 90' lang='lat' dir='ltr'>patricium</span> <span class='ocrx_word' id='word_1_230' title='bbox 2485 2273 2854 2348; x_wconf 89' lang='lat' dir='ltr'>exarchum,</span> <span class='ocrx_word' id='word_1_231' title='bbox 2887 2274 2988 2335; x_wconf 92' lang='lat' dir='ltr'>cui</span> <span class='ocrx_word' id='word_1_232' title='bbox 3016 2281 3512 2366; x_wconf 78' lang='lat' dir='ltr'>cognomentum</span> <span class='ocrx_word' id='word_1_233' title='bbox 3543 2279 3871 2363; x_wconf 85' lang='lat' dir='ltr'>Callioppa,</span> 
     </span>
    </p>
   </div>
   <div class='ocr_carea' id='block_1_21' title="bbox 533 2381 1725 2472">
    <p class='ocr_par' dir='ltr' id='par_1_21' title="bbox 533 2381 1725 2472">
     <span class='ocr_line' id='line_1_21' title="bbox 533 2381 1725 2472; baseline -0.018 -10"><span class='ocrx_word' id='word_1_234' title='bbox 533 2401 608 2461; x_wconf 82' lang='grc'>15</span> <span class='ocrx_word' id='word_1_235' title='bbox 651 2396 732 2460; x_wconf 91' lang='lat' dir='ltr'>ad</span> <span class='ocrx_word' id='word_1_236' title='bbox 775 2389 1116 2472; x_wconf 87' lang='lat' dir='ltr'>regendam</span> <span class='ocrx_word' id='word_1_237' title='bbox 1158 2401 1411 2446; x_wconf 91' lang='lat' dir='ltr'>omnem</span> <span class='ocrx_word' id='word_1_238' title='bbox 1457 2381 1725 2443; x_wconf 88' lang='lat' dir='ltr'>Italiam.</span> 
     </span>
    </p>
   </div>
   <div class='ocr_carea' id='block_1_22' title="bbox 733 2485 3874 2576">
    <p class='ocr_par' dir='ltr' id='par_1_22' title="bbox 733 2485 3874 2576">
     <span class='ocr_line' id='line_1_22' title="bbox 733 2485 3874 2576; baseline -0.001 -18"><span class='ocrx_word' id='word_1_239' title='bbox 733 2505 890 2562; x_wconf 65' lang='lat'>127</span> <span class='ocrx_word' id='word_1_240' title='bbox 951 2493 1106 2576; x_wconf 87' lang='lat' dir='ltr'>Ipsis</span> <span class='ocrx_word' id='word_1_241' title='bbox 1175 2489 1567 2572; x_wconf 86' lang='lat' dir='ltr'>temporibus</span> <span class='ocrx_word' id='word_1_242' title='bbox 1633 2487 1808 2548; x_wconf 90' lang='lat' dir='ltr'>venit</span> <span class='ocrx_word' id='word_1_243' title='bbox 1876 2485 2158 2567; x_wconf 88' lang='lat' dir='ltr'>Pyrrhus</span> <span class='ocrx_word' id='word_1_244' title='bbox 2201 2505 2276 2548; x_wconf 87' lang='lat' dir='ltr'>ex</span> <span class='ocrx_word' id='word_1_245' title='bbox 2319 2487 2549 2563; x_wconf 81' lang='lat' dir='ltr'>Africa,</span> <span class='ocrx_word' id='word_1_246' title='bbox 2599 2487 2707 2567; x_wconf 92' lang='lat' dir='ltr'>qui</span> <span class='ocrx_word' id='word_1_247' title='bbox 2781 2487 2986 2550; x_wconf 83' lang='lat' dir='ltr'>fuerat</span> <span class='ocrx_word' id='word_1_248' title='bbox 3051 2489 3418 2568; x_wconf 86' lang='lat' dir='ltr'>patriarcha</span> <span class='ocrx_word' id='word_1_249' title='bbox 3459 2492 3874 2556; x_wconf 83' lang='lat' dir='ltr'>Constantino-</span> 
     </span>
    </p>
   </div>
   <div class='ocr_carea' id='block_1_23' title="bbox 647 2593 3876 2692">
    <p class='ocr_par' dir='ltr' id='par_1_23' title="bbox 647 2593 3876 2692">
     <span class='ocr_line' id='line_1_23' title="bbox 647 2593 3876 2692; baseline 0.002 -36"><span class='ocrx_word' id='word_1_250' title='bbox 647 2608 990 2692; x_wconf 77' lang='lat' dir='ltr'>politanus,</span> <span class='ocrx_word' id='word_1_251' title='bbox 1033 2601 1098 2662; x_wconf 90' lang='lat' dir='ltr'>in</span> <span class='ocrx_word' id='word_1_252' title='bbox 1145 2599 1366 2660; x_wconf 89' lang='lat' dir='ltr'>urbem</span> <span class='ocrx_word' id='word_1_253' title='bbox 1431 2599 1694 2657; x_wconf 87' lang='lat' dir='ltr'>Romam</span> <span class='ocrx_word' id='word_1_254' title='bbox 1757 2595 1838 2655; x_wconf 91' lang='lat' dir='ltr'>ad</span> <span class='ocrx_word' id='word_1_255' title='bbox 1901 2593 2130 2654; x_wconf 91' lang='lat' dir='ltr'>limina</span> <span class='ocrx_word' id='word_1_256' title='bbox 2170 2594 2604 2674; x_wconf 88' lang='lat' dir='ltr'>aportolorum</span> <span class='ocrx_word' id='word_1_257' title='bbox 2647 2593 2741 2675; x_wconf 76' lang='lat'>(1).</span> <span class='ocrx_word' id='word_1_258' title='bbox 2791 2595 2910 2668; x_wconf 88' lang='lat' dir='ltr'>Qui</span> <span class='ocrx_word' id='word_1_259' title='bbox 2951 2595 3268 2674; x_wconf 88' lang='lat' dir='ltr'>ingressus</span> <span class='ocrx_word' id='word_1_260' title='bbox 3327 2597 3609 2660; x_wconf 89' lang='lat' dir='ltr'>libellum</span> <span class='ocrx_word' id='word_1_261' title='bbox 3677 2601 3876 2662; x_wconf 87' lang='lat' dir='ltr'>obtulit</span> 
     </span>
    </p>
   </div>
   <div class='ocr_carea' id='block_1_24' title="bbox 648 2699 3872 2786">
    <p class='ocr_par' dir='ltr' id='par_1_24' title="bbox 648 2699 3872 2786">
     <span class='ocr_line' id='line_1_24' title="bbox 648 2699 3872 2786; baseline -0.008 -8"><span class='ocrx_word' id='word_1_262' title='bbox 648 2733 790 2778; x_wconf 90' lang='lat' dir='ltr'>cum</span> <span class='ocrx_word' id='word_1_263' title='bbox 836 2729 950 2772; x_wconf 89' lang='lat' dir='ltr'>sua</span> <span class='ocrx_word' id='word_1_264' title='bbox 991 2703 1448 2785; x_wconf 90' lang='lat' dir='ltr'>subscriptione</span> <span class='ocrx_word' id='word_1_265' title='bbox 1491 2700 1852 2782; x_wconf 61' lang='lat' dir='ltr'>apostolicae</span> <span class='ocrx_word' id='word_1_266' title='bbox 1913 2705 2145 2760; x_wconf 72' lang='lat' dir='ltr'>nostrae</span> <span class='ocrx_word' id='word_1_267' title='bbox 2189 2699 2353 2761; x_wconf 91' lang='lat' dir='ltr'>sedis</span> <span class='ocrx_word' id='word_1_268' title='bbox 2395 2699 2460 2760; x_wconf 93' lang='lat' dir='ltr'>in</span> <span class='ocrx_word' id='word_1_269' title='bbox 2505 2701 2842 2780; x_wconf 77' lang='lat' dir='ltr'>praesentia</span> <span class='ocrx_word' id='word_1_270' title='bbox 2883 2701 3092 2762; x_wconf 90' lang='lat' dir='ltr'>cuncti</span> <span class='ocrx_word' id='word_1_271' title='bbox 3157 2703 3308 2764; x_wconf 89' lang='lat' dir='ltr'>cleri</span> <span class='ocrx_word' id='word_1_272' title='bbox 3350 2710 3414 2765; x_wconf 90' lang='lat' dir='ltr'>et</span> <span class='ocrx_word' id='word_1_273' title='bbox 3457 2707 3706 2786; x_wconf 88' lang='lat' dir='ltr'>populi,</span> <span class='ocrx_word' id='word_1_274' title='bbox 3749 2726 3872 2768; x_wconf 72' lang='lat' dir='ltr'>con-</span> 
     </span>
    </p>
   </div>
   <div class='ocr_carea' id='block_1_25' title="bbox 647 2805 3875 2890">
    <p class='ocr_par' dir='ltr' id='par_1_25' title="bbox 647 2805 3875 2890">
     <span class='ocr_line' id='line_1_25' title="bbox 647 2805 3875 2890; baseline -0.003 -5"><span class='ocrx_word' id='word_1_275' title='bbox 647 2823 955 2885; x_wconf 88' lang='lat' dir='ltr'>demnans</span> <span class='ocrx_word' id='word_1_276' title='bbox 997 2815 1062 2876; x_wconf 89' lang='lat' dir='ltr'>in</span> <span class='ocrx_word' id='word_1_277' title='bbox 1105 2813 1327 2876; x_wconf 92' lang='lat' dir='ltr'>eodem</span> <span class='ocrx_word' id='word_1_278' title='bbox 1371 2809 1584 2872; x_wconf 91' lang='lat' dir='ltr'>libello</span> <span class='ocrx_word' id='word_1_279' title='bbox 1627 2805 1844 2868; x_wconf 89' lang='lat' dir='ltr'>omnia</span> <span class='ocrx_word' id='word_1_280' title='bbox 1895 2825 2038 2885; x_wconf 69' lang='lat' dir='ltr'>quae</span> <span class='ocrx_word' id='word_1_281' title='bbox 2081 2825 2120 2866; x_wconf 89' lang='lat' dir='ltr'>a</span> <span class='ocrx_word' id='word_1_282' title='bbox 2161 2823 2226 2867; x_wconf 91' lang='lat' dir='ltr'>se</span> <span class='ocrx_word' id='word_1_283' title='bbox 2286 2805 2384 2867; x_wconf 90' lang='lat' dir='ltr'>vel</span> <span class='ocrx_word' id='word_1_284' title='bbox 2428 2825 2466 2867; x_wconf 93' lang='lat' dir='ltr'>a</span> <span class='ocrx_word' id='word_1_285' title='bbox 2508 2807 2940 2868; x_wconf 90' lang='lat' dir='ltr'>decessoribus</span> <span class='ocrx_word' id='word_1_286' title='bbox 2981 2807 3110 2868; x_wconf 87' lang='lat' dir='ltr'>suis</span> <span class='ocrx_word' id='word_1_287' title='bbox 3152 2809 3388 2890; x_wconf 89' lang='lat' dir='ltr'>scripta</span> <span class='ocrx_word' id='word_1_288' title='bbox 3429 2811 3528 2872; x_wconf 89' lang='lat' dir='ltr'>vel</span> <span class='ocrx_word' id='word_1_289' title='bbox 3571 2818 3718 2874; x_wconf 87' lang='lat' dir='ltr'>acta</span> <span class='ocrx_word' id='word_1_290' title='bbox 3753 2819 3875 2875; x_wconf 89' lang='lat' dir='ltr'>sunt</span> 
     </span>
    </p>
   </div>
   <div class='ocr_carea' id='block_1_26' title="bbox 564 2911 3870 3000">
    <p class='ocr_par' dir='ltr' id='par_1_26' title="bbox 564 2911 3870 3000">
     <span class='ocr_line' id='line_1_26' title="bbox 564 2911 3870 3000; baseline -0.004 -8"><span class='ocrx_word' id='word_1_291' title='bbox 564 2933 601 2992; x_wconf 80' lang='lat'><strong>5</strong></span> <span class='ocrx_word' id='word_1_292' title='bbox 645 2929 941 2991; x_wconf 88' lang='lat' dir='ltr'>adversus</span> <span class='ocrx_word' id='word_1_293' title='bbox 1009 2917 1480 2982; x_wconf 88' lang='lat' dir='ltr'>immaculatam</span> <span class='ocrx_word' id='word_1_294' title='bbox 1549 2919 1829 2976; x_wconf 89' lang='lat' dir='ltr'>nostram</span> <span class='ocrx_word' id='word_1_295' title='bbox 1899 2911 2114 2973; x_wconf 87' lang='lat' dir='ltr'>ﬁdem.</span> <span class='ocrx_word' id='word_1_296' title='bbox 2159 2913 2267 2973; x_wconf 85' lang='lat' dir='ltr'>His</span> <span class='ocrx_word' id='word_1_297' title='bbox 2335 2911 2552 2993; x_wconf 87' lang='lat' dir='ltr'>itaque</span> <span class='ocrx_word' id='word_1_298' title='bbox 2597 2913 2676 2974; x_wconf 92' lang='lat' dir='ltr'>ab</span> <span class='ocrx_word' id='word_1_299' title='bbox 2722 2931 2795 2974; x_wconf 89' lang='lat' dir='ltr'>eo</span> <span class='ocrx_word' id='word_1_300' title='bbox 2853 2913 3147 2993; x_wconf 88' lang='lat' dir='ltr'>peractis,</span> <span class='ocrx_word' id='word_1_301' title='bbox 3193 2915 3344 2976; x_wconf 86' lang='lat' dir='ltr'>fecit</span> <span class='ocrx_word' id='word_1_302' title='bbox 3413 2935 3558 3000; x_wconf 88' lang='lat' dir='ltr'>eum</span> <span class='ocrx_word' id='word_1_303' title='bbox 3631 2937 3870 2980; x_wconf 86' lang='lat' dir='ltr'>munera</span> 
     </span>
    </p>
   </div>
   <div class='ocr_carea' id='block_1_27' title="bbox 649 3018 3871 3112">
    <p class='ocr_par' dir='ltr' id='par_1_27' title="bbox 649 3018 3871 3112">
     <span class='ocr_line' id='line_1_27' title="bbox 649 3018 3871 3112; baseline -0.003 -17"><span class='ocrx_word' id='word_1_304' title='bbox 649 3049 909 3112; x_wconf 85' lang='lat' dir='ltr'>erogare</span> <span class='ocrx_word' id='word_1_305' title='bbox 949 3029 1015 3088; x_wconf 91' lang='lat' dir='ltr'>in</span> <span class='ocrx_word' id='word_1_306' title='bbox 1057 3025 1362 3106; x_wconf 90' lang='lat' dir='ltr'>populum</span> <span class='ocrx_word' id='word_1_307' title='bbox 1411 3021 1536 3102; x_wconf 87' lang='lat' dir='ltr'>(m),</span> <span class='ocrx_word' id='word_1_308' title='bbox 1582 3025 1645 3082; x_wconf 93' lang='lat' dir='ltr'>et</span> <span class='ocrx_word' id='word_1_309' title='bbox 1705 3018 2072 3081; x_wconf 87' lang='lat' dir='ltr'>cathedram</span> <span class='ocrx_word' id='word_1_310' title='bbox 2117 3019 2174 3079; x_wconf 90' lang='lat' dir='ltr'>ei</span> <span class='ocrx_word' id='word_1_311' title='bbox 2217 3019 2368 3098; x_wconf 90' lang='lat' dir='ltr'>poni</span> <span class='ocrx_word' id='word_1_312' title='bbox 2421 3019 2609 3098; x_wconf 90' lang='lat' dir='ltr'>juxta</span> <span class='ocrx_word' id='word_1_313' title='bbox 2666 3019 2886 3094; x_wconf 85' lang='lat' dir='ltr'>altare,</span> <span class='ocrx_word' id='word_1_314' title='bbox 2935 3019 3260 3082; x_wconf 92' lang='lat' dir='ltr'>honorans</span> <span class='ocrx_word' id='word_1_315' title='bbox 3303 3039 3448 3082; x_wconf 91' lang='lat' dir='ltr'>eum</span> <span class='ocrx_word' id='word_1_316' title='bbox 3495 3029 3565 3084; x_wconf 89' lang='lat' dir='ltr'>ut</span> <span class='ocrx_word' id='word_1_317' title='bbox 3605 3025 3871 3087; x_wconf 87' lang='lat' dir='ltr'>sacerdo-</span> 
     </span>
    </p>
   </div>
   <div class='ocr_carea' id='block_1_28' title="bbox 651 3123 3868 3213">
    <p class='ocr_par' dir='ltr' id='par_1_28' title="bbox 651 3123 3868 3213">
     <span class='ocr_line' id='line_1_28' title="bbox 651 3123 3868 3213; baseline -0.003 -13"><span class='ocrx_word' id='word_1_318' title='bbox 651 3143 778 3200; x_wconf 88' lang='lat' dir='ltr'>tem</span> <span class='ocrx_word' id='word_1_319' title='bbox 823 3133 1012 3213; x_wconf 53' lang='lat' dir='ltr'>regige</span> <span class='ocrx_word' id='word_1_320' title='bbox 1056 3130 1345 3200; x_wconf 89' lang='lat' dir='ltr'>civitatis,</span> <span class='ocrx_word' id='word_1_321' title='bbox 1388 3129 1616 3188; x_wconf 89' lang='lat' dir='ltr'>Postea</span> <span class='ocrx_word' id='word_1_322' title='bbox 1657 3143 1873 3185; x_wconf 88' lang='lat' dir='ltr'>rursus</span> <span class='ocrx_word' id='word_1_323' title='bbox 1917 3142 2092 3186; x_wconf 90' lang='lat' dir='ltr'>more</span> <span class='ocrx_word' id='word_1_324' title='bbox 2135 3125 2308 3185; x_wconf 89' lang='lat' dir='ltr'>canis</span> <span class='ocrx_word' id='word_1_325' title='bbox 2363 3123 2443 3184; x_wconf 90' lang='lat' dir='ltr'>ad</span> <span class='ocrx_word' id='word_1_326' title='bbox 2505 3125 2832 3205; x_wconf 88' lang='lat' dir='ltr'>pr0prium</span> <span class='ocrx_word' id='word_1_327' title='bbox 2893 3125 3240 3206; x_wconf 87' lang='lat' dir='ltr'>impietatis</span> <span class='ocrx_word' id='word_1_328' title='bbox 3282 3127 3590 3189; x_wconf 88' lang='lat' dir='ltr'>vomitum</span> <span class='ocrx_word' id='word_1_329' title='bbox 3635 3131 3868 3212; x_wconf 85' lang='lat' dir='ltr'>repeda-</span> 
     </span>
    </p>
   </div>
   <div class='ocr_carea' id='block_1_29' title="bbox 649 3229 3868 3321">
    <p class='ocr_par' dir='ltr' id='par_1_29' title="bbox 649 3229 3868 3321">
     <span class='ocr_line' id='line_1_29' title="bbox 649 3229 3868 3321; baseline -0.003 -17"><span class='ocrx_word' id='word_1_330' title='bbox 649 3243 740 3304; x_wconf 93' lang='lat' dir='ltr'>vit</span> <span class='ocrx_word' id='word_1_331' title='bbox 781 3239 890 3321; x_wconf 78' lang='grc' dir='ltr'>(η).</span> <span class='ocrx_word' id='word_1_332' title='bbox 937 3239 1115 3299; x_wconf 91' lang='lat' dir='ltr'>Tunc</span> <span class='ocrx_word' id='word_1_333' title='bbox 1155 3233 1583 3296; x_wconf 86' lang='lat' dir='ltr'>sanctissimus</span> <span class='ocrx_word' id='word_1_334' title='bbox 1611 3229 1980 3292; x_wconf 90' lang='lat' dir='ltr'>Theodorus</span> <span class='ocrx_word' id='word_1_335' title='bbox 2026 3248 2212 3310; x_wconf 89' lang='lat' dir='ltr'>papa,</span> <span class='ocrx_word' id='word_1_336' title='bbox 2251 3248 2606 3290; x_wconf 91' lang='lat' dir='ltr'>convocans</span> <span class='ocrx_word' id='word_1_337' title='bbox 2649 3231 2977 3292; x_wconf 90' lang='lat' dir='ltr'>universos</span> <span class='ocrx_word' id='word_1_338' title='bbox 3019 3229 3096 3312; x_wconf 91' lang='grc' dir='ltr'>(ο)</span> <span class='ocrx_word' id='word_1_339' title='bbox 3145 3232 3515 3295; x_wconf 87' lang='lat' dir='ltr'>Sacerdotes</span> <span class='ocrx_word' id='word_1_340' title='bbox 3555 3240 3620 3296; x_wconf 88' lang='lat' dir='ltr'>et</span> <span class='ocrx_word' id='word_1_341' title='bbox 3661 3237 3868 3297; x_wconf 87' lang='lat' dir='ltr'>clerum</span> 
     </span>
    </p>
   </div>
   <div class='ocr_carea' id='block_1_30' title="bbox 647 3335 3873 3419">
    <p class='ocr_par' dir='ltr' id='par_1_30' title="bbox 647 3335 3873 3419">
     <span class='ocr_line' id='line_1_30' title="bbox 647 3335 3873 3419; baseline -0.002 -9"><span class='ocrx_word' id='word_1_342' title='bbox 647 3349 714 3410; x_wconf 89' lang='lat' dir='ltr'>in</span> <span class='ocrx_word' id='word_1_343' title='bbox 753 3345 1016 3409; x_wconf 89' lang='lat' dir='ltr'>ecclesia</span> <span class='ocrx_word' id='word_1_344' title='bbox 1057 3341 1227 3403; x_wconf 88' lang='lat' dir='ltr'>beati</span> <span class='ocrx_word' id='word_1_345' title='bbox 1267 3339 1438 3402; x_wconf 90' lang='lat' dir='ltr'>Petri</span> <span class='ocrx_word' id='word_1_346' title='bbox 1481 3337 1914 3419; x_wconf 88' lang='lat' dir='ltr'>apostolorum</span> <span class='ocrx_word' id='word_1_347' title='bbox 1961 3335 2284 3416; x_wconf 83' lang='lat' dir='ltr'>principis,</span> <span class='ocrx_word' id='word_1_348' title='bbox 2333 3335 2776 3396; x_wconf 85' lang='lat' dir='ltr'>condemnavit</span> <span class='ocrx_word' id='word_1_349' title='bbox 2818 3355 2963 3397; x_wconf 90' lang='lat' dir='ltr'>eum</span> <span class='ocrx_word' id='word_1_350' title='bbox 3016 3337 3132 3398; x_wconf 89' lang='lat' dir='ltr'>sub</span> <span class='ocrx_word' id='word_1_351' title='bbox 3177 3337 3432 3400; x_wconf 91' lang='lat' dir='ltr'>vinculo</span> <span class='ocrx_word' id='word_1_352' title='bbox 3477 3341 3873 3402; x_wconf 83' lang='lat' dir='ltr'>anathematis</span> 
     </span>
    </p>
   </div>
   <div class='ocr_carea' id='block_1_31' title="bbox 531 3441 3868 3536">
    <p class='ocr_par' dir='ltr' id='par_1_31' title="bbox 531 3441 3868 3536">
     <span class='ocr_line' id='line_1_31' title="bbox 531 3441 3868 3536; baseline -0.003 -18"><span class='ocrx_word' id='word_1_353' title='bbox 531 3459 606 3519; x_wconf 81' lang='grc'>10</span> <span class='ocrx_word' id='word_1_354' title='bbox 640 3455 826 3536; x_wconf 89' lang='lat' dir='ltr'>juxta</span> <span class='ocrx_word' id='word_1_355' title='bbox 869 3449 1221 3513; x_wconf 90' lang='lat' dir='ltr'>mercedem</span> <span class='ocrx_word' id='word_1_356' title='bbox 1265 3465 1338 3506; x_wconf 89' lang='lat' dir='ltr'>ac</span> <span class='ocrx_word' id='word_1_357' title='bbox 1383 3445 1860 3506; x_wconf 89' lang='lat' dir='ltr'>retributionem</span> <span class='ocrx_word' id='word_1_358' title='bbox 1908 3442 2162 3522; x_wconf 87' lang='lat' dir='ltr'>proprie</span> <span class='ocrx_word' id='word_1_359' title='bbox 2219 3441 2755 3521; x_wconf 86' lang='lat' dir='ltr'>transgressionis,</span> <span class='ocrx_word' id='word_1_360' title='bbox 2802 3443 3174 3504; x_wconf 91' lang='lat' dir='ltr'>canonicam</span> <span class='ocrx_word' id='word_1_361' title='bbox 3229 3463 3486 3524; x_wconf 72' lang='lat' dir='ltr'>pmnam</span> <span class='ocrx_word' id='word_1_362' title='bbox 3529 3447 3660 3509; x_wconf 87' lang='lat' dir='ltr'>sive</span> <span class='ocrx_word' id='word_1_363' title='bbox 3698 3447 3868 3529; x_wconf 85' lang='lat' dir='ltr'>depo-</span> 
     </span>
    </p>
   </div>
   <div class='ocr_carea' id='block_1_32' title="bbox 650 3546 3492 3634">
    <p class='ocr_par' dir='ltr' id='par_1_32' title="bbox 650 3546 3492 3634">
     <span class='ocr_line' id='line_1_32' title="bbox 650 3546 3492 3634; baseline -0.004 -12"><span class='ocrx_word' id='word_1_364' title='bbox 650 3561 940 3622; x_wconf 89' lang='lat' dir='ltr'>sitionem</span> <span class='ocrx_word' id='word_1_365' title='bbox 985 3553 1300 3634; x_wconf 87' lang='lat' dir='ltr'>excipiens</span> <span class='ocrx_word' id='word_1_366' title='bbox 1343 3551 1461 3632; x_wconf 88' lang='lat' dir='ltr'>(p).</span> <span class='ocrx_word' id='word_1_367' title='bbox 1507 3549 1625 3622; x_wconf 91' lang='lat' dir='ltr'>Qui</span> <span class='ocrx_word' id='word_1_368' title='bbox 1669 3549 2004 3629; x_wconf 68' lang='lat' dir='ltr'>praedictus</span> <span class='ocrx_word' id='word_1_369' title='bbox 2047 3546 2326 3627; x_wconf 86' lang='lat' dir='ltr'>Pyrrhus</span> <span class='ocrx_word' id='word_1_370' title='bbox 2369 3565 2653 3608; x_wconf 90' lang='lat' dir='ltr'>reversus</span> <span class='ocrx_word' id='word_1_371' title='bbox 2697 3555 2791 3610; x_wconf 86' lang='lat' dir='ltr'>est</span> <span class='ocrx_word' id='word_1_372' title='bbox 2832 3549 2896 3610; x_wconf 93' lang='lat' dir='ltr'>in</span> <span class='ocrx_word' id='word_1_373' title='bbox 2945 3555 3154 3629; x_wconf 86' lang='lat' dir='ltr'>partes</span> <span class='ocrx_word' id='word_1_374' title='bbox 3197 3551 3492 3612; x_wconf 89' lang='lat' dir='ltr'>Orientis.</span> 
     </span>
    </p>
   </div>
   <div class='ocr_carea' id='block_1_33' title="bbox 731 3655 3862 3735">
    <p class='ocr_par' dir='ltr' id='par_1_33' title="bbox 731 3655 3862 3735">
     <span class='ocr_line' id='line_1_33' title="bbox 731 3655 3862 3735; baseline -0.002 -10"><span class='ocrx_word' id='word_1_375' title='bbox 731 3671 892 3725; x_wconf 70' lang='lat' dir='ltr'>ne</span> <span class='ocrx_word' id='word_1_376' title='bbox 937 3661 1171 3722; x_wconf 91' lang='lat' dir='ltr'>Eodem</span> <span class='ocrx_word' id='word_1_377' title='bbox 1219 3663 1501 3735; x_wconf 89' lang='lat' dir='ltr'>tempore</span> <span class='ocrx_word' id='word_1_378' title='bbox 1547 3655 1824 3715; x_wconf 87' lang='lat' dir='ltr'>relevata</span> <span class='ocrx_word' id='word_1_379' title='bbox 1865 3659 2013 3714; x_wconf 90' lang='lat' dir='ltr'>sunt</span> <span class='ocrx_word' id='word_1_380' title='bbox 2068 3671 2337 3733; x_wconf 81' lang='lat' dir='ltr'>corpora</span> <span class='ocrx_word' id='word_1_381' title='bbox 2379 3659 2742 3714; x_wconf 90' lang='lat' dir='ltr'>sanctorum</span> <span class='ocrx_word' id='word_1_382' title='bbox 2809 3661 3158 3734; x_wconf 87' lang='lat' dir='ltr'>martyrum</span> <span class='ocrx_word' id='word_1_383' title='bbox 3207 3656 3420 3730; x_wconf 87' lang='lat' dir='ltr'>Primi,</span> <span class='ocrx_word' id='word_1_384' title='bbox 3468 3663 3533 3719; x_wconf 93' lang='lat' dir='ltr'>et</span> <span class='ocrx_word' id='word_1_385' title='bbox 3575 3659 3862 3733; x_wconf 79' lang='lat' dir='ltr'>Feliciani,</span> 
     </span>
    </p>
   </div>
   <div class='ocr_carea' id='block_1_34' title="bbox 647 3760 3860 3852">
    <p class='ocr_par' dir='ltr' id='par_1_34' title="bbox 647 3760 3860 3852">
     <span class='ocr_line' id='line_1_34' title="bbox 647 3760 3860 3852; baseline -0.002 -21"><span class='ocrx_word' id='word_1_386' title='bbox 647 3790 788 3852; x_wconf 66' lang='lat' dir='ltr'>quae</span> <span class='ocrx_word' id='word_1_387' title='bbox 832 3773 1012 3830; x_wconf 85' lang='lat' dir='ltr'>erant</span> <span class='ocrx_word' id='word_1_388' title='bbox 1051 3766 1117 3827; x_wconf 89' lang='lat' dir='ltr'>in</span> <span class='ocrx_word' id='word_1_389' title='bbox 1162 3763 1452 3825; x_wconf 90' lang='lat' dir='ltr'>arenario</span> <span class='ocrx_word' id='word_1_390' title='bbox 1495 3761 1764 3842; x_wconf 90' lang='lat' dir='ltr'>sepulta,</span> <span class='ocrx_word' id='word_1_391' title='bbox 1811 3761 1914 3821; x_wconf 90' lang='lat' dir='ltr'>via</span> <span class='ocrx_word' id='word_1_392' title='bbox 1957 3763 2378 3834; x_wconf 88' lang='lat' dir='ltr'>Numentana,</span> <span class='ocrx_word' id='word_1_393' title='bbox 2425 3765 2487 3821; x_wconf 89' lang='lat' dir='ltr'>et</span> <span class='ocrx_word' id='word_1_394' title='bbox 2530 3760 2805 3822; x_wconf 91' lang='lat' dir='ltr'>adducta</span> <span class='ocrx_word' id='word_1_395' title='bbox 2847 3767 2996 3823; x_wconf 90' lang='lat' dir='ltr'>sunt</span> <span class='ocrx_word' id='word_1_396' title='bbox 3039 3763 3102 3822; x_wconf 90' lang='lat' dir='ltr'>in</span> <span class='ocrx_word' id='word_1_397' title='bbox 3149 3763 3372 3824; x_wconf 89' lang='lat' dir='ltr'>urbem</span> <span class='ocrx_word' id='word_1_398' title='bbox 3419 3766 3706 3826; x_wconf 90' lang='lat' dir='ltr'>Romam.</span> <span class='ocrx_word' id='word_1_399' title='bbox 3735 3766 3860 3837; x_wconf 64' lang='lat' dir='ltr'>Qum</span> 
     </span>
    </p>
   </div>
   <div class='ocr_carea' id='block_1_35' title="bbox 647 3865 3858 3954">
    <p class='ocr_par' dir='ltr' id='par_1_35' title="bbox 647 3865 3858 3954">
     <span class='ocr_line' id='line_1_35' title="bbox 647 3865 3858 3954; baseline -0.002 -15"><span class='ocrx_word' id='word_1_400' title='bbox 647 3883 710 3939; x_wconf 86' lang='lat' dir='ltr'>et</span> <span class='ocrx_word' id='word_1_401' title='bbox 751 3873 1075 3938; x_wconf 89' lang='lat' dir='ltr'>recondita</span> <span class='ocrx_word' id='word_1_402' title='bbox 1117 3875 1263 3932; x_wconf 89' lang='lat' dir='ltr'>sunt</span> <span class='ocrx_word' id='word_1_403' title='bbox 1305 3869 1370 3929; x_wconf 90' lang='lat' dir='ltr'>in</span> <span class='ocrx_word' id='word_1_404' title='bbox 1415 3868 1675 3928; x_wconf 89' lang='lat' dir='ltr'>basilica</span> <span class='ocrx_word' id='word_1_405' title='bbox 1717 3867 1886 3927; x_wconf 89' lang='lat' dir='ltr'>beati</span> <span class='ocrx_word' id='word_1_406' title='bbox 1929 3865 2237 3945; x_wconf 86' lang='lat' dir='ltr'>Stephani</span> <span class='ocrx_word' id='word_1_407' title='bbox 2295 3867 2776 3947; x_wconf 88' lang='lat' dir='ltr'>protomartyris</span> <span class='ocrx_word' id='word_1_408' title='bbox 2819 3867 2929 3949; x_wconf 86' lang='lat' dir='ltr'>(q),</span> <span class='ocrx_word' id='word_1_409' title='bbox 2977 3868 3086 3954; x_wconf 85' lang='lat' dir='ltr'>ubi</span> <span class='ocrx_word' id='word_1_410' title='bbox 3127 3873 3192 3929; x_wconf 91' lang='lat' dir='ltr'>et</span> <span class='ocrx_word' id='word_1_411' title='bbox 3251 3869 3422 3930; x_wconf 91' lang='lat' dir='ltr'>dona</span> <span class='ocrx_word' id='word_1_412' title='bbox 3481 3871 3726 3944; x_wconf 88' lang='lat' dir='ltr'>obtulit,</span> <span class='ocrx_word' id='word_1_413' title='bbox 3766 3891 3858 3951; x_wconf 87' lang='lat' dir='ltr'>ga-</span> 
     </span>
    </p>
   </div>
   <div class='ocr_carea' id='block_1_36' title="bbox 643 3971 3862 4054">
    <p class='ocr_par' dir='ltr' id='par_1_36' title="bbox 643 3971 3862 4054">
     <span class='ocr_line' id='line_1_36' title="bbox 643 3971 3862 4054; baseline 0 -10"><span class='ocrx_word' id='word_1_414' title='bbox 643 3982 870 4044; x_wconf 88' lang='lat' dir='ltr'>batbas</span> <span class='ocrx_word' id='word_1_415' title='bbox 914 3996 1136 4041; x_wconf 90' lang='lat' dir='ltr'>aureas</span> <span class='ocrx_word' id='word_1_416' title='bbox 1179 3983 1326 4050; x_wconf 88' lang='lat' dir='ltr'>tres,</span> <span class='ocrx_word' id='word_1_417' title='bbox 1375 3974 1621 4036; x_wconf 87' lang='lat' dir='ltr'>tabulas</span> <span class='ocrx_word' id='word_1_418' title='bbox 1667 3992 1741 4034; x_wconf 86' lang='lat' dir='ltr'>ex</span> <span class='ocrx_word' id='word_1_419' title='bbox 1785 3977 2049 4052; x_wconf 89' lang='lat' dir='ltr'>argento</span> <span class='ocrx_word' id='word_1_420' title='bbox 2111 3977 2258 4032; x_wconf 87' lang='lat' dir='ltr'>ante</span> <span class='ocrx_word' id='word_1_421' title='bbox 2319 3971 2801 4048; x_wconf 87' lang='lat' dir='ltr'>confessionem,</span> <span class='ocrx_word' id='word_1_422' title='bbox 2850 3992 3032 4034; x_wconf 86' lang='lat' dir='ltr'>arcus</span> <span class='ocrx_word' id='word_1_423' title='bbox 3095 3979 3432 4054; x_wconf 87' lang='lat' dir='ltr'>argenteos</span> <span class='ocrx_word' id='word_1_424' title='bbox 3496 3976 3674 4039; x_wconf 91' lang='lat' dir='ltr'>duos.</span> <span class='ocrx_word' id='word_1_425' title='bbox 3715 3979 3862 4044; x_wconf 84' lang='lat' dir='ltr'>Fecit</span> 
     </span>
    </p>
   </div>
   <div class='ocr_carea' id='block_1_37' title="bbox 563 4077 3860 4164">
    <p class='ocr_par' dir='ltr' id='par_1_37' title="bbox 563 4077 3860 4164">
     <span class='ocr_line' id='line_1_37' title="bbox 563 4077 3860 4164; baseline -0.002 -11"><span class='ocrx_word' id='word_1_426' title='bbox 563 4093 600 4153; x_wconf 88' lang='lat'><strong>5</strong></span> <span class='ocrx_word' id='word_1_427' title='bbox 644 4088 970 4152; x_wconf 90' lang='lat' dir='ltr'>ecclesiam</span> <span class='ocrx_word' id='word_1_428' title='bbox 1013 4085 1198 4146; x_wconf 89' lang='lat' dir='ltr'>beato</span> <span class='ocrx_word' id='word_1_429' title='bbox 1240 4082 1600 4154; x_wconf 87' lang='lat' dir='ltr'>Valentino,</span> <span class='ocrx_word' id='word_1_430' title='bbox 1645 4079 1747 4140; x_wconf 87' lang='lat' dir='ltr'>via</span> <span class='ocrx_word' id='word_1_431' title='bbox 1807 4079 2142 4152; x_wconf 90' lang='lat' dir='ltr'>Flaminia,</span> <span class='ocrx_word' id='word_1_432' title='bbox 2181 4077 2370 4156; x_wconf 87' lang='lat' dir='ltr'>juxta</span> <span class='ocrx_word' id='word_1_433' title='bbox 2413 4083 2670 4157; x_wconf 90' lang='lat' dir='ltr'>pontem</span> <span class='ocrx_word' id='word_1_434' title='bbox 2717 4078 3001 4140; x_wconf 87' lang='lat' dir='ltr'>Milvium</span> <span class='ocrx_word' id='word_1_435' title='bbox 3066 4097 3105 4139; x_wconf 92' lang='lat' dir='ltr'>a</span> <span class='ocrx_word' id='word_1_436' title='bbox 3166 4079 3326 4154; x_wconf 88' lang='lat' dir='ltr'>solo,</span> <span class='ocrx_word' id='word_1_437' title='bbox 3372 4099 3566 4161; x_wconf 86' lang='lat' dir='ltr'>quam</span> <span class='ocrx_word' id='word_1_438' title='bbox 3609 4083 3732 4164; x_wconf 89' lang='lat' dir='ltr'>ipse</span> <span class='ocrx_word' id='word_1_439' title='bbox 3767 4084 3860 4144; x_wconf 87' lang='lat' dir='ltr'>de-</span> 
     </span>
    </p>
   </div>
   <div class='ocr_carea' id='block_1_38' title="bbox 642 4184 3860 4271">
    <p class='ocr_par' dir='ltr' id='par_1_38' title="bbox 642 4184 3860 4271">
     <span class='ocr_line' id='line_1_38' title="bbox 642 4184 3860 4271; baseline -0.003 -13"><span class='ocrx_word' id='word_1_440' title='bbox 642 4195 896 4268; x_wconf 89' lang='lat' dir='ltr'>dicavit,</span> <span class='ocrx_word' id='word_1_441' title='bbox 942 4197 1004 4254; x_wconf 89' lang='lat' dir='ltr'>et</span> <span class='ocrx_word' id='word_1_442' title='bbox 1045 4192 1213 4254; x_wconf 91' lang='lat' dir='ltr'>dona</span> <span class='ocrx_word' id='word_1_443' title='bbox 1256 4191 1454 4250; x_wconf 89' lang='lat' dir='ltr'>multa</span> <span class='ocrx_word' id='word_1_444' title='bbox 1496 4187 1745 4250; x_wconf 84' lang='lat' dir='ltr'>obtulit.</span> <span class='ocrx_word' id='word_1_445' title='bbox 1794 4188 1966 4248; x_wconf 89' lang='lat' dir='ltr'>Fecit</span> <span class='ocrx_word' id='word_1_446' title='bbox 2007 4184 2354 4246; x_wconf 90' lang='lat' dir='ltr'>oratorium</span> <span class='ocrx_word' id='word_1_447' title='bbox 2421 4185 2606 4246; x_wconf 89' lang='lat' dir='ltr'>beato</span> <span class='ocrx_word' id='word_1_448' title='bbox 2668 4185 2966 4247; x_wconf 87' lang='lat' dir='ltr'>Silvestro</span> <span class='ocrx_word' id='word_1_449' title='bbox 3012 4185 3091 4267; x_wconf 90' lang='lat' dir='ltr'>(r)</span> <span class='ocrx_word' id='word_1_450' title='bbox 3133 4187 3302 4248; x_wconf 90' lang='lat' dir='ltr'>intra</span> <span class='ocrx_word' id='word_1_451' title='bbox 3343 4187 3722 4271; x_wconf 89' lang='lat' dir='ltr'>episcopium</span> <span class='ocrx_word' id='word_1_452' title='bbox 3761 4193 3860 4251; x_wconf 85' lang='lat' dir='ltr'>La-</span> 
     </span>
    </p>
   </div>
   <div class='ocr_carea' id='block_1_39' title="bbox 639 4292 3854 4376">
    <p class='ocr_par' dir='ltr' id='par_1_39' title="bbox 639 4292 3854 4376">
     <span class='ocr_line' id='line_1_39' title="bbox 639 4292 3854 4376; baseline -0.003 -12"><span class='ocrx_word' id='word_1_453' title='bbox 639 4309 993 4368; x_wconf 83' lang='lat' dir='ltr'>teranense,</span> <span class='ocrx_word' id='word_1_454' title='bbox 1040 4299 1151 4360; x_wconf 88' lang='lat' dir='ltr'>ubi</span> <span class='ocrx_word' id='word_1_455' title='bbox 1191 4303 1254 4360; x_wconf 90' lang='lat' dir='ltr'>et</span> <span class='ocrx_word' id='word_1_456' title='bbox 1295 4297 1465 4358; x_wconf 89' lang='lat' dir='ltr'>dona</span> <span class='ocrx_word' id='word_1_457' title='bbox 1507 4296 1771 4374; x_wconf 86' lang='lat' dir='ltr'>largitus</span> <span class='ocrx_word' id='word_1_458' title='bbox 1804 4298 1918 4355; x_wconf 90' lang='lat' dir='ltr'>est.</span> <span class='ocrx_word' id='word_1_459' title='bbox 1951 4292 2123 4354; x_wconf 90' lang='lat' dir='ltr'>Fecit</span> <span class='ocrx_word' id='word_1_460' title='bbox 2163 4296 2228 4352; x_wconf 90' lang='lat' dir='ltr'>et</span> <span class='ocrx_word' id='word_1_461' title='bbox 2268 4293 2615 4353; x_wconf 89' lang='lat' dir='ltr'>oratorium</span> <span class='ocrx_word' id='word_1_462' title='bbox 2659 4293 2846 4354; x_wconf 91' lang='lat' dir='ltr'>beato</span> <span class='ocrx_word' id='word_1_463' title='bbox 2891 4293 3093 4373; x_wconf 91' lang='lat' dir='ltr'>Euplo</span> <span class='ocrx_word' id='word_1_464' title='bbox 3139 4294 3402 4374; x_wconf 89' lang='lat' dir='ltr'>martyri</span> <span class='ocrx_word' id='word_1_465' title='bbox 3447 4296 3598 4356; x_wconf 87' lang='lat' dir='ltr'>foris</span> <span class='ocrx_word' id='word_1_466' title='bbox 3641 4301 3854 4376; x_wconf 86' lang='lat' dir='ltr'>portam</span> 
     </span>
    </p>
   </div>
   <div class='ocr_carea' id='block_1_40' title="bbox 637 4400 2126 4484">
    <p class='ocr_par' dir='ltr' id='par_1_40' title="bbox 637 4400 2126 4484">
     <span class='ocr_line' id='line_1_40' title="bbox 637 4400 2126 4484; baseline -0.008 -14"><span class='ocrx_word' id='word_1_467' title='bbox 637 4409 807 4470; x_wconf 89' lang='lat' dir='ltr'>beati</span> <span class='ocrx_word' id='word_1_468' title='bbox 847 4407 1029 4468; x_wconf 90' lang='lat' dir='ltr'>Pauli</span> <span class='ocrx_word' id='word_1_469' title='bbox 1071 4405 1361 4484; x_wconf 87' lang='lat' dir='ltr'>apostoli,</span> <span class='ocrx_word' id='word_1_470' title='bbox 1409 4403 1581 4484; x_wconf 89' lang='lat' dir='ltr'>quod</span> <span class='ocrx_word' id='word_1_471' title='bbox 1623 4403 1812 4464; x_wconf 88' lang='lat' dir='ltr'>etiam</span> <span class='ocrx_word' id='word_1_472' title='bbox 1855 4400 2126 4460; x_wconf 91' lang='lat' dir='ltr'>ornavit.</span> 
     </span>
    </p>
   </div>
   <div class='ocr_carea' id='block_1_41' title="bbox 721 4505 3846 4602">
    <p class='ocr_par' dir='ltr' id='par_1_41' title="bbox 721 4505 3846 4602">
     <span class='ocr_line' id='line_1_41' title="bbox 721 4505 3846 4602; baseline -0.003 -27"><span class='ocrx_word' id='word_1_473' title='bbox 721 4522 886 4576; x_wconf 68' lang='lat'>&quot;9</span> <span class='ocrx_word' id='word_1_474' title='bbox 931 4513 1000 4594; x_wconf 91' lang='lat' dir='ltr'>(s)</span> <span class='ocrx_word' id='word_1_475' title='bbox 1043 4515 1219 4574; x_wconf 88' lang='lat' dir='ltr'>Tunc</span> <span class='ocrx_word' id='word_1_476' title='bbox 1261 4509 1690 4571; x_wconf 90' lang='lat' dir='ltr'>sanctissimus</span> <span class='ocrx_word' id='word_1_477' title='bbox 1731 4505 2103 4568; x_wconf 90' lang='lat' dir='ltr'>Theodorus</span> <span class='ocrx_word' id='word_1_478' title='bbox 2165 4523 2333 4585; x_wconf 91' lang='lat' dir='ltr'>papa</span> <span class='ocrx_word' id='word_1_479' title='bbox 2375 4506 2624 4586; x_wconf 86' lang='lat' dir='ltr'>scripsit</span> <span class='ocrx_word' id='word_1_480' title='bbox 2666 4507 2861 4567; x_wconf 89' lang='lat' dir='ltr'>Paulo</span> <span class='ocrx_word' id='word_1_481' title='bbox 2905 4506 3284 4587; x_wconf 80' lang='lat' dir='ltr'>patriarchae</span> <span class='ocrx_word' id='word_1_482' title='bbox 3345 4507 3536 4588; x_wconf 64' lang='lat' dir='ltr'>regia;</span> <span class='ocrx_word' id='word_1_483' title='bbox 3595 4507 3846 4602; x_wconf 55' lang='lat' dir='ltr'>civitatis,</span> 
     </span>
    </p>
   </div>
   <div class='ocr_carea' id='block_1_42' title="bbox 635 4613 3845 4698">
    <p class='ocr_par' dir='ltr' id='par_1_42' title="bbox 635 4613 3845 4698">
     <span class='ocr_line' id='line_1_42' title="bbox 635 4613 3845 4698; baseline -0.003 -16"><span class='ocrx_word' id='word_1_484' title='bbox 635 4628 765 4682; x_wconf 88' lang='lat' dir='ltr'>tam</span> <span class='ocrx_word' id='word_1_485' title='bbox 810 4637 1040 4698; x_wconf 89' lang='lat' dir='ltr'>rogans</span> <span class='ocrx_word' id='word_1_486' title='bbox 1083 4635 1402 4697; x_wconf 91' lang='lat' dir='ltr'>quamque</span> <span class='ocrx_word' id='word_1_487' title='bbox 1449 4613 1821 4694; x_wconf 88' lang='lat' dir='ltr'>regulariter</span> <span class='ocrx_word' id='word_1_488' title='bbox 1861 4613 2216 4691; x_wconf 88' lang='lat' dir='ltr'>increpans,</span> <span class='ocrx_word' id='word_1_489' title='bbox 2265 4629 2512 4673; x_wconf 91' lang='lat' dir='ltr'>necnon</span> <span class='ocrx_word' id='word_1_490' title='bbox 2557 4630 2668 4691; x_wconf 92' lang='lat' dir='ltr'>per</span> <span class='ocrx_word' id='word_1_491' title='bbox 2723 4613 3159 4693; x_wconf 88' lang='lat' dir='ltr'>apocrisarios,</span> <span class='ocrx_word' id='word_1_492' title='bbox 3209 4621 3279 4675; x_wconf 90' lang='lat' dir='ltr'>ut</span> <span class='ocrx_word' id='word_1_493' title='bbox 3320 4615 3562 4676; x_wconf 90' lang='lat' dir='ltr'>dictum</span> <span class='ocrx_word' id='word_1_494' title='bbox 3607 4623 3714 4690; x_wconf 86' lang='lat' dir='ltr'>est,</span> <span class='ocrx_word' id='word_1_495' title='bbox 3755 4632 3845 4695; x_wconf 87' lang='lat' dir='ltr'>pro</span> 
     </span>
    </p>
   </div>
   <div class='ocr_carea' id='block_1_43' title="bbox 635 4719 3845 4803">
    <p class='ocr_par' dir='ltr' id='par_1_43' title="bbox 635 4719 3845 4803">
     <span class='ocr_line' id='line_1_43' title="bbox 635 4719 3845 4803; baseline -0.002 -16"><span class='ocrx_word' id='word_1_496' title='bbox 635 4727 757 4787; x_wconf 92' lang='lat' dir='ltr'>hoc</span> <span class='ocrx_word' id='word_1_497' title='bbox 800 4725 1072 4786; x_wconf 86' lang='lat' dir='ltr'>maxime</span> <span class='ocrx_word' id='word_1_498' title='bbox 1114 4723 1458 4784; x_wconf 89' lang='lat' dir='ltr'>destinatos</span> <span class='ocrx_word' id='word_1_499' title='bbox 1501 4719 1979 4802; x_wconf 66' lang='lat' dir='ltr'>praesentialiter</span> <span class='ocrx_word' id='word_1_500' title='bbox 2021 4719 2368 4780; x_wconf 90' lang='lat' dir='ltr'>admonens</span> <span class='ocrx_word' id='word_1_501' title='bbox 2408 4725 2471 4779; x_wconf 88' lang='lat' dir='ltr'>et</span> <span class='ocrx_word' id='word_1_502' title='bbox 2511 4725 2896 4796; x_wconf 90' lang='lat' dir='ltr'>contestans,</span> <span class='ocrx_word' id='word_1_503' title='bbox 2943 4727 3260 4801; x_wconf 89' lang='lat' dir='ltr'>quatenus</span> <span class='ocrx_word' id='word_1_504' title='bbox 3299 4723 3630 4803; x_wconf 88' lang='lat' dir='ltr'>proprium</span> <span class='ocrx_word' id='word_1_505' title='bbox 3673 4739 3845 4786; x_wconf 85' lang='lat' dir='ltr'>emen-</span> 
     </span>
    </p>
   </div>
   <div class='ocr_carea' id='block_1_44' title="bbox 633 4824 3842 4909">
    <p class='ocr_par' dir='ltr' id='par_1_44' title="bbox 633 4824 3842 4909">
     <span class='ocr_line' id='line_1_44' title="bbox 633 4824 3842 4909; baseline -0.002 -16"><span class='ocrx_word' id='word_1_506' title='bbox 633 4833 814 4893; x_wconf 90' lang='lat' dir='ltr'>daret</span> <span class='ocrx_word' id='word_1_507' title='bbox 853 4834 1304 4905; x_wconf 90' lang='lat' dir='ltr'>commentum,</span> <span class='ocrx_word' id='word_1_508' title='bbox 1349 4834 1538 4909; x_wconf 90' lang='lat' dir='ltr'>atque</span> <span class='ocrx_word' id='word_1_509' title='bbox 1581 4827 1660 4888; x_wconf 90' lang='lat' dir='ltr'>ad</span> <span class='ocrx_word' id='word_1_510' title='bbox 1704 4825 2120 4888; x_wconf 88' lang='lat' dir='ltr'>orthodoxam</span> <span class='ocrx_word' id='word_1_511' title='bbox 2183 4824 2372 4885; x_wconf 83' lang='lat' dir='ltr'>fidem</span> <span class='ocrx_word' id='word_1_512' title='bbox 2435 4825 2762 4887; x_wconf 75' lang='lat' dir='ltr'>catholicae</span> <span class='ocrx_word' id='word_1_513' title='bbox 2822 4827 3114 4890; x_wconf 62' lang='lat' dir='ltr'>Ecclesiae</span> <span class='ocrx_word' id='word_1_514' title='bbox 3175 4834 3508 4890; x_wconf 88' lang='lat' dir='ltr'>remearet.</span> <span class='ocrx_word' id='word_1_515' title='bbox 3554 4831 3634 4892; x_wconf 88' lang='lat' dir='ltr'>Et</span> <span class='ocrx_word' id='word_1_516' title='bbox 3671 4845 3842 4908; x_wconf 87' lang='lat' dir='ltr'>neque</span> 
     </span>
    </p>
   </div>
   <div class='ocr_carea' id='block_1_45' title="bbox 551 4933 3844 5017">
    <p class='ocr_par' dir='ltr' id='par_1_45' title="bbox 551 4933 3844 5017">
     <span class='ocr_line' id='line_1_45' title="bbox 551 4933 3844 5017; baseline -0.001 -20"><span class='ocrx_word' id='word_1_517' title='bbox 551 4937 589 4997; x_wconf 85' lang='lat'><strong>5</strong></span> <span class='ocrx_word' id='word_1_518' title='bbox 631 4943 946 5016; x_wconf 81' lang='lat' dir='ltr'>rogantes,</span> <span class='ocrx_word' id='word_1_519' title='bbox 995 4954 1200 5017; x_wconf 89' lang='lat' dir='ltr'>neque</span> <span class='ocrx_word' id='word_1_520' title='bbox 1267 4935 1666 5016; x_wconf 89' lang='lat' dir='ltr'>increpantes</span> <span class='ocrx_word' id='word_1_521' title='bbox 1735 4937 2080 5014; x_wconf 90' lang='lat' dir='ltr'>potuerunt</span> <span class='ocrx_word' id='word_1_522' title='bbox 2135 4949 2278 4993; x_wconf 90' lang='lat' dir='ltr'>eum</span> <span class='ocrx_word' id='word_1_523' title='bbox 2323 4951 2362 4993; x_wconf 89' lang='lat' dir='ltr'>a</span> <span class='ocrx_word' id='word_1_524' title='bbox 2404 4950 2516 4993; x_wconf 91' lang='lat' dir='ltr'>suo</span> <span class='ocrx_word' id='word_1_525' title='bbox 2563 4933 2894 4996; x_wconf 90' lang='lat' dir='ltr'>conamine</span> <span class='ocrx_word' id='word_1_526' title='bbox 2964 4953 3222 5016; x_wconf 88' lang='lat' dir='ltr'>quoquo</span> <span class='ocrx_word' id='word_1_527' title='bbox 3293 4935 3484 4998; x_wconf 92' lang='lat' dir='ltr'>modo</span> <span class='ocrx_word' id='word_1_528' title='bbox 3559 4951 3844 4999; x_wconf 88' lang='lat' dir='ltr'>revocare.</span> 
     </span>
    </p>
   </div>
   <div class='ocr_carea' id='block_1_46' title="bbox 1642 5179 2687 5228">
    <p class='ocr_par' dir='ltr' id='par_1_46' title="bbox 1642 5179 2687 5228">
     <span class='ocr_line' id='line_1_46' title="bbox 1642 5179 2687 5228; baseline 0 -2"><span class='ocrx_word' id='word_1_529' title='bbox 1642 5181 1892 5228; x_wconf 79' lang='lat' dir='ltr'>NOTULE</span> <span class='ocrx_word' id='word_1_530' title='bbox 1932 5179 2320 5227; x_wconf 70' lang='lat' dir='ltr'>HARGINALES</span> <span class='ocrx_word' id='word_1_531' title='bbox 2363 5179 2687 5227; x_wconf 74' lang='lat' dir='ltr'>FABROT’I‘I.</span> 
     </span>
    </p>
   </div>
   <div class='ocr_carea' id='block_1_47' title="bbox 535 5383 3842 5458">
    <p class='ocr_par' dir='ltr' id='par_1_47' title="bbox 535 5383 3842 5458">
     <span class='ocr_line' id='line_1_47' title="bbox 535 5383 3842 5458; baseline -0.002 -14"><span class='ocrx_word' id='word_1_532' title='bbox 535 5391 613 5458; x_wconf 89' lang='lat' dir='ltr'>(a)</span> <span class='ocrx_word' id='word_1_533' title='bbox 643 5389 804 5453; x_wconf 87' lang='lat' dir='ltr'>Quod</span> <span class='ocrx_word' id='word_1_534' title='bbox 834 5386 1148 5442; x_wconf 83' lang='lat' dir='ltr'>Mauricius</span> <span class='ocrx_word' id='word_1_535' title='bbox 1177 5403 1310 5441; x_wconf 89' lang='lat' dir='ltr'>cum</span> <span class='ocrx_word' id='word_1_536' title='bbox 1341 5387 1500 5442; x_wconf 89' lang='lat' dir='ltr'>omni</span> <span class='ocrx_word' id='word_1_537' title='bbox 1533 5385 1788 5442; x_wconf 83' lang='lat' dir='ltr'>exercitu</span> <span class='ocrx_word' id='word_1_538' title='bbox 1821 5385 1920 5440; x_wconf 89' lang='lat' dir='ltr'>tali</span> <span class='ocrx_word' id='word_1_539' title='bbox 1969 5389 2334 5442; x_wconf 86' lang='lat' dir='ltr'>sacramenta</span> <span class='ocrx_word' id='word_1_540' title='bbox 2382 5385 2492 5440; x_wconf 88' lang='lat' dir='ltr'>sibi</span> <span class='ocrx_word' id='word_1_541' title='bbox 2541 5386 2788 5444; x_wconf 88' lang='lat' dir='ltr'>invicem</span> <span class='ocrx_word' id='word_1_542' title='bbox 2838 5387 3157 5444; x_wconf 88' lang='lat' dir='ltr'>dedissent.</span> <span class='ocrx_word' id='word_1_543' title='bbox 3233 5389 3311 5458; x_wconf 72' lang='grc' dir='ltr'>(ὁ)</span> <span class='ocrx_word' id='word_1_544' title='bbox 3343 5387 3406 5455; x_wconf 86' lang='grc' dir='ltr'>Β,</span> <span class='ocrx_word' id='word_1_545' title='bbox 3439 5389 3568 5444; x_wconf 87' lang='lat' dir='ltr'>add.</span> <span class='ocrx_word' id='word_1_546' title='bbox 3601 5383 3842 5458; x_wconf 60' lang='lat' dir='ltr'>Romani.</span> 
     </span>
    </p>
   </div>
   <div class='ocr_carea' id='block_1_48' title="bbox 462 5455 3842 5531">
    <p class='ocr_par' dir='ltr' id='par_1_48' title="bbox 462 5455 3842 5531">
     <span class='ocr_line' id='line_1_48' title="bbox 462 5455 3842 5531; baseline 0.002 -17"><span class='ocrx_word' id='word_1_547' title='bbox 462 5455 770 5530; x_wconf 27' lang='lat' dir='ltr'>(cio—mnes</span> <span class='ocrx_word' id='word_1_548' title='bbox 801 5477 861 5514; x_wconf 89' lang='lat' dir='ltr'>se</span> <span class='ocrx_word' id='word_1_549' title='bbox 891 5459 976 5531; x_wconf 84' lang='lat' dir='ltr'>ad</span> <span class='ocrx_word' id='word_1_550' title='bbox 998 5457 1148 5512; x_wconf 88' lang='lat' dir='ltr'>dona</span> <span class='ocrx_word' id='word_1_551' title='bbox 1179 5463 1494 5531; x_wconf 73' lang='lat' dir='ltr'>verterunt.</span> <span class='ocrx_word' id='word_1_552' title='bbox 1570 5458 1646 5531; x_wconf 77' lang='grc' dir='ltr'>(ςί)</span> <span class='ocrx_word' id='word_1_553' title='bbox 1683 5458 1806 5531; x_wconf 65' lang='lat' dir='ltr'>Vide</span> <span class='ocrx_word' id='word_1_554' title='bbox 1845 5459 2024 5514; x_wconf 85' lang='lat' dir='ltr'>Baron.</span> <span class='ocrx_word' id='word_1_555' title='bbox 2056 5459 2126 5531; x_wconf 68' lang='lat' dir='ltr'>ad</span> <span class='ocrx_word' id='word_1_556' title='bbox 2157 5475 2270 5512; x_wconf 82' lang='lat' dir='ltr'>ann</span> <span class='ocrx_word' id='word_1_557' title='bbox 2297 5459 2516 5531; x_wconf 61' lang='lat' dir='ltr'>Domini</span> <span class='ocrx_word' id='word_1_558' title='bbox 2545 5460 2668 5514; x_wconf 79' lang='grc'>643.</span> <span class='ocrx_word' id='word_1_559' title='bbox 2748 5462 2816 5526; x_wconf 83' lang='lat' dir='ltr'>(e)</span> <span class='ocrx_word' id='word_1_560' title='bbox 2851 5459 3075 5531; x_wconf 90' lang='lat' dir='ltr'>Bojam,</span> <span class='ocrx_word' id='word_1_561' title='bbox 3111 5460 3168 5515; x_wconf 82' lang='lat' dir='ltr'>id</span> <span class='ocrx_word' id='word_1_562' title='bbox 3205 5455 3300 5516; x_wconf 61' lang='lat' dir='ltr'>est</span> <span class='ocrx_word' id='word_1_563' title='bbox 3321 5461 3620 5515; x_wconf 77' lang='lat' dir='ltr'>vinculum.</span> <span class='ocrx_word' id='word_1_564' title='bbox 3691 5459 3762 5528; x_wconf 75' lang='grc' dir='ltr'>(Γ)</span> <span class='ocrx_word' id='word_1_565' title='bbox 3789 5455 3842 5520; x_wconf 68' lang='grc' dir='ltr'>Β»</span> 
     </span>
    </p>
   </div>
   <div class='ocr_carea' id='block_1_49' title="bbox 453 5528 3839 5603">
    <p class='ocr_par' dir='ltr' id='par_1_49' title="bbox 453 5528 3839 5603">
     <span class='ocr_line' id='line_1_49' title="bbox 453 5528 3839 5603; baseline -0.001 -17"><span class='ocrx_word' id='word_1_566' title='bbox 453 5528 634 5602; x_wconf 78' lang='lat' dir='ltr'>jatos.</span> <span class='ocrx_word' id='word_1_567' title='bbox 714 5533 787 5602; x_wconf 76' lang='grc' dir='ltr'>(ῃ)</span> <span class='ocrx_word' id='word_1_568' title='bbox 821 5532 882 5598; x_wconf 86' lang='grc' dir='ltr'>Β,</span> <span class='ocrx_word' id='word_1_569' title='bbox 918 5528 1234 5603; x_wconf 78' lang='lat' dir='ltr'>Thomasii.</span> <span class='ocrx_word' id='word_1_570' title='bbox 1317 5531 1390 5600; x_wconf 83' lang='lat' dir='ltr'>(h)</span> <span class='ocrx_word' id='word_1_571' title='bbox 1438 5529 1815 5603; x_wconf 75' lang='lat' dir='ltr'>Ficu_das_B;</span> <span class='ocrx_word' id='word_1_572' title='bbox 1870 5529 2234 5603; x_wconf 76' lang='lat' dir='ltr'>est_ccclesi_a</span> <span class='ocrx_word' id='word_1_573' title='bbox 2291 5528 2603 5603; x_wconf 60' lang='lat' dir='ltr'>Ficodensis</span> <span class='ocrx_word' id='word_1_574' title='bbox 2660 5531 2818 5603; x_wconf 66' lang='lat' dir='ltr'>hodie</span> <span class='ocrx_word' id='word_1_575' title='bbox 2863 5528 3077 5603; x_wconf 66' lang='lat' dir='ltr'>Cervia.</span> <span class='ocrx_word' id='word_1_576' title='bbox 3153 5533 3221 5598; x_wconf 80' lang='grc' dir='ltr'>(ἰ)</span> <span class='ocrx_word' id='word_1_577' title='bbox 3254 5535 3314 5598; x_wconf 90' lang='lat' dir='ltr'>C,</span> <span class='ocrx_word' id='word_1_578' title='bbox 3347 5535 3652 5603; x_wconf 89' lang='lat' dir='ltr'>portarunt</span> <span class='ocrx_word' id='word_1_579' title='bbox 3691 5543 3839 5603; x_wconf 71' lang='lat' dir='ltr'>eum.</span> 
     </span>
    </p>
   </div>
   <div class='ocr_carea' id='block_1_50' title="bbox 461 5596 3858 5674">
    <p class='ocr_par' dir='ltr' id='par_1_50' title="bbox 461 5596 3858 5674">
     <span class='ocr_line' id='line_1_50' title="bbox 461 5596 3858 5674; baseline -0.001 -17"><span class='ocrx_word' id='word_1_580' title='bbox 461 5596 530 5674; x_wconf 67' lang='lat' dir='ltr'>(j‘)</span> <span class='ocrx_word' id='word_1_581' title='bbox 565 5604 628 5670; x_wconf 89' lang='lat' dir='ltr'>B,</span> <span class='ocrx_word' id='word_1_582' title='bbox 661 5596 906 5674; x_wconf 82' lang='lat' dir='ltr'>bojatos,</span> <span class='ocrx_word' id='word_1_583' title='bbox 984 5596 1371 5674; x_wconf 9' lang='lat' dir='ltr'>(Ir)VConstans.</span> <span class='ocrx_word' id='word_1_584' title='bbox 1431 5601 1512 5674; x_wconf 65' lang='grc' dir='ltr'>Δ(ἰ)</span> <span class='ocrx_word' id='word_1_585' title='bbox 1549 5599 1673 5674; x_wconf 57' lang='lat' dir='ltr'>Vide</span> <span class='ocrx_word' id='word_1_586' title='bbox 1702 5601 1880 5654; x_wconf 84' lang='lat' dir='ltr'>Baron</span> <span class='ocrx_word' id='word_1_587' title='bbox 1911 5601 1980 5654; x_wconf 84' lang='lat' dir='ltr'>ad</span> <span class='ocrx_word' id='word_1_588' title='bbox 2029 5619 2138 5674; x_wconf 79' lang='lat' dir='ltr'>ann</span> <span class='ocrx_word' id='word_1_589' title='bbox 2185 5601 2405 5655; x_wconf 75' lang='lat' dir='ltr'>Domi-ni</span> <span class='ocrx_word' id='word_1_590' title='bbox 2429 5603 2579 5674; x_wconf 63' lang='lat'>645._</span> <span class='ocrx_word' id='word_1_591' title='bbox 2631 5603 2728 5674; x_wconf 71' lang='grc' dir='ltr'>(τη)</span> <span class='ocrx_word' id='word_1_592' title='bbox 2759 5602 2817 5656; x_wconf 90' lang='lat' dir='ltr'>in</span> <span class='ocrx_word' id='word_1_593' title='bbox 2837 5601 3086 5674; x_wconf 15' lang='lat' dir='ltr'>ipOpulo.</span> <span class='ocrx_word' id='word_1_594' title='bbox 3165 5596 3243 5674; x_wconf 65' lang='grc' dir='ltr'>(ἡ)</span> <span class='ocrx_word' id='word_1_595' title='bbox 3277 5596 3563 5674; x_wconf 75' lang='lat' dir='ltr'>reversus.</span> <span class='ocrx_word' id='word_1_596' title='bbox 3594 5672 3603 5674; x_wconf 24' lang='grc' dir='ltr'><strong>Α</strong></span> <span class='ocrx_word' id='word_1_597' title='bbox 3637 5601 3704 5674; x_wconf 80' lang='grc' dir='ltr'>(ο)</span> <span class='ocrx_word' id='word_1_598' title='bbox 3737 5596 3858 5655; x_wconf 79' lang='lat' dir='ltr'>Vide.</span> 
     </span>
    </p>
   </div>
   <div class='ocr_carea' id='block_1_51' title="bbox 456 5620 3830 5746">
    <p class='ocr_par' dir='ltr' id='par_1_51' title="bbox 456 5620 3830 5746">
     <span class='ocr_line' id='line_1_51' title="bbox 461 5620 3830 5674; baseline -0.001 -17"><span class='ocrx_word' id='word_1_599' title='bbox 461 5620 628 5674; x_wconf 58' lang='lat'>(1)11,</span> <span class='ocrx_word' id='word_1_600' title='bbox 663 5620 906 5670; x_wconf 71' lang='lat' dir='ltr'>beatos,</span> <span class='ocrx_word' id='word_1_601' title='bbox 984 5620 1058 5672; x_wconf 76' lang='grc' dir='ltr'>υί)</span> <span class='ocrx_word' id='word_1_602' title='bbox 1091 5620 1371 5657; x_wconf 66' lang='lat' dir='ltr'>constans.</span> <span class='ocrx_word' id='word_1_603' title='bbox 1450 5620 1488 5668; x_wconf 75' lang='grc' dir='ltr'>υ</span> <span class='ocrx_word' id='word_1_604' title='bbox 1550 5620 1673 5654; x_wconf 75' lang='lat' dir='ltr'>rma</span> <span class='ocrx_word' id='word_1_605' title='bbox 1702 5620 1880 5654; x_wconf 79' lang='lat' dir='ltr'>mu-on</span> <span class='ocrx_word' id='word_1_606' title='bbox 1911 5620 1980 5654; x_wconf 87' lang='lat' dir='ltr'>aa</span> <span class='ocrx_word' id='word_1_607' title='bbox 2029 5620 2138 5655; x_wconf 84' lang='lat' dir='ltr'>mm</span> <span class='ocrx_word' id='word_1_608' title='bbox 2185 5620 2553 5655; x_wconf 70' lang='lat' dir='ltr'>Ulmu&#39;nlo’h&#39;).</span> <span class='ocrx_word' id='word_1_609' title='bbox 2631 5620 2728 5674; x_wconf 63' lang='lat' dir='ltr'>tm)</span> <span class='ocrx_word' id='word_1_610' title='bbox 2759 5620 2817 5656; x_wconf 89' lang='lat' dir='ltr'>1n</span> <span class='ocrx_word' id='word_1_611' title='bbox 2851 5620 3086 5674; x_wconf 73' lang='lat' dir='ltr'>populo.</span> <span class='ocrx_word' id='word_1_612' title='bbox 3165 5620 3243 5672; x_wconf 51' lang='lat' dir='ltr'>in)</span> <span class='ocrx_word' id='word_1_613' title='bbox 3277 5620 3563 5658; x_wconf 88' lang='lat' dir='ltr'>reversus.</span> <span class='ocrx_word' id='word_1_614' title='bbox 3637 5620 3685 5670; x_wconf 78' lang='grc' dir='ltr'>(ο</span> <span class='ocrx_word' id='word_1_615' title='bbox 3738 5620 3830 5655; x_wconf 79' lang='lat' dir='ltr'>ruu</span> 
     </span>
     <span class='ocr_line' id='line_1_52' title="bbox 456 5620 3830 5746; baseline -0.002 -16"><span class='ocrx_word' id='word_1_616' title='bbox 456 5677 644 5746; x_wconf 72' lang='lat' dir='ltr'>Baron</span> <span class='ocrx_word' id='word_1_617' title='bbox 672 5620 752 5728; x_wconf 72' lang='lat' dir='ltr'>adJ</span> <span class='ocrx_word' id='word_1_618' title='bbox 769 5691 882 5729; x_wconf 86' lang='lat' dir='ltr'>ann</span> <span class='ocrx_word' id='word_1_619' title='bbox 917 5673 1142 5729; x_wconf 79' lang='lat' dir='ltr'>Domini</span> <span class='ocrx_word' id='word_1_620' title='bbox 1168 5673 1293 5728; x_wconf 78' lang='grc'>648.</span> <span class='ocrx_word' id='word_1_621' title='bbox 1370 5671 1447 5746; x_wconf 86' lang='lat' dir='ltr'>(p)</span> <span class='ocrx_word' id='word_1_622' title='bbox 1478 5620 1538 5742; x_wconf 65' lang='lat'>()2,</span> <span class='ocrx_word' id='word_1_623' title='bbox 1573 5671 1911 5727; x_wconf 81' lang='lat' dir='ltr'>decernens.</span> <span class='ocrx_word' id='word_1_624' title='bbox 1985 5676 2061 5744; x_wconf 88' lang='lat' dir='ltr'>(q)</span> <span class='ocrx_word' id='word_1_625' title='bbox 2093 5673 2152 5728; x_wconf 88' lang='lat' dir='ltr'>in</span> <span class='ocrx_word' id='word_1_626' title='bbox 2207 5676 2402 5728; x_wconf 89' lang='lat' dir='ltr'>monte</span> <span class='ocrx_word' id='word_1_627' title='bbox 2448 5671 2642 5728; x_wconf 65' lang='lat' dir='ltr'>Coelio.</span> <span class='ocrx_word' id='word_1_628' title='bbox 2719 5675 2792 5743; x_wconf 88' lang='grc' dir='ltr'>(ν)</span> <span class='ocrx_word' id='word_1_629' title='bbox 2821 5673 2929 5740; x_wconf 92' lang='lat' dir='ltr'>CB,</span> <span class='ocrx_word' id='word_1_630' title='bbox 2965 5673 3326 5731; x_wconf 86' lang='lat' dir='ltr'>Sebastiano.</span> <span class='ocrx_word' id='word_1_631' title='bbox 3405 5673 3474 5746; x_wconf 82' lang='lat' dir='ltr'>(s)</span> <span class='ocrx_word' id='word_1_632' title='bbox 3509 5672 3634 5730; x_wconf 76' lang='lat' dir='ltr'>Vide</span> <span class='ocrx_word' id='word_1_633' title='bbox 3673 5620 3830 5728; x_wconf 49' lang='lat' dir='ltr'>Aaron</span> 
     </span>
    </p>
   </div>
   <div class='ocr_carea' id='block_1_52' title="bbox 459 5745 1063 5803">
    <p class='ocr_par' dir='ltr' id='par_1_52' title="bbox 459 5745 1063 5803">
     <span class='ocr_line' id='line_1_53' title="bbox 459 5745 1063 5803; baseline -0.002 -2"><span class='ocrx_word' id='word_1_634' title='bbox 459 5745 528 5801; x_wconf 86' lang='lat' dir='ltr'>ad</span> <span class='ocrx_word' id='word_1_635' title='bbox 558 5761 672 5803; x_wconf 84' lang='lat' dir='ltr'>ann</span> <span class='ocrx_word' id='word_1_636' title='bbox 699 5746 919 5802; x_wconf 81' lang='lat' dir='ltr'>Domini</span> <span class='ocrx_word' id='word_1_637' title='bbox 937 5746 1063 5800; x_wconf 86' lang='grc'>648.</span> 
     </span>
    </p>
   </div>
  </div>
