4064 6172
405 138 528 204 .739
1558 124 1712 186 ANA
1724 125 1975 204 STASII
2017 121 2673 188 BIBLIOTHECARII.
3653 71 3748 200 tuo

573 263 877 330 conﬁteri.
949 261 1085 332 Qua
1157 257 1236 320 de
1303 276 1370 320 re
1436 257 1798 338 hujusmodi
1869 259 2244 338 pravitatem
2315 279 2492 320 suam
2564 258 2932 330 defendens,
2979 256 3151 338 quod
3217 278 3531 342 nunquam
3593 283 3692 326 nec
3725 285 3758 328 a

457 380 532 437 10
575 369 888 452 prioribus
933 365 1240 426 haereticis
1283 371 1740 444 prasumptum
1785 371 1896 439 est,
1944 365 2079 445 ipse
2121 366 2184 425 in
2229 365 2335 424 lite
2381 365 2463 444 (a)
2505 383 2890 444 prasumere
2933 364 3173 425 studuit
3211 365 3274 426 in
3317 371 3550 427 tantum
3579 367 3674 450 (1)),
3706 379 3762 432 ut

574 478 773 538 altare
815 479 1047 536 sancta
1091 477 1322 532 nostrae
1366 471 1552 544 sedis,
1597 471 1768 550 quod
1813 477 1951 532 erat
1990 473 2054 533 in
2100 471 2289 532 domo
2331 471 2625 532 Placidia
2671 477 2988 532 sacratum
3031 471 3096 531 in
3154 472 3490 534 venerabili
3545 477 3764 538 oraculo

575 586 965 656 subvertens,
1011 580 1334 660 diriperet,
1409 577 1754 658 prohibens
1821 597 1899 639 ne
1970 578 2357 642 adorandam
2430 583 2494 639 et
2562 579 3039 640 immuculatam
3113 577 3379 640 hostiam
3449 581 3770 659 apocrisarii

579 690 776 754 nostri
819 687 1052 749 ibidem
1085 688 1224 746 -Deo
1267 683 1492 744 oﬂ‘erre
1533 683 1804 758 valeant,
1856 702 1970 746 nec
2015 683 2478 746 communionis
2520 690 2916 746 sacramenta
2959 683 3332 764 percipiant.
3365 684 3481 756 Qui
3518 685 3774 750 videlicet

577 794 946 880 apocrisarii
989 811 1066 854 ex
1108 791 1529 872 praceptione
1573 790 1842 869 apostol.
1891 791 2284 852 auctoritatis
2340 799 2818 853 commoverunt
2878 809 3044 866 eum,
3095 796 3165 852 ut
3227 791 3304 852 de
3367 791 3478 851 tali
3515 790 3772 856 haretico

459 912 530 970 15
577 907 819 966 intentu
869 899 1206 962 recederet.
1252 899 1507 958 Necnon
1551 901 1614 956 et
1655 897 1996 958 contestari
2040 897 2154 958 visi
2198 903 2344 958 sunt
2388 896 2490 978 (c),
2535 897 3079 980 persecutionibus
3149 896 3405 958 diversis
3463 915 3595 958 cum
3659 900 3774 962 aliis

533 1008 948 1074 .orthodoxis
1005 1006 1178 1078 viris,
1242 1009 1305 1065 et
1363 1003 1826 1064 venerabilibus
1898 1003 2328 1066 sacerdotibus
2397 1005 2716 1066 insecutus
2757 1009 2852 1066 est
2895 1023 3000 1065 eos
3067 1002 3180 1084 (ἄ),
3225 1003 3524 1084 quosdam
3589 1023 3770 1066 eorum

579 1116 878 1180 custodia
923 1112 1270 1184 retrudens,
1319 1109 1475 1170 alios
1517 1109 1579 1169 in
1627 1109 1915 1170 exsilium
1959 1111 2325 1190 deportans,
2383 1110 2540 1170 alios
2597 1128 2812 1172 amem
2873 1108 3241 1172 verberibus
3283 1109 3658 1170 committens
3695 1109 3775 1190 (e).

581 1225 820 1298 Quibus
862 1238 1022 1301 pene
1065 1235 1316 1279 omnem
1365 1216 1668 1276 mundum
1711 1216 2236 1277 conturbantibus
2281 1235 2358 1277 ex
2400 1217 2660 1278 diversis
2703 1216 2860 1285 locis
2899 1215 3220 1298 querelam
3286 1221 3502 1276 contra
3557 1234 3654 1277 eos
3711 1217 3776 1277 ad

577 1328 988 1412 apostolicam
1031 1329 1309 1386 nostram
1381 1322 1590 1384 sedem
1664 1323 1920 1402 plurimi
1989 1323 2328 1384 orthodoxi
2397 1323 2690 1385 detulisse
2761 1328 3220 1390 monstrantur.
3266 1320 3683 1402 Conjurantes,
3721 1329 3779 1385 ut

459 1441 537 1500 20
579 1437 772 1498 totius
817 1433 1071 1494 malitia
1119 1437 1434 1508 tantaque
1478 1429 1818 1490 eversionis
1861 1448 1974 1508 per
2015 1430 2426 1509 apostolicam
2471 1429 2908 1490 auctoritatem
2952 1428 3328 1496 abscindunt
3371 1427 3450 1509 (Γ)
3499 1446 3778 1490 commen-

580 1551 714 1606 tum
763 1559 778 1601 :
826 1545 1135 1622 quatenus
1178 1536 1435 1596 minime
1479 1535 1672 1596 totius
1716 1555 1944 1616 corpus
1965 1535 2049 1616 (g)
2093 1534 2422 1597 catholica
2467 1535 2763 1614 Ecclesia
2807 1535 3094 1620 nocibilis
3137 1553 3360 1600 eorum
3399 1533 3782 1616 ecthescosUz)

579 1652 851 1728 languor
892 1645 1285 1724 disrumpere
1327 1641 1558 1702 valeat.

665 1763 819 1816 131
895 1753 1072 1814 Tunc
1137 1749 1445 1810 Martinus
1515 1747 1944 1810 sanctissimus
2014 1767 2086 1808 ac
2155 1748 2550 1809 beatissimus
2621 1747 2950 1828 episcopus
3011 1748 3200 1823 misit,
3279 1753 3342 1808 et
3423 1747 3784 1830 congregavit

581 1861 907 1942 episcopos
951 1857 1014 1916 in
1060 1855 1280 1916 urbem
1327 1857 1590 1915 Romam
1655 1873 1918 1915 numero
1979 1863 2232 1916 centum
2295 1861 2357 1915 et
2417 1856 2718 1934 quinque,
2767 1859 2828 1915 et
2889 1855 3036 1915 fecit
3103 1855 3418 1934 synodum
3479 1854 3780 1918 secundum

582 1967 938 2027 institutum
987 1963 1056 2043 (ι)
1096 1963 1355 2022 Patrum
1427 1961 1924 2021 orthodoxorum
1982 1962 2046 2022 in
2120 1961 2382 2022 ecclesia
2450 1961 2796 2022 Salvatoris
2853 1959 3042 2040 juxta
3112 1961 3500 2040 episcopium
3565 1963 3782 2024 Latera-

581 2082 795 2126 nense.
871 2059 1244 2122 Sedentibus
1335 2057 1642 2137 episcopis
1721 2064 1782 2118 et
1853 2059 2253 2138 presbyteris,
2320 2059 2668 2119 astantibus
2739 2059 3018 2120 diaconis
3103 2064 3164 2120 et
3247 2059 3420 2120 clero
3502 2058 3780 2132 universo.

501 2175 538 2232 5
582 2170 1162 2233 condemnaverunt
1234 2164 1462 2244 Cyrum
1551 2164 2074 2238 Alexandrinum,
2149 2165 2458 2245 Sergium,
2528 2165 2840 2245 Pyrrhum
2927 2171 2988 2226 et
3075 2165 3347 2226 Paulum
3437 2164 3786 2246 patriarchas

581 2271 1332 2352 Constantinopolitanos,
1382 2270 1492 2349 qui
1561 2271 1871 2330 novitates
1941 2277 2163 2332 contra
2231 2271 2705 2332 immaculatam
2776 2270 2964 2332 ﬁdem
3036 2279 3577 2353 prasumpserunt
3637 2272 3785 2344 innec

582 2391 770 2448 ctere.
844 2380 1089 2460 Quippe
1158 2377 1460 2458 quoniam
1529 2376 1730 2456 ipsam
1803 2377 2138 2438 excludere
2207 2383 2620 2457 properantes
2683 2378 3126 2440 haereticorum
3189 2379 3559 2458 dogmatum
3601 2384 3788 2444 contra

581 2489 958 2554 catholicam
985 2485 1098 2546 Dei
1141 2484 1482 2546 Ec‘clesiam
1527 2483 1957 2544 confusionem
2003 2483 2540 2545 concinnaverunt
2572 2483 2659 2564 (j),
2687 2484 3110 2546 anathematis
3155 2485 3402 2548 ultione
3447 2485 3696 2565 perculsi
3713 2483 3786 2564 (Ις)

583 2603 729 2662 sunt
768 2595 862 2678 (ι).
909 2595 1059 2666 Qua
1131 2590 1408 2671 synodus
1477 2589 1666 2651 hodie
1736 2589 1990 2652 archivo
2059 2591 2354 2652 Ecclesia
2424 2590 2803 2653 continetur.
2851 2593 2931 2653 Et
2987 2591 3226 2653 faciens
3295 2591 3666 2672 exemplaria
3701 2607 3790 2672 per

465 2711 541 2772 10
581 2721 800 2769 omnes
869 2704 1105 2762 tractus
1175 2696 1447 2759 Orientis
1517 2701 1580 2758 et
1649 2697 2000 2759 Occidentis
2069 2697 2319 2772 direxit,
2365 2702 2430 2758 et
2497 2716 2609 2778 per
2679 2716 2905 2759 manus
2975 2697 3487 2761 orthodoxorum
3547 2697 3786 2760 ﬁdelium

584 2807 1036 2876 disseminavit.
1109 2803 1267 2884 Ipsis
1335 2803 1556 2865 diebus
1624 2803 1853 2865 direxit
1917 2803 2267 2885 imperator
2352 2804 2419 2864 in
2491 2803 2740 2866 Italiam
2799 2805 3162 2886 Olympium
3233 2805 3680 2868 cubicularium
3739 2808 3792 2865 et

583 2917 926 2983 exarchum
971 2912 1053 2975 ad
1094 2911 1436 2990 regendam
1479 2928 1732 2971 omnem
1803 2910 2080 2985 Italiam,
2127 2910 2497 2991 pracipiens
2567 2917 2630 2972 et
2689 2911 2904 2973 dicens
2951 2929 2966 2972 :
3011 2913 3283 2992 Oportet
3354 2911 3608 2992 gloriam
3649 2915 3789 2972 tuam

585 3034 655 3090 ut
695 3027 858 3088 sicut
898 3021 1078 3084 nobis
1133 3019 1441 3098 suggessit
1508 3018 1745 3079 Paulus
1813 3019 2178 3098 patriarcha
2238 3017 2428 3098 hujus
2472 3037 2510 3080 a
2550 3021 2679 3081 Deo
2740 3017 3192 3082 conservanda
3257 3021 3442 3082 urbis
3504 3036 3787 3102 peragere.

585 3137 665 3196 Et
733 3133 785 3192 si
855 3128 1110 3210 quidem
1179 3124 1494 3186 inveneris
1565 3123 1956 3204 provinciam
2027 3124 2228 3204 ipsam
2299 3123 2794 3186 consentientem
2863 3125 2930 3186 in
2999 3131 3151 3206 typo
3213 3144 3252 3188 a
3301 3127 3485 3188 nobis
3547 3125 3789 3206 exposito

467 3245 543 3304 15
586 3245 801 3303 tenere
843 3253 1083 3308 omnes,
1130 3231 1240 3313 qui
1281 3231 1369 3292 ibi
1411 3236 1577 3305 sunt,
1627 3229 1973 3310 episc0pos,
2023 3237 2086 3292 et
2126 3230 2458 3292 hareticos
2500 3249 2930 3311 possessorum
2977 3231 3081 3313 (m)
3123 3237 3323 3312 atque
3383 3233 3789 3304 habitatorum,

588 3353 652 3412 et
691 3343 1077 3428 peregrinos,
1153 3345 1218 3401 et
1284 3339 1350 3400 in
1415 3337 1636 3398 eodem
1707 3335 2108 3398 subseribant
2151 3336 2258 3418 (η).
2307 3337 2375 3399 Si
2416 3343 2626 3398 autem
2671 3337 2990 3417 quomodo
3034 3338 3215 3400 nobis
3257 3339 3571 3420 suggessit
3604 3338 3791 3400 Platon

589 3455 900 3537 gloriosus
943 3448 1266 3530 patricius,
1295 3450 1357 3506 et
1399 3444 1754 3524 Eupraxius
1796 3443 2129 3522 gloriosus,
2165 3445 2494 3524 potueritis
2525 3444 2788 3506 suadere
2832 3445 3133 3506 exercitui
3175 3445 3419 3508 ibidem
3449 3441 3790 3515 consistenti,

579 3563 879 3644 jubemus
923 3555 1123 3617 teneri
1165 3552 1531 3628 Martinum,
1577 3552 1688 3631 qui
1729 3551 1830 3611 hic
1874 3557 2010 3612 erat
2051 3551 2471 3632 apocrisarius
2513 3551 2577 3612 in
2623 3549 2796 3631 regia
2861 3553 3035 3614 urbe.
3081 3557 3160 3614 Et
3228 3553 3628 3633 postmodum
3683 3568 3792 3612 om-

587 3689 699 3732 nes
744 3663 1035 3728 ecclesias
1079 3661 1357 3739 relegere
1401 3678 1571 3732 eum,
1615 3659 1763 3738 quia
1807 3659 2009 3719 factus
2053 3663 2147 3719 est
2189 3677 2226 3718 a
2269 3657 2452 3718 nobis
2497 3658 2890 3719 orthodoxus
2933 3664 3143 3738 typus,
3189 3664 3253 3719 et
3301 3677 3520 3721 omnes
3561 3651 3793 3738 episcopi

468 3783 546 3841 20
589 3775 788 3837 Italia
831 3771 895 3832 in
940 3769 1076 3849 ipso
1121 3765 1538 3826 subseribant.
1586 3765 1652 3828 Si
1695 3769 1906 3826 autem
1951 3763 2320 3828 inveneritis
2363 3763 2442 3846 (ο)
2487 3765 2876 3826 contrarium
2939 3765 3004 3824 in
3063 3765 3174 3825 tali
3235 3783 3434 3826 causa
3497 3762 3791 3826 ekercitum

587 3883 848 3946 tacitum
911 3876 1235 3949 habetote,
1283 3874 1483 3934 donec
1543 3872 1938 3934 obtinueritis
1985 3871 2068 3954 (ρ)
2115 3872 2542 3953 provinciam;
2591 3878 2655 3933 et
2724 3871 3052 3952 potueritis
3120 3872 3302 3933 vobis
3366 3871 3687 3934 exercitum
3725 3863 3790 3946 (ᾳ)

589 4004 958 4070 aggregare,
1007 3989 1218 4044 tamen
1263 3983 1562 4041 Romana
1607 3979 1878 4040 civitatis
1921 3985 2112 4058 atque
2156 3979 2536 4039 Ravennatis
2581 3976 2680 4058 (ν),
2729 3985 2802 4038 ut
2843 3995 2918 4038 ea
2960 3997 3102 4058 qua
3166 3997 3204 4038 a
3273 3979 3460 4040 nobis
3522 3979 3790 4059 pracepta

587 4102 753 4169 sunt,
802 4089 1178 4174 quantocius
1220 4088 1472 4168 explere
1516 4086 1774 4147 valeatis
1805 4085 1898 4166 (ε).

669 4209 831 4266 ne
878 4199 994 4273 Qui
1063 4196 1398 4279 pradictus
1468 4193 1793 4274 Olympius
1860 4191 2116 4254 veniens
2183 4191 2248 4252 in
2293 4193 2611 4255 civitatem
2681 4193 3032 4255 Romanam
3103 4192 3350 4254 invenit
3391 4196 3656 4255 sanctam
3697 4187 3788 4246 Ro-

588 4329 842 4376 manam
913 4304 1252 4368 Ecclesiam
1325 4300 1748 4363 coadunatam
1820 4317 1962 4360 cum
2034 4297 2328 4360 omnibus
2397 4297 2708 4378 episcopis
2775 4299 2999 4373 Italiae,
3045 4317 3153 4360 seu
3197 4297 3646 4369 sacerdotibus,
3709 4287 3788 4350 vel

589 4422 778 4483 clero.
825 4417 906 4478 Et
969 4413 1187 4474 volens
1252 4408 1517 4489 implere
1581 4425 1656 4488 ea
1715 4425 1856 4486 qua
1921 4406 1980 4467 ei
2033 4405 2212 4484 jussa
2281 4409 2446 4478 sunt,
2495 4423 2718 4466 amans
2780 4423 2990 4466 secum
3063 4405 3416 4466 exercitum
3457 4399 3686 4464 virtutis
3721 4394 3794 4476 (1)-

591 4524 795 4588 voluit
836 4520 1106 4582 schisma
1147 4521 1384 4578 sancta
1427 4513 1708 4575 ecclesia
1755 4512 1845 4594 (α)
1884 4513 2326 4574 intromittere.
2373 4514 2504 4572 Hoc
2561 4529 2675 4592 per
2733 4511 3080 4591 plurimum
3139 4515 3394 4592 tempus
3454 4514 3652 4572 actum
3703 4506 3794 4565 est.

587 4635 668 4694 Et
737 4647 865 4690 non
936 4626 1115 4686 illum
1186 4622 1587 4701 omnipotens
1656 4623 1821 4681 Deus
1897 4618 2184 4698 permisit
2251 4637 2394 4699 qua
2465 4617 2787 4679 nitebatur
2855 4619 3180 4699 perficere.
3254 4617 3491 4679 Videas
3555 4629 3689 4692 ergo
3745 4621 3796 4666 se

594 4756 633 4798 a
688 4739 908 4796 sancta
975 4730 1088 4792 Dei
1157 4728 1471 4790 catholica
1541 4731 1731 4806 atque
1803 4725 2153 4805 apostolica
2222 4724 2497 4786 Ecclesia
2561 4728 2954 4804 superatum,
2999 4741 3252 4786 necesse
3321 4722 3547 4784 habuit
3603 4718 3674 4780 de
3707 4729 3798 4775 sua

595 4840 778 4922 quasi
848 4820 1048 4898 mala.
1087 4835 1438 4897 intentione
1509 4833 1851 4908 declinare,
1901 4837 1972 4894 ut
2040 4832 2211 4913 quod
2281 4850 2408 4893 non
2479 4831 2687 4912 potuit
2755 4849 2869 4911 per
2937 4849 3197 4892 manum
3259 4835 3568 4892 armatam
3607 4824 3794 4922 facere.

597 4912 712 5000 sub
782 4935 1077 4997 haretico
1149 4932 1336 5018 modo
1397 4931 1475 5012 (v)
1545 4950 1659 5010 per
1732 4912 2076 4992 missarum
2151 4929 2458 4992 solemnia
2525 4930 2591 4990 in
2661 4928 2926 4990 ecclesia
3009 4929 3122 4990 Dei
3203 4933 3436 4990 sancta
3519 4912 3798 4988 Genitricis

1627 5109 1879 5154 NOTULE
1922 5107 2314 5154 MARGINALES
2357 5105 2679 5152 FABROTTI.

513 5235 589 5308 (a)
619 5231 850 5308 Illicire.
930 5227 1001 5308 (_b)
1035 5225 1098 5308 In
1125 5231 1360 5308 tantum
1389 5241 1520 5308 vere
1548 5224 1794 5308 vesaniae
1827 5223 2194 5308 prorupit,.ut
2215 5223 2456 5308 altare.“
2485 5223 2556 5308 (a)
2576 5224 3022 5308 commoverunt
3049 5225 3282 5308 sumant
3307 5219 3379 5308 ab
3410 5217 3594 5308 hujus
3601 5212 3798 5308 1133‘???

442 5276 1100 5364 intenti-daverecedelret.
1125 5299 1360 5354 Necnon
1391 5302 1448 5352 et
1478 5295 1790 5370 contestari
1813 5276 1947 5370 erum
1972 5276 2346 5370 jirissiisu'nt.“
2372 5276 2460 5370 Sed)
2488 5276 2670 5370 at‘ille
2697 5292 3018 5370 insecutus.
3059 5276 3596 5370 C,_submitt'e.ns
3623 5276 3801 5370 “(Q3532

445 5345 1447 5444 ttia‘amttéf'mtattsigna;
1481 5345 2130 5444 'Eii—)BSaE'uuSHis‘:7E)
2151 5345 2457 5444 ἷῃᾙὶᾗυιὲἷ
2496 5345 3148 5444 Ῑῇ)“οὸηιίὲι’ᾁᾳγᾴξιὶιιίξ¹
3171 5345 3564 5444 ἶλῐρὲςοιιεεί.
3620 5345 3799 5444 (fuit?

448 5428 734 5508 ἷάῆᾖῖᾔῆ
751 5428 872 5500 ann
899 5428 1122 5498 Domini
1148 5439 1273 5494 649.
1309 5428 1431 5510 ’(γη)
1464 5428 1535 5504 B,‘
1553 5428 1929 5510 professores.
1986 5428 2265 5510 (η)’ί’ἑιοὶξιε
2287 5441 2480 5510 tenere
2512 5428 2723 5510 omnes
2741 5435 2840 5510 qui
2865 5434 3088 5510 ibidem,
3113 5428 3612 5510 suntiepiscopqs‘.
3631 5428 3683 5510 9t
3699 5433 3801 5510 ροξε

447 5489 728 5586 ἔέξευίίξιέξ
758 5523 931 5600 atque
947 5489 1642 5600 'habitatorcs‘in'eoddm'
1663 5489 2062 5600 subscribere:
2111 5506 2512 5600 (0)1inv‘eneris.
2538 5507 2651 5600 ,μη
2674 5489 3020 5600 obtjnperis;
3046 5489 3051 5490 γ
3064 5489 3476 5600 ςφωξῇὀξθω-
3491 5489 3800 5600 δησὶίίξξξτξί

447 5566 726 5650 Ῐῗῶᾞὲῖῐῖξὲ
743 5566 1227 5658 civitatis,uquam
1251 5587 1308 5640 et
1327 5581 1700 5640 Ravennatis.
1788 5581 1854 5656 (a)
1885 5566 2128 5638 valeas.‘
2164 5566 2248 5656 ’(ε)
2278 5578 2339 5638 C.
2368 5566 2657 5640 exercitus
2684 5577 2917 5636 virtute.
3001 5566 3164 5658 (ujin
3213 5566 3475 5638 sanetam
3502 5566 3798 5630 Eoelesiamo

446 5666 523 5744 (v)
552 5660 898 5740 subreptitio
929 5657 1122 5718 modo.
