4008 6158
175 170 290 235 797

1021 166 1393 231 HISTORIA
1434 166 1539 229 DE
1581 165 1786 229 VITIS
1833 165 2023 233 ROM.
2069 166 2301 228 PONT.
2337 200 2410 211 -
2438 165 2725 231 DONUS.

3456 170 3576 233 798

240 303 586 364 Anastasius
614 301 676 361 in
711 300 1007 361 Adeodato
1052 299 1235 376 tradit
1275 299 1449 376 hunc»
1479 299 1815 376 pontificem
1845 308 1899 375 Α
1924 298 2520 376 pluvize._ingrueuti_s
2550 298 2731 370 hujus
2757 297 2886 376 crati
2918 301 3287 376 tempestatis
3307 304 3579 362 meminit

180 376 606 458 sedisse__annqs
656 383 907 458 quatuor,
938 389 1145 458 menses
1186 372 1345 458 duos.
1388 371 1504 428 dies
1552 373 1812 458 quinque,

180 448 323 519 quod
356 447 535 519 etiam
565 444 780 519 legitur
798 446 857 519 in
871 446 903 501 d
916 445 1104 519 uobus
1115 444 1245 519 codi
1248 444 1416 519 cibus
1430 445 1818 519 m_ss.Au_asta-

178 512 246 575 sii
275 512 706 586 Colbertinis,iu
740 514 1408 588 Luitprando,0rderic_o
1440 514 1539 588 lib.
1561 532 1621 580 ιι,
1645 512 1815 588 Regi-

177 589 703 654 mone,Hermanno
733 585 1330 658 Contracto,catalogo
1359 585 1820 658 Vaticano-pala-

176 634 705 739 tino,al_iisque;ac
725 657 1022 739 sepultum
1046 631 1183 739 esse
1208 631 1292 713 ad,
1312 631 1815 739 beatum‘Petrrum

177 727 502 805 apostolum
527 731 617 787 die
636 732 709 787 26
723 727 1216 805 niensisiuniimx
1234 728 1451 805 quibus
1467 727 1818 805 dcdusimus

176 798 303 860 eum
334 803 673 859 ordinatum
706 800 799 873 die
827 804 899 857 22
940 799 1152 873 Aprilis
1183 798 1319 855 anui
1349 799 1456 854 672
1497 805 1555 854 et
1592 798 1820 873 _obiisse

177 874 263 932 die
286 875 359 932 25
388 873 614 931 mensis
642 872 805 930 Junii
836 869 1147 941 anni—676,
1180 876 1244 927 ut
1273 869 1605 927 numeranti
1637 873 1816 943 patet.

242 1067 422 1130 Num.
446 1068 571 1136 138,
604 1065 761 1123 linea
786 1065 841 1143 ἦ.
870 976 1282 1137 ἕΑΞΞῒσαῙυε
1333 1065 1629 1119 transitum
1654 1070 1824 1120 ttmtae

1928 370 2130 447 ἐξιὶειῐῐι⁸
2156 370 2374 447 Paulus
2432 370 2725 447 Diaconus
2772 370 2874 447 lib.
2906 390 2962 447 v,
3014 370 3142 447 cap.
3196 377 3283 447 15.
3313 376 3380 432 de
3408 380 3576 445 gesti:

1928 444 2163 512 Langob.
2198 460 2217 497 :
2238 464 2279 514 ν‹‹
2316 443 2430 496 lloc
2463 446 2742 514 tempore,
2778 441 2990 514 inquit,
3015 441 3187 501 tanta:
3219 441 3430 514 pluviae
3447 454 3575 503 tan-

1923 513 2387 586 taque‘tonitrua
2430 513 2941 586 fuerunt,_quauta
2970 521 3106 572 ante
3138 513 3334 574 nullus
3366 519 3574 574 memi-

1926 583 2076 641 nerit
2108 583 2415 641 hominum
2442 602 2455 652 ;
2489 584 2573 639 ita
2603 589 2665 638 nt
2696 583 3006 641 innumera
3040 587 3340 645 hominum
3373 596 3431 645 et
3458 590 3580 645 ani-

1928 656 2217 732 mantium
2264 655 2449 732 millia
2497 655 2848 732 fulminibus
2903 663 3100 732 essent
3145 665 3463 732 perempta.
3499 662 3577 732 Eo

1927 744 2081 783 anno
2110 726 2430 811 legumina,
2465 744 2601 811 quia
2624 727 3116 811 propterpiuvias
3142 726 3579 811 colligi‘nequi-

1926 797 2393 875 verant,itcrum
2446 797 2667 867 renata,
2713 797 2771 854 et
2817 797 2904 853 ad
2942 797 3343 858 maturitatem
3392 797 3579 875 usuue

1928 874 2209 943 perducta
2238 874 2396 927 sunt.
2430 891 2458 920 »

1548 1367 1818 1439 LXXX.
1880 1369 2049 1439 DON
2060 1367 2191 1440 US.

1184 1532 1344 1581 mo
1385 1533 1624 1580 cunier
1666 1518 1808 1595 676,
1856 1533 2193 1580 consum.
2238 1532 2451 1580 roses.
2495 1520 2557 1580 9.

1669 1676 2069 1688 -—-_———_

419 1784 586 1839 189
625 1777 863 1850 Donus,
912 1773 1165 1836 natione
1210 1777 1550 1849 Romanus,
1598 1793 1676 1835 ex
1721 1779 1901 1855 patre
1945 1774 2270 1844 Mauricio,
2318 1775 2478 1837 sedit
2539 1794 2775 1836 annum
2839 1796 3061 1851 unum,
3111 1796 3356 1843 menses
3398 1780 3584 1860 quin-

346 1903 489 1966 que,
534 1882 669 1946 dies
709 1881 950 1944 decem.
997 1882 1111 1944 Hic
1151 1882 1380 1944 atrium
1428 1882 1596 1943 beati
1635 1881 1803 1943 Petri
1865 1881 2135 1961 apostoli
2192 1882 2501 1961 superius,
2548 1883 2718 1962 quod
2777 1891 2872 1945 est
2915 1882 2994 1965 (a)
3041 1891 3188 1946 ante
3256 1886 3582 1948 ecclesiam

343 1992 405 2053 in
449 1988 993 2071 quadriporticum
1039 1988 1284 2068 magnis
1329 1988 1749 2050 marmoribus
1793 1987 2039 2060 stravit,
2085 1988 2192 2049 sed
2236 1994 2298 2049 et
2341 1989 2668 2049 ecclesiam
2734 1991 3189 2069 apostolorum,
3238 1992 3425 2053 sitam
3487 1994 3591 2055 via

344 2096 633 2170 Ostiensi,
679 2102 748 2157 ut
788 2095 1021 2169 decuit,
1069 2092 1446 2156 restauravit
1487 2100 1677 2174 atque
1742 2094 2079 2156 dedicavit.
2143 2095 2427 2175 Itemque
2497 2095 2823 2157 ecclesiam
2887 2103 3120 2159 sanctae
3192 2099 3587 2180 Euphemus,

269 2208 304 2267 5
345 2204 610 2286 positam
654 2202 758 2263 via
799 2200 1030 2282 Appia,
1077 2201 1366 2263 similiter
1406 2200 1741 2262 dedicavit.
1789 2200 2038 2262 Clerum
2084 2219 2338 2281 quoque
2389 2201 2656 2263 diversis
2717 2202 3046 2264 ordinibus
3109 2209 3174 2265 et
3241 2204 3592 2267 honoribus

346 2308 690 2391 ampliavit.
736 2308 851 2370 Hic
895 2308 1128 2389 reperit
1166 2308 1234 2368 in
1281 2307 1435 2370 urbe
1478 2310 1702 2381 Roma,
1747 2307 1810 2368 in
1883 2307 2266 2369 monasterio
2328 2308 2500 2389 quod
2566 2309 2926 2389 appellatur
2994 2311 3392 2386 Boetianum,
3437 2315 3591 2374 Nes-

350 2415 697 2490 torianitas,
742 2414 1090 2476 monachos
1133 2414 1345 2495 Syros,
1392 2433 1550 2495 quos
1594 2434 1708 2495 per
1762 2414 2011 2476 diversa
2078 2415 2469 2475 monasteria
2528 2415 2740 2477 divisit
2799 2416 2905 2496 (ὁ).
2966 2418 3036 2479 In
3100 2437 3227 2498 quo
3288 2419 3592 2500 praedicto

358 2522 735 2585 monasterio
779 2521 1125 2584 monachos
1167 2522 1482 2582 Romanos
1521 2520 1813 2582 instituit.
1861 2520 2061 2600 Hujus
2131 2522 2523 2601 temporibus
2594 2522 2871 2583 Ecclesia
2934 2526 3396 2599 Ravennatum,
3443 2545 3589 2606 quis

357 2650 418 2693 se
460 2631 540 2691 ab
582 2629 859 2692 Ecclesia
905 2631 1189 2690 Romana
1230 2634 1673 2708 segregaverat
1715 2647 1907 2690 causa
1947 2628 2431 2707 autocephaiiaa,
2477 2628 2686 2690 denuo
2745 2648 2809 2690 se
2870 2630 3151 2709 pristina:
3213 2633 3343 2694 sedi
3410 2653 3593 2714 apos-

230 2739 306 2800 10
352 2737 555 2799 tolicae
596 2735 984 2815 subiugavit.
1029 2734 1221 2814 Cujus
1261 2734 1556 2795 Ecclesiae
1602 2734 1831 2814 praesul
1876 2735 2133 2797 nomine
2182 2738 2529 2814 charatus
2571 2754 2605 2796 e
2668 2735 2952 2816 vestigio,
3001 2743 3073 2797 ut
3132 2741 3261 2799 Deo
3324 2740 3586 2819 placuit,

349 2843 535 2904 vitam
582 2842 787 2904 finivit
826 2841 928 2923 (c).
975 2841 1090 2902 Hic
1133 2842 1283 2901 dum
1329 2846 1492 2902 esset
1550 2841 1787 2902 electus
1848 2860 1962 2922 per
2017 2842 2283 2919 Augusti
2345 2860 2646 2913 mensem,
2694 2842 2991 2921 apparuit.
3050 2843 3234 2905 stella
3302 2863 3341 2905 a
3405 2852 3587 2926 parte

346 2949 614 3013 Orientis
654 2968 692 3010 a
735 2948 887 3029 galli
928 2952 1119 3009 cantu
1162 2966 1360 3027 usque
1404 2965 1588 3009 mane
1631 2966 1744 3027 per
1786 2966 2031 3010 menses
2075 2953 2220 3008 tres.
2268 2947 2459 3026 Cujus
2503 2947 2665 3008 radii
2724 2948 2953 3010 costum
3017 2951 3468 3030 penetrabant.
3516 2955 3586 3015 In

348 3055 524 3136 cujus
566 3055 804 3117 visione
847 3054 1165 3134 surgentis
1206 3072 1427 3115 omnes
1472 3053 1815 3134 provinciae
1859 3059 1922 3115 et
1963 3060 2185 3134 gentes
2230 3053 2626 3114 mirabantur
2672 3053 2778 3137 (tl),
2825 3075 2969 3136 quas
3030 3063 3173 3137 post
3235 3058 3299 3120 in
3361 3065 3591 3123 semet-

349 3163 550 3243 ipsum
593 3180 846 3223 reversa
887 3160 1217 3241 disparuit.
1265 3163 1386 3222 Pro
1429 3180 1557 3241 quo
1599 3161 1876 3241 capitulo
1922 3168 1985 3223 et
2028 3162 2306 3223 maxima
2350 3179 2520 3222 mors
2563 3180 2602 3222 a
2664 3167 2844 3241 parte
2909 3162 3185 3225 Orientis
3253 3163 3596 3227 subsecuta

229 3271 304 3331 15
349 3275 439 3332 est
482 3268 581 3351 (ε).
627 3267 801 3330 Fecit
842 3273 1054 3328 autem
1098 3267 1562 3329 ordinationem
1624 3285 1818 3328 unam
1868 3284 1883 3327 :

1949 3268 2349 3348 presbyteros
2409 3268 2647 3341 decem,
2705 3268 3004 3329 diaconos
3063 3270 3368 3350 quinque,
3437 3271 3597 3351 epis-

347 3393 539 3457 copos
595 3393 708 3455 per
767 3373 1014 3436 diversa
1071 3373 1215 3435 loca
1274 3392 1542 3436 numero
1602 3392 1733 3435 sex.
1781 3373 1899 3445 Qui
1961 3374 2150 3435 etiam
2211 3373 2495 3453 sepultus
2538 3380 2633 3435 est
2675 3374 2755 3436 ad
2799 3375 3055 3437 beatum
3100 3377 3354 3438 Petrum
3403 3394 3591 3458 apos-

347 3483 540 3543 tolum
614 3481 730 3543 sub
795 3480 897 3541 die
966 3497 1034 3542 III
1105 3480 1251 3541 ldus
1318 3479 1571 3561 Aprilis,
1641 3486 1704 3541 et
1771 3481 2037 3542 cessavit
2102 3481 2501 3561 episcopatus
2575 3492 2816 3543 menses
2885 3482 3068 3555 duos,
3115 3483 3249 3543 dies
3320 3483 3587 3563 quinde-

348 3590 490 3651 cim.

1382 3710 1625 3757 NOTULE
1666 3710 2050 3757 HABGINALES
2092 3713 2163 3757 ΡΑ
2173 3712 2382 3757 Βιιοττι
2392 3742 2406 3756 .

262 3817 340 3892 (ᾳ)
367 3818 519 3891 quod
550 3816 860 3892 paradisus
890 3814 1105 3892 dicitur
1129 3820 1236 3873 est.
1313 3816 1389 3891 (ὁ)
1421 3822 1510 3882 Β..
1543 3818 1616 3892 ad
1642 3820 2015 3892 pwnitentiam
2040 3820 2265 3875 scilicet.
2340 3822 2413 3887 (c)
2448 3819 2580 3892 Vide
2606 3820 2882 3892 [termed
2912 3821 3284 3877 ann.Domini
3309 3822 3435 3877 678.
3513 3823 3593 3892 (d)

198 3887 474 3954 Quidnam
505 3887 637 3946 esse
663 3888 868 3963 possit.
944 3890 1018 3960 (ε)
1047 3887 1183 3943 Post
1209 3905 1338 3944 eam
1371 3887 1797 3962 apparitionem
1831 3889 2087 3947 maxima
2115 3907 2274 3946 mors
2300 3908 2335 3947 a
2357 3896 2519 3963 parte
2549 3889 2803 3947 Orientis
2832 3892 3149 3947 subsecuta
3178 3898 3287 3947 est.

1545 4013 1786 4071 VARUE
1826 4013 2245 4071 LECTIONES.

671 4112 756 4168 Ex
782 4111 963 4169 codice
988 4110 1358 4167 Vallicellano.

265 4203 406 4258 Num
443 4200 560 4267 '39,
592 4200 672 4256 (in
702 4204 759 4265 2,
780 4200 931 4256 beati
966 4199 1114 4273 Petri
1149 4198 1395 4273 apostoli
1429 4199 1700 4273 superius
1721 4204 1831 4257 etc.

203 4278 258 4353 ﬁt
285 4276 429 4353 negl,
459 4264 610 4353 ῃάξ.
640 4279 694 4353 et
725 4264 1117 4353 ﬂauo-nugaris
1139 4264 1837 4353 quibusmncordatetiam

206 4341 370 4398 lineis
384 4346 437 4411 3,
466 4345 523 4409 5,
552 4346 590 4398 7
628 4347 688 4398 et
720 4344 805 4399 17.
837 4345 917 4398 lin
967 4345 1020 4411 8,
1056 4341 1271 4409 divisit,
1305 4346 1363 4397 et
1413 4342 1562 4398 iram
1612 4343 1833 4398 dictum

206 4413 348 4541 glas,
380 4421 434 4471 et
455 4417 585 4487 jam
615 4414 861 4487 dictum)
901 4413 1324 4496 monasterium
1373 4417 1481 4469 etc.
1514 4421 1575 4469 ut
1623 4414 1839 4469 laudati

335 4527 348 4541 .
380 4488 479 4541 lin.
516 4488 603 4541 10.
634 4501 858 4541 source.
892 4501 1155 4541 auexocze
1199 4484 1345 4541 valle
1401 4486 1540 4541 (leae
1588 4490 1827 4541 autoce-

209 4488 348 4541 codd.
380 4488 479 4541 lin.
516 4488 603 4553 10,
634 4501 858 4560 segreg.
892 4501 1155 4542 auexocze
1199 4488 1345 4541 valie
1401 4488 1540 4557 (tege
1588 4490 1827 4541 autoce-

209 4555 420 4640 pbaiiae)
449 4558 643 4640 denuo
676 4574 737 4613 se
767 4556 1029 4640 pristino
1042 4555 1492 4640 Qqupristinzs)
1507 4557 1645 4640 .sedi
1673 4573 1839 4640 apos-

208 4625 443 4702 tolorum
490 4625 848 4702 subjugavit.
880 4629 961 4684 lin
1009 4629 1096 4696 12,
1128 4625 1443 4702 ’Hicpapa
1490 4628 1631 4702 dum
1683 4625 1840 4684 esset

207 4696 410 4775 electus
440 4717 544 4774 per
562 4696 901 4775 Augustum
928 4715 1218 4775 mensem.
1252 4696 1475 4766 li'n.‘14,
1509 4699 1685 4755 caelos
1734 4716 1837 4772 pe-

210 4770 526 4855 netrabant.
561 4772 626 4828 in
663 4770 847 4843 'cujus
892 4770 1112 4855 visione
1154 4774 1461 4855 surgentes
1511 4788 1565 4826 o.
1600 4788 1660 4855 ρ.
1690 4770 1753 4826 et
1778 4787 1837 4845 g.

205 4841 801 4971 lenuit-.3udiiticttiamodeisse
831 4842 1181 4916 possit.Post
1207 4841 1385 4915 quam
1415 4841 1839 4916 apparitionefn

292 4955 305 4968 .
532 4932 553 4969 ι
582 4930 612 4969 c
721 4955 733 4968 .

292 4955 305 4968 .
336 4930 395 4969 ω
418 4930 553 4969 lucu
582 4930 733 4969 coaa.

377 5018 534 5093 Apud
564 5019 621 5075 ν.
654 5019 714 5075 L.
746 5020 1059 5076 Fabrottum
1084 5034 1156 5076 ea:
1183 5017 1364 5075 codice
1390 5020 1632 5076 Freheri.

270 5118 364 5173 Lin
395 5120 482 5186 18,
519 5118 631 5174 sub
660 5117 754 5174 die
785 5132 871 5175 tu.
904 5116 1062 5173 Idus.
1098 5116 1160 5183 Β,
1194 5132 1259 5171 m
1294 5115 1511 5171 Kalend
1546 5121 1684 5189 Apr.

418 5224 507 5279 Ea:
529 5221 710 5281 codice
738 5224 923 5297 Regio,
960 5223 1252 5279 Macerino
1278 5229 1329 5278 et
1364 5222 1604 5280 Theano.

273 5320 369 5377 Lin
417 5323 469 5389 1,
519 5320 676 5378 sedit
733 5338 848 5394 ann
903 5321 1103 5394 2.7_li‘n
1157 5324 1213 5388 2,
1256 5319 1405 5375 beati
1468 5320 1617 5394 Petri
1666 5339 1839 5394 supe-

208 5389 339 5459 rius,
391 5394 551 5466 quod
602 5393 914 5465 paradisus
964 5391 1201 5460 dicitur,
1247 5398 1305 5447 et
1352 5394 1462 5447 est.
1522 5392 1602 5447 lin
1659 5397 1716 5461 2,
1742 5389 1835 5467 'q.

1866 4116 1915 4181 B
1946 4112 2233 4185 candidis,
2262 4111 2585 4185 etgmagnis
2635 4110 3035 4185 marmoribus,
3079 4111 3324 4185 mirifice
3373 4116 3476 4185 str.
3512 4114 3597 4168 lin

1943 4185 1998 4251 5,
2034 4184 2175 4238 Item
2226 4182 2345 4239 eccl
2398 4182 2611 4238 sanctas
2662 4182 2960 4238 Eufemia.
2995 4184 3074 4237 (in
3104 4186 3158 4239 7.
3194 4183 3252 4237 in
3284 4199 3420 4239 mon
3452 4184 3594 4239 Boe-

1944 4254 2105 4311 tiano
2137 4256 2206 4309 ΙΙ.
2231 4255 2315 4309 lin
2340 4255 2394 4319 8,
2426 4254 2643 4315 divisit.
2677 4258 2736 4308 et
2784 4253 2843 4307 in
2893 4252 3117 4308 dictum
3170 4254 3594 4309 monasterium

1945 4326 2264 4381 monachos
2297 4327 2590 4380 Romanos
2618 4324 2875 4379 instituit
2912 4325 2991 4378 lin
3046 4328 3131 4390 10,
3165 4340 3370 4396 segreg
3418 4324 3595 4381 alice-

1945 4397 2101 4477 phali
2133 4398 2191 4451 ri.
2226 4398 2307 4452 lin
2338 4400 2423 4477 12,
2463 4396 2561 4450 Hic
2596 4413 2745 4477 papa
2773 4396 2915 4477 dum
2946 4400 3101 4451 esset
3143 4395 3214 4450 ei.
3242 4395 3433 4477 linit:
3462 4413 3594 4477 sur:

1946 4467 2148 4541 gentes
2177 4485 2230 4523 ο.
2266 4475 2412 4549 p_._.et
2441 4484 2496 4541 g.
2532 4467 2647 4521 mir
2680 4467 2977 4549 ’guidnam
3030 4483 3160 4523 esse
3212 4472 3436 4549 posset;
3460 4467 3597 4549 Post

1946 4538 2075 4595 eam
2108 4538 2532 4611 apparitionem
2567 4538 2829 4611 maxima
2846 4554 3008 4611 mors
3050 4555 3085 4592 a
3132 4538 3595 4611 parteuOrientis

1946 4608 2266 4668 subsecuta
2293 4615 2400 4667 est.
2434 4610 2537 4666 Hic
2569 4610 2703 4665 fecit
2732 4608 3162 4669 ordinationem
3205 4625 3244 4664 ι.
3282 4609 3369 4665 liu
3400 4611 3485 4678 17,
3518 4610 3598 4666 Ιο-

1949 4699 2017 4739 ca
2044 4685 2100 4737 6.

2383 4788 2467 4844 Ex
2494 4787 2673 4845 codice
2707 4787 2931 4845 T/tuano
2962 4788 3154 4845 altero.

2019 4894 2120 4967 Lin
2148 4896 2204 4967 5,
2233 4896 2391 4967 quod
2442 4912 2545 4967 per
2573 4894 2669 4950 div
2715 4894 2844 4950 loca
2889 4895 3123 4964 divisit;
3160 4894 3250 4951 lin
3299 4895 3386 4961 14,
3420 4894 3598 4967 ctelos

1947 4983 2005 5039 p.
2043 4965 2132 5021 lin
2176 4965 2329 5036 ma,
2362 4965 2691 5040 surgentes.
2726 4968 2807 5023 lin
2857 4969 2943 5033 15,
2978 4983 3082 5040 pro
3133 4984 3191 5039 q.
3242 4983 3293 5022 c.
3345 4966 3601 5022 maxima

1952 5054 2135 5093 mors.

2264 5143 2419 5217 Apud
2447 5145 2680 5202 Peniam
2715 5162 2785 5202 ex
2812 5145 2993 5203 codice
3025 5145 3277 5202 Cavensi.

2019 5252 2125 5307 Lin
2154 5252 2206 5316 1,
2238 5254 2450 5305 Gonus.
2488 5249 2574 5305 lin
2603 5252 2657 5317 3,
2692 5252 2792 5307 sed
2823 5250 3029 5307 eccles.
3068 5250 3152 5306 lin
3177 5252 3233 5305 6.
3257 5249 3477 5305 clerum
3511 5247 3599 5301 ui-

1949 5322 2159 5395 delicet
2208 5321 2368 5395 diver
2414 5323 2518 5377 lin.
2548 5322 2648 5377 ead
2698 5322 2955 5395 repperit
3002 5323 3111 5379 lin.
3141 5323 3196 5389 9,
3244 5321 3595 5376 Ravennate.

1953 5393 2043 5450 lin
2077 5396 2161 5465 12,
2185 5410 2289 5466 per
2319 5392 2380 5448 in
2410 5394 2675 5467 Augusto
2708 5392 2927 5451 mense.

1570 5516 1786 5573 NOTIE
1830 5517 2230 5574 VARIORUM.

800 5614 1246 5671 ALTASERRA.

269 5684 444 5742 Linea
469 5686 526 5742 6.
543 5687 726 5744 ——Hic
753 5688 957 5760 reperit
982 5688 1046 5744 in
1063 5687 1200 5747 urbe
1225 5689 1398 5748 Itonia
1429 5686 1488 5744 in
1517 5689 1846 5745 monasterio

1954 5615 2095 5743 Ξαοᾴ
2124 5616 2433 5688 appellatur
2480 5618 2843 5700 Brwtianum,
2876 5613 3268 5697 Nestoriauitas
3311 5608 3601 5690 monachos

2000 5703 2163 5743 unos.
2196 5703 2329 5743 auos
2361 5703 2456 5743 per
2484 5688 2702 5743 diversa
2726 5694 3058 5743 monasteria
3087 5682 3298 5739 divisit.
3335 5679 3599 5738 Monachi

1996 5679 2171 5759 yrios,
2194 5679 2329 5763 'quos
2356 5703 2456 5762 per
2484 5688 2702 5747 diversa
2726 5686 3058 5744 monasteria
3087 5682 3298 5739 divisit.
3335 5679 3599 5738 Monachi
