4008 6158
389 153 505 234 am
1535 145 1944 210 ANASTASII
1989 147 2642 210 B.iBLlO'l‘-HECARII.
2793 111 2798 116 ’
3005 102 3019 119 ’
3634 155 3730 222 eos

550 287 718 366 quod
780 289 840 346 et
893 283 1194 354 ordinare
1251 300 1380 348 non
1441 281 1685 346 distulit
1725 280 1832 362 (a).
1879 283 1958 344 Et
2003 281 2246 354 direxit
2285 280 2368 360 (ὁ)
2423 281 2903 342 Abundantium
2949 281 3430 359 .Paternensem,
3465 285 3734 352 Joannem

425 395 508 476 ‘10
549 391 974 470 Rbegitanum
1019 389 1120 470 (ιδ),
1167 395 1228 450 et
1269 390 1577 450 Joannem
1619 389 2032 450 Portuensem
2078 388 2443 468 episcopum
2491 387 2599 468 (Δ),
2633 388 3048 450 "Theodorum
3104 393 3166 450 et
3210 391 3532 470 Georgium
3591 413 3737 474 pres-

545 499 822 578 byteros,
885 500 1194 560 Joannem
1265 496 1600 562 diaconum
1664 501 1727 558 et
1787 495 2294 570 Constantinum,
2363 495 2765 557 Theodorum
2838 495 3270 576 presbyterum
3335 495 3409 578 (θ)
3441 500 3738 563 :Bavenna-

523 613 698 683 Item,
772 610 960 685 atque
1027 603 1352 682 religiosos
1421 621 1634 664 servos
1703 603 1818 664 Dei
1887 603 2255 674 monachos.
2321 603 2570 666 Clerum
2641 602 2933 664 videlicet
2999 603 3258 664 diversis
3325 603 3650 682 ordinibus,
3688 615 3741 670 et

545 732 734 794 super
803 711 973 792 quod
1040 710 1456 790 competebat,
1507 728 1614 770 eos
1685 709 2032 770 honoribus
2101 709 2450 789 ampliavit.
2499 709 2611 770 Hic
2681 709 2848 770 ultra
2913 709 3431 776 consuetudinem
3497 713 3742 777 arcarius

542 819 833 882 Ecclesiae
889 821 1188 879 Romanae
1251 816 1524 878 efficitur
1565 815 1668 896 (ﬂ,
1719 822 1780 875 et
1839 834 1952 896 per
2009 817 2416 896 semetipsum
2479 833 2732 882 causam
2797 815 3054 878 arcar‘iae
3117 815 3440 896 disposuit,
3486 817 3742 883 emittam

425 930 498 989 15
545 927 832 988 videlicet
873 925 951 985 de
994 927 1285 1003 suscepta
1327 941 1440 1002 per
1483 921 2020 982 nomenclatorem
2067 941 2258 982 manu
2301 941 2416 983 sua
2457 921 2890 996 obumbratae,
2937 922 3049 1002 qui
3083 921 3450 985 inﬁrmitate
3487 923 3742 990 detentus

539 1033 876 1095 Arcadium
914 1033 1100 1110 juxta
1141 1029 1658 1090 consuetudinem
1701 1028 1994 1089 instituit.

627 1148 780 1210 141
831 1138 1029 1217 Hujus
1083 1136 1470 1216 temporibus
1527 1135 1748 1198 indict.
1782 1151 1892 1198 VIII
1959 1135 2116 1196 luna
2187 1135 2468 1215 eclipsim
2535 1136 2799 1215 pertulit
2863 1154 3064 1198 mens.
3107 1135 3256 1198 Jun.
3301 1135 3404 1196 die
3441 1135 3539 1196 28.
3579 1137 3740 1199 Simi-

539 1248 682 1308 liter
727 1253 788 1306 et
848 1244 1198 1304 mortalitas
1268 1241 1473 1322 major
1544 1247 1733 1321 atque
1804 1242 2174 1320 gravissima
2246 1243 2574 1312 sebsecuta
2644 1249 2739 1305 est
2807 1261 3022 1306 mense
3091 1242 3534 1325 suprascripto,
3575 1243 3738 1318 Julio,

537 1357 822 1432 Augusto
892 1354 954 1412 et
1021 1349 1375 1430 Septembr.
1447 1349 1514 1408 in
1583 1349 1740 1412 urbe
1809 1351 2030 1423 Roma,
2092 1349 2296 1429 qualis
2373 1369 2492 1411 nec
2575 1349 2966 1430 temporibus
3049 1349 3322 1410 aliorum
3399 1351 3740 1429 pontiﬁcum

537 1478 670 1520 esse
712 1457 796 1540 (g)
847 1463 1250 1517 memoratur.
1295 1459 1379 1518 Ut
1449 1455 1636 1516 etiam
1709 1461 2000 1534 parentes
2072 1474 2214 1516 cum
2285 1457 2450 1530 ﬁliis,
2495 1462 2685 1538 atque
2753 1457 2980 1520 fratres
3051 1463 3242 1538 atque
3315 1475 3553 1519 sorores
3591 1456 3744 1520 bina-

455 1568 492 1628 5
537 1567 648 1628 tim
693 1565 780 1647 (lt)
849 1583 960 1645 per
1025 1563 1219 1626 lectos
1290 1562 1370 1624 ad
1439 1561 1726 1642 sepulcra
1795 1562 2279 1624 deducerentur.
2341 1564 2752 1625 Postmodum
2825 1582 2973 1625 vero
3045 1565 3214 1625 [oras
3285 1563 3740 1644 circumquaque

531 1673 900 1734 suburbana
943 1677 1006 1732 et
1059 1675 1264 1732 castra
1331 1669 1657 1730 devastare
1729 1688 1856 1730 non
1927 1670 2190 1740 cessavit
2237 1668 2332 1751 (ι).
2377 1670 2495 1743 Qui
2564 1671 2976 1752 suprascripti
3045 1669 3219 1732 missi
3288 1669 3450 1732 sedis
3511 1677 3740 1752 aposto-

533 1782 690 1856 licae,
740 1779 852 1860 qui
893 1777 1114 1840 directi
1156 1778 1432 1848 fuerant,
1479 1776 1544 1840 in
1615 1776 1854 1855 regiam
1928 1777 2150 1839 urbem
2219 1777 2644 1856 ingredientes
2711 1776 2814 1839 die
2881 1777 3130 1838 decima
3200 1777 3434 1844 mensis
3499 1779 3738 1839 Novem-

531 1887 661 1947 bris
726 1904 897 1948 nona
964 1883 1328 1956 indictione,
1375 1881 1646 1944 Domino
1716 1883 1960 1944 solante
2003 1881 2103 1964 (φ),
2153 1888 2342 1964 atque
2403 1883 2684 1966 principe
2745 1883 3176 1964 apostolorum
3231 1883 3572 1956 comitante
3625 1903 3741 1946 sus-

531 1995 699 2076 cepti
767 2001 916 2056 sunt
959 2013 998 2056 a
1041 1993 1326 2074 principe
1393 1993 1460 2054 in
1529 1993 1789 2054 oraculo
1871 1993 2044 2054 beati
2125 1994 2294 2056 Petri
2375 1994 2648 2074 apostoli
2729 1993 2898 2056 intra
2981 1993 3316 2074 palatium,
3384 1992 3744 2074 porrigentes

413 2105 489 2164 lO
533 2103 590 2164 ei
661 2101 894 2183 scripta
963 2099 1302 2182 pontiﬁcis.
1351 2099 1501 2172 Quae
1571 2099 1722 2160 dum
1793 2099 2168 2180 suscepisset
2235 2101 2626 2170 commonuit
2693 2119 2800 2164 eos
2870 2106 3059 2182 atque
3129 2099 3504 2166 adhortatus
3567 2104 3654 2162 est
3689 2105 3746 2162 ut

531 2229 658 2272 non
731 2227 842 2288 per
911 2207 1186 2268 schisma
1255 2213 1366 2268 aut
1434 2206 1738 2280 furorem,
1815 2205 1926 2266 sed
1997 2206 2262 2288 paciﬁca
2342 2207 2754 2287 dispositione
2835 2207 3226 2270 remittentes
3313 2203 3745 2288 philosophicas

526 2315 900 2380 assertiones
973 2331 1198 2396 puram
1269 2318 1634 2384 sanctarum
1705 2313 2176 2394 Scripturarum
2243 2315 2629 2394 Petrumque
2701 2320 2764 2376 et
2805 2315 3144 2396 probatam
3197 2313 3392 2377 ﬁdem
3434 2333 3543 2395 per
3579 2331 3740 2394 syno-

525 2423 696 2484 dalia
766 2408 1018 2482 decreta
1086 2420 1543 2482 satistacerent.
1594 2417 1672 2498 (lc)
1718 2421 1802 2480 Et
1853 2419 2012 2480 dans
2078 2419 2364 2480 inducias
2435 2421 2516 2482 ad
2585 2420 2986 2483 retractanda
3065 2421 3330 2504 scripta,
3397 2420 3610 2484 tribuit
3665 2419 3741 2481 eis

527 2530 742 2591 omnia
785 2546 926 2608 quae
970 2527 1046 2587 ad
1093 2526 1612 2588 sustentationem
1665 2525 2064 2587 sufﬁciebant
2122 2526 2188 2586 in
2249 2543 2466 2588 eorum
2531 2547 2840 2610 expensas
2901 2528 2966 2588 in
3028 2527 3218 2590 domo
3287 2547 3428 2608 qum
3488 2525 3739 2608 appella-

405 2642 479 2700 15
527 2643 630 2697 tur
669 2635 972 2697 Placidia.
1021 2635 1120 2695 die
1165 2635 1242 2693 18
1286 2633 1518 2694 mensis
1569 2632 2003 2712 suprascripti,
2047 2632 2150 2694 die
2211 2634 2539 2695 Dominico
2601 2634 2892 2696 advocati
2952 2641 3101 2696 sunt
3141 2635 3206 2695 in
3253 2633 3635 2716 processione
3671 2631 3736 2693 ad

524 2749 807 2804 sanctam
880 2741 991 2806 Dei
1057 2741 1432 2801 Genitricem
1503 2739 1568 2800 in
1639 2739 2022 2810 Blacbernas
2091 2740 2156 2800 in
2242 2745 2421 2802 tanta
2474 2740 2983 2820 honoriﬁcentia,
3030 2747 3102 2803 ut
3155 2741 3352 2804 etiam
3419 2741 3495 2802 de
3535 2737 3736 2822 palatio

523 2850 802 2912 caballos
860 2855 1090 2910 stratos
1159 2847 1460 2926 dirigeret
1527 2865 1670 2908 cum
1745 2847 2048 2926 obsequio
2121 2847 2320 2926 pietas
2387 2847 2754 2928 imperialis,
2801 2855 2866 2910 et
2935 2849 3022 2910 sic
3091 2867 3199 2910 eos
3273 2849 3622 2930 susciperet.
3663 2848 3736 2908 Ea

521 2958 663 3037 ipsa
731 2973 1165 3032 commonens,
1234 2960 1299 3014 ut
1367 2953 1633 3032 paciﬁca
1698 2953 2042 3014 assertione
2127 2955 2483 3015 testimonia
2569 2955 3020 3016 venerabilium
3107 2957 3373 3016 Patrum
3455 2970 3733 3034 propone-

521 3069 684 3126 rent.

605 3176 772 3240 14,9-
814 3167 882 3249 (Ζ)
925 3168 1035 3230 Die
1106 3166 1402 3228 vicesima
1471 3165 1747 3227 secunda
1819 3165 2048 3228 mensis
2117 3167 2508 3243 Novembris,
2555 3168 2618 3230 in
2687 3167 2950 3230 basilica
2993 3187 3135 3250 quae
3177 3167 3436 3230 Trullus
3487 3165 3733 3248 appella-

522 3283 646 3351 tur,
731 3276 902 3336 intra
982 3274 1295 3355 palatium
1380 3273 1496 3335 sub
1579 3273 1776 3352 regali
1859 3274 2055 3348 cultu,
2143 3273 2454 3336 residente
2539 3294 2681 3336 cum
2765 3275 3182 3338 Constantino
3263 3277 3430 3356 Aug.
3503 3272 3732 3351 Georgio

520 3382 886 3466 patriarcha
967 3379 1694 3460 Constantinopolitano,
1765 3398 1838 3440 ac
1920 3381 2194 3444 Macario
2273 3381 2691 3456 Antiocheno,
2763 3382 3039 3462 suscepti
3120 3386 3272 3444 sunt
3359 3381 3524 3444 missi
3597 3377 3736 3442 sedis

519 3491 906 3571 apostolica),
955 3488 1184 3572 deinde
1268 3487 1684 3576 metropolitu:
1772 3487 1866 3547 vel
1949 3487 2228 3568 episcopi
2309 3488 2722 3550 Orientalium
2807 3490 3083 3569 partium
3169 3508 3438 3550 numero
3515 3491 3732 3550 centum

441 3603 478 3660 5
524 3597 1009 3677 quinquaginta.
1083 3594 1200 3664 Qui
1269 3593 1452 3674 proni
1523 3593 1876 3670 adorantes,
1951 3594 2223 3656 residere
2307 3613 2412 3656 eos
2496 3596 2798 3676 praecepit
2883 3615 3008 3658 una
3088 3615 3232 3658 cum
3323 3595 3566 3658 nostris.
3613 3595 3736 3656 Post

523 3705 661 3766 haec
733 3702 1002 3783 patricii,
1048 3701 1226 3780 ypati
1294 3719 1638 3778 omnesque
1705 3701 1926 3780 inclyti
1971 3699 2070 3782 (m)
2114 3701 2517 3776 introierunt,
2583 3709 2646 3764 et
2713 3701 2935 3766 habita
3002 3703 3415 3792 inquisitione
3482 3703 3560 3774 ab
3619 3699 3732 3780 ejus

525 3813 760 3893 pietate
805 3809 914 3890 (η),
961 3807 1139 3888 cujus
1183 3807 1378 3888 partis
1420 3806 1677 3868 deberet
1737 3807 2009 3870 ostensio
2069 3808 2432 3888 approbari.
2479 3809 2698 3890 Legati
2758 3809 2922 3871 sedis
2983 3810 3352 3892 apostolica:
3411 3811 3729 3872 dixerunt:

523 3922 900 3998 Opportuna
939 3916 1167 3976 veritas
1210 3919 1272 3975 et
1313 3914 1473 3974 ratio
1530 3914 1744 3992 exigit,
1793 3920 1863 3974 ut
1905 3933 1942 3975 a
1985 3919 2162 3994 parte
2205 3913 2284 3996 (ο)
2334 3934 2553 3976 eorum
2615 3916 2724 3996 qui
2785 3935 2976 3978 unam
3039 3918 3430 3980 voluntatem
3491 3923 3548 3978 et
3601 3929 3729 3994 ope-

525 4025 830 4086 rationem
878 4022 943 4082 in
989 4021 1254 4084 Domino
1297 4022 1446 4082 Jesu
1491 4019 1736 4081 Christo
1799 4027 2110 4094 asserunt,
2157 4022 2519 4100 apostolicae
2581 4023 2745 4084 sedis
2807 4041 3123 4104 exponere
3165 4024 3280 4104 (ρ).
3330 4023 3444 4096 Qui
3501 4021 3730 4082 audien-

405 4135 482 4196 10
526 4138 618 4193 tes
659 4121 790 4192 laeti
831 4129 1036 4191 etl‘ecti
1080 4135 1332 4209 paratos
1375 4146 1441 4188 se
1485 4146 1618 4188 esse
1661 4127 1978 4189 dixerunt.
2023 4129 2101 4189 Et
2144 4135 2402 4208 accepta
2454 4129 2707 4190 licentia
2750 4149 2824 4190 ea
2867 4129 3027 4192 hora
3085 4150 3231 4192 suos
3295 4130 3732 4192 intromiserunt

522 4240 740 4312 libros,
790 4244 852 4298 et
919 4242 1124 4297 tomos
1195 4235 1494 4307 diversos,
1541 4241 1605 4295 et
1671 4234 1950 4314 synodos
2017 4253 2176 4314 quas
2245 4236 2645 4298 falsaverant.
2706 4239 2864 4297 Nam
2937 4256 3063 4298 non
3135 4257 3250 4317 per
3332 4237 3638 4299 veritatem
3675 4248 3730 4290 se

520 4365 819 4428 superare
865 4343 1230 4404 nitebantur
1273 4341 1356 4420 (ᾳ)
1399 4339 1508 4400 sed
1550 4340 1626 4420 (ν)
1677 4359 1788 4419 per
1856 4341 2183 4402 mendacia
2251 4345 2312 4402 et
2383 4342 2630 4403 diversa
2699 4350 3059 4405 commenta
3130 4363 3273 4424 quas
3317 4345 3380 4405 in
3423 4343 3588 4404 libris
3625 4337 3728 4399 suis

519 4457 642 4536 ipsi
685 4453 756 4535 (ε)
804 4450 1198 4522 addiderant,
1267 4454 1330 4506 et
1389 4447 1738 4524 relegentes
1801 4465 1914 4526 per
1971 4448 2242 4525 singula,
2289 4447 2522 4528 reperti
2581 4454 2730 4510 sunt
2791 4451 3147 4525 mendaces,
3195 4471 3388 4512 unam
3449 4445 3728 4530 operatio-

521 4582 666 4623 nem
713 4566 777 4621 ct
817 4558 1208 4618 voluntatem
1255 4552 1318 4634 (ε)
1367 4553 1678 4626 dicentes;
1726 4558 1790 4614 et
1829 4553 1896 4613 in
1959 4555 2183 4633 quinta
2241 4555 2483 4634 synodo
2545 4555 2880 4636 epistolam
2946 4557 3156 4636 Vigilii
3217 4577 3400 4638 papze
3459 4555 3532 4617 ad
3589 4553 3729 4614 Men-

404 4671 482 4732 15
525 4687 674 4729 nam
718 4661 1169 4746 patriarcham,
1217 4665 1410 4739 atque
1469 4658 1754 4720 libellum
1817 4659 2098 4739 ejusdem
2169 4663 2415 4724 Manna:
2477 4661 2541 4721 in
2605 4663 3128 4742 quaternionibus
3193 4665 3446 4728 noviter
3507 4657 3722 4730 additis.

523 4773 934 4843 falsaverunt,
1019 4785 1213 4828 unam
1301 4765 1686 4838 voluntatem
1773 4771 1835 4826 et
1915 4767 2348 4846 Operationem
2433 4767 2732 4844 dicentes,
2820 4770 3006 4849 quod-
3073 4788 3286 4832 coram
3371 4767 3636 4850 principe
3675 4766 3726 4820 el

525 4879 766 4960 synodo
813 4875 1064 4955 claruit.
1109 4874 1248 4936 Alia
1312 4873 1411 4934 die
1481 4872 1807 4934 catholicae
1877 4873 2022 4935 ﬁdei
2092 4874 2386 4936 defensor
2454 4874 2594 4955 pius
2665 4876 2957 4956 princeps
2999 4877 3064 4937 in
3108 4876 3446 4940 secretario
3484 4869 3724 4938 residens

527 4988 637 5069 (τι),
683 4983 1093 5065 inquisitione
1135 4981 1212 5044 de
1255 4981 1405 5062 ipsis
1449 4979 1771 5042 codicibus
1813 4981 2004 5056 facta,
2049 4981 2138 5042 ita
2179 4981 2415 5061 reperit
2458 4981 2615 5042 falsa
2659 4983 2906 5044 noviter
2947 4983 3165 5048 addita
3205 4984 3416 5048 fuisse.

2401 5091 2426 5128 ‘

1547 5173 1797 5220 NOTULE
1839 5175 2224 5222 MARGINALES
2266 5173 2582 5222 FABROTTI.

435 5341 514 5409 (a)
551 5335 676 5394 Vide
705 5329 986 5409 BaronZad
1003 5329 1352 5409 angipomt'ni
1361 5327 1500 5409 S389.
1531 5398 1540 5408 ι
1567 5327 1642 5408 (_b)
1667 5325 1884 5409 Direxit
1902 5326 2119 5409 itaque.
2197 5325 2638 5409 (εμεξεξεςξιιιιιιιιιζ
2712 5327 3168 5409 (d)episcopos._
3219 5324 3714 5409 (e)subdiaeonu51:

368 5395 467 5482 (ff-
495 5395 752 5468 'eﬂ‘ectus
783 5395 913 5482 est:
969 5400 1282 5482 (ρῌυίεεθπ
1353 5400 1456 5482 σεὶῗ
1487 5395 1636 5482 ἰξίαίᾷ
1684 5395 2170 5482 ,έῦἶΡενίὲίίὲξξτξ
2203 5395 2566 5482 [τὲοάίίοντξε-
2591 5395 3438 5482 “remissussubtritae“,
3459 5399 3522 5482 ει
3557 5395 3720 5482 “sit!

287 5477 296 5484 ’
368 5461 584 5538 ἕθίὰεῆ
597 5461 930 5534 mortalitas
963 5461 1176 5547 diiigsa
1204 5475 1312 5547 est.
1485 5469 1524 5524 C
1555 5461 1936 5547 solatiantch
1955 5469 2034 5547 με)
2071 5467 2194 5525 Vide
2229 5470 2419 5547 Barpn
2445 5469 2560 5547 _ad__
2583 5461 2708 5547 anni
2742 5461 2964 5547 06min?
2989 5461 3117 5530 680.
3195 5461 3264 5547 (l)_
3289 5461 3430 5547 rm
3453 5469 3610 5547 Feros

365 5531 663 5624 3125:35in
675 5531 852 5619 "(‘mr
884 5542 1113 5624 patricii
1143 5531 1752 5624 quinquejomncsque
1783 5531 1979 5624 incliti:
2014 5531 2150 5624 cum
2183 5541 2862 5624 ⁵ριῃςιί.εἰΙῐιᾱξιίςοεμζῃ)
2894 5545 2951 5624 C_,
2985 5548 3170 5624 parte.
3196 5531 3566 5624 :'(o)'lapert‘e.
3597 5623 3606 5624 ί

367 5609 687 5753 stipam-itas
720 5609 1058 5753 eacponatur.
1136 5609 1241 5690 (Ejj'
1273 5609 1716 5670 eitimaveruut.
1795 5611 1891 5688 (νγ
1923 5610 2056 5672 nisi.
2133 5611 2228 5688 (δν
2258 5611 2425 5671 libris
2453 5611 2619 5688 ipsis.
2697 5609 2797 5688 (ε)·“
2819 5609 2882 5672 in
2911 5609 3158 5676 Do'mino
3188 5609 3324 5676 Jesu
3347 5609 3560 5670 Christo
3586 5617 3710 5665 esse.

459 5714 492 5753 a
517 5699 538 5722 "
569 5709 740 5753 praes:
783 5707 906 5753 ens.

437 5696 538 5785 (ar
567 5696 906 5776 praesidens.
