4008 6158
205 159 324 224 809
988 165 1350 228 HISTORIA
1395 168 1496 228 DE
1541 169 1743 230 Vl'l‘lS
1789 169 1979 232 ROM.
2025 172 2255 234 PONT.
2288 207 2364 217 —
2393 175 2462 235 S.
2509 177 2850 240 AGATHO.
3504 187 3624 252 810

455 302 616 373 ιιι
676 294 788 372 Die
835 296 910 357 12
967 299 1199 359 mensis
1255 300 1612 362 Decembris
1660 302 1740 382 (a)
1784 303 2095 366 residente
2158 306 2398 385 synodo
2453 324 2595 370 cum
2657 310 2794 388 ejus
2853 309 3087 390 pietate
3148 315 3421 395 suscepti
3476 325 3624 386 sunt

364 402 540 464 missi
581 402 748 466 sedis
790 404 1172 484 apostolicae,
1223 411 1285 466 et
1331 407 1628 489 praecepit
1671 428 1776 470 eos
1819 409 1882 470 in
1928 411 2169 490 synodo
2221 411 2302 493 (ὁ)
2348 413 2620 475 residere
2661 417 3127 481 Praesentantes
3168 419 3377 482 locum
3435 440 3618 484 sanc-

363 509 589 571 tissimi
631 528 705 572 ac
745 510 1090 574 beatissimi
1131 513 1481 593 Agathonis
1524 533 1730 595 papae.
1761 517 2000 591 Quibus
2041 518 2277 580 dictum
2324 525 2416 582 est
2460 525 2528 582 ut
2572 541 2790 584 omnes
2834 524 3026 587 libros
3069 545 3228 606 quos
3269 528 3500 592 scirent
3537 530 3620 591 ad

363 635 621 680 causam
665 617 814 681 ﬁdei
859 619 1196 700 pertinere,
1243 640 1453 683 coram
1500 623 1742 703 synodo
1787 624 2193 700 adducerent,
2243 627 2414 707 quod
2457 633 2520 690 et
2560 629 2796 690 factum
2853 636 2967 693 est.
3013 633 3092 693 Et
3145 640 3368 696 vocato
3423 638 3615 700 Geor-

278 725 316 784 5
361 724 468 804 gio
511 725 780 788 diacono
824 731 885 788 et
932 727 1426 810 chartophylace
1468 730 1762 793 Ecclesiae
1807 733 2553 815 Constantinopolitanae,
2599 742 2988 817 praeceptum
3045 745 3140 802 est
3191 741 3252 802 ei
3309 747 3381 803 ut
3430 742 3618 822 juxta

360 851 585 894 eorum
627 833 921 896 notitiam
965 835 1210 898 codices
1253 856 1329 898 ex
1372 838 1760 900 bibliotheca
1800 840 2094 902 Ecclesiae
2138 841 2218 902 ad
2271 843 2548 904 medium
2604 844 2963 920 deduceret,
3028 852 3091 907 et
3150 847 3301 909 dum
3363 849 3626 917 adducti

361 947 572 1002 essent
614 946 678 1002 et
717 941 1173 1022 relegerentur,
1220 945 1471 1026 utrique
1515 947 1750 1008 similes
1793 949 2026 1028 reperti
2073 947 2144 1029 (ο)
2190 955 2354 1026 sunt,
2403 950 2562 1012 duas
2603 958 2862 1014 naturas
2917 953 3201 1035 duasque
3260 955 3619 1018 voluntates

360 1054 426 1110 et
468 1047 866 1128 operationes
908 1049 975 1111 in
1019 1051 1288 1113 Domino
1328 1053 1476 1114 Jesu
1522 1053 1767 1116 Christo
1811 1054 2141 1118 habentes.
2176 1058 2254 1118 Et
2297 1059 2592 1120 confusus
2633 1061 2944 1122 Macarius
2987 1079 3199 1123 coram
3243 1063 3484 1144 synodo
3527 1063 3619 1124 in-

364 1160 586 1218 ventus
659 1161 755 1218 est
823 1157 1122 1219 mendax.
1185 1160 1364 1220 Tunc
1426 1159 1756 1222 interdixit
1797 1161 2000 1242 pietas
2040 1164 2402 1243 Augustalis
2447 1167 2712 1246 Georgio
2757 1168 3099 1248 patriarhae
3141 1173 3212 1230 ut
3253 1170 3512 1232 minime
3553 1170 3619 1231 in

245 1262 319 1325 10
361 1263 641 1326 Ecclesia
683 1281 800 1326 sua
840 1264 1186 1345 susciperet
1225 1267 1569 1329 Macarium
1613 1268 1714 1330 vel
1756 1267 1893 1348 ejus
1935 1269 2245 1346 homines,
2291 1271 2674 1334 interdicens
2731 1274 2788 1334 ei
2849 1293 3234 1354 processum.
3283 1278 3430 1338 Haec
3486 1277 3618 1357 pri-

362 1389 466 1432 ma
508 1369 645 1450 ejus
687 1370 874 1434 ruina
917 1371 1057 1446 fuit,
1104 1373 1203 1434 die
1251 1375 1325 1434 13
1369 1373 1454 1455 (d)
1501 1375 1732 1438 mensis
1774 1377 2120 1451 Februarii,
2172 1379 2516 1441 auxiliante
2559 1381 2746 1442 beato
2791 1383 2977 1444 Petro
3021 1383 3334 1463 apostolo,
3381 1388 3452 1444 ut
3505 1402 3614 1445 ve-

360 1478 563 1542 ritatis
604 1479 822 1542 lumen
864 1485 1222 1561 appareret,
1269 1481 1631 1545 intromissa
1672 1489 1822 1544 sunt
1863 1502 2077 1547 coram
2122 1487 2362 1566 synodo
2405 1487 2864 1549 venerabilium
2905 1491 3164 1551 Patrum
3207 1489 3375 1552 dicta
3415 1489 3613 1553 Joan-

360 1586 456 1648 nis
513 1586 1221 1668 Constantinopolitani,
1281 1589 1521 1670 Cyrilli,
1583 1589 1934 1665 Athanasii,
1981 1592 2216 1666 Basilii,
2267 1593 2572 1674 Gregorii,
2619 1594 2921 1674 Dionysii,
2969 1595 3209 1670 Hilarii,
3270 1595 3608 1671 Ambrosii,

361 1699 422 1758 et
461 1693 711 1770 Leonis,
759 1694 918 1757 duas
960 1695 1286 1760 naturales
1326 1697 1684 1760 voluntates
1727 1697 1800 1779 (e)
1847 1704 1909 1762 et
1951 1699 2352 1781 operationes
2394 1700 2460 1763 in
2501 1699 2772 1776 Christo,
2819 1702 3161 1768 dicentium
3206 1703 3287 1766 ad
3329 1703 3611 1776 satisfac-

253 1803 321 1862 15
362 1820 502 1864 nem
547 1801 856 1884 principis
897 1803 1002 1872 vel
1040 1803 1287 1884 synodi.

442 1918 606 1972 ιιι
651 1909 956 1992 Sequenti
999 1910 1099 1973 die
1139 1911 1204 1974 in
1249 1911 1470 1974 eodem
1514 1912 1850 1976 secretario
1894 1913 2206 1978 residente
2266 1915 2508 1995 synodo
2570 1935 2698 1977 una
2757 1934 2900 1978 cum
2958 1916 3264 1998 principe,
3309 1916 3612 1998 synodica

358 2017 735 2080 sanctissimi
775 2017 1125 2099 Agathonis
1166 2038 1350 2101 papae
1393 2020 1627 2082 relecta
1669 2025 1784 2095 est,
1834 2025 1898 2083 et
1939 2021 2019 2083 ad
2062 2021 2311 2102 singula
2363 2023 2774 2104 comprobata
2831 2026 3090 2085 Patrum
3152 2024 3322 2086 dicta
3374 2023 3612 2094 inserta

357 2125 468 2207 (f),
513 2125 579 2187 in
623 2145 751 2206 qua
792 2126 1094 2207 synodica
1137 2127 1411 2210 episcopi
1453 2127 1874 2192 Occidentalis
1931 2129 2128 2210 partis
2189 2129 2697 2211 subscripserunt
2755 2150 3019 2194 numero
3080 2136 3334 2196 centum
3388 2131 3612 2212 viginti

355 2233 635 2314 quinque
676 2233 786 2314 (g).
833 2235 1112 2315 Cumque
1155 2240 1299 2315 post
1339 2235 1476 2298 hinc
1521 2235 1894 2300 adhortatus
1936 2242 2050 2311 est,
2100 2256 2214 2300 nec
2258 2237 2562 2300 dicendus
2605 2239 2916 2301 Macarius
2975 2258 3013 2300 a
3069 2245 3287 2301 sancta
3342 2239 3607 2319 synodo,

283 2341 317 2400 5
357 2340 452 2402 vel
495 2359 532 2402 a
574 2340 681 2420 pio
726 2341 1034 2422 principe,
1080 2342 1380 2424 omnique
1422 2349 1668 2418 senatu,
1718 2349 1784 2405 ut
1826 2344 2230 2424 profiteretur
2275 2364 2465 2408 unam
2530 2352 2641 2408 aut
2700 2347 2857 2408 duas
2917 2346 3204 2410 confiteri
3248 2346 3608 2409 voluntates

356 2447 450 2510 vel
493 2447 915 2528 operationes,
962 2448 1072 2528 qui
1113 2449 1472 2512 nullatenus
1515 2450 1774 2524 audivit,
1824 2451 1932 2514 sed
1978 2452 2186 2532 potius
2233 2471 2438 2533 neque
2481 2472 2674 2514 unam
2720 2471 2924 2534 neque
2969 2453 3127 2515 duas
3169 2453 3234 2515 in
3279 2453 3610 2517 Salvatore

353 2555 560 2617 dicere
601 2555 826 2617 voluit.
871 2553 952 2636 (Iz)
1001 2555 1240 2619 Deinde
1282 2556 1547 2637 protulit
1604 2556 1920 2636 piissimus
1962 2563 2026 2619 et
2067 2560 2500 2626 serenissimus
2563 2560 2857 2641 princeps
2915 2566 3154 2622 tomum
3200 2561 3280 2623 ad
3324 2561 3608 2641 relegen-

354 2661 527 2737 dum,
574 2661 639 2722 in
685 2681 872 2742 quem
916 2679 1152 2726 vanum
1195 2663 1564 2726 haereticum
1613 2663 1854 2742 dogma
1896 2663 2157 2726 Macarii
2198 2672 2335 2727 erat
2385 2668 2836 2747 conscriptum,
2885 2673 2946 2729 et
3000 2666 3136 2747 ejus
3191 2685 3384 2728 manu
3429 2667 3612 2728 subs-

353 2769 620 2850 criptum
643 2769 1035 2850 apertissime
1057 2789 1251 2834 unam
1273 2771 1663 2833 voluntatem
1687 2770 1751 2830 in
1788 2771 2056 2834 Domino
2079 2772 2477 2836 aﬂirmantis.
2507 2774 2636 2836 Sub
2658 2774 2854 2855 ipsius
2873 2773 3281 2854 inscriptione
3301 2778 3365 2835 et
3403 2773 3612 2836 Theo-

246 2878 321 2938 IO
361 2877 841 2958 expatriarchae,
890 2877 1113 2957 utique
1149 2876 1336 2956 juxta
1379 2895 1522 2939 eum
1580 2883 1874 2947 tenorem
1906 2879 1994 2940 ibi
2055 2879 2428 2960 subscriptio
2487 2887 2624 2943 erat
2667 2880 2758 2964 (ε).
2804 2883 2882 2943 Et
2936 2881 3362 2960 interrogatus
3419 2881 3612 2944 Geor-

351 2985 488 3065 gius
530 2983 916 3065 patriarcha,
962 2984 1013 3044 si
1058 3003 1195 3046 eam
1238 2984 1427 3046 ﬁdem
1471 3002 1663 3064 quam
1708 2985 1894 3048 docet
1947 2986 2125 3050 sedes
2186 2987 2554 3066 apostolica,
2611 2987 3015 3069 amplectitur
3055 2987 3144 3068 (j)
3187 2986 3366 3066 juxta
3407 2987 3609 3068 scrip-

353 3097 558 3153 turam
600 3091 942 3154 venerandi
983 3091 1332 3170 Agathonis
1375 3110 1580 3172 papse,
1631 3110 1737 3153 seu
1783 3097 2143 3154 sanctorum
2189 3111 2260 3154 ac
2304 3093 2761 3156 venerabilium
2805 3096 3087 3171 Patrum,
3121 3095 3233 3175 qui
3275 3093 3604 3175 respondit

354 3199 544 3280 quod,
593 3204 853 3280 accepta
896 3198 1170 3274 licentia,
1231 3198 1296 3259 in
1352 3199 1694 3279 scriptione
1754 3198 1858 3281 (k),
1921 3219 2062 3280 quae
2122 3206 2481 3282 opportuna
2537 3204 2737 3278 erant,
2787 3201 3219 3282 responderet.
3265 3203 3344 3263 Et
3384 3201 3449 3262 in
3510 3200 3608 3262 his

350 3307 710 3368 recedentes
752 3305 853 3368 die
899 3307 971 3368 17
1019 3304 1250 3367 mensis
1294 3305 1641 3380 Februarii,
1692 3305 1794 3367 die
1836 3307 2187 3381 Dominico,
2236 3308 2404 3369 intra
2445 3307 2772 3369 oraculum
2817 3309 3021 3370 sancti
3062 3308 3232 3370 Petri
3289 3307 3458 3369 intra
3498 3325 3609 3387 pa-

238 3415 312 3476 15
355 3413 572 3476 latium
618 3419 864 3475 astante
909 3413 978 3495 (Ι)
1024 3413 1283 3476 sincleto
1329 3412 1458 3494 (m),
1504 3413 1817 3493 simulque
1860 3419 1922 3475 et
1965 3415 2346 3494 patriarcha,
2393 3415 2636 3495 legatos
2698 3415 2864 3477 sedis
2917 3415 3279 3496 apostolicae
3337 3414 3611 3496 suscepit

351 3520 461 3603 (η),
509 3521 796 3600 relegens
840 3519 920 3602 (0)
963 3519 1430 3600 suggestionem
1489 3519 1678 3581 aliam
1738 3538 1852 3600 pro
1911 3538 2130 3582 eorum
2175 3522 2728 3584 commendatione
2773 3521 2862 3603 (ρ)
2911 3540 2948 3582 a
2991 3522 3382 3584 sanctissimo
3441 3539 3610 3602 papa

350 3628 677 3690 directam.
725 3627 843 3701 Qui
887 3627 1188 3707 Georgius
1232 3626 1658 3688 sanctissimus
1699 3627 2062 3706 patriarcha
2104 3630 2419 3709 professus
2462 3634 2555 3691 est
2598 3647 2671 3690 eo
2716 3629 2816 3690 die
2859 3629 2924 3690 in
2968 3629 3216 3710 scriptis
3273 3629 3429 3690 duas
3487 3645 3604 3689 na-

355 3741 524 3796 turas
566 3735 850 3814 duasque
893 3734 1248 3796 voluntates
1292 3739 1354 3796 et
1395 3734 1791 3814 Operationes
1832 3735 1896 3795 in
1941 3735 2206 3797 Domino
2249 3737 2396 3798 Jesu
2441 3737 2688 3799 Christo
2746 3756 2811 3799 se
2867 3736 3118 3798 credere
3179 3741 3240 3798 et
3297 3735 3604 3816 praedica-

350 3861 437 3916 re,
485 3843 647 3904 sicut
688 3843 866 3904 sedes
910 3841 1257 3922 apostolica
1301 3841 1518 3915 credit,
1568 3842 2111 3904 anathematizans
2155 3861 2260 3905 eos
2304 3844 2413 3924 qui
2457 3863 2649 3905 unam
2708 3849 3026 3919 naturam,
3088 3843 3482 3905 voluntatem
3542 3847 3606 3904 et

233 3950 312 4010 20
351 3949 784 4032 operationem
827 3949 893 4010 in
935 3948 1204 4010 Domino
1247 3950 1396 4011 Jesu
1439 3948 1687 4009 Christo
1731 3948 1969 4010 dicunt.

427 4065 591 4118 “5
635 4057 746 4119 Die
788 4056 1098 4118 vicesima
1141 4055 1374 4135 quinta
1409 4055 1640 4116 mensis
1683 4055 2031 4130 Februarii,
2093 4057 2402 4119 residente
2463 4058 2704 4137 synodo
2758 4077 2888 4119 una
2951 4075 3093 4118 cum
3155 4055 3262 4137 pio
3324 4055 3610 4136 principe

345 4164 656 4244 simulque
699 4169 763 4226 et
804 4163 1028 4243 legatis
1071 4162 1234 4224 sedis
1279 4162 1664 4243 apostolicae,
1714 4163 2055 4224 Macarium
2102 4164 2320 4225 adesse
2363 4163 2710 4243 jusserunt.
2758 4166 2839 4225 Et
2897 4163 3045 4224 data
3107 4181 3145 4223 a
3203 4161 3489 4242 principe
3533 4161 3603 4222 li-

349 4272 560 4335 centia
601 4277 672 4335 ut
713 4290 776 4333 se
821 4276 1056 4351 partes,
1103 4269 1243 4350 quis
1285 4271 1351 4330 in
1394 4288 1554 4350 quas
1596 4269 1785 4331 vellet
1828 4269 1936 4352 (q),
1969 4270 2300 4345 divideret,
2348 4270 2653 4350 Georgius
2694 4269 3064 4352 patriarcha
3107 4268 3299 4348 regiae
3342 4267 3611 4328 civitatis

349 4399 490 4441 cum
536 4378 666 4440 suis
708 4379 773 4439 in
819 4383 1032 4458 partes
1075 4376 1575 4439 orthodoxorum
1623 4377 1832 4452 stetit;
1879 4379 2188 4441 Macarius
2229 4397 2378 4440 vero
2422 4397 2564 4439 cum
2610 4378 2740 4440 suis
2789 4377 2856 4438 in
2901 4382 3080 4458 parte
3123 4376 3248 4438 alia
3291 4373 3611 4437 haeretico-

266 4491 302 4548 5
346 4506 508 4548 rum.
557 4488 637 4548 Et
676 4485 1059 4547 deducentes
1101 4485 1180 4545 ad
1226 4483 1502 4545 medium
1549 4485 2001 4564 professionem
2049 4485 2296 4566 Georgii
2341 4485 2747 4566 patriarchae,
2794 4504 2985 4566 quam
3031 4485 3286 4558 fecerat,
3319 4486 3611 4564 porrecta

344 4600 438 4656 est
482 4592 560 4675 (ν)
606 4593 878 4674 principi
922 4597 985 4653 et
1030 4591 1262 4653 reiecta
1322 4595 1438 4652 est.
1499 4593 1577 4652 Et
1631 4593 2052 4654 commonitus
2096 4594 2565 4674 suprascriptus
2620 4593 2934 4655 Macarius
2991 4591 3144 4672 quid
3204 4589 3467 4651 sentiret
3507 4589 3608 4651 vel

340 4701 643 4774 crederet,
707 4698 1034 4780 respondit
1102 4717 1167 4760 se
1239 4697 1304 4758 in
1379 4716 1454 4759 ea
1525 4696 1594 4779 (ε)
1670 4700 1936 4779 perfidia
1978 4719 2169 4780 quam
2215 4706 2361 4762 ante
2407 4704 2843 4781 proposuerat,
2889 4699 3254 4780 perdurare,
3304 4701 3366 4759 et
3407 4695 3650 4758 nulla--

345 4814 527 4870 tenus
571 4807 941 4870 orthodoxae
986 4805 1130 4867 ﬁdei
1187 4805 1604 4886 acquiescere.
1656 4807 1743 4867 Ea
1786 4806 1944 4868 hora
1987 4813 2208 4869 sancta
2251 4809 2528 4888 synodus
2571 4826 2701 4869 una
2756 4826 2898 4869 cum
2957 4806 3239 4887 principe
3283 4803 3420 4884 ejus
3462 4821 3608 4865 ora-

342 4916 506 4978 rium
569 4913 808 4978 auferri
863 4913 1191 4995 jusserunt
1245 4931 1284 4973 a
1342 4912 1504 4973 collo
1563 4911 1722 4992 ejus,
1781 4919 1844 4974 et
1900 4914 2195 4976 exsiliens
2239 4916 2505 4976 Basilius
2547 4915 2881 4996 episcopus
2935 4912 3246 4977 Cretensis
3288 4910 3607 4987 Ecclesiae,

1368 5131 1618 5180 NOTULE
1661 5131 2046 5179 MABGINALES
2089 5133 2408 5181 FABROTTI.

248 5301 327 5367 (a)
357 5295 736 5381 Cinovemor.
813 5295 889 5367 (ὁ)
915 5295 946 5328 ⁸*
975 5294 1255 5368 synodus.
1334 5292 1402 5419 (e)
1434 5296 1455 5318 "
1487 5291 1777 5348 verissimi
1808 5311 1831 5349 r

248 5371 408 5419 Iichs
439 5373 701 5419 insertis.
778 5370 855 5419 (a)
886 5369 946 5419 C.
983 5367 1106 5419 120.
1183 5364 1264 5419 (Ιι)
1298 5365 1374 5419 Vu
1396 5381 1424 5419 θ
1453 5368 1634 5419 Baron
1664 5364 1736 5419 ad
1769 5383 1831 5419 an

2017 5338 2040 5350 -
2123 5294 2197 5368 (ἀ)
2230 5297 2252 5318 ¹
2287 5295 2374 5350 14.
2452 5296 2522 5362 (e)
2545 5296 2566 5318 ”
2590 5293 2738 5350 duas
2763 5297 3006 5351 naturas
3036 5297 3094 5351 et
3120 5293 3449 5350 voluntates
3519 5287 3600 5368 gf)

2017 5368 2133 5419 nini
2161 5367 2288 5419 681.
2367 5367 2434 5419 (ί)
2462 5368 2482 5390 ”
2516 5365 2574 5419 in
2606 5381 2721 5419 auo
2755 5381 2872 5419 una
2900 5366 3188 5419 voluntas.
3235 5368 3292 5419 et
3337 5361 3600 5416 haeretica

184 5361 408 5440 idictis
439 5367 723 5440 insertis._
778 5361 946 5438 (ω’ϐ.
983 5361 1106 5422 1ῖ20.
1165 5364 1264 5440 ,(Ιι)
1298 5361 1424 5420 Vide
1453 5368 1634 5440 paron
1664 5364 1736 5421 ad

2022 5361 2139 5421 sint
2161 5361 2288 5421 681.
2367 5361 2482 5440 (ιγ’
2516 5365 2574 5440 in
2606 5381 2721 5438 quo
2755 5381 2872 5421 una
2900 5366 3188 5440 voluntas,
3235 5368 3292 5440 et
3337 5361 3605 5440 haeretica

175 5432 458 5518 dogmata
488 5438 728 5518 Macarii
760 5432 926 5518 erant
953 5432 1302 5518 conscripta,
1335 5439 1392 5491 et
1423 5437 1551 5507 ejus
1570 5453 1764 5518 _m__a_nu
1796 5438 2148 5518 subscripta,
2185 5442 2244 5494 et
2269 5432 2642 5518 apertissime
2648 5454 2845 5518 _unam
2875 5437 3233 5518 voluntatem
3265 5435 3331 5518 in.
3356 5432 3604 5518 Doruin

177 5453 254 5497 uo
299 5453 458 5497 mata
489 5453 728 5496 luscam
760 5453 926 5495 erant
953 5453 1302 5518 conscripta,
1335 5453 1392 5491 et
1423 5453 1551 5507 ejus
1585 5453 1764 5492 manu
1796 5453 2148 5510 SUDSCI‘Ipta,
2185 5453 2244 5494 et
2269 5453 2635 5563 aperussrme
2667 5454 2845 5516 unam
2875 5453 3233 5494 vcluntatem
3268 5453 3331 5514 ιη.
3356 5453 3604 5510 uorumu

177 5459 564 5583 ﬁﬂisrmantia.
600 5513 734 5568 Post
764 5510 952 5582 ipsius
983 5507 1497 5583 subscriptionem,
1533 5513 1588 5583 et
1619 5507 1928 5583 Theodori.
2007 5511 2078 5583 (j)
2113 5513 2131 5533 "
2166 5525 2300 5582 amp
2329 5513 2615 5583 ecteretur
2635 5509 2806 5581 juxta
2835 5509 3072 5581 scripta.
3149 5506 3233 5583 (lc)
3265 5508 3606 5583 ﬁtniscrl‘p-

169 5576 262 5642 ιο.
338 5586 405 5657 (ι)
441 5587 463 5608 ⁴⁵
497 5587 758 5657 astantes
782 5571 1085 5657 Augustus
1118 5571 1295 5657 simul
1327 5583 1390 5657 et.
1414 5571 1751 5657 Patriarcha
1782 5571 2070 5653 legatos."
2101 5582 2196 5654 (m)
2231 5571 2560 5657 ‘fsyncello.
2625 5571 2770 5657 (ω’
2801 5571 3221 5657 susceperunt.
3250 5575 3426 5657 ‘(o)l"
3461 5571 3605 5657 rele-

156 5642 402 5731 gentes:
483 5655 562 5729 (p)
604 5657 627 5679 ‘
668 5655 742 5712 Β.
787 5642 1293 5711 condemnationem
1373 5651 1448 5726 (q)
1494 5654 1515 5676 '
1562 5650 1622 5708 in
1666 5642 1894 5729 partem
1939 5642 2118 5731 quam
2164 5642 2298 5730 quis
2319 5642 2532 5712 'vellet.
2609 5642 2745 5730 ω’*
2789 5656 2846 5710 et
2886 5642 3300 5728 porrexerunt.
3335 5642 3432 5721 '(s)
3479 5647 3499 5670 '
3543 5642 3606 5699 in

503 5853 768 5920 Ρλτιιοι..
814 5851 1138 5920 CXXVIII.

2246 5880 2248 5882 -
3198 5844 3275 5908 26
