  <div class='ocr_page' id='page_1' title='image "/cluster/home/n/w/nwhite01/storage/ocr_20150623/128/hvd.32044054759899/452.png"; bbox 0 0 4008 6158; ppageno 0'>
   <div class='ocr_carea' id='block_1_1' title="bbox 314 158 3736 233">
    <p class='ocr_par' dir='ltr' id='par_1_1' title="bbox 314 158 3736 233">
     <span class='ocr_line' id='line_1_1' title="bbox 314 158 3736 233; baseline 0.003 -11"><span class='ocrx_word' id='word_1_1' title='bbox 314 158 446 223; x_wconf 82' lang='lat'><strong>893</strong></span> <span class='ocrx_word' id='word_1_2' title='bbox 1127 162 1496 226; x_wconf 83' lang='lat' dir='ltr'><strong>HISTORIA</strong></span> <span class='ocrx_word' id='word_1_3' title='bbox 1541 163 1644 225; x_wconf 90' lang='lat' dir='ltr'><strong>DE</strong></span> <span class='ocrx_word' id='word_1_4' title='bbox 1685 162 1890 227; x_wconf 81' lang='lat' dir='ltr'><strong>VITIS</strong></span> <span class='ocrx_word' id='word_1_5' title='bbox 1932 163 2125 227; x_wconf 74' lang='lat' dir='ltr'><strong>8.0M.</strong></span> <span class='ocrx_word' id='word_1_6' title='bbox 2169 162 2404 226; x_wconf 88' lang='lat' dir='ltr'><strong>PONT.</strong></span> <span class='ocrx_word' id='word_1_7' title='bbox 2453 197 2531 211; x_wconf 92' lang='lat'><em>—</em></span> <span class='ocrx_word' id='word_1_8' title='bbox 2575 166 2931 230; x_wconf 83' lang='lat' dir='ltr'><strong>SERGIUS.</strong></span> <span class='ocrx_word' id='word_1_9' title='bbox 3614 171 3736 233; x_wconf 63' lang='lat'><strong>894</strong></span> 
     </span>
    </p>
   </div>
   <div class='ocr_carea' id='block_1_2' title="bbox 487 292 3733 389">
    <p class='ocr_par' dir='ltr' id='par_1_2' title="bbox 487 292 3733 389">
     <span class='ocr_line' id='line_1_2' title="bbox 487 292 3733 389; baseline 0.005 -34"><span class='ocrx_word' id='word_1_10' title='bbox 487 292 717 389; x_wconf 88' lang='lat' dir='ltr'><strong>domus</strong></span> <span class='ocrx_word' id='word_1_11' title='bbox 756 293 961 371; x_wconf 85' lang='lat' dir='ltr'><strong>Julia,</strong></span> <span class='ocrx_word' id='word_1_12' title='bbox 1011 313 1153 376; x_wconf 82' lang='lat' dir='ltr'><strong>qua</strong></span> <span class='ocrx_word' id='word_1_13' title='bbox 1196 313 1385 378; x_wconf 82' lang='lat' dir='ltr'><strong>super</strong></span> <span class='ocrx_word' id='word_1_14' title='bbox 1425 315 1717 378; x_wconf 86' lang='lat' dir='ltr'><strong>campum</strong></span> <span class='ocrx_word' id='word_1_15' title='bbox 1764 296 2036 377; x_wconf 83' lang='lat' dir='ltr'><strong>respicit,</strong></span> <span class='ocrx_word' id='word_1_16' title='bbox 2085 296 2441 378; x_wconf 78' lang='lat' dir='ltr'><strong>occupavit.</strong></span> <span class='ocrx_word' id='word_1_17' title='bbox 2485 300 2771 379; x_wconf 85' lang='lat' dir='ltr'>Cumque</span> <span class='ocrx_word' id='word_1_18' title='bbox 2830 318 2994 361; x_wconf 93' lang='lat' dir='ltr'><strong>unus</strong></span> <span class='ocrx_word' id='word_1_19' title='bbox 3053 300 3177 363; x_wconf 94' lang='lat' dir='ltr'><strong>alio</strong></span> <span class='ocrx_word' id='word_1_20' title='bbox 3223 296 3307 384; x_wconf 86' lang='grc' dir='ltr'><strong>(α)</strong></span> <span class='ocrx_word' id='word_1_21' title='bbox 3350 302 3559 366; x_wconf 89' lang='lat' dir='ltr'><strong>locum</strong></span> <span class='ocrx_word' id='word_1_22' title='bbox 3604 325 3733 370; x_wconf 89' lang='lat' dir='ltr'><strong>non</strong></span> 
     </span>
    </p>
   </div>
   <div class='ocr_carea' id='block_1_3' title="bbox 365 402 3731 487">
    <p class='ocr_par' dir='ltr' id='par_1_3' title="bbox 365 402 3731 487">
     <span class='ocr_line' id='line_1_3' title="bbox 365 402 3731 487; baseline 0.003 -22"><span class='ocrx_word' id='word_1_23' title='bbox 365 405 442 465; x_wconf 75' lang='grc'><strong>15</strong></span> <span class='ocrx_word' id='word_1_24' title='bbox 486 402 759 476; x_wconf 82' lang='lat' dir='ltr'><strong>cederet,</strong></span> <span class='ocrx_word' id='word_1_25' title='bbox 805 402 913 464; x_wconf 89' lang='lat' dir='ltr'><strong>sed</strong></span> <span class='ocrx_word' id='word_1_26' title='bbox 956 403 1203 483; x_wconf 83' lang='lat' dir='ltr'><strong>utrique</strong></span> <span class='ocrx_word' id='word_1_27' title='bbox 1244 403 1605 465; x_wconf 79' lang='lat' dir='ltr'><strong>immaniter</strong></span> <span class='ocrx_word' id='word_1_28' title='bbox 1646 404 1729 485; x_wconf 83' lang='lat' dir='ltr'><strong>(b)</strong></span> <span class='ocrx_word' id='word_1_29' title='bbox 1770 404 2208 485; x_wconf 82' lang='lat' dir='ltr'><strong>perdurarent,</strong></span> <span class='ocrx_word' id='word_1_30' title='bbox 2256 411 2324 465; x_wconf 90' lang='lat' dir='ltr'><strong>ut</strong></span> <span class='ocrx_word' id='word_1_31' title='bbox 2368 424 2531 467; x_wconf 88' lang='lat' dir='ltr'><strong>unus</strong></span> <span class='ocrx_word' id='word_1_32' title='bbox 2600 402 3188 487; x_wconf 28' lang='lat' dir='ltr'><strong>alium’superaret,</strong></span> <span class='ocrx_word' id='word_1_33' title='bbox 3232 410 3459 473; x_wconf 85' lang='lat' dir='ltr'><strong>ininito</strong></span> <span class='ocrx_word' id='word_1_34' title='bbox 3520 414 3731 475; x_wconf 87' lang='lat' dir='ltr'><strong>consi-</strong></span> 
     </span>
    </p>
   </div>
   <div class='ocr_carea' id='block_1_4' title="bbox 482 509 3728 600">
    <p class='ocr_par' dir='ltr' id='par_1_4' title="bbox 482 509 3728 600">
     <span class='ocr_line' id='line_1_4' title="bbox 482 509 3728 600; baseline 0.003 -29"><span class='ocrx_word' id='word_1_35' title='bbox 482 510 570 571; x_wconf 92' lang='lat' dir='ltr'><strong>lio</strong></span> <span class='ocrx_word' id='word_1_36' title='bbox 600 510 900 590; x_wconf 83' lang='lat' dir='ltr'><strong>primates</strong></span> <span class='ocrx_word' id='word_1_37' title='bbox 952 509 1240 590; x_wconf 86' lang='lat' dir='ltr'><strong>judicum</strong></span> <span class='ocrx_word' id='word_1_38' title='bbox 1284 517 1340 573; x_wconf 87' lang='lat' dir='ltr'><strong>et</strong></span> <span class='ocrx_word' id='word_1_39' title='bbox 1389 512 1698 573; x_wconf 87' lang='lat' dir='ltr'><strong>exercitus</strong></span> <span class='ocrx_word' id='word_1_40' title='bbox 1764 513 2066 575; x_wconf 82' lang='lat' dir='ltr'><strong>Romana</strong></span> <span class='ocrx_word' id='word_1_41' title='bbox 2130 513 2391 587; x_wconf 90' lang='lat' dir='ltr'><strong>militia,</strong></span> <span class='ocrx_word' id='word_1_42' title='bbox 2439 514 2537 574; x_wconf 86' lang='lat' dir='ltr'><strong>vel</strong></span> <span class='ocrx_word' id='word_1_43' title='bbox 2580 513 2730 575; x_wconf 84' lang='lat' dir='ltr'><strong>cieri</strong></span> <span class='ocrx_word' id='word_1_44' title='bbox 2774 512 2849 593; x_wconf 74' lang='grc' dir='ltr'><strong>(ς)</strong></span> <span class='ocrx_word' id='word_1_45' title='bbox 2895 514 3169 594; x_wconf 89' lang='lat' dir='ltr'><strong>plurima</strong></span> <span class='ocrx_word' id='word_1_46' title='bbox 3227 536 3396 597; x_wconf 88' lang='lat' dir='ltr'><strong>pars,</strong></span> <span class='ocrx_word' id='word_1_47' title='bbox 3443 523 3506 580; x_wconf 93' lang='lat' dir='ltr'><strong>et</strong></span> <span class='ocrx_word' id='word_1_48' title='bbox 3566 538 3728 600; x_wconf 87' lang='lat' dir='ltr'><strong>pra-</strong></span> 
     </span>
    </p>
   </div>
   <div class='ocr_carea' id='block_1_5' title="bbox 484 616 3728 700">
    <p class='ocr_par' dir='ltr' id='par_1_5' title="bbox 484 616 3728 700">
     <span class='ocr_line' id='line_1_5' title="bbox 484 616 3728 700; baseline 0.003 -21"><span class='ocrx_word' id='word_1_49' title='bbox 484 616 699 679; x_wconf 90' lang='lat' dir='ltr'><strong>sertim</strong></span> <span class='ocrx_word' id='word_1_50' title='bbox 762 617 1159 680; x_wconf 78' lang='lat' dir='ltr'><strong>sacerdotum</strong></span> <span class='ocrx_word' id='word_1_51' title='bbox 1222 624 1411 698; x_wconf 89' lang='lat' dir='ltr'><strong>atque</strong></span> <span class='ocrx_word' id='word_1_52' title='bbox 1473 618 1702 679; x_wconf 86' lang='lat' dir='ltr'><strong>civium</strong></span> <span class='ocrx_word' id='word_1_53' title='bbox 1774 618 2113 680; x_wconf 79' lang='lat' dir='ltr'><strong>multitudo</strong></span> <span class='ocrx_word' id='word_1_54' title='bbox 2184 619 2265 679; x_wconf 90' lang='lat' dir='ltr'><strong>ad</strong></span> <span class='ocrx_word' id='word_1_55' title='bbox 2336 638 2583 681; x_wconf 89' lang='lat' dir='ltr'><strong>sacrum</strong></span> <span class='ocrx_word' id='word_1_56' title='bbox 2656 620 2963 700; x_wconf 80' lang='lat' dir='ltr'><strong>palatium</strong></span> <span class='ocrx_word' id='word_1_57' title='bbox 3034 628 3467 700; x_wconf 89' lang='lat' dir='ltr'><strong>perrexerunt,</strong></span> <span class='ocrx_word' id='word_1_58' title='bbox 3517 631 3580 687; x_wconf 92' lang='lat' dir='ltr'><strong>et</strong></span> <span class='ocrx_word' id='word_1_59' title='bbox 3622 627 3728 689; x_wconf 91' lang='lat' dir='ltr'><strong>diu</strong></span> 
     </span>
    </p>
   </div>
   <div class='ocr_carea' id='block_1_6' title="bbox 480 716 3732 812">
    <p class='ocr_par' dir='ltr' id='par_1_6' title="bbox 480 716 3732 812">
     <span class='ocr_line' id='line_1_6' title="bbox 480 716 3732 812; baseline 0.003 -27"><span class='ocrx_word' id='word_1_60' title='bbox 480 729 940 805; x_wconf 86' lang='lat' dir='ltr'><strong>pertractantes</strong></span> <span class='ocrx_word' id='word_1_61' title='bbox 982 724 1134 805; x_wconf 88' lang='lat' dir='ltr'><strong>quid</strong></span> <span class='ocrx_word' id='word_1_62' title='bbox 1200 716 1337 786; x_wconf 85' lang='lat' dir='ltr'><strong>ﬁeri</strong></span> <span class='ocrx_word' id='word_1_63' title='bbox 1405 725 1663 787; x_wconf 88' lang='lat' dir='ltr'><strong>deberet</strong></span> <span class='ocrx_word' id='word_1_64' title='bbox 1733 725 2080 805; x_wconf 85' lang='lat' dir='ltr'><strong>qualiterve</strong></span> <span class='ocrx_word' id='word_1_65' title='bbox 2150 727 2420 787; x_wconf 92' lang='lat' dir='ltr'><strong>duorum</strong></span> <span class='ocrx_word' id='word_1_66' title='bbox 2494 727 2933 787; x_wconf 87' lang='lat' dir='ltr'><strong>altercantium</strong></span> <span class='ocrx_word' id='word_1_67' title='bbox 3006 728 3347 790; x_wconf 88' lang='lat' dir='ltr'><strong>electorum</strong></span> <span class='ocrx_word' id='word_1_68' title='bbox 3419 730 3732 812; x_wconf 88' lang='lat' dir='ltr'><strong>sopiretur</strong></span> 
     </span>
    </p>
   </div>
   <div class='ocr_carea' id='block_1_7' title="bbox 480 831 3730 919">
    <p class='ocr_par' dir='ltr' id='par_1_7' title="bbox 480 831 3730 919">
     <span class='ocr_line' id='line_1_7' title="bbox 480 831 3730 919; baseline 0.002 -27"><span class='ocrx_word' id='word_1_69' title='bbox 480 832 799 893; x_wconf 90' lang='lat' dir='ltr'><strong>contentio</strong></span> <span class='ocrx_word' id='word_1_70' title='bbox 844 831 951 913; x_wconf 88' lang='lat' dir='ltr'><strong>(d).</strong></span> <span class='ocrx_word' id='word_1_71' title='bbox 995 832 1125 892; x_wconf 92' lang='lat' dir='ltr'><strong>Deo</strong></span> <span class='ocrx_word' id='word_1_72' title='bbox 1169 838 1487 894; x_wconf 91' lang='lat' dir='ltr'><strong>annuente</strong></span> <span class='ocrx_word' id='word_1_73' title='bbox 1530 833 1596 892; x_wconf 90' lang='lat' dir='ltr'><strong>in</strong></span> <span class='ocrx_word' id='word_1_74' title='bbox 1659 851 1995 912; x_wconf 84' lang='lat' dir='ltr'><strong>personam</strong></span> <span class='ocrx_word' id='word_1_75' title='bbox 2055 832 2448 894; x_wconf 90' lang='lat' dir='ltr'><strong>denominati</strong></span> <span class='ocrx_word' id='word_1_76' title='bbox 2523 833 2725 912; x_wconf 87' lang='lat' dir='ltr'><strong>Sergii</strong></span> <span class='ocrx_word' id='word_1_77' title='bbox 2796 833 3173 895; x_wconf 86' lang='lat' dir='ltr'><strong>venerabilis</strong></span> <span class='ocrx_word' id='word_1_78' title='bbox 3246 839 3397 896; x_wconf 91' lang='lat' dir='ltr'><strong>tunc</strong></span> <span class='ocrx_word' id='word_1_79' title='bbox 3467 839 3730 919; x_wconf 89' lang='lat' dir='ltr'><strong>presby-</strong></span> 
     </span>
    </p>
   </div>
   <div class='ocr_carea' id='block_1_8' title="bbox 355 937 3731 1021">
    <p class='ocr_par' dir='ltr' id='par_1_8' title="bbox 355 937 3731 1021">
     <span class='ocr_line' id='line_1_8' title="bbox 355 937 3731 1021; baseline 0.002 -22"><span class='ocrx_word' id='word_1_80' title='bbox 355 937 440 999; x_wconf 78' lang='grc'><strong>20</strong></span> <span class='ocrx_word' id='word_1_81' title='bbox 481 938 600 1000; x_wconf 89' lang='lat' dir='ltr'><strong>teri</strong></span> <span class='ocrx_word' id='word_1_82' title='bbox 642 938 1098 1001; x_wconf 88' lang='lat' dir='ltr'><strong>concordantes</strong></span> <span class='ocrx_word' id='word_1_83' title='bbox 1140 957 1205 1000; x_wconf 90' lang='lat' dir='ltr'><strong>se</strong></span> <span class='ocrx_word' id='word_1_84' title='bbox 1248 940 1669 1015; x_wconf 87' lang='lat' dir='ltr'><strong>contulerunt,</strong></span> <span class='ocrx_word' id='word_1_85' title='bbox 1718 957 1989 1019; x_wconf 92' lang='lat' dir='ltr'><strong>eumque</strong></span> <span class='ocrx_word' id='word_1_86' title='bbox 2033 940 2110 1000; x_wconf 92' lang='lat' dir='ltr'><strong>de</strong></span> <span class='ocrx_word' id='word_1_87' title='bbox 2156 940 2362 1001; x_wconf 90' lang='lat' dir='ltr'><strong>medio</strong></span> <span class='ocrx_word' id='word_1_88' title='bbox 2407 940 2625 1021; x_wconf 88' lang='lat' dir='ltr'><strong>populi</strong></span> <span class='ocrx_word' id='word_1_89' title='bbox 2678 940 2970 1001; x_wconf 90' lang='lat' dir='ltr'><strong>tollentes</strong></span> <span class='ocrx_word' id='word_1_90' title='bbox 3037 941 3103 1001; x_wconf 90' lang='lat' dir='ltr'><strong>in</strong></span> <span class='ocrx_word' id='word_1_91' title='bbox 3164 942 3493 1004; x_wconf 90' lang='lat' dir='ltr'><strong>oraculum</strong></span> <span class='ocrx_word' id='word_1_92' title='bbox 3559 943 3731 1007; x_wconf 89' lang='lat' dir='ltr'><strong>beati</strong></span> 
     </span>
    </p>
   </div>
   <div class='ocr_carea' id='block_1_9' title="bbox 479 1045 3730 1128">
    <p class='ocr_par' dir='ltr' id='par_1_9' title="bbox 479 1045 3730 1128">
     <span class='ocr_line' id='line_1_9' title="bbox 479 1045 3730 1128; baseline 0.002 -21"><span class='ocrx_word' id='word_1_93' title='bbox 479 1045 733 1107; x_wconf 91' lang='lat' dir='ltr'><strong>Casarii</strong></span> <span class='ocrx_word' id='word_1_94' title='bbox 775 1046 1069 1126; x_wconf 87' lang='lat' dir='ltr'><strong>martyris</strong></span> <span class='ocrx_word' id='word_1_95' title='bbox 1109 1046 1359 1120; x_wconf 84' lang='lat' dir='ltr'><strong>Christi,</strong></span> <span class='ocrx_word' id='word_1_96' title='bbox 1409 1047 1580 1126; x_wconf 90' lang='lat' dir='ltr'><strong>quod</strong></span> <span class='ocrx_word' id='word_1_97' title='bbox 1633 1052 1727 1107; x_wconf 92' lang='lat' dir='ltr'><strong>est</strong></span> <span class='ocrx_word' id='word_1_98' title='bbox 1794 1046 1964 1107; x_wconf 90' lang='lat' dir='ltr'><strong>intra</strong></span> <span class='ocrx_word' id='word_1_99' title='bbox 2035 1052 2510 1108; x_wconf 88' lang='lat' dir='ltr'><strong>sacrosanctum</strong></span> <span class='ocrx_word' id='word_1_100' title='bbox 2583 1048 3084 1128; x_wconf 88' lang='lat' dir='ltr'><strong>suprascriptum</strong></span> <span class='ocrx_word' id='word_1_101' title='bbox 3156 1048 3463 1128; x_wconf 88' lang='lat' dir='ltr'><strong>palatium</strong></span> <span class='ocrx_word' id='word_1_102' title='bbox 3529 1050 3730 1113; x_wconf 91' lang='lat' dir='ltr'><strong>intro-</strong></span> 
     </span>
    </p>
   </div>
   <div class='ocr_carea' id='block_1_10' title="bbox 480 1152 3728 1239">
    <p class='ocr_par' dir='ltr' id='par_1_10' title="bbox 480 1152 3728 1239">
     <span class='ocr_line' id='line_1_10' title="bbox 480 1152 3728 1239; baseline 0.002 -26"><span class='ocrx_word' id='word_1_103' title='bbox 480 1152 821 1228; x_wconf 84' lang='lat' dir='ltr'><strong>duxerunt,</strong></span> <span class='ocrx_word' id='word_1_104' title='bbox 866 1156 929 1215; x_wconf 89' lang='lat' dir='ltr'><strong>et</strong></span> <span class='ocrx_word' id='word_1_105' title='bbox 989 1153 1213 1215; x_wconf 81' lang='lat' dir='ltr'><strong>exinde</strong></span> <span class='ocrx_word' id='word_1_106' title='bbox 1270 1153 1337 1214; x_wconf 91' lang='lat' dir='ltr'><strong>in</strong></span> <span class='ocrx_word' id='word_1_107' title='bbox 1410 1157 1825 1216; x_wconf 86' lang='lat' dir='ltr'><strong>Lateranense</strong></span> <span class='ocrx_word' id='word_1_108' title='bbox 1896 1154 2284 1235; x_wconf 81' lang='lat' dir='ltr'><strong>episcOpium</strong></span> <span class='ocrx_word' id='word_1_109' title='bbox 2357 1173 2498 1215; x_wconf 90' lang='lat' dir='ltr'><strong>cum</strong></span> <span class='ocrx_word' id='word_1_110' title='bbox 2564 1155 2825 1216; x_wconf 90' lang='lat' dir='ltr'><strong>laudum</strong></span> <span class='ocrx_word' id='word_1_111' title='bbox 2880 1155 3456 1218; x_wconf 87' lang='lat' dir='ltr'><strong>declamationibus</strong></span> <span class='ocrx_word' id='word_1_112' title='bbox 3496 1156 3573 1239; x_wconf 88' lang='lat' dir='ltr'><strong>(e)</strong></span> <span class='ocrx_word' id='word_1_113' title='bbox 3617 1158 3728 1221; x_wconf 91' lang='lat' dir='ltr'><strong>de-</strong></span> 
     </span>
    </p>
   </div>
   <div class='ocr_carea' id='block_1_11' title="bbox 479 1258 3729 1342">
    <p class='ocr_par' dir='ltr' id='par_1_11' title="bbox 479 1258 3729 1342">
     <span class='ocr_line' id='line_1_11' title="bbox 479 1258 3729 1342; baseline 0.002 -21"><span class='ocrx_word' id='word_1_114' title='bbox 479 1258 821 1323; x_wconf 90' lang='lat' dir='ltr'><strong>duxerunt.</strong></span> <span class='ocrx_word' id='word_1_115' title='bbox 866 1262 947 1322; x_wconf 89' lang='lat' dir='ltr'><strong>Et</strong></span> <span class='ocrx_word' id='word_1_116' title='bbox 996 1260 1245 1341; x_wconf 89' lang='lat' dir='ltr'><strong>quamis</strong></span> <span class='ocrx_word' id='word_1_117' title='bbox 1311 1260 1478 1322; x_wconf 87' lang='lat' dir='ltr'><strong>fores</strong></span> <span class='ocrx_word' id='word_1_118' title='bbox 1545 1260 1914 1342; x_wconf 89' lang='lat' dir='ltr'><strong>patriarchii</strong></span> <span class='ocrx_word' id='word_1_119' title='bbox 1981 1260 2357 1323; x_wconf 87' lang='lat' dir='ltr'><strong>intrinsecus</strong></span> <span class='ocrx_word' id='word_1_120' title='bbox 2428 1268 2636 1323; x_wconf 85' lang='lat' dir='ltr'><strong>essent</strong></span> <span class='ocrx_word' id='word_1_121' title='bbox 2707 1262 2967 1323; x_wconf 89' lang='lat' dir='ltr'><strong>munita</strong></span> <span class='ocrx_word' id='word_1_122' title='bbox 3041 1268 3105 1324; x_wconf 92' lang='lat' dir='ltr'><strong>et</strong></span> <span class='ocrx_word' id='word_1_123' title='bbox 3180 1263 3435 1337; x_wconf 89' lang='lat' dir='ltr'><strong>clausa,</strong></span> <span class='ocrx_word' id='word_1_124' title='bbox 3514 1269 3729 1328; x_wconf 90' lang='lat' dir='ltr'><strong>tamen</strong></span> 
     </span>
    </p>
   </div>
   <div class='ocr_carea' id='block_1_12' title="bbox 478 1366 3730 1451">
    <p class='ocr_par' dir='ltr' id='par_1_12' title="bbox 478 1366 3730 1451">
     <span class='ocr_line' id='line_1_12' title="bbox 478 1366 3730 1451; baseline 0.002 -22"><span class='ocrx_word' id='word_1_125' title='bbox 478 1384 628 1447; x_wconf 89' lang='lat' dir='ltr'><strong>pars</strong></span> <span class='ocrx_word' id='word_1_126' title='bbox 695 1385 837 1447; x_wconf 87' lang='lat' dir='ltr'><strong>qua</strong></span> <span class='ocrx_word' id='word_1_127' title='bbox 905 1366 1277 1448; x_wconf 86' lang='lat' dir='ltr'><strong>pradictum</strong></span> <span class='ocrx_word' id='word_1_128' title='bbox 1344 1367 1771 1430; x_wconf 86' lang='lat' dir='ltr'><strong>venerabilem</strong></span> <span class='ocrx_word' id='word_1_129' title='bbox 1838 1366 2047 1428; x_wconf 90' lang='lat' dir='ltr'><strong>virum</strong></span> <span class='ocrx_word' id='word_1_130' title='bbox 2109 1367 2408 1447; x_wconf 81' lang='lat' dir='ltr'><strong>elegerat,</strong></span> <span class='ocrx_word' id='word_1_131' title='bbox 2458 1369 2610 1450; x_wconf 88' lang='lat' dir='ltr'><strong>quia</strong></span> <span class='ocrx_word' id='word_1_132' title='bbox 2671 1372 2733 1430; x_wconf 91' lang='lat' dir='ltr'><strong>et</strong></span> <span class='ocrx_word' id='word_1_133' title='bbox 2773 1368 3044 1430; x_wconf 87' lang='lat' dir='ltr'><strong>validior</strong></span> <span class='ocrx_word' id='word_1_134' title='bbox 3086 1374 3243 1444; x_wconf 87' lang='lat' dir='ltr'><strong>erat,</strong></span> <span class='ocrx_word' id='word_1_135' title='bbox 3290 1370 3620 1451; x_wconf 80' lang='lat' dir='ltr'><strong>praevaluit</strong></span> <span class='ocrx_word' id='word_1_136' title='bbox 3667 1375 3730 1434; x_wconf 90' lang='lat' dir='ltr'><strong>et</strong></span> 
     </span>
    </p>
   </div>
   <div class='ocr_carea' id='block_1_13' title="bbox 352 1474 912 1561">
    <p class='ocr_par' dir='ltr' id='par_1_13' title="bbox 352 1474 912 1561">
     <span class='ocr_line' id='line_1_13' title="bbox 352 1474 912 1561; baseline 0.002 -25"><span class='ocrx_word' id='word_1_137' title='bbox 352 1476 437 1536; x_wconf 81' lang='lat'><strong>25</strong></span> <span class='ocrx_word' id='word_1_138' title='bbox 479 1474 762 1561; x_wconf 87' lang='lat' dir='ltr'><strong>ingressa</strong></span> <span class='ocrx_word' id='word_1_139' title='bbox 792 1479 912 1538; x_wconf 91' lang='lat' dir='ltr'><strong>est.</strong></span> 
     </span>
    </p>
   </div>
   <div class='ocr_carea' id='block_1_14' title="bbox 561 1580 3753 1664">
    <p class='ocr_par' dir='ltr' id='par_1_14' title="bbox 561 1580 3753 1664">
     <span class='ocr_line' id='line_1_14' title="bbox 561 1580 3753 1664; baseline 0.002 -22"><span class='ocrx_word' id='word_1_140' title='bbox 561 1587 727 1644; x_wconf 65' lang='lat'><strong>159</strong></span> <span class='ocrx_word' id='word_1_141' title='bbox 768 1582 905 1656; x_wconf 90' lang='lat' dir='ltr'><strong>Quo</strong></span> <span class='ocrx_word' id='word_1_142' title='bbox 973 1580 1254 1663; x_wconf 87' lang='lat' dir='ltr'><strong>ingresso</strong></span> <span class='ocrx_word' id='word_1_143' title='bbox 1324 1601 1488 1644; x_wconf 90' lang='lat' dir='ltr'><strong>unus</strong></span> <span class='ocrx_word' id='word_1_144' title='bbox 1530 1601 1564 1644; x_wconf 92' lang='lat' dir='ltr'><strong>e</strong></span> <span class='ocrx_word' id='word_1_145' title='bbox 1607 1582 1854 1645; x_wconf 90' lang='lat' dir='ltr'><strong>duobus</strong></span> <span class='ocrx_word' id='word_1_146' title='bbox 1924 1583 2160 1658; x_wconf 90' lang='lat' dir='ltr'><strong>electis,</strong></span> <span class='ocrx_word' id='word_1_147' title='bbox 2232 1583 2299 1645; x_wconf 90' lang='lat' dir='ltr'><strong>id</strong></span> <span class='ocrx_word' id='word_1_148' title='bbox 2369 1589 2464 1645; x_wconf 89' lang='lat' dir='ltr'><strong>est</strong></span> <span class='ocrx_word' id='word_1_149' title='bbox 2536 1583 2908 1647; x_wconf 88' lang='lat' dir='ltr'><strong>Theodorus</strong></span> <span class='ocrx_word' id='word_1_150' title='bbox 2980 1581 3510 1664; x_wconf 88' lang='lat' dir='ltr'><strong>archipresbyter,</strong></span> <span class='ocrx_word' id='word_1_151' title='bbox 3556 1582 3753 1649; x_wconf 88' lang='lat' dir='ltr'><strong>illico</strong></span> 
     </span>
    </p>
   </div>
   <div class='ocr_carea' id='block_1_15' title="bbox 475 1689 3727 1773">
    <p class='ocr_par' dir='ltr' id='par_1_15' title="bbox 475 1689 3727 1773">
     <span class='ocr_line' id='line_1_15' title="bbox 475 1689 3727 1773; baseline 0.001 -22"><span class='ocrx_word' id='word_1_152' title='bbox 475 1689 756 1773; x_wconf 87' lang='lat' dir='ltr'><strong>quivevit</strong></span> <span class='ocrx_word' id='word_1_153' title='bbox 797 1709 870 1752; x_wconf 91' lang='lat' dir='ltr'><strong>ac</strong></span> <span class='ocrx_word' id='word_1_154' title='bbox 913 1709 978 1752; x_wconf 91' lang='lat' dir='ltr'><strong>se</strong></span> <span class='ocrx_word' id='word_1_155' title='bbox 1036 1690 1416 1753; x_wconf 90' lang='lat' dir='ltr'><strong>humiliavit.</strong></span> <span class='ocrx_word' id='word_1_156' title='bbox 1462 1693 1540 1753; x_wconf 91' lang='lat' dir='ltr'><strong>Et</strong></span> <span class='ocrx_word' id='word_1_157' title='bbox 1608 1691 1928 1770; x_wconf 89' lang='lat' dir='ltr'><strong>ingressus</strong></span> <span class='ocrx_word' id='word_1_158' title='bbox 1998 1692 2480 1754; x_wconf 89' lang='lat' dir='ltr'><strong>denominatum</strong></span> <span class='ocrx_word' id='word_1_159' title='bbox 2550 1692 3017 1753; x_wconf 89' lang='lat' dir='ltr'><strong>sanctissimum</strong></span> <span class='ocrx_word' id='word_1_160' title='bbox 3088 1690 3356 1753; x_wconf 89' lang='lat' dir='ltr'><strong>electum</strong></span> <span class='ocrx_word' id='word_1_161' title='bbox 3426 1691 3727 1755; x_wconf 81' lang='lat' dir='ltr'><strong>salutavit</strong></span> 
     </span>
    </p>
   </div>
   <div class='ocr_carea' id='block_1_16' title="bbox 474 1797 3725 1873">
    <p class='ocr_par' dir='ltr' id='par_1_16' title="bbox 474 1797 3725 1873">
     <span class='ocr_line' id='line_1_16' title="bbox 474 1797 3725 1873; baseline 0.001 -14"><span class='ocrx_word' id='word_1_162' title='bbox 474 1815 549 1859; x_wconf 92' lang='lat' dir='ltr'><strong>ac</strong></span> <span class='ocrx_word' id='word_1_163' title='bbox 589 1797 907 1860; x_wconf 89' lang='lat' dir='ltr'><strong>osculatus</strong></span> <span class='ocrx_word' id='word_1_164' title='bbox 948 1802 1063 1860; x_wconf 91' lang='lat' dir='ltr'><strong>est.</strong></span> <span class='ocrx_word' id='word_1_165' title='bbox 1106 1798 1479 1860; x_wconf 91' lang='lat' dir='ltr'><strong>Paschalem</strong></span> <span class='ocrx_word' id='word_1_166' title='bbox 1523 1815 1670 1859; x_wconf 90' lang='lat' dir='ltr'><strong>vero</strong></span> <span class='ocrx_word' id='word_1_167' title='bbox 1728 1799 1903 1860; x_wconf 90' lang='lat' dir='ltr'><strong>nullo</strong></span> <span class='ocrx_word' id='word_1_168' title='bbox 1968 1799 2154 1860; x_wconf 90' lang='lat' dir='ltr'><strong>modo</strong></span> <span class='ocrx_word' id='word_1_169' title='bbox 2216 1799 2422 1861; x_wconf 87' lang='lat' dir='ltr'><strong>cordis</strong></span> <span class='ocrx_word' id='word_1_170' title='bbox 2493 1799 2726 1860; x_wconf 89' lang='lat' dir='ltr'><strong>duritia</strong></span> <span class='ocrx_word' id='word_1_171' title='bbox 2794 1798 2861 1859; x_wconf 90' lang='lat' dir='ltr'><strong>id</strong></span> <span class='ocrx_word' id='word_1_172' title='bbox 2929 1799 3135 1859; x_wconf 85' lang='lat' dir='ltr'><strong>facere</strong></span> <span class='ocrx_word' id='word_1_173' title='bbox 3206 1798 3477 1873; x_wconf 88' lang='lat' dir='ltr'><strong>sinebat,</strong></span> <span class='ocrx_word' id='word_1_174' title='bbox 3521 1799 3725 1862; x_wconf 90' lang='lat' dir='ltr'><strong>donec</strong></span> 
     </span>
    </p>
   </div>
   <div class='ocr_carea' id='block_1_17' title="bbox 473 1905 3727 1985">
    <p class='ocr_par' dir='ltr' id='par_1_17' title="bbox 473 1905 3727 1985">
     <span class='ocr_line' id='line_1_17' title="bbox 473 1905 3727 1985; baseline 0.001 -19"><span class='ocrx_word' id='word_1_175' title='bbox 473 1910 730 1968; x_wconf 90' lang='lat' dir='ltr'><strong>coactus</strong></span> <span class='ocrx_word' id='word_1_176' title='bbox 771 1910 835 1968; x_wconf 90' lang='lat' dir='ltr'><strong>et</strong></span> <span class='ocrx_word' id='word_1_177' title='bbox 874 1906 1192 1980; x_wconf 84' lang='lat' dir='ltr'><strong>confusus,</strong></span> <span class='ocrx_word' id='word_1_178' title='bbox 1239 1905 1457 1968; x_wconf 88' lang='lat' dir='ltr'><strong>volens</strong></span> <span class='ocrx_word' id='word_1_179' title='bbox 1499 1906 1738 1979; x_wconf 89' lang='lat' dir='ltr'><strong>nolens,</strong></span> <span class='ocrx_word' id='word_1_180' title='bbox 1787 1925 1971 1967; x_wconf 90' lang='lat' dir='ltr'><strong>suum</strong></span> <span class='ocrx_word' id='word_1_181' title='bbox 2017 1906 2344 1969; x_wconf 91' lang='lat' dir='ltr'><strong>dominum</strong></span> <span class='ocrx_word' id='word_1_182' title='bbox 2408 1912 2472 1969; x_wconf 91' lang='lat' dir='ltr'><strong>et</strong></span> <span class='ocrx_word' id='word_1_183' title='bbox 2530 1906 2799 1968; x_wconf 91' lang='lat' dir='ltr'><strong>electum</strong></span> <span class='ocrx_word' id='word_1_184' title='bbox 2858 1906 3179 1985; x_wconf 87' lang='lat' dir='ltr'><strong>ingressus</strong></span> <span class='ocrx_word' id='word_1_185' title='bbox 3238 1905 3561 1967; x_wconf 86' lang='lat' dir='ltr'><strong>salutaret.</strong></span> <span class='ocrx_word' id='word_1_186' title='bbox 3607 1906 3727 1979; x_wconf 86' lang='lat' dir='ltr'><strong>Qui</strong></span> 
     </span>
    </p>
   </div>
   <div class='ocr_carea' id='block_1_18' title="bbox 389 2012 3722 2093">
    <p class='ocr_par' dir='ltr' id='par_1_18' title="bbox 389 2012 3722 2093">
     <span class='ocr_line' id='line_1_18' title="bbox 389 2012 3722 2093; baseline 0.001 -20"><span class='ocrx_word' id='word_1_187' title='bbox 389 2015 428 2073; x_wconf 83' lang='lat'><strong>5</strong></span> <span class='ocrx_word' id='word_1_188' title='bbox 475 2014 667 2075; x_wconf 88' lang='lat' dir='ltr'><strong>etiam</strong></span> <span class='ocrx_word' id='word_1_189' title='bbox 725 2013 1049 2075; x_wconf 88' lang='lat' dir='ltr'><strong>Paschalis</strong></span> <span class='ocrx_word' id='word_1_190' title='bbox 1108 2012 1396 2075; x_wconf 89' lang='lat' dir='ltr'><strong>clanculo</strong></span> <span class='ocrx_word' id='word_1_191' title='bbox 1460 2032 1587 2075; x_wconf 90' lang='lat' dir='ltr'><strong>non</strong></span> <span class='ocrx_word' id='word_1_192' title='bbox 1640 2014 1904 2075; x_wconf 89' lang='lat' dir='ltr'><strong>cessavit</strong></span> <span class='ocrx_word' id='word_1_193' title='bbox 1949 2016 2313 2076; x_wconf 80' lang='lat' dir='ltr'><strong>Ravennam</strong></span> <span class='ocrx_word' id='word_1_194' title='bbox 2356 2031 2504 2075; x_wconf 90' lang='lat' dir='ltr'><strong>suos</strong></span> <span class='ocrx_word' id='word_1_195' title='bbox 2550 2014 2796 2074; x_wconf 90' lang='lat' dir='ltr'><strong>mittere</strong></span> <span class='ocrx_word' id='word_1_196' title='bbox 2838 2013 3081 2086; x_wconf 89' lang='lat' dir='ltr'><strong>missos,</strong></span> <span class='ocrx_word' id='word_1_197' title='bbox 3130 2013 3566 2093; x_wconf 85' lang='lat' dir='ltr'><strong>promissaque</strong></span> <span class='ocrx_word' id='word_1_198' title='bbox 3609 2032 3722 2093; x_wconf 85' lang='lat' dir='ltr'><strong>pe-</strong></span> 
     </span>
    </p>
   </div>
   <div class='ocr_carea' id='block_1_19' title="bbox 473 2119 3718 2201">
    <p class='ocr_par' dir='ltr' id='par_1_19' title="bbox 473 2119 3718 2201">
     <span class='ocr_line' id='line_1_19' title="bbox 473 2119 3718 2201; baseline -0 -19"><span class='ocrx_word' id='word_1_199' title='bbox 473 2120 662 2183; x_wconf 52' lang='lat' dir='ltr'><strong>cuni‘a</strong></span> <span class='ocrx_word' id='word_1_200' title='bbox 704 2120 801 2183; x_wconf 89' lang='lat' dir='ltr'><strong>vel</strong></span> <span class='ocrx_word' id='word_1_201' title='bbox 871 2121 1009 2182; x_wconf 88' lang='lat' dir='ltr'><strong>aliis</strong></span> <span class='ocrx_word' id='word_1_202' title='bbox 1077 2119 1338 2182; x_wconf 86' lang='lat' dir='ltr'><strong>diversis</strong></span> <span class='ocrx_word' id='word_1_203' title='bbox 1393 2120 1597 2194; x_wconf 91' lang='lat' dir='ltr'><strong>donis,</strong></span> <span class='ocrx_word' id='word_1_204' title='bbox 1640 2121 1951 2183; x_wconf 90' lang='lat' dir='ltr'><strong>Joannem</strong></span> <span class='ocrx_word' id='word_1_205' title='bbox 2023 2121 2358 2201; x_wconf 88' lang='lat' dir='ltr'><strong>patricium</strong></span> <span class='ocrx_word' id='word_1_206' title='bbox 2430 2126 2494 2182; x_wconf 92' lang='lat' dir='ltr'><strong>et</strong></span> <span class='ocrx_word' id='word_1_207' title='bbox 2562 2120 2931 2194; x_wconf 89' lang='lat' dir='ltr'><strong>exarchum,</strong></span> <span class='ocrx_word' id='word_1_208' title='bbox 2979 2126 3398 2198; x_wconf 87' lang='lat' dir='ltr'><strong>cognomento</strong></span> <span class='ocrx_word' id='word_1_209' title='bbox 3467 2119 3718 2200; x_wconf 89' lang='lat' dir='ltr'><strong>Platyn,</strong></span> 
     </span>
    </p>
   </div>
   <div class='ocr_carea' id='block_1_20' title="bbox 473 2227 3726 2308">
    <p class='ocr_par' dir='ltr' id='par_1_20' title="bbox 473 2227 3726 2308">
     <span class='ocr_line' id='line_1_20' title="bbox 473 2227 3726 2308; baseline -0 -18"><span class='ocrx_word' id='word_1_210' title='bbox 473 2248 617 2290; x_wconf 92' lang='lat' dir='ltr'><strong>cum</strong></span> <span class='ocrx_word' id='word_1_211' title='bbox 680 2227 806 2289; x_wconf 88' lang='lat' dir='ltr'><strong>suis</strong></span> <span class='ocrx_word' id='word_1_212' title='bbox 859 2227 1200 2308; x_wconf 89' lang='lat' dir='ltr'><strong>judicibus,</strong></span> <span class='ocrx_word' id='word_1_213' title='bbox 1238 2227 1502 2288; x_wconf 83' lang='lat' dir='ltr'><strong>nemine</strong></span> <span class='ocrx_word' id='word_1_214' title='bbox 1545 2228 1802 2301; x_wconf 89' lang='lat' dir='ltr'><strong>sciente,</strong></span> <span class='ocrx_word' id='word_1_215' title='bbox 1852 2231 2117 2290; x_wconf 82' lang='lat' dir='ltr'><strong>Romam</strong></span> <span class='ocrx_word' id='word_1_216' title='bbox 2162 2228 2376 2289; x_wconf 89' lang='lat' dir='ltr'><strong>venire</strong></span> <span class='ocrx_word' id='word_1_217' title='bbox 2408 2229 2812 2308; x_wconf 83' lang='lat' dir='ltr'><strong>persuadere.</strong></span> <span class='ocrx_word' id='word_1_218' title='bbox 2863 2228 2981 2300; x_wconf 87' lang='lat' dir='ltr'><strong>Qui</strong></span> <span class='ocrx_word' id='word_1_219' title='bbox 3024 2228 3112 2288; x_wconf 91' lang='lat' dir='ltr'><strong>sic</strong></span> <span class='ocrx_word' id='word_1_220' title='bbox 3156 2227 3369 2303; x_wconf 83' lang='lat' dir='ltr'><strong>abdite</strong></span> <span class='ocrx_word' id='word_1_221' title='bbox 3413 2227 3607 2301; x_wconf 89' lang='lat' dir='ltr'><strong>venit,</strong></span> <span class='ocrx_word' id='word_1_222' title='bbox 3654 2233 3726 2289; x_wconf 93' lang='lat' dir='ltr'><strong>ut</strong></span> 
     </span>
    </p>
   </div>
   <div class='ocr_carea' id='block_1_21' title="bbox 469 2332 3720 2415">
    <p class='ocr_par' dir='ltr' id='par_1_21' title="bbox 469 2332 3720 2415">
     <span class='ocr_line' id='line_1_21' title="bbox 469 2332 3720 2415; baseline -0.001 -17"><span class='ocrx_word' id='word_1_223' title='bbox 469 2354 587 2398; x_wconf 90' lang='lat' dir='ltr'><strong>nec</strong></span> <span class='ocrx_word' id='word_1_224' title='bbox 628 2336 831 2415; x_wconf 90' lang='lat' dir='ltr'><strong>signa,</strong></span> <span class='ocrx_word' id='word_1_225' title='bbox 877 2354 993 2397; x_wconf 91' lang='lat' dir='ltr'><strong>nec</strong></span> <span class='ocrx_word' id='word_1_226' title='bbox 1026 2334 1245 2397; x_wconf 38' lang='lat' dir='ltr'><strong>‘banda</strong></span> <span class='ocrx_word' id='word_1_227' title='bbox 1285 2352 1428 2395; x_wconf 91' lang='lat' dir='ltr'><strong>cum</strong></span> <span class='ocrx_word' id='word_1_228' title='bbox 1475 2335 1699 2396; x_wconf 90' lang='lat' dir='ltr'><strong>militia</strong></span> <span class='ocrx_word' id='word_1_229' title='bbox 1740 2332 2009 2395; x_wconf 79' lang='lat' dir='ltr'><strong>Romani</strong></span> <span class='ocrx_word' id='word_1_230' title='bbox 2052 2336 2369 2396; x_wconf 84' lang='lat' dir='ltr'><strong>exeréitus</strong></span> <span class='ocrx_word' id='word_1_231' title='bbox 2410 2334 2831 2396; x_wconf 86' lang='lat' dir='ltr'><strong>occurrissent</strong></span> <span class='ocrx_word' id='word_1_232' title='bbox 2872 2334 2930 2395; x_wconf 92' lang='lat' dir='ltr'><strong>ei</strong></span> <span class='ocrx_word' id='word_1_233' title='bbox 2965 2333 3153 2414; x_wconf 83' lang='lat' dir='ltr'><strong>juxta</strong></span> <span class='ocrx_word' id='word_1_234' title='bbox 3195 2332 3720 2395; x_wconf 88' lang='lat' dir='ltr'><strong>consuetudinem</strong></span> 
     </span>
    </p>
   </div>
   <div class='ocr_carea' id='block_1_22' title="bbox 467 2441 3723 2524">
    <p class='ocr_par' dir='ltr' id='par_1_22' title="bbox 467 2441 3723 2524">
     <span class='ocr_line' id='line_1_22' title="bbox 467 2441 3723 2524; baseline -0.001 -20"><span class='ocrx_word' id='word_1_235' title='bbox 467 2443 534 2504; x_wconf 89' lang='lat' dir='ltr'><strong>in</strong></span> <span class='ocrx_word' id='word_1_236' title='bbox 578 2443 960 2524; x_wconf 89' lang='lat' dir='ltr'><strong>competenti</strong></span> <span class='ocrx_word' id='word_1_237' title='bbox 1002 2443 1163 2517; x_wconf 94' lang='lat' dir='ltr'><strong>loco,</strong></span> <span class='ocrx_word' id='word_1_238' title='bbox 1211 2442 1331 2503; x_wconf 91' lang='lat' dir='ltr'><strong>nisi</strong></span> <span class='ocrx_word' id='word_1_239' title='bbox 1372 2460 1409 2502; x_wconf 92' lang='lat' dir='ltr'><strong>a</strong></span> <span class='ocrx_word' id='word_1_240' title='bbox 1453 2441 1535 2522; x_wconf 86' lang='lat' dir='ltr'><strong>(f)</strong></span> <span class='ocrx_word' id='word_1_241' title='bbox 1577 2442 1935 2524; x_wconf 90' lang='lat' dir='ltr'><strong>propinquo</strong></span> <span class='ocrx_word' id='word_1_242' title='bbox 1979 2444 2281 2504; x_wconf 86' lang='lat' dir='ltr'><strong>Romana</strong></span> <span class='ocrx_word' id='word_1_243' title='bbox 2325 2442 2619 2503; x_wconf 89' lang='lat' dir='ltr'><strong>civitatis.</strong></span> <span class='ocrx_word' id='word_1_244' title='bbox 2665 2442 2783 2515; x_wconf 87' lang='lat' dir='ltr'><strong>Qui</strong></span> <span class='ocrx_word' id='word_1_245' title='bbox 2825 2442 2978 2502; x_wconf 89' lang='lat' dir='ltr'><strong>dum</strong></span> <span class='ocrx_word' id='word_1_246' title='bbox 3039 2441 3315 2503; x_wconf 88' lang='lat' dir='ltr'><strong>venisset</strong></span> <span class='ocrx_word' id='word_1_247' title='bbox 3380 2445 3444 2503; x_wconf 90' lang='lat' dir='ltr'><strong>et</strong></span> <span class='ocrx_word' id='word_1_248' title='bbox 3502 2457 3723 2503; x_wconf 91' lang='lat' dir='ltr'><strong>omnes</strong></span> 
     </span>
    </p>
   </div>
   <div class='ocr_carea' id='block_1_23' title="bbox 341 2546 3720 2631">
    <p class='ocr_par' dir='ltr' id='par_1_23' title="bbox 341 2546 3720 2631">
     <span class='ocr_line' id='line_1_23' title="bbox 341 2546 3720 2631; baseline -0 -19"><span class='ocrx_word' id='word_1_249' title='bbox 341 2546 424 2612; x_wconf 76' lang='grc'><strong>10</strong></span> <span class='ocrx_word' id='word_1_250' title='bbox 470 2551 535 2613; x_wconf 92' lang='lat' dir='ltr'><strong>in</strong></span> <span class='ocrx_word' id='word_1_251' title='bbox 581 2569 914 2631; x_wconf 89' lang='lat' dir='ltr'><strong>personam</strong></span> <span class='ocrx_word' id='word_1_252' title='bbox 960 2550 1162 2629; x_wconf 89' lang='lat' dir='ltr'><strong>Sergii</strong></span> <span class='ocrx_word' id='word_1_253' title='bbox 1203 2548 1578 2611; x_wconf 88' lang='lat' dir='ltr'><strong>sanctissimi</strong></span> <span class='ocrx_word' id='word_1_254' title='bbox 1620 2550 1962 2611; x_wconf 89' lang='lat' dir='ltr'><strong>invenisset</strong></span> <span class='ocrx_word' id='word_1_255' title='bbox 2004 2550 2414 2623; x_wconf 89' lang='lat' dir='ltr'><strong>consensisse,</strong></span> <span class='ocrx_word' id='word_1_256' title='bbox 2460 2549 2554 2610; x_wconf 90' lang='lat' dir='ltr'><strong>illi</strong></span> <span class='ocrx_word' id='word_1_257' title='bbox 2597 2548 2853 2630; x_wconf 90' lang='lat' dir='ltr'><strong>quidem</strong></span> <span class='ocrx_word' id='word_1_258' title='bbox 2910 2547 3246 2628; x_wconf 74' lang='lat' dir='ltr'><strong>suffragari</strong></span> <span class='ocrx_word' id='word_1_259' title='bbox 3305 2566 3434 2610; x_wconf 89' lang='lat' dir='ltr'><strong>non</strong></span> <span class='ocrx_word' id='word_1_260' title='bbox 3494 2548 3720 2611; x_wconf 89' lang='lat' dir='ltr'><strong>voluit.</strong></span> 
     </span>
    </p>
   </div>
   <div class='ocr_carea' id='block_1_24' title="bbox 466 2653 3712 2736">
    <p class='ocr_par' dir='ltr' id='par_1_24' title="bbox 466 2653 3712 2736">
     <span class='ocr_line' id='line_1_24' title="bbox 466 2653 3712 2736; baseline -0.002 -16"><span class='ocrx_word' id='word_1_261' title='bbox 466 2657 763 2721; x_wconf 86' lang='lat' dir='ltr'><strong>Ecclesia</strong></span> <span class='ocrx_word' id='word_1_262' title='bbox 805 2662 1021 2719; x_wconf 89' lang='lat' dir='ltr'><strong>tamen</strong></span> <span class='ocrx_word' id='word_1_263' title='bbox 1074 2656 1246 2718; x_wconf 90' lang='lat' dir='ltr'><strong>beati</strong></span> <span class='ocrx_word' id='word_1_264' title='bbox 1301 2656 1472 2718; x_wconf 91' lang='lat' dir='ltr'><strong>Petri</strong></span> <span class='ocrx_word' id='word_1_265' title='bbox 1540 2657 1810 2736; x_wconf 89' lang='lat' dir='ltr'><strong>apostoli</strong></span> <span class='ocrx_word' id='word_1_266' title='bbox 1878 2656 2047 2717; x_wconf 91' lang='lat' dir='ltr'><strong>idem</strong></span> <span class='ocrx_word' id='word_1_267' title='bbox 2112 2655 2425 2718; x_wconf 88' lang='lat' dir='ltr'><strong>exarchus</strong></span> <span class='ocrx_word' id='word_1_268' title='bbox 2492 2672 2608 2736; x_wconf 88' lang='lat' dir='ltr'><strong>per</strong></span> <span class='ocrx_word' id='word_1_269' title='bbox 2676 2654 2959 2735; x_wconf 86' lang='lat' dir='ltr'><strong>ejusdem</strong></span> <span class='ocrx_word' id='word_1_270' title='bbox 3000 2653 3326 2715; x_wconf 85' lang='lat' dir='ltr'><strong>Paschalis</strong></span> <span class='ocrx_word' id='word_1_271' title='bbox 3371 2655 3712 2730; x_wconf 88' lang='lat' dir='ltr'><strong>miseriam,</strong></span> 
     </span>
    </p>
   </div>
   <div class='ocr_carea' id='block_1_25' title="bbox 468 2759 3717 2845">
    <p class='ocr_par' dir='ltr' id='par_1_25' title="bbox 468 2759 3717 2845">
     <span class='ocr_line' id='line_1_25' title="bbox 468 2759 3717 2845; baseline -0.001 -19"><span class='ocrx_word' id='word_1_272' title='bbox 468 2764 853 2845; x_wconf 88' lang='lat' dir='ltr'><strong>stipendium</strong></span> <span class='ocrx_word' id='word_1_273' title='bbox 898 2768 961 2826; x_wconf 87' lang='lat' dir='ltr'><strong>et</strong></span> <span class='ocrx_word' id='word_1_274' title='bbox 1001 2765 1304 2826; x_wconf 91' lang='lat' dir='ltr'><strong>damnum</strong></span> <span class='ocrx_word' id='word_1_275' title='bbox 1348 2762 1586 2839; x_wconf 90' lang='lat' dir='ltr'><strong>intulit,</strong></span> <span class='ocrx_word' id='word_1_276' title='bbox 1633 2764 1804 2843; x_wconf 92' lang='lat' dir='ltr'><strong>quod</strong></span> <span class='ocrx_word' id='word_1_277' title='bbox 1851 2762 1932 2843; x_wconf 84' lang='lat' dir='ltr'><strong>(g)</strong></span> <span class='ocrx_word' id='word_1_278' title='bbox 1977 2763 2057 2825; x_wconf 91' lang='lat' dir='ltr'><strong>ab</strong></span> <span class='ocrx_word' id='word_1_279' title='bbox 2115 2763 2336 2825; x_wconf 92' lang='lat' dir='ltr'><strong>eodem</strong></span> <span class='ocrx_word' id='word_1_280' title='bbox 2396 2762 2690 2824; x_wconf 90' lang='lat' dir='ltr'><strong>Paschali</strong></span> <span class='ocrx_word' id='word_1_281' title='bbox 2751 2761 3180 2842; x_wconf 78' lang='lat' dir='ltr'><strong>suprascripto</strong></span> <span class='ocrx_word' id='word_1_282' title='bbox 3241 2759 3514 2822; x_wconf 89' lang='lat' dir='ltr'><strong>exarcho</strong></span> <span class='ocrx_word' id='word_1_283' title='bbox 3567 2780 3717 2841; x_wconf 90' lang='lat' dir='ltr'><strong>pro-</strong></span> 
     </span>
    </p>
   </div>
   <div class='ocr_carea' id='block_1_26' title="bbox 470 2867 3718 2950">
    <p class='ocr_par' dir='ltr' id='par_1_26' title="bbox 470 2867 3718 2950">
     <span class='ocr_line' id='line_1_26' title="bbox 470 2867 3718 2950; baseline -0.002 -16"><span class='ocrx_word' id='word_1_284' title='bbox 470 2872 732 2934; x_wconf 89' lang='lat' dir='ltr'><strong>missum</strong></span> <span class='ocrx_word' id='word_1_285' title='bbox 778 2873 1004 2948; x_wconf 89' lang='lat' dir='ltr'><strong>fuerat,</strong></span> <span class='ocrx_word' id='word_1_286' title='bbox 1049 2872 1115 2932; x_wconf 92' lang='lat' dir='ltr'><strong>id</strong></span> <span class='ocrx_word' id='word_1_287' title='bbox 1158 2876 1251 2932; x_wconf 88' lang='lat' dir='ltr'><strong>est</strong></span> <span class='ocrx_word' id='word_1_288' title='bbox 1306 2876 1559 2932; x_wconf 89' lang='lat' dir='ltr'><strong>centum</strong></span> <span class='ocrx_word' id='word_1_289' title='bbox 1622 2871 1760 2932; x_wconf 91' lang='lat' dir='ltr'><strong>auri</strong></span> <span class='ocrx_word' id='word_1_290' title='bbox 1820 2871 2128 2933; x_wconf 90' lang='lat' dir='ltr'><strong>librarum</strong></span> <span class='ocrx_word' id='word_1_291' title='bbox 2174 2889 2211 2932; x_wconf 90' lang='lat' dir='ltr'><strong>a</strong></span> <span class='ocrx_word' id='word_1_292' title='bbox 2252 2875 2432 2950; x_wconf 91' lang='lat' dir='ltr'><strong>parte</strong></span> <span class='ocrx_word' id='word_1_293' title='bbox 2494 2868 2788 2930; x_wconf 89' lang='lat' dir='ltr'><strong>Ecclesia</strong></span> <span class='ocrx_word' id='word_1_294' title='bbox 2850 2872 3207 2949; x_wconf 88' lang='lat' dir='ltr'><strong>expetente,</strong></span> <span class='ocrx_word' id='word_1_295' title='bbox 3254 2867 3474 2948; x_wconf 89' lang='lat' dir='ltr'><strong>Sergio</strong></span> <span class='ocrx_word' id='word_1_296' title='bbox 3535 2886 3718 2930; x_wconf 88' lang='lat' dir='ltr'><strong>sanc-</strong></span> 
     </span>
    </p>
   </div>
   <div class='ocr_carea' id='block_1_27' title="bbox 473 2975 3715 3060">
    <p class='ocr_par' dir='ltr' id='par_1_27' title="bbox 473 2975 3715 3060">
     <span class='ocr_line' id='line_1_27' title="bbox 473 2975 3715 3060; baseline -0.002 -19"><span class='ocrx_word' id='word_1_297' title='bbox 473 2980 712 3042; x_wconf 83' lang='lat' dir='ltr'><strong>tissimo</strong></span> <span class='ocrx_word' id='word_1_298' title='bbox 754 2980 953 3042; x_wconf 89' lang='lat' dir='ltr'><strong>electo</strong></span> <span class='ocrx_word' id='word_1_299' title='bbox 997 2978 1427 3060; x_wconf 89' lang='lat' dir='ltr'><strong>proclamante</strong></span> <span class='ocrx_word' id='word_1_300' title='bbox 1468 2979 1641 3060; x_wconf 92' lang='lat' dir='ltr'><strong>quod</strong></span> <span class='ocrx_word' id='word_1_301' title='bbox 1696 2997 1901 3058; x_wconf 90' lang='lat' dir='ltr'><strong>neque</strong></span> <span class='ocrx_word' id='word_1_302' title='bbox 1964 2978 2355 3058; x_wconf 85' lang='lat' dir='ltr'><strong>promisisset</strong></span> <span class='ocrx_word' id='word_1_303' title='bbox 2413 2977 2587 3050; x_wconf 90' lang='lat' dir='ltr'><strong>dare,</strong></span> <span class='ocrx_word' id='word_1_304' title='bbox 2636 2996 2841 3057; x_wconf 89' lang='lat' dir='ltr'><strong>neque</strong></span> <span class='ocrx_word' id='word_1_305' title='bbox 2904 2975 3284 3056; x_wconf 87' lang='lat' dir='ltr'><strong>possibilitas</strong></span> <span class='ocrx_word' id='word_1_306' title='bbox 3327 2975 3521 3036; x_wconf 90' lang='lat' dir='ltr'><strong>dandi</strong></span> <span class='ocrx_word' id='word_1_307' title='bbox 3563 2994 3715 3056; x_wconf 90' lang='lat' dir='ltr'><strong>sup-</strong></span> 
     </span>
    </p>
   </div>
   <div class='ocr_carea' id='block_1_28' title="bbox 346 3083 3714 3170">
    <p class='ocr_par' dir='ltr' id='par_1_28' title="bbox 346 3083 3714 3170">
     <span class='ocr_line' id='line_1_28' title="bbox 346 3083 3714 3170; baseline -0.001 -22"><span class='ocrx_word' id='word_1_308' title='bbox 346 3089 427 3148; x_wconf 79' lang='grc'><strong>15</strong></span> <span class='ocrx_word' id='word_1_309' title='bbox 472 3092 670 3170; x_wconf 89' lang='lat' dir='ltr'><strong>petat,</strong></span> <span class='ocrx_word' id='word_1_310' title='bbox 717 3092 780 3149; x_wconf 91' lang='lat' dir='ltr'><strong>et</strong></span> <span class='ocrx_word' id='word_1_311' title='bbox 820 3092 891 3148; x_wconf 91' lang='lat' dir='ltr'><strong>ut</strong></span> <span class='ocrx_word' id='word_1_312' title='bbox 931 3087 1012 3148; x_wconf 90' lang='lat' dir='ltr'><strong>ad</strong></span> <span class='ocrx_word' id='word_1_313' title='bbox 1055 3086 1611 3167; x_wconf 91' lang='lat' dir='ltr'><strong>compunctionem</strong></span> <span class='ocrx_word' id='word_1_314' title='bbox 1681 3085 1923 3147; x_wconf 89' lang='lat' dir='ltr'><strong>animos</strong></span> <span class='ocrx_word' id='word_1_315' title='bbox 1992 3085 2338 3147; x_wconf 91' lang='lat' dir='ltr'><strong>videntium</strong></span> <span class='ocrx_word' id='word_1_316' title='bbox 2411 3087 2858 3158; x_wconf 89' lang='lat' dir='ltr'><strong>commoveret,</strong></span> <span class='ocrx_word' id='word_1_317' title='bbox 2907 3083 3247 3145; x_wconf 90' lang='lat' dir='ltr'><strong>cantharos</strong></span> <span class='ocrx_word' id='word_1_318' title='bbox 3317 3087 3380 3145; x_wconf 91' lang='lat' dir='ltr'><strong>et</strong></span> <span class='ocrx_word' id='word_1_319' title='bbox 3421 3101 3714 3160; x_wconf 90' lang='lat' dir='ltr'><strong>coronas,</strong></span> 
     </span>
    </p>
   </div>
   <div class='ocr_carea' id='block_1_29' title="bbox 473 3190 3717 3276">
    <p class='ocr_par' dir='ltr' id='par_1_29' title="bbox 473 3190 3717 3276">
     <span class='ocr_line' id='line_1_29' title="bbox 473 3190 3717 3276; baseline -0.001 -20"><span class='ocrx_word' id='word_1_320' title='bbox 473 3213 615 3276; x_wconf 90' lang='lat' dir='ltr'><strong>qua</strong></span> <span class='ocrx_word' id='word_1_321' title='bbox 660 3198 806 3256; x_wconf 88' lang='lat' dir='ltr'><strong>ante</strong></span> <span class='ocrx_word' id='word_1_322' title='bbox 848 3212 1096 3256; x_wconf 90' lang='lat' dir='ltr'><strong>sacrum</strong></span> <span class='ocrx_word' id='word_1_323' title='bbox 1141 3193 1339 3254; x_wconf 91' lang='lat' dir='ltr'><strong>altare</strong></span> <span class='ocrx_word' id='word_1_324' title='bbox 1382 3199 1446 3255; x_wconf 91' lang='lat' dir='ltr'><strong>et</strong></span> <span class='ocrx_word' id='word_1_325' title='bbox 1486 3193 1940 3256; x_wconf 87' lang='lat' dir='ltr'><strong>confessionem</strong></span> <span class='ocrx_word' id='word_1_326' title='bbox 1984 3192 2155 3254; x_wconf 88' lang='lat' dir='ltr'><strong>beati</strong></span> <span class='ocrx_word' id='word_1_327' title='bbox 2196 3192 2367 3254; x_wconf 89' lang='lat' dir='ltr'><strong>Petri</strong></span> <span class='ocrx_word' id='word_1_328' title='bbox 2408 3191 2679 3273; x_wconf 90' lang='lat' dir='ltr'><strong>apostoli</strong></span> <span class='ocrx_word' id='word_1_329' title='bbox 2722 3210 2800 3253; x_wconf 90' lang='lat' dir='ltr'><strong>ex</strong></span> <span class='ocrx_word' id='word_1_330' title='bbox 2851 3190 3114 3271; x_wconf 91' lang='lat' dir='ltr'><strong>antiquo</strong></span> <span class='ocrx_word' id='word_1_331' title='bbox 3174 3190 3559 3271; x_wconf 86' lang='lat' dir='ltr'><strong>pendebant,</strong></span> <span class='ocrx_word' id='word_1_332' title='bbox 3605 3190 3717 3252; x_wconf 90' lang='lat' dir='ltr'><strong>de-</strong></span> 
     </span>
    </p>
   </div>
   <div class='ocr_carea' id='block_1_30' title="bbox 470 3297 3715 3384">
    <p class='ocr_par' dir='ltr' id='par_1_30' title="bbox 470 3297 3715 3384">
     <span class='ocr_line' id='line_1_30' title="bbox 470 3297 3715 3384; baseline -0.001 -22"><span class='ocrx_word' id='word_1_333' title='bbox 470 3301 623 3384; x_wconf 92' lang='lat' dir='ltr'><strong>poni</strong></span> <span class='ocrx_word' id='word_1_334' title='bbox 664 3301 813 3364; x_wconf 85' lang='lat' dir='ltr'><strong>fecit</strong></span> <span class='ocrx_word' id='word_1_335' title='bbox 853 3305 913 3364; x_wconf 85' lang='lat' dir='ltr'><strong>et</strong></span> <span class='ocrx_word' id='word_1_336' title='bbox 958 3300 1210 3382; x_wconf 86' lang='lat' dir='ltr'><strong>pignori</strong></span> <span class='ocrx_word' id='word_1_337' title='bbox 1252 3300 1436 3362; x_wconf 91' lang='lat' dir='ltr'><strong>tradi.</strong></span> <span class='ocrx_word' id='word_1_338' title='bbox 1484 3302 1605 3364; x_wconf 91' lang='lat' dir='ltr'><strong>Sed</strong></span> <span class='ocrx_word' id='word_1_339' title='bbox 1639 3319 1753 3362; x_wconf 90' lang='lat' dir='ltr'><strong>nec</strong></span> <span class='ocrx_word' id='word_1_340' title='bbox 1814 3300 1880 3361; x_wconf 91' lang='lat' dir='ltr'><strong>in</strong></span> <span class='ocrx_word' id='word_1_341' title='bbox 1941 3299 2064 3361; x_wconf 92' lang='lat' dir='ltr'><strong>hoc</strong></span> <span class='ocrx_word' id='word_1_342' title='bbox 2134 3299 2300 3361; x_wconf 87' lang='lat' dir='ltr'><strong>ﬂexa</strong></span> <span class='ocrx_word' id='word_1_343' title='bbox 2367 3305 2461 3361; x_wconf 90' lang='lat' dir='ltr'><strong>est</strong></span> <span class='ocrx_word' id='word_1_344' title='bbox 2529 3297 2813 3379; x_wconf 85' lang='lat' dir='ltr'><strong>ejusdem</strong></span> <span class='ocrx_word' id='word_1_345' title='bbox 2882 3298 3140 3360; x_wconf 86' lang='lat' dir='ltr'><strong>exarchi</strong></span> <span class='ocrx_word' id='word_1_346' title='bbox 3207 3297 3461 3371; x_wconf 91' lang='lat' dir='ltr'><strong>duritia,</strong></span> <span class='ocrx_word' id='word_1_347' title='bbox 3511 3297 3715 3360; x_wconf 84' lang='lat' dir='ltr'><strong>donec</strong></span> 
     </span>
    </p>
   </div>
   <div class='ocr_carea' id='block_1_31' title="bbox 468 3394 3715 3489">
    <p class='ocr_par' dir='ltr' id='par_1_31' title="bbox 468 3394 3715 3489">
     <span class='ocr_line' id='line_1_31' title="bbox 468 3394 3715 3489; baseline -0.002 -18"><span class='ocrx_word' id='word_1_348' title='bbox 468 3394 745 3484; x_wconf 88' lang='lat' dir='ltr'><strong>centum,</strong></span> <span class='ocrx_word' id='word_1_349' title='bbox 791 3414 862 3470; x_wconf 91' lang='lat' dir='ltr'><strong>ut</strong></span> <span class='ocrx_word' id='word_1_350' title='bbox 901 3407 1139 3470; x_wconf 90' lang='lat' dir='ltr'><strong>dictum</strong></span> <span class='ocrx_word' id='word_1_351' title='bbox 1184 3412 1298 3482; x_wconf 91' lang='lat' dir='ltr'><strong>est,</strong></span> <span class='ocrx_word' id='word_1_352' title='bbox 1343 3407 1649 3469; x_wconf 91' lang='lat' dir='ltr'><strong>librarum</strong></span> <span class='ocrx_word' id='word_1_353' title='bbox 1694 3406 1773 3489; x_wconf 80' lang='lat' dir='ltr'><strong>(Iz)</strong></span> <span class='ocrx_word' id='word_1_354' title='bbox 1821 3407 1961 3469; x_wconf 89' lang='lat' dir='ltr'><strong>auri</strong></span> <span class='ocrx_word' id='word_1_355' title='bbox 2003 3407 2266 3488; x_wconf 89' lang='lat' dir='ltr'><strong>accepit.</strong></span> <span class='ocrx_word' id='word_1_356' title='bbox 2311 3408 2390 3468; x_wconf 90' lang='lat' dir='ltr'><strong>Et</strong></span> <span class='ocrx_word' id='word_1_357' title='bbox 2429 3406 2597 3480; x_wconf 87' lang='lat' dir='ltr'><strong>licet,</strong></span> <span class='ocrx_word' id='word_1_358' title='bbox 2643 3411 2716 3467; x_wconf 90' lang='lat' dir='ltr'><strong>ut</strong></span> <span class='ocrx_word' id='word_1_359' title='bbox 2766 3405 3100 3485; x_wconf 89' lang='lat' dir='ltr'><strong>prafatum</strong></span> <span class='ocrx_word' id='word_1_360' title='bbox 3144 3404 3219 3486; x_wconf 75' lang='grc' dir='ltr'><strong>(τ’)</strong></span> <span class='ocrx_word' id='word_1_361' title='bbox 3259 3408 3371 3480; x_wconf 90' lang='lat' dir='ltr'><strong>est,</strong></span> <span class='ocrx_word' id='word_1_362' title='bbox 3420 3404 3715 3466; x_wconf 88' lang='lat' dir='ltr'><strong>Ecclesia</strong></span> 
     </span>
    </p>
   </div>
   <div class='ocr_carea' id='block_1_32' title="bbox 466 3509 3713 3599">
    <p class='ocr_par' dir='ltr' id='par_1_32' title="bbox 466 3509 3713 3599">
     <span class='ocr_line' id='line_1_32' title="bbox 466 3509 3713 3599; baseline -0.001 -21"><span class='ocrx_word' id='word_1_363' title='bbox 466 3515 716 3592; x_wconf 84' lang='lat' dir='ltr'><strong>Christi,</strong></span> <span class='ocrx_word' id='word_1_364' title='bbox 759 3515 901 3578; x_wconf 91' lang='lat' dir='ltr'><strong>ideo</strong></span> <span class='ocrx_word' id='word_1_365' title='bbox 944 3514 1025 3597; x_wconf 89' lang='lat' dir='ltr'><strong>(j)</strong></span> <span class='ocrx_word' id='word_1_366' title='bbox 1072 3514 1458 3576; x_wconf 87' lang='lat' dir='ltr'><strong>miserrimus</strong></span> <span class='ocrx_word' id='word_1_367' title='bbox 1498 3514 1821 3577; x_wconf 87' lang='lat' dir='ltr'><strong>Paschalis</strong></span> <span class='ocrx_word' id='word_1_368' title='bbox 1863 3513 2262 3595; x_wconf 89' lang='lat' dir='ltr'><strong>dispendium</strong></span> <span class='ocrx_word' id='word_1_369' title='bbox 2307 3518 2370 3575; x_wconf 91' lang='lat' dir='ltr'><strong>et</strong></span> <span class='ocrx_word' id='word_1_370' title='bbox 2424 3514 2724 3575; x_wconf 90' lang='lat' dir='ltr'><strong>damnum</strong></span> <span class='ocrx_word' id='word_1_371' title='bbox 2786 3512 2994 3573; x_wconf 83' lang='lat' dir='ltr'><strong>inﬁxit</strong></span> <span class='ocrx_word' id='word_1_372' title='bbox 3035 3510 3140 3594; x_wconf 81' lang='lat' dir='ltr'><strong>(k),</strong></span> <span class='ocrx_word' id='word_1_373' title='bbox 3187 3516 3404 3574; x_wconf 86' lang='lat' dir='ltr'><strong>tamen</strong></span> <span class='ocrx_word' id='word_1_374' title='bbox 3465 3509 3713 3599; x_wconf 84' lang='lat' dir='ltr'><strong>Christo</strong></span> 
     </span>
    </p>
   </div>
   <div class='ocr_carea' id='block_1_33' title="bbox 341 3618 3712 3704">
    <p class='ocr_par' dir='ltr' id='par_1_33' title="bbox 341 3618 3712 3704">
     <span class='ocr_line' id='line_1_33' title="bbox 341 3618 3712 3704; baseline -0.001 -19"><span class='ocrx_word' id='word_1_375' title='bbox 341 3626 424 3685; x_wconf 82' lang='grc'><strong>20</strong></span> <span class='ocrx_word' id='word_1_376' title='bbox 463 3624 716 3686; x_wconf 85' lang='lat' dir='ltr'><strong>favente</strong></span> <span class='ocrx_word' id='word_1_377' title='bbox 755 3622 1013 3702; x_wconf 90' lang='lat' dir='ltr'><strong>Sergius</strong></span> <span class='ocrx_word' id='word_1_378' title='bbox 1054 3622 1383 3704; x_wconf 89' lang='lat' dir='ltr'><strong>presbyter</strong></span> <span class='ocrx_word' id='word_1_379' title='bbox 1424 3627 1486 3683; x_wconf 95' lang='lat' dir='ltr'><strong>et</strong></span> <span class='ocrx_word' id='word_1_380' title='bbox 1526 3623 1762 3684; x_wconf 90' lang='lat' dir='ltr'><strong>electus</strong></span> <span class='ocrx_word' id='word_1_381' title='bbox 1802 3622 1867 3682; x_wconf 90' lang='lat' dir='ltr'><strong>in</strong></span> <span class='ocrx_word' id='word_1_382' title='bbox 1912 3622 2058 3683; x_wconf 90' lang='lat' dir='ltr'><strong>sede</strong></span> <span class='ocrx_word' id='word_1_383' title='bbox 2105 3621 2275 3683; x_wconf 90' lang='lat' dir='ltr'><strong>beati</strong></span> <span class='ocrx_word' id='word_1_384' title='bbox 2308 3620 2485 3691; x_wconf 88' lang='lat' dir='ltr'><strong>Petri</strong></span> <span class='ocrx_word' id='word_1_385' title='bbox 2546 3619 2816 3701; x_wconf 86' lang='lat' dir='ltr'><strong>apostoli</strong></span> <span class='ocrx_word' id='word_1_386' title='bbox 2875 3619 3162 3700; x_wconf 85' lang='lat' dir='ltr'><strong>pontifex</strong></span> <span class='ocrx_word' id='word_1_387' title='bbox 3220 3618 3549 3681; x_wconf 87' lang='lat' dir='ltr'><strong>ordinatus</strong></span> <span class='ocrx_word' id='word_1_388' title='bbox 3591 3623 3712 3682; x_wconf 92' lang='lat' dir='ltr'><strong>est.</strong></span> 
     </span>
    </p>
   </div>
   <div class='ocr_carea' id='block_1_34' title="bbox 459 3723 3710 3808">
    <p class='ocr_par' dir='ltr' id='par_1_34' title="bbox 459 3723 3710 3808">
     <span class='ocr_line' id='line_1_34' title="bbox 459 3723 3710 3808; baseline -0.002 -16"><span class='ocrx_word' id='word_1_389' title='bbox 459 3728 807 3792; x_wconf 87' lang='lat' dir='ltr'><strong>Pradictus</strong></span> <span class='ocrx_word' id='word_1_390' title='bbox 839 3747 984 3790; x_wconf 89' lang='lat' dir='ltr'><strong>vero</strong></span> <span class='ocrx_word' id='word_1_391' title='bbox 1026 3727 1345 3789; x_wconf 90' lang='lat' dir='ltr'><strong>Paschalis</strong></span> <span class='ocrx_word' id='word_1_392' title='bbox 1408 3745 1535 3789; x_wconf 91' lang='lat' dir='ltr'><strong>non</strong></span> <span class='ocrx_word' id='word_1_393' title='bbox 1596 3731 1740 3808; x_wconf 89' lang='lat' dir='ltr'><strong>post</strong></span> <span class='ocrx_word' id='word_1_394' title='bbox 1799 3727 2070 3788; x_wconf 91' lang='lat' dir='ltr'><strong>multum</strong></span> <span class='ocrx_word' id='word_1_395' title='bbox 2140 3731 2411 3807; x_wconf 91' lang='lat' dir='ltr'><strong>tempus,</strong></span> <span class='ocrx_word' id='word_1_396' title='bbox 2458 3726 2643 3788; x_wconf 90' lang='lat' dir='ltr'><strong>etab</strong></span> <span class='ocrx_word' id='word_1_397' title='bbox 2700 3725 2909 3787; x_wconf 86' lang='lat' dir='ltr'><strong>ofﬁcio</strong></span> <span class='ocrx_word' id='word_1_398' title='bbox 2981 3723 3532 3787; x_wconf 81' lang='lat' dir='ltr'><strong>archidiaconatus</strong></span> <span class='ocrx_word' id='word_1_399' title='bbox 3592 3743 3710 3806; x_wconf 90' lang='lat' dir='ltr'><strong>pro</strong></span> 
     </span>
    </p>
   </div>
   <div class='ocr_carea' id='block_1_35' title="bbox 444 3831 3711 3916">
    <p class='ocr_par' dir='ltr' id='par_1_35' title="bbox 444 3831 3711 3916">
     <span class='ocr_line' id='line_1_35' title="bbox 444 3831 3711 3916; baseline -0.002 -17"><span class='ocrx_word' id='word_1_400' title='bbox 444 3834 777 3916; x_wconf 82' lang='lat' dir='ltr'><strong>aliquibus</strong></span> <span class='ocrx_word' id='word_1_401' title='bbox 816 3832 1350 3897; x_wconf 89' lang='lat' dir='ltr'><strong>incantationibus</strong></span> <span class='ocrx_word' id='word_1_402' title='bbox 1392 3840 1456 3896; x_wconf 94' lang='lat' dir='ltr'><strong>et</strong></span> <span class='ocrx_word' id='word_1_403' title='bbox 1498 3834 1654 3895; x_wconf 90' lang='lat' dir='ltr'><strong>lucis</strong></span> <span class='ocrx_word' id='word_1_404' title='bbox 1699 3833 1771 3914; x_wconf 82' lang='grc' dir='ltr'><strong>(Ι)</strong></span> <span class='ocrx_word' id='word_1_405' title='bbox 1813 3851 1972 3913; x_wconf 88' lang='lat' dir='ltr'><strong>quos</strong></span> <span class='ocrx_word' id='word_1_406' title='bbox 2015 3832 2285 3907; x_wconf 92' lang='lat' dir='ltr'><strong>colebat,</strong></span> <span class='ocrx_word' id='word_1_407' title='bbox 2331 3832 2431 3893; x_wconf 89' lang='lat' dir='ltr'><strong>vel</strong></span> <span class='ocrx_word' id='word_1_408' title='bbox 2492 3831 2767 3893; x_wconf 89' lang='lat' dir='ltr'><strong>sortibus</strong></span> <span class='ocrx_word' id='word_1_409' title='bbox 2828 3849 2987 3911; x_wconf 87' lang='lat' dir='ltr'><strong>quas</strong></span> <span class='ocrx_word' id='word_1_410' title='bbox 3049 3849 3193 3894; x_wconf 92' lang='lat' dir='ltr'><strong>cum</strong></span> <span class='ocrx_word' id='word_1_411' title='bbox 3254 3831 3397 3892; x_wconf 90' lang='lat' dir='ltr'><strong>aliis</strong></span> <span class='ocrx_word' id='word_1_412' title='bbox 3459 3848 3711 3911; x_wconf 86' lang='lat' dir='ltr'><strong>respec-</strong></span> 
     </span>
    </p>
   </div>
   <div class='ocr_carea' id='block_1_36' title="bbox 460 3935 3708 4023">
    <p class='ocr_par' dir='ltr' id='par_1_36' title="bbox 460 3935 3708 4023">
     <span class='ocr_line' id='line_1_36' title="bbox 460 3935 3708 4023; baseline -0.002 -18"><span class='ocrx_word' id='word_1_413' title='bbox 460 3941 703 4005; x_wconf 90' lang='lat' dir='ltr'><strong>toribus</strong></span> <span class='ocrx_word' id='word_1_414' title='bbox 741 3940 848 4023; x_wconf 92' lang='lat' dir='ltr'><strong>(m)</strong></span> <span class='ocrx_word' id='word_1_415' title='bbox 892 3940 1228 4020; x_wconf 90' lang='lat' dir='ltr'><strong>tractabat,</strong></span> <span class='ocrx_word' id='word_1_416' title='bbox 1287 3941 1400 4003; x_wconf 91' lang='lat' dir='ltr'><strong>Dei</strong></span> <span class='ocrx_word' id='word_1_417' title='bbox 1460 3940 1757 4021; x_wconf 88' lang='lat' dir='ltr'><strong>beatique</strong></span> <span class='ocrx_word' id='word_1_418' title='bbox 1821 3940 2254 4021; x_wconf 88' lang='lat' dir='ltr'><strong>apostolorum</strong></span> <span class='ocrx_word' id='word_1_419' title='bbox 2313 3938 2628 4020; x_wconf 90' lang='lat' dir='ltr'><strong>Principis</strong></span> <span class='ocrx_word' id='word_1_420' title='bbox 2689 3936 2861 3999; x_wconf 86' lang='lat' dir='ltr'><strong>Petri</strong></span> <span class='ocrx_word' id='word_1_421' title='bbox 2930 3936 3388 4000; x_wconf 89' lang='lat' dir='ltr'><strong>interveniente</strong></span> <span class='ocrx_word' id='word_1_422' title='bbox 3447 3935 3708 4015; x_wconf 89' lang='lat' dir='ltr'><strong>judicio,</strong></span> 
     </span>
    </p>
   </div>
   <div class='ocr_carea' id='block_1_37' title="bbox 459 4032 3709 4133">
    <p class='ocr_par' dir='ltr' id='par_1_37' title="bbox 459 4032 3709 4133">
     <span class='ocr_line' id='line_1_37' title="bbox 459 4032 3709 4133; baseline -0.002 -21"><span class='ocrx_word' id='word_1_423' title='bbox 459 4049 742 4133; x_wconf 90' lang='lat' dir='ltr'><strong>privatus</strong></span> <span class='ocrx_word' id='word_1_424' title='bbox 784 4053 879 4111; x_wconf 89' lang='lat' dir='ltr'><strong>est</strong></span> <span class='ocrx_word' id='word_1_425' title='bbox 919 4053 983 4110; x_wconf 91' lang='lat' dir='ltr'><strong>et</strong></span> <span class='ocrx_word' id='word_1_426' title='bbox 1022 4048 1086 4110; x_wconf 90' lang='lat' dir='ltr'><strong>in</strong></span> <span class='ocrx_word' id='word_1_427' title='bbox 1130 4046 1580 4110; x_wconf 81' lang='lat' dir='ltr'><strong>monasterium</strong></span> <span class='ocrx_word' id='word_1_428' title='bbox 1628 4032 1930 4121; x_wconf 71' lang='lat' dir='ltr'><strong>retrusiis,</strong></span> <span class='ocrx_word' id='word_1_429' title='bbox 1983 4051 2125 4128; x_wconf 91' lang='lat' dir='ltr'><strong>post</strong></span> <span class='ocrx_word' id='word_1_430' title='bbox 2168 4046 2676 4128; x_wconf 89' lang='lat' dir='ltr'><strong>quinquennium</strong></span> <span class='ocrx_word' id='word_1_431' title='bbox 2722 4063 2853 4125; x_wconf 87' lang='lat' dir='ltr'><strong>pra</strong></span> <span class='ocrx_word' id='word_1_432' title='bbox 2897 4044 3103 4106; x_wconf 88' lang='lat' dir='ltr'><strong>cordis</strong></span> <span class='ocrx_word' id='word_1_433' title='bbox 3143 4042 3379 4106; x_wconf 90' lang='lat' dir='ltr'><strong>duritia</strong></span> <span class='ocrx_word' id='word_1_434' title='bbox 3420 4042 3709 4125; x_wconf 79' lang='lat' dir='ltr'><strong>impaui-</strong></span> 
     </span>
    </p>
   </div>
   <div class='ocr_carea' id='block_1_38' title="bbox 334 4140 3237 4222">
    <p class='ocr_par' dir='ltr' id='par_1_38' title="bbox 334 4140 3237 4222">
     <span class='ocr_line' id='line_1_38' title="bbox 334 4140 3237 4222; baseline -0.004 0"><span class='ocrx_word' id='word_1_435' title='bbox 334 4159 415 4222; x_wconf 74' lang='grc'><strong>25</strong></span> <span class='ocrx_word' id='word_1_436' title='bbox 462 4162 602 4221; x_wconf 79' lang='lat' dir='ltr'><strong>lens</strong></span> <span class='ocrx_word' id='word_1_437' title='bbox 644 4155 980 4219; x_wconf 90' lang='lat' dir='ltr'><strong>defunctus</strong></span> <span class='ocrx_word' id='word_1_438' title='bbox 1024 4159 1139 4218; x_wconf 90' lang='lat' dir='ltr'><strong>est.</strong></span> <span class='ocrx_word' id='word_1_439' title='bbox 3236 4140 3237 4143; x_wconf 43' lang='grc'><em>“</em></span> 
     </span>
    </p>
   </div>
   <div class='ocr_carea' id='block_1_39' title="bbox 544 4212 2127 4359">
    <p class='ocr_par' dir='ltr' id='par_1_39' title="bbox 544 4260 2127 4359">
     <span class='ocr_line' id='line_1_39' title="bbox 544 4260 2127 4359; baseline -0.003 -33"><span class='ocrx_word' id='word_1_440' title='bbox 544 4264 735 4359; x_wconf 55' lang='grc' dir='ltr'><strong>ηιξ,</strong></span> <span class='ocrx_word' id='word_1_441' title='bbox 764 4260 1093 4346; x_wconf 73' lang='grc' dir='ltr'><strong>(η)Ἠιι]ιιε</strong></span> <span class='ocrx_word' id='word_1_442' title='bbox 1158 4262 1373 4343; x_wconf 90' lang='lat' dir='ltr'><strong>itaque</strong></span> <span class='ocrx_word' id='word_1_443' title='bbox 1442 4262 1834 4343; x_wconf 89' lang='lat' dir='ltr'><strong>temporibus</strong></span> <span class='ocrx_word' id='word_1_444' title='bbox 1902 4260 2127 4324; x_wconf 76' lang='lat' dir='ltr'><strong>Justin:</strong></span> 
     </span>
    </p>
   </div>
   <div class='ocr_carea' id='block_1_40' title="bbox 2309 4212 3892 4359">
    <p class='ocr_par' dir='ltr' id='par_1_40' title="bbox 2342 4212 3892 4341">
     <span class='ocr_line' id='line_1_40' title="bbox 2342 4212 3892 4341; baseline -0.005 -20"><span class='ocrx_word' id='word_1_445' title='bbox 2342 4260 2688 4341; x_wconf 89' lang='lat' dir='ltr'><strong>imperator</strong></span> <span class='ocrx_word' id='word_1_446' title='bbox 2758 4257 3096 4321; x_wconf 90' lang='lat' dir='ltr'><strong>concilium</strong></span> <span class='ocrx_word' id='word_1_447' title='bbox 3164 4258 3230 4319; x_wconf 90' lang='lat' dir='ltr'><strong>in</strong></span> <span class='ocrx_word' id='word_1_448' title='bbox 3302 4257 3477 4338; x_wconf 84' lang='lat' dir='ltr'><strong>regia</strong></span> <span class='ocrx_word' id='word_1_449' title='bbox 3547 4256 3704 4320; x_wconf 86' lang='lat' dir='ltr'><strong>urbe</strong></span> <span class='ocrx_word' id='word_1_450' title='bbox 3768 4212 3892 4314; x_wconf 80' lang='lat'><strong>//</strong></span> 
     </span>
    </p>
   </div>
   <div class='ocr_carea' id='block_1_41' title="bbox 452 4362 3703 4453">
    <p class='ocr_par' dir='ltr' id='par_1_41' title="bbox 452 4362 3703 4453">
     <span class='ocr_line' id='line_1_41' title="bbox 452 4362 3703 4453; baseline -0.002 -20"><span class='ocrx_word' id='word_1_451' title='bbox 452 4370 644 4453; x_wconf 86' lang='lat' dir='ltr'><strong>jussit</strong></span> <span class='ocrx_word' id='word_1_452' title='bbox 683 4370 843 4445; x_wconf 86' lang='lat' dir='ltr'><strong>ﬁeri,</strong></span> <span class='ocrx_word' id='word_1_453' title='bbox 887 4368 952 4431; x_wconf 91' lang='lat' dir='ltr'><strong>in</strong></span> <span class='ocrx_word' id='word_1_454' title='bbox 996 4387 1122 4452; x_wconf 90' lang='lat' dir='ltr'><strong>quo</strong></span> <span class='ocrx_word' id='word_1_455' title='bbox 1173 4374 1234 4431; x_wconf 91' lang='lat' dir='ltr'><strong>et</strong></span> <span class='ocrx_word' id='word_1_456' title='bbox 1304 4369 1495 4449; x_wconf 84' lang='lat' dir='ltr'><strong>legati</strong></span> <span class='ocrx_word' id='word_1_457' title='bbox 1566 4368 1729 4431; x_wconf 89' lang='lat' dir='ltr'><strong>sedis</strong></span> <span class='ocrx_word' id='word_1_458' title='bbox 1800 4368 2163 4450; x_wconf 87' lang='lat' dir='ltr'><strong>apostolica</strong></span> <span class='ocrx_word' id='word_1_459' title='bbox 2234 4372 2682 4441; x_wconf 89' lang='lat' dir='ltr'><strong>convenerant,</strong></span> <span class='ocrx_word' id='word_1_460' title='bbox 2730 4371 2793 4428; x_wconf 88' lang='lat' dir='ltr'><strong>et</strong></span> <span class='ocrx_word' id='word_1_461' title='bbox 2864 4364 3111 4446; x_wconf 82' lang='lat' dir='ltr'><strong>decepti</strong></span> <span class='ocrx_word' id='word_1_462' title='bbox 3179 4362 3703 4445; x_wconf 74' lang='lat' dir='ltr'><strong>subscripserunt.</strong></span> 
     </span>
    </p>
   </div>
   <div class='ocr_carea' id='block_1_42' title="bbox 456 4470 3706 4558">
    <p class='ocr_par' dir='ltr' id='par_1_42' title="bbox 456 4470 3706 4558">
     <span class='ocr_line' id='line_1_42' title="bbox 456 4470 3706 4558; baseline -0.002 -18"><span class='ocrx_word' id='word_1_463' title='bbox 456 4475 968 4558; x_wconf 90' lang='lat' dir='ltr'><strong>Compellebatur</strong></span> <span class='ocrx_word' id='word_1_464' title='bbox 1035 4482 1247 4539; x_wconf 89' lang='lat' dir='ltr'><strong>autem</strong></span> <span class='ocrx_word' id='word_1_465' title='bbox 1321 4480 1385 4537; x_wconf 88' lang='lat' dir='ltr'><strong>et</strong></span> <span class='ocrx_word' id='word_1_466' title='bbox 1444 4476 1586 4556; x_wconf 83' lang='lat' dir='ltr'><strong>ipse</strong></span> <span class='ocrx_word' id='word_1_467' title='bbox 1624 4474 1706 4557; x_wconf 90' lang='grc' dir='ltr'><strong>(ο)</strong></span> <span class='ocrx_word' id='word_1_468' title='bbox 1751 4474 2165 4548; x_wconf 90' lang='lat' dir='ltr'><strong>subscribere,</strong></span> <span class='ocrx_word' id='word_1_469' title='bbox 2211 4474 2319 4535; x_wconf 90' lang='lat' dir='ltr'><strong>sed</strong></span> <span class='ocrx_word' id='word_1_470' title='bbox 2390 4473 2749 4536; x_wconf 91' lang='lat' dir='ltr'><strong>nullatenus</strong></span> <span class='ocrx_word' id='word_1_471' title='bbox 2819 4470 3156 4553; x_wconf 89' lang='lat' dir='ltr'><strong>acquievit,</strong></span> <span class='ocrx_word' id='word_1_472' title='bbox 3201 4491 3316 4552; x_wconf 90' lang='lat' dir='ltr'><strong>pro</strong></span> <span class='ocrx_word' id='word_1_473' title='bbox 3385 4490 3460 4533; x_wconf 92' lang='lat' dir='ltr'><strong>eo</strong></span> <span class='ocrx_word' id='word_1_474' title='bbox 3531 4470 3706 4551; x_wconf 88' lang='lat' dir='ltr'><strong>quod</strong></span> 
     </span>
    </p>
   </div>
   <div class='ocr_carea' id='block_1_43' title="bbox 455 4576 3708 4669">
    <p class='ocr_par' dir='ltr' id='par_1_43' title="bbox 455 4576 3708 4669">
     <span class='ocr_line' id='line_1_43' title="bbox 455 4576 3708 4669; baseline -0.003 -20"><span class='ocrx_word' id='word_1_475' title='bbox 455 4585 751 4667; x_wconf 84' lang='lat' dir='ltr'><strong>quadam</strong></span> <span class='ocrx_word' id='word_1_476' title='bbox 828 4584 1103 4669; x_wconf 90' lang='lat' dir='ltr'><strong>capitula</strong></span> <span class='ocrx_word' id='word_1_477' title='bbox 1175 4587 1353 4645; x_wconf 87' lang='lat' dir='ltr'><strong>extra</strong></span> <span class='ocrx_word' id='word_1_478' title='bbox 1427 4581 1619 4644; x_wconf 90' lang='lat' dir='ltr'><strong>ritum</strong></span> <span class='ocrx_word' id='word_1_479' title='bbox 1693 4582 2187 4645; x_wconf 89' lang='lat' dir='ltr'><strong>ecclesiasticum</strong></span> <span class='ocrx_word' id='word_1_480' title='bbox 2277 4582 2526 4643; x_wconf 90' lang='lat' dir='ltr'><strong>fuerant</strong></span> <span class='ocrx_word' id='word_1_481' title='bbox 2595 4582 2657 4643; x_wconf 91' lang='lat' dir='ltr'><strong>in</strong></span> <span class='ocrx_word' id='word_1_482' title='bbox 2720 4599 2794 4643; x_wconf 91' lang='lat' dir='ltr'><strong>eo</strong></span> <span class='ocrx_word' id='word_1_483' title='bbox 2851 4596 3125 4642; x_wconf 84' lang='lat' dir='ltr'><strong>annexa.</strong></span> <span class='ocrx_word' id='word_1_484' title='bbox 3185 4580 3336 4652; x_wconf 90' lang='lat' dir='ltr'><strong>Qua</strong></span> <span class='ocrx_word' id='word_1_485' title='bbox 3408 4584 3471 4641; x_wconf 89' lang='lat' dir='ltr'><strong>et</strong></span> <span class='ocrx_word' id='word_1_486' title='bbox 3525 4576 3708 4659; x_wconf 90' lang='lat' dir='ltr'><strong>quasi</strong></span> 
     </span>
    </p>
   </div>
   <div class='ocr_carea' id='block_1_44' title="bbox 374 4686 3703 4771">
    <p class='ocr_par' dir='ltr' id='par_1_44' title="bbox 374 4686 3703 4771">
     <span class='ocr_line' id='line_1_44' title="bbox 374 4686 3703 4771; baseline -0.002 -17"><span class='ocrx_word' id='word_1_487' title='bbox 374 4695 412 4754; x_wconf 84' lang='lat'><strong>5</strong></span> <span class='ocrx_word' id='word_1_488' title='bbox 453 4690 840 4771; x_wconf 86' lang='lat' dir='ltr'><strong>synodaliter</strong></span> <span class='ocrx_word' id='word_1_489' title='bbox 880 4690 1140 4753; x_wconf 86' lang='lat' dir='ltr'><strong>deﬁnita</strong></span> <span class='ocrx_word' id='word_1_490' title='bbox 1200 4695 1263 4752; x_wconf 92' lang='lat' dir='ltr'><strong>et</strong></span> <span class='ocrx_word' id='word_1_491' title='bbox 1320 4690 1384 4751; x_wconf 91' lang='lat' dir='ltr'><strong>in</strong></span> <span class='ocrx_word' id='word_1_492' title='bbox 1448 4708 1557 4751; x_wconf 87' lang='lat' dir='ltr'><strong>sex</strong></span> <span class='ocrx_word' id='word_1_493' title='bbox 1616 4689 1803 4751; x_wconf 89' lang='lat' dir='ltr'><strong>tomis</strong></span> <span class='ocrx_word' id='word_1_494' title='bbox 1872 4689 2187 4770; x_wconf 90' lang='lat' dir='ltr'><strong>descripta</strong></span> <span class='ocrx_word' id='word_1_495' title='bbox 2230 4707 2269 4750; x_wconf 95' lang='lat' dir='ltr'><strong>a</strong></span> <span class='ocrx_word' id='word_1_496' title='bbox 2311 4688 2509 4762; x_wconf 86' lang='lat' dir='ltr'><strong>tribus</strong></span> <span class='ocrx_word' id='word_1_497' title='bbox 2553 4687 2951 4768; x_wconf 90' lang='lat' dir='ltr'><strong>patriarchis,</strong></span> <span class='ocrx_word' id='word_1_498' title='bbox 2996 4686 3062 4748; x_wconf 90' lang='lat' dir='ltr'><strong>id</strong></span> <span class='ocrx_word' id='word_1_499' title='bbox 3106 4692 3200 4748; x_wconf 89' lang='lat' dir='ltr'><strong>est</strong></span> <span class='ocrx_word' id='word_1_500' title='bbox 3252 4686 3703 4761; x_wconf 87' lang='lat' dir='ltr'><strong>Alexandrino,</strong></span> 
     </span>
    </p>
   </div>
   <div class='ocr_carea' id='block_1_45' title="bbox 451 4790 3706 4880">
    <p class='ocr_par' dir='ltr' id='par_1_45' title="bbox 451 4790 3706 4880">
     <span class='ocr_line' id='line_1_45' title="bbox 451 4790 3706 4880; baseline -0.003 -16"><span class='ocrx_word' id='word_1_501' title='bbox 451 4797 1154 4880; x_wconf 79' lang='lat' dir='ltr'><strong>Constantinopolitano</strong></span> <span class='ocrx_word' id='word_1_502' title='bbox 1197 4803 1261 4861; x_wconf 89' lang='lat' dir='ltr'><strong>et</strong></span> <span class='ocrx_word' id='word_1_503' title='bbox 1301 4797 1718 4873; x_wconf 87' lang='lat' dir='ltr'><strong>Antiocheno,</strong></span> <span class='ocrx_word' id='word_1_504' title='bbox 1765 4796 1864 4858; x_wconf 93' lang='lat' dir='ltr'><strong>vel</strong></span> <span class='ocrx_word' id='word_1_505' title='bbox 1925 4790 2169 4858; x_wconf 90' lang='lat' dir='ltr'><strong>cateris</strong></span> <span class='ocrx_word' id='word_1_506' title='bbox 2230 4795 2594 4857; x_wconf 89' lang='lat' dir='ltr'><strong>consulibus</strong></span> <span class='ocrx_word' id='word_1_507' title='bbox 2638 4794 2753 4876; x_wconf 85' lang='lat' dir='ltr'><strong>(p),</strong></span> <span class='ocrx_word' id='word_1_508' title='bbox 2800 4795 2911 4876; x_wconf 91' lang='lat' dir='ltr'><strong>qui</strong></span> <span class='ocrx_word' id='word_1_509' title='bbox 2970 4794 3035 4855; x_wconf 92' lang='lat' dir='ltr'><strong>in</strong></span> <span class='ocrx_word' id='word_1_510' title='bbox 3099 4799 3386 4874; x_wconf 90' lang='lat' dir='ltr'><strong>tempore</strong></span> <span class='ocrx_word' id='word_1_511' title='bbox 3443 4792 3535 4876; x_wconf 84' lang='lat' dir='ltr'><strong>(q)</strong></span> <span class='ocrx_word' id='word_1_512' title='bbox 3576 4793 3706 4855; x_wconf 92' lang='lat' dir='ltr'><strong>illic</strong></span> 
     </span>
    </p>
   </div>
   <div class='ocr_carea' id='block_1_46' title="bbox 449 4900 3705 4987">
    <p class='ocr_par' dir='ltr' id='par_1_46' title="bbox 449 4900 3705 4987">
     <span class='ocr_line' id='line_1_46' title="bbox 449 4900 3705 4987; baseline -0.002 -16"><span class='ocrx_word' id='word_1_513' title='bbox 449 4912 902 4981; x_wconf 87' lang='lat' dir='ltr'><strong>convenerant,</strong></span> <span class='ocrx_word' id='word_1_514' title='bbox 948 4904 1301 4987; x_wconf 90' lang='lat' dir='ltr'><strong>subscripta</strong></span> <span class='ocrx_word' id='word_1_515' title='bbox 1341 4900 1555 4981; x_wconf 80' lang='lat' dir='ltr'><strong>erant,</strong></span> <span class='ocrx_word' id='word_1_516' title='bbox 1596 4922 1916 4985; x_wconf 88' lang='lat' dir='ltr'><strong>manuque</strong></span> <span class='ocrx_word' id='word_1_517' title='bbox 1958 4903 2270 4984; x_wconf 88' lang='lat' dir='ltr'><strong>imperiali</strong></span> <span class='ocrx_word' id='word_1_518' title='bbox 2312 4903 2709 4977; x_wconf 83' lang='lat' dir='ltr'><strong>confirmata,</strong></span> <span class='ocrx_word' id='word_1_519' title='bbox 2758 4902 2964 4964; x_wconf 89' lang='lat' dir='ltr'><strong>missis</strong></span> <span class='ocrx_word' id='word_1_520' title='bbox 3007 4904 3074 4964; x_wconf 88' lang='lat' dir='ltr'><strong>in</strong></span> <span class='ocrx_word' id='word_1_521' title='bbox 3134 4901 3482 4976; x_wconf 91' lang='lat' dir='ltr'><strong>Lucellum,</strong></span> <span class='ocrx_word' id='word_1_522' title='bbox 3532 4902 3705 4980; x_wconf 91' lang='lat' dir='ltr'><strong>quod</strong></span> 
     </span>
    </p>
   </div>
   <div class='ocr_carea' id='block_1_47' title="bbox 453 5008 3697 5101">
    <p class='ocr_par' dir='ltr' id='par_1_47' title="bbox 453 5008 3697 5101">
     <span class='ocr_line' id='line_1_47' title="bbox 453 5008 3697 5101; baseline -0.002 -22"><span class='ocrx_word' id='word_1_523' title='bbox 453 5014 744 5080; x_wconf 90' lang='lat' dir='ltr'><strong>scebrum</strong></span> <span class='ocrx_word' id='word_1_524' title='bbox 788 5013 871 5098; x_wconf 87' lang='lat' dir='ltr'><strong>(r)</strong></span> <span class='ocrx_word' id='word_1_525' title='bbox 912 5013 1165 5076; x_wconf 91' lang='lat' dir='ltr'><strong>carnale</strong></span> <span class='ocrx_word' id='word_1_526' title='bbox 1208 5010 1521 5101; x_wconf 82' lang='lat' dir='ltr'><strong>vocitatur</strong></span> <span class='ocrx_word' id='word_1_527' title='bbox 1560 5011 1626 5072; x_wconf 92' lang='lat' dir='ltr'><strong>in</strong></span> <span class='ocrx_word' id='word_1_528' title='bbox 1670 5011 1836 5073; x_wconf 90' lang='lat' dir='ltr'><strong>hanc</strong></span> <span class='ocrx_word' id='word_1_529' title='bbox 1896 5010 2118 5073; x_wconf 90' lang='lat' dir='ltr'><strong>urbem</strong></span> <span class='ocrx_word' id='word_1_530' title='bbox 2183 5010 2263 5073; x_wconf 89' lang='lat' dir='ltr'><strong>ad</strong></span> <span class='ocrx_word' id='word_1_531' title='bbox 2324 5010 2850 5084; x_wconf 86' lang='lat' dir='ltr'><strong>conﬁrmandum,</strong></span> <span class='ocrx_word' id='word_1_532' title='bbox 2897 5010 2998 5072; x_wconf 92' lang='lat' dir='ltr'><strong>vel</strong></span> <span class='ocrx_word' id='word_1_533' title='bbox 3058 5010 3123 5073; x_wconf 89' lang='lat' dir='ltr'><strong>in</strong></span> <span class='ocrx_word' id='word_1_534' title='bbox 3185 5008 3494 5091; x_wconf 89' lang='lat' dir='ltr'><strong>superiori</strong></span> <span class='ocrx_word' id='word_1_535' title='bbox 3557 5009 3697 5072; x_wconf 90' lang='lat' dir='ltr'><strong>loco</strong></span> 
     </span>
    </p>
   </div>
   <div class='ocr_carea' id='block_1_48' title="bbox 1472 5282 2517 5331">
    <p class='ocr_par' dir='ltr' id='par_1_48' title="bbox 1472 5282 2517 5331">
     <span class='ocr_line' id='line_1_48' title="bbox 1472 5282 2517 5331; baseline -0.003 -1"><span class='ocrx_word' id='word_1_536' title='bbox 1472 5283 1725 5331; x_wconf 76' lang='lat' dir='ltr'><strong>NOTULE</strong></span> <span class='ocrx_word' id='word_1_537' title='bbox 1766 5282 2153 5330; x_wconf 68' lang='lat' dir='ltr'><strong>IARGINALES</strong></span> <span class='ocrx_word' id='word_1_538' title='bbox 2194 5282 2517 5330; x_wconf 79' lang='lat' dir='ltr'><strong>FABROTTI.</strong></span> 
     </span>
    </p>
   </div>
   <div class='ocr_carea' id='block_1_49' title="bbox 355 5500 3627 5583">
    <p class='ocr_par' dir='ltr' id='par_1_49' title="bbox 355 5500 3627 5583">
     <span class='ocr_line' id='line_1_49' title="bbox 355 5500 3627 5583; baseline -0.003 -17"><span class='ocrx_word' id='word_1_539' title='bbox 355 5508 431 5583; x_wconf 73' lang='grc' dir='ltr'><strong>(α)</strong></span> <span class='ocrx_word' id='word_1_540' title='bbox 464 5506 585 5583; x_wconf 69' lang='lat' dir='ltr'><strong>alii.</strong></span> <span class='ocrx_word' id='word_1_541' title='bbox 661 5506 739 5582; x_wconf 89' lang='lat' dir='ltr'><strong>(b)</strong></span> <span class='ocrx_word' id='word_1_542' title='bbox 773 5506 1150 5583; x_wconf 71' lang='lat' dir='ltr'><strong>unanimiter.</strong></span> <span class='ocrx_word' id='word_1_543' title='bbox 1190 5582 1195 5583; x_wconf 13' lang='grc' dir='ltr'><em>γ</em></span> <span class='ocrx_word' id='word_1_544' title='bbox 1228 5507 1301 5577; x_wconf 85' lang='lat' dir='ltr'><strong>(c)</strong></span> <span class='ocrx_word' id='word_1_545' title='bbox 1331 5505 1470 5583; x_wconf 75' lang='lat' dir='ltr'><strong>clari</strong></span> <span class='ocrx_word' id='word_1_546' title='bbox 1507 5504 1825 5583; x_wconf 85' lang='lat' dir='ltr'><strong>_s_cditiosi_._</strong></span> <span class='ocrx_word' id='word_1_547' title='bbox 1868 5506 2293 5583; x_wconf 35' lang='lat' dir='ltr'><strong>_(d).inte_ntio.__</strong></span> <span class='ocrx_word' id='word_1_548' title='bbox 2329 5506 2404 5583; x_wconf 68' lang='grc' dir='ltr'><strong>ζθ(</strong></span> <span class='ocrx_word' id='word_1_549' title='bbox 2436 5504 2988 5583; x_wconf 61' lang='grc' dir='ltr'><strong>ειςιρΙωηεειῑῇοῐιίὶηιε.⁸</strong></span> <span class='ocrx_word' id='word_1_550' title='bbox 3042 5503 3212 5583; x_wconf 60' lang='grc' dir='ltr'><strong>(αξη</strong></span> <span class='ocrx_word' id='word_1_551' title='bbox 3241 5500 3318 5572; x_wconf 87' lang='lat' dir='ltr'><strong>(g)</strong></span> <span class='ocrx_word' id='word_1_552' title='bbox 3335 5500 3627 5583; x_wconf 34' lang='lat' dir='ltr'><strong>gooquod.</strong></span> 
     </span>
    </p>
   </div>
   <div class='ocr_carea' id='block_1_50' title="bbox 285 5571 3700 5653">
    <p class='ocr_par' dir='ltr' id='par_1_50' title="bbox 285 5571 3700 5653">
     <span class='ocr_line' id='line_1_50' title="bbox 285 5571 3700 5653; baseline -0.002 -17"><span class='ocrx_word' id='word_1_553' title='bbox 285 5571 457 5653; x_wconf 68' lang='grc' dir='ltr'><strong>(ω’Β,</strong></span> <span class='ocrx_word' id='word_1_554' title='bbox 490 5571 697 5653; x_wconf 60' lang='lat' dir='ltr'><strong>libras.</strong></span> <span class='ocrx_word' id='word_1_555' title='bbox 722 5571 841 5653; x_wconf 22' lang='lat' dir='ltr'><strong>&#39;A(i)4</strong></span> <span class='ocrx_word' id='word_1_556' title='bbox 868 5580 931 5647; x_wconf 90' lang='lat' dir='ltr'><strong>B,</strong></span> <span class='ocrx_word' id='word_1_557' title='bbox 963 5571 1472 5653; x_wconf 37' lang='lat' dir='ltr'><strong>pradictu&#39;m,d(])</strong></span> <span class='ocrx_word' id='word_1_558' title='bbox 1504 5577 1678 5653; x_wconf 61' lang='lat' dir='ltr'><strong>idem.</strong></span> <span class='ocrx_word' id='word_1_559' title='bbox 1704 5651 1711 5653; x_wconf 11' lang='grc' dir='ltr'>ξ</span> <span class='ocrx_word' id='word_1_560' title='bbox 1756 5578 1838 5653; x_wconf 59' lang='lat' dir='ltr'><strong>(Ic)</strong></span> <span class='ocrx_word' id='word_1_561' title='bbox 1866 5571 2160 5653; x_wconf 64' lang='lat' dir='ltr'><strong>indixerit.</strong></span> <span class='ocrx_word' id='word_1_562' title='bbox 2239 5579 2303 5651; x_wconf 85' lang='grc' dir='ltr'><strong>(ι)</strong></span> <span class='ocrx_word' id='word_1_563' title='bbox 2329 5571 2599 5653; x_wconf 32' lang='grc' dir='ltr'>Ιυρυιὶεη</span> <span class='ocrx_word' id='word_1_564' title='bbox 2642 5580 2741 5653; x_wconf 85' lang='lat' dir='ltr'><strong>(m-_)</strong></span> <span class='ocrx_word' id='word_1_565' title='bbox 2773 5571 3391 5653; x_wconf 44' lang='lat' dir='ltr'><strong>respectatOribus&#39;jnB,</strong></span> <span class='ocrx_word' id='word_1_566' title='bbox 3415 5571 3700 5653; x_wconf 76' lang='lat' dir='ltr'><strong>inspecto-</strong></span> 
     </span>
    </p>
   </div>
   <div class='ocr_carea' id='block_1_51' title="bbox 285 5642 3695 5724">
    <p class='ocr_par' dir='ltr' id='par_1_51' title="bbox 285 5642 3695 5724">
     <span class='ocr_line' id='line_1_51' title="bbox 285 5642 3695 5724; baseline -0.002 -16"><span class='ocrx_word' id='word_1_567' title='bbox 285 5642 469 5709; x_wconf 72' lang='lat' dir='ltr'><strong>ribus.</strong></span> <span class='ocrx_word' id='word_1_568' title='bbox 546 5652 628 5724; x_wconf 77' lang='grc' dir='ltr'><strong>(π)</strong></span> <span class='ocrx_word' id='word_1_569' title='bbox 654 5642 788 5724; x_wconf 75' lang='grc' dir='ltr'><strong>Υἱἀέ</strong></span> <span class='ocrx_word' id='word_1_570' title='bbox 816 5642 1001 5724; x_wconf 59' lang='grc' dir='ltr'><strong>Βᾳτλοᾶι</strong></span> <span class='ocrx_word' id='word_1_571' title='bbox 1047 5650 1117 5724; x_wconf 71' lang='grc' dir='ltr'><strong>ςιίί</strong></span> <span class='ocrx_word' id='word_1_572' title='bbox 1164 5667 1279 5724; x_wconf 75' lang='lat' dir='ltr'><strong>ann</strong></span> <span class='ocrx_word' id='word_1_573' title='bbox 1316 5642 1463 5724; x_wconf 52' lang='lat'><strong>692&#39;,</strong></span> <span class='ocrx_word' id='word_1_574' title='bbox 1478 5666 1588 5722; x_wconf 86' lang='lat' dir='ltr'><strong>pag</strong></span> <span class='ocrx_word' id='word_1_575' title='bbox 1617 5642 1773 5705; x_wconf 41' lang='lat' dir='ltr'><strong>6ll.‘</strong></span> <span class='ocrx_word' id='word_1_576' title='bbox 1815 5642 1893 5723; x_wconf 43' lang='lat'><strong>&#39;(0)</strong></span> <span class='ocrx_word' id='word_1_577' title='bbox 1922 5650 2049 5723; x_wconf 88' lang='lat' dir='ltr'><strong>ipse</strong></span> <span class='ocrx_word' id='word_1_578' title='bbox 2093 5642 2293 5723; x_wconf 43' lang='lat' dir='ltr'><strong>papa,</strong></span> <span class='ocrx_word' id='word_1_579' title='bbox 2310 5654 2377 5714; x_wconf 83' lang='grc' dir='ltr'><strong>Β,</strong></span> <span class='ocrx_word' id='word_1_580' title='bbox 2412 5649 2535 5724; x_wconf 87' lang='lat' dir='ltr'><strong>ipse</strong></span> <span class='ocrx_word' id='word_1_581' title='bbox 2567 5642 2823 5721; x_wconf 82' lang='lat' dir='ltr'><strong>Sergius.</strong></span> <span class='ocrx_word' id='word_1_582' title='bbox 2868 5642 2979 5717; x_wconf 59' lang='lat' dir='ltr'><strong>&#39;(p)</strong></span> <span class='ocrx_word' id='word_1_583' title='bbox 3006 5649 3048 5700; x_wconf 84' lang='grc' dir='ltr'><em>Β</em></span> <span class='ocrx_word' id='word_1_584' title='bbox 3077 5642 3447 5717; x_wconf 84' lang='lat' dir='ltr'><strong>prasulibus.</strong></span> <span class='ocrx_word' id='word_1_585' title='bbox 3509 5642 3598 5719; x_wconf 52' lang='lat' dir='ltr'><strong>_(q)</strong></span> <span class='ocrx_word' id='word_1_586' title='bbox 3629 5660 3695 5702; x_wconf 87' lang='lat' dir='ltr'><strong>eo</strong></span> 
     </span>
    </p>
   </div>
   <div class='ocr_carea' id='block_1_52' title="bbox 282 5721 1679 5798">
    <p class='ocr_par' dir='ltr' id='par_1_52' title="bbox 282 5721 1679 5798">
     <span class='ocr_line' id='line_1_52' title="bbox 282 5721 1679 5798; baseline -0.003 -19"><span class='ocrx_word' id='word_1_587' title='bbox 282 5721 568 5798; x_wconf 77' lang='lat' dir='ltr'><strong>tempore,</strong></span> <span class='ocrx_word' id='word_1_588' title='bbox 608 5721 613 5722; x_wconf 31' lang='grc' dir='ltr'>ί</span> <span class='ocrx_word' id='word_1_589' title='bbox 642 5722 716 5797; x_wconf 80' lang='grc' dir='ltr'><strong>(ν)</strong></span> <span class='ocrx_word' id='word_1_590' title='bbox 745 5725 809 5790; x_wconf 86' lang='grc' dir='ltr'><strong>Β,</strong></span> <span class='ocrx_word' id='word_1_591' title='bbox 843 5721 1122 5790; x_wconf 88' lang='lat' dir='ltr'><strong>chartale,</strong></span> <span class='ocrx_word' id='word_1_592' title='bbox 1157 5723 1303 5779; x_wconf 77' lang='lat' dir='ltr'><strong>locus</strong></span> <span class='ocrx_word' id='word_1_593' title='bbox 1329 5722 1679 5795; x_wconf 75' lang='lat' dir='ltr'><strong>depravatus.</strong></span> 
     </span>
    </p>
   </div>
  </div>
