4008 6158
367 133 495 198 895
1526 137 1680 200 ΑΝΑ
1691 137 1941 202 STASII
1983 137 2637 202 BIBLIOTHECARII.
3623 145 3726 216 896

541 267 1058 332 subscribendum
1104 268 1322 352 Sergio
1379 271 1683 353 pontifici,
1731 280 1948 354 utpote
2023 274 2214 354 capiti
2264 274 2548 336 omnium
2609 271 3031 348 sacerdotum,
3075 269 3324 338 direxit.
3371 273 3486 348 Qui
3535 275 3730 344 beatis-

424 379 500 437 lO
539 375 732 435 simus
784 375 1092 455 pontifex,
1141 386 1210 438 ut
1270 379 1506 440 dictum
1571 371 1985 460 est,'penitus
2054 381 2256 442 eidem
2329 381 2684 442 Justiniano
2751 387 3036 460 Augusto
3099 399 3221 442 non
3285 382 3604 462 acquievit,
3641 407 3737 452 nec

539 481 790 542 eosdem
857 488 1058 544 tomos
1118 487 1432 566 suscipere
1493 495 1604 548 aut
1663 488 1929 550 lectione
1975 488 2057 568 (ιι)
2102 489 2378 568 pandere
2449 507 2669 568 passus
2737 493 2852 549 est.
2897 488 3092 548 Porro
3161 506 3269 550 eos
3337 493 3408 548 ut
3471 489 3740 556 invalidos

543 590 780 670 respuit
821 595 1010 669 atque
1053 593 1306 670 objccit,
1355 594 1591 672 eligens
1633 601 1779 656 ante
1825 595 1984 656 mori
2027 613 2220 676 quam
2283 595 2634 656 novitatum
2703 594 3020 656 erroribus
3081 594 3452 656 consentire.
3497 597 3605 668 Qui
3641 600 3740 660 im-

541 703 796 776 perator
825 699 1110 777 Sergium
1159 701 1636 780 magistrianum
1669 701 1732 762 in
1775 709 2054 782 spretum
2101 702 2544 781 praenominati
2591 701 2903 781 pontificis
2949 703 3208 762 Romam
3267 701 3537 775 mittens,
3576 705 3742 766 Joan-

543 823 686 864 nem
719 808 846 866 Deo
891 807 1226 867 amabilem
1259 810 1665 869 Portuensem
1713 811 2100 890 episcopum,
2147 828 2255 870 seu
2299 809 2690 870 Bonitacium
2737 808 3162 870 consiliarium
3219 809 3571 888 apostolica:
3609 815 3745 874 sedis

428 913 500 971 15
545 930 754 972 secum
799 912 862 972 in
909 915 1145 992 regiam
1192 915 1452 976 abstulit
1497 917 1738 976 urbem.

631 1028 782 1080 161
833 1021 1069 1082 Deinde
1130 1023 1500 1084 Zachariam
1571 1024 1908 1084 immanem
1981 1043 2163 1085 suum
2236 1023 2816 1104 protospatbarium
2879 1040 3021 1082 cum
3073 1020 3363 1101 jussione
3425 1021 3654 1096 direxit,
3693 1031 3749 1086 ut

547 1125 914 1206 praedictum
963 1127 1324 1208 pontificem
1371 1129 1659 1190 similiter
1700 1131 1762 1190 in
1807 1130 2044 1208 regiam
2099 1131 2464 1210 deportaret
2525 1129 2770 1190 urbem.
2815 1128 2940 1190 Sed
3005 1126 3434 1188 misericordia
3471 1127 3576 1188 Dei
3613 1149 3747 1210 prai-

545 1233 854 1306 veniente,
905 1234 1215 1314 beateque
1257 1237 1441 1314 Petro
1488 1237 1776 1316 apostolo
1819 1244 1882 1298 et
1924 1237 2355 1317 apostolorum
2401 1237 2692 1316 Principe
2751 1234 3159 1314 suffragante,
3209 1252 3514 1316 suamque
3569 1237 3749 1298 Eccle-

547 1337 702 1398 siam
747 1338 1194 1402 immutilatam
1237 1348 1551 1416 servante,
1597 1343 1939 1404 excitatum
1983 1349 2078 1404 est
2119 1361 2226 1404 cor
2271 1342 2650 1404 Ravennatis
2697 1340 2960 1415 militiae,
3007 1340 3275 1402 ducatus
3329 1339 3514 1400 etiam
3555 1341 3749 1402 Penta-

463 1449 499 1506 5
546 1444 809 1526 politani
851 1453 915 1506 et
956 1448 1316 1527 circumque
1362 1449 1660 1527 partium,
1710 1468 1833 1509 non
1882 1449 2244 1528 permittere
2286 1447 2368 1528 (ὁ)
2413 1448 2774 1527 pontificem
2818 1447 2981 1508 sedis
3026 1445 3396 1530 apostolicae
3439 1445 3502 1506 in
3549 1447 3750 1526 regiam

549 1552 884 1615 ascendere
929 1555 1172 1616 urbem.
1221 1555 1502 1635 Cumque
1545 1575 1620 1616 ex
1674 1557 1846 1618 omni
1891 1562 2066 1635 parte
2129 1555 2467 1616 multitudo
2530 1553 2768 1616 militiae
2831 1552 3222 1634 conveniret,
3267 1551 3598 1614 Zacharias
3635 1573 3750 1634 spa-

549 1659 792 1720 tharius
839 1659 932 1741 (c),
981 1661 1349 1740 perterritus
1391 1667 1452 1722 et
1497 1662 1818 1742 trepidans
1863 1681 1940 1722 ne
2005 1681 2042 1721 a
2087 1661 2271 1721 turba
2319 1661 2556 1720 militiae
2599 1660 3013 1730 occideretur,
3063 1663 3280 1738 portas
3342 1657 3586 1737 quidem
3628 1659 3752 1720 civi-

553 1767 698 1826 tatis
741 1767 948 1828 claudi
991 1775 1052 1828 ct
1098 1769 1296 1828 teneri
1343 1769 1700 1848 pontificem
1749 1769 1834 1850 (cf)
1879 1769 2264 1848 postulabat.
2311 1771 2448 1848 Ipse
2495 1785 2639 1830 vero
2695 1767 2760 1826 in
2827 1766 3116 1846 cubiculo
3179 1764 3494 1846 pontificis
3527 1763 3612 1845 (ε).
3652 1771 3750 1826 tre-

552 1871 904 1932 mebundus
947 1873 1197 1952 refugit,
1245 1875 1594 1954 deprecans
1635 1875 2129 1954 lacrymabiliter
2171 1880 2242 1934 ut
2283 1873 2380 1934 sui
2419 1873 2706 1952 pontifex
2750 1872 3176 1944 misereretur,
3225 1888 3342 1932 nec
3413 1871 3755 1951 permitteret

435 1977 512 2036 lO
553 1996 940 2056 quemquam
1002 1977 1137 2058 ejus
1208 1979 1438 2040 animas
1506 1979 1810 2040 infestari.
1879 1980 2204 2042 Exercitus
2273 1983 2483 2040 autem
2555 1978 2960 2051 Ravennatis,
3005 1977 3334 2056 ingressus
3395 1994 3504 2055 per
3543 1981 3754 2056 portam

549 2081 716 2144 beati
759 2082 926 2144 Petri
970 2083 1257 2162 apostoli,
1306 2101 1448 2145 cum
1496 2085 1687 2146 armis
1729 2091 1790 2146 et
1837 2086 2020 2146 turba
2059 2085 2140 2164 (Ῑ)
2181 2085 2245 2145 in
2291 2087 2712 2146 Lateranense
2757 2082 3144 2164 episcOpium
3191 2081 3391 2154 venit,
3439 2081 3754 2162 pontificem

548 2187 760 2250 videre
833 2193 1130 2264 aestuans,
1176 2209 1388 2270 quem,
1435 2192 1605 2252 fama
1674 2193 1994 2270 vulgante,
2043 2210 2155 2272 per
2224 2196 2472 2254 noctem
2543 2190 2862 2252 sublatum
2925 2195 2987 2252 et
3051 2187 3118 2250 in
3169 2187 3496 2268 navigium
3539 2189 3756 2248 missum

550 2295 740 2358 fuisse
811 2303 1243 2374 cognoverant
1311 2297 1419 2378 (g).
1492 2301 1782 2378 Dumque
1850 2299 2016 2360 fores
2085 2298 2478 2380 patriarchii,
2553 2303 2682 2360 tam
2749 2297 3078 2360 inferiores
3158 2314 3358 2376 quam
3422 2295 3752 2376 superiores,

557 2407 766 2464 essent
809 2403 1061 2476 clausae,
1108 2403 1224 2466 has
1265 2403 1332 2464 in
1375 2411 1633 2482 terram,
1679 2404 1798 2466 nisi
1841 2405 2113 2466 velocius
2168 2404 2586 2486 aperirentur,
2633 2403 2882 2466 mittere
2945 2403 3350 2464 minarentur
3391 2400 3494 2484 (In),
3539 2421 3654 2482 prae
3691 2400 3757 2460 ni-

435 2511 508 2572 15
557 2509 683 2570 mia
729 2509 970 2571 timoris
1014 2512 1304 2592 angustia
1349 2519 1413 2572 et
1455 2512 1599 2572 vitm
1644 2512 2082 2592 desperatione
2123 2511 2463 2574 Zacharias
2505 2511 2865 2592 spatbarius
2918 2510 3035 2572 sub
3096 2512 3334 2572 lectum
3375 2508 3450 2590 (ι)
3491 2507 3755 2588 pontiﬁcis

552 2617 871 2696 ingressus
913 2637 1046 2680 sese
1089 2619 1442 2692 abscondit,
1486 2619 1574 2680 ita
1617 2624 1687 2680 ut
1729 2625 1940 2680 mente
1985 2619 2302 2680 excideret
2354 2624 2417 2680 et
2477 2618 2770 2698 perderet
2833 2637 3109 2680 sensum.
3157 2617 3358 2689 Qnem
3407 2615 3756 2677 beatissimus

557 2743 723 2804 papa
751 2725 1150 2800 confortavit,
1199 2726 1412 2787 dicens
1456 2732 1527 2787 ut
1569 2727 1744 2786 nullo
1777 2727 1964 2787 modo
2021 2726 2292 2787 timeret.
2337 2729 2638 2806 Egressus
2699 2743 2846 2785 vero
2908 2725 3071 2786 idem
3134 2723 3533 2784 beatissimus
3585 2721 3755 2804 ponti-

554 2832 654 2890 fex
701 2831 848 2892 foris
891 2832 1214 2894 basilicam
1258 2833 1478 2894 domni
1519 2833 1835 2895 Theodori
1880 2852 2060 2914 papae
2104 2833 2336 2912 apertis
2369 2831 2585 2911 januis
2628 2832 2692 2894 in
2737 2831 2946 2894 sedem
2991 2830 3094 2912 ω,
3141 2849 3290 2911 qua:
3334 2829 3520 2911 vulgo
3576 2825 3756 2909 appel-

556 2937 724 2997 latur
767 2939 882 2998 sub
925 2941 1260 3018 Apostolis,
1308 2941 1785 3018 generalitatem
1833 2940 2072 3001 militia:
2117 2945 2179 2999 et
2223 2939 2466 3020 pepuli,
2512 2939 2620 3020 qui
2665 2957 2779 3018 pro
2833 2957 2908 3000 eo
2970 2938 3416 3011 occurrebant,
3463 2933 3756 2996 honorifice

434 3044 514 3104 2O
556 3044 866 3124 suscepit;
913 3045 1186 3126 datoque
1253 3051 1401 3126 apto
1473 3051 1536 3108 et
1605 3046 1782 3108 suavi
1853 3065 2177 3126 responso,
2221 3063 2442 3107 eorum
2515 3043 2708 3107 corda
2775 3044 3002 3106 linivit.
3052 3046 3432 3126 Quanquam
3498 3039 3602 3119 illi,
3650 3038 3754 3102 zelo

555 3147 726 3208 ducti
771 3167 884 3229 pro
929 3167 1144 3212 amore
1187 3157 1249 3211 et
1293 3151 1642 3214 reverentia
1685 3157 1814 3212 tam
1861 3150 2153 3212 Ecclesiae
2197 3151 2308 3212 Dei
2349 3169 2670 3230 quamque
2725 3149 3101 3211 sanctissimi
3161 3147 3504 3230 pontificis,
3576 3145 3691 3225 jam
3726 3161 3756 3204 a

555 3254 929 3336 patriarchii
973 3257 1256 3318 custodia
1298 3277 1426 3320 non
1473 3263 1862 3320 recesserunt
1903 3257 2010 3339 (k),
2058 3276 2388 3337 quousque
2432 3255 2911 3318 denominatum
2967 3254 3368 3338 spatharium
3431 3272 3563 3316 cum
3617 3249 3751 3330 inju-

556 3361 664 3422 riis
706 3367 769 3423 et
810 3364 1206 3426 contumeliis
1250 3383 1289 3426 a
1329 3365 1580 3427 civitate
1625 3367 1906 3427 Romana
1948 3364 2100 3426 foris
2141 3364 2532 3445 depellerent
2572 3363 2666 3444 (ἰ).
2713 3365 2868 3425 Nam
2913 3369 2976 3423 et
3027 3362 3080 3424 is
3121 3361 3234 3444 qui
3289 3361 3464 3423 illum
3524 3357 3755 3434 miserat,

554 3469 688 3548 ipso
731 3470 922 3532 etiam
969 3477 1251 3552 tempore
1295 3477 1412 3546 est,
1457 3473 1723 3534 Domino
1767 3471 2176 3546 retribuente,
2228 3490 2424 3551 regno
2470 3471 2775 3552 privatus.
2821 3471 3047 3552 Sicque
3091 3469 3375 3532 Ecclesia
3411 3467 3520 3530 Dei
3571 3466 3754 3546 imper-

437 3576 514 3634 25
559 3575 812 3636 turbata
853 3595 996 3637 cum
1041 3597 1152 3640 suo
1197 3579 1488 3660 praesule,
1536 3577 2100 3652 Christo-favente,
2147 3585 2396 3640 servata
2437 3585 2551 3639 est.

641 3689 802 3743 11η
849 3683 962 3744 Hic
1005 3684 1401 3746 beatissimus
1449 3685 1546 3745 vir
1587 3685 1653 3745 in
1699 3684 1972 3746 sacrario
2015 3685 2184 3746 beati
2226 3685 2496 3765 apostoli
2537 3703 2792 3766 capsam
2835 3688 3228 3764 argenteam,
3280 3683 3346 3746 in
3393 3679 3611 3764 angulo
3647 3675 3754 3740 obs-

558 3787 885 3848 curissime
922 3787 1264 3868 jacentem,
1313 3795 1372 3852 et
1418 3809 1494 3851 ex
1538 3789 1864 3868 nigredine
1919 3795 2254 3852 transacta:
2319 3789 2712 3862 annositatis,
2763 3807 2878 3852 nec
2920 3789 2971 3850 si
3013 3795 3176 3850 esset
3235 3794 3552 3870 argentea,
3593 3798 3750 3864 appa-

560 3899 828 3968 rentem,
873 3897 1001 3956 Deo
1068 3896 1125 3957 ei
1185 3897 1521 3970 revelante,
1573 3897 1828 3977 reperit.
1877 3898 2174 3960 Oratione
2235 3897 2448 3978 itaque
2520 3897 2686 3958 facta
2754 3895 3028 3976 sigillum
3099 3913 3468 3978 expressum
3513 3887 3748 3960 abstulit,

559 3999 852 4062 locellum
898 4002 1169 4082 aperuit,
1213 4003 1278 4063 in
1323 4022 1448 4084 quo
1491 4004 1754 4066 interius
1801 4004 2198 4083 plumaceum
2243 4023 2320 4065 ex
2375 4002 2724 4064 holoserico
2787 4003 3282 4083 superpositum,
3329 3999 3496 4084 quod
3549 4004 3749 4060 staure-

479 4108 516 4164 5
559 4108 646 4167 cis
689 4107 940 4183 dicitur,
985 4109 1247 4171 invenit.
1295 4112 1511 4191 quue
1555 4110 1769 4172 ablato
1815 4110 2076 4172 inferius
2120 4129 2369 4172 crucem
2415 4111 2678 4172 diversis
2721 4127 2794 4171 ac
2855 4109 3146 4190 pretiosis
3203 4109 3518 4190 lapidibus
3573 4116 3750 4186 peror-

562 4221 777 4276 natam
821 4215 1115 4295 inspexit,
1163 4217 1239 4278 de
1283 4237 1411 4296 qua
1441 4218 1657 4278 tractis
1699 4222 1974 4296 quatuor
2019 4217 2266 4296 petalis,
2313 4218 2376 4277 in
2437 4217 2669 4296 quibus
2736 4235 3006 4296 gemmae
3077 4217 3312 4278 clausis
3379 4219 3553 4278 erant
3611 4207 3749 4270 mire

559 4321 1035 4400 magnitudinis,
1083 4327 1144 4383 et
1185 4323 1566 4386 ineffabilem
1641 4323 1999 4404 portionem
2069 4323 2364 4384 salutaris
2437 4323 2592 4403 ligni
2661 4323 3002 4384 Dominicaa
3071 4323 3278 4385 crucis
3346 4319 3594 4384 invenit.
3631 4315 3749 4386 01183

557 4430 745 4490 etiam
791 4448 868 4490 ex
911 4429 1011 4492 die
1053 4429 1161 4490 illo
1211 4449 1324 4510 pro
1369 4431 1572 4492 salute
1619 4431 1882 4492 humani
1925 4431 2171 4510 generis
2214 4429 2293 4491 ab
2337 4431 2512 4492 omni
2556 4431 2792 4512 populo
2835 4431 3189 4493 Christiano
3247 4431 3350 4492 die
3390 4417 3748 4491 Exaltationis

558 4541 792 4598 sanctae
823 4535 1024 4598 crucis
1065 4536 1132 4597 in
1176 4536 1436 4598 basilica
1481 4537 1850 4611 Salvatoris,
1901 4557 2044 4618 qua:
2089 4536 2448 4618 appellatur
2489 4537 3032 4608 Constantiniana,
3081 4537 3406 4600 osculatur
3459 4551 3528 4594 ac
3562 4528 3746 4592 adora-

442 4643 518 4702 lO
561 4649 684 4702 tur.
731 4643 842 4703 Hic
886 4645 1032 4704 fecit
1073 4643 1414 4724 imaginem
1457 4643 1628 4706 beati
1672 4644 1842 4706 Petri
1872 4645 2164 4724 apostoli,
2211 4663 2354 4724 quas
2395 4649 2489 4706 est
2529 4644 2596 4704 in
2640 4650 2822 4725 parte
2866 4644 3227 4706 mulierum.
3275 4645 3387 4706 Hic
3445 4637 3580 4704 fecit
3633 4633 3746 4711 thy-

561 4747 1024 4810 miamaterium
1070 4768 1330 4811 aureum
1377 4750 1579 4831 majus
1623 4769 1766 4812 cum
1812 4750 2124 4814 columnis
2167 4757 2229 4812 et
2272 4751 2672 4833 cooperculo,
2717 4752 2890 4833 quod
2932 4751 3260 4832 suspendit
3301 4755 3446 4812 ante
3491 4739 3746 4821 imagines

561 4859 686 4914 tres
729 4873 954 4915 aureas
997 4856 1165 4917 beati
1215 4858 1376 4918 Petri
1419 4859 1712 4938 apostoli‘
1760 4860 1822 4919 in
1869 4878 1996 4939 quo
2041 4859 2366 4920 incensum
2411 4866 2476 4920 et
2525 4859 2684 4920 odor
2739 4859 3067 4920 suavitatis
3127 4857 3303 4919 festis
3361 4853 3584 4923 diebus,
3624 4845 3744 4906 dum

561 4959 892 5020 missarum
938 4963 1242 5024 solemnia
1285 4965 1708 5040 celebrantur,
1755 4966 2178 5047 omnipotenti
2221 4971 2348 5028 Deo
2393 4966 2756 5047 opulentius
2801 4965 3091 5027 mittitur.
3145 4965 3260 5026 Hic
3318 4960 3518 5044 posuit
3563 4957 3618 5017 in
3653 4949 3744 5012 ab-

561 5066 718 5128 sidia
785 5067 1058 5130 basilicze
1119 5073 1565 5152 suprascripta:
1627 5092 1818 5153 super
1877 5074 2090 5135 sedem
2153 5075 2538 5154 apallaream
2584 5073 2683 5156 (γη)
2732 5079 3124 5153 argenteam,
3173 5090 3351 5154 pens.
3395 5068 3546 5146 sing.
3587 5059 3746 5122 libm

1581 5327 1825 5376 NOTULE
1867 5329 2256 5377 MARGINALES
2299 5330 2619 5379 FABROTTI.

499 5533 553 5610 ρ)
575 5533 826 5610 lectioni.
905 5535 984 5602 (ὁ)
1016 5537 1226 5610 utnon
1257 5532 1681 5610 permitterent.
1759 5535 2440 5610 (c)_B,protospatarius.
2494 5536 2603 5610 _(d)g
2625 5554 2660 5592 a
2684 5537 2978 5610 pontifice.
3017 5607 3032 5610 _
3055 5535 3126 5610 (ε)
3160 5535 3232 5610 ad
3263 5531 3429 5610 pedes
3468 5513 3738 5610 mam??-

491 5595 562 5676 ﬂ'
589 5607 766 5682 turba
794 5595 920 5660 non‘
947 5595 1192 5682 modica.
1257 5595 1370 5682 Kg)‘
1406 5605 1730 5682 audierant.
1765 5595 1775 5604 ’
1807 5595 1885 5679 (ἡ)
1908 5595 1977 5679 ’Βξ
2013 5595 2412 5665 minabantur.
2485 5595 2551 5682 (ἱ)
2577 5595 2758 5666 Ἰθθία
2839 5609 2904 5681 (7')
2936 5595 3147 5666 sedens
3195 5595 3284 5664 in.
3301 5595 3488 5661 sedef
3517 5595 3586 5669 (Ῐί)
3613 5601 3740 5646 mw

407 5677 625 5738 dereni.
702 5676 765 5748 (ι)
797 5677 1175 5754 expulissent.
1253 5678 1349 5752 (m)
1379 5676 1782 5756 appellariam.
