4008 6158
216 231 326 296 89'!
713 207 717 210 ’
1025 230 1396 293 HISTORIA
1436 231 1541 293 DE
1584 230 1789 293 vms
1836 231 2024 293 non.
2072 230 2302 293 pom.
2338 265 2412 275 -
2443 232 2797 296 SERGIUS.
3492 218 3629 300 898'

254 368 328 429 l5
372 369 627 429 centum
670 363 893 446 vignti.
942 365 1052 427 Hic
1095 364 1242 427 fecit
1285 364 1349 426 in
1406 365 1665 427 basilica
1726 366 2155 447 suprascripta
2216 366 2384 427 faros
2446 372 2777 445 argenteos
2836 386 2968 443 sex,
3017 386 3195 449 pens.
3257 369 3421 450 sing.
3467 371 3611 432 libr.

368 473 654 553 triginta,
699 471 810 552 qui
852 477 998 533 sunt
1043 491 1232 552 super
1276 473 1484 534 trabes
1528 473 1606 534 ad
1651 473 2002 552 ingressum
2049 472 2476 534 confessionis.

454 587 617 640 “8
662 577 777 640 Hic
837 578 985 640 fecit
1044 579 1107 639 in
1176 579 1439 640 circuitu
1504 579 1722 640 altaris
1781 580 2057 641 basilica
2128 579 2569 659 suprascripta
2634 580 2925 641 tetravila
2964 580 3049 661 (ιι)
3093 588 3256 656 octo,
3346 589 3621 664 quatuor

369 705 449 748 ex
493 684 656 747 albis
697 683 805 765 (ὁ),
853 691 917 747 et
957 691 1234 766 quatuor
1293 705 1370 747 ex
1442 687 1696 748 coccino
1742 685 1839 767 (c).
1888 686 1998 748 Hic
2070 692 2302 747 tectum
2377 692 2439 748 et
2510 686 2820 760 cubicula,
2906 706 3050 767 qua
3132 688 3620 771 circumquaque
3680 700 3689 713 ‘

369 791 655 873 ejusdem
738 788 1014 854 basilica
1096 797 1267 867 sunt,
1353 812 1494 874 qua
1580 811 1692 874 per
1774 793 1970 872 longa
2052 799 2337 874 tempora
2418 792 2749 855 stillicidiis
2830 799 2891 854 et
2963 793 3292 855 ruderibus
3375 797 3624 859 fuerant

370 898 660 980 disrupta
699 897 810 981 (d),
855 899 1194 962 studiosius
1276 898 1603 962 innovavit
1683 918 1757 962 ac
1841 901 2182 981 reparavit.
2270 901 2383 961 Hic
2468 900 2804 973 musivum,
2880 901 3051 979 quod
3134 918 3210 960 ex
3296 908 3477 981 parte
3557 902 3621 962 in

289 1008 331 1066 5
374 1006 584 1068 fronte
683 1004 828 1067 atrii
927 1004 1211 1085 ejusdem
1311 1005 1586 1067 basilica
1688 1006 1896 1068 fuerat
1995 1006 2298 1081 dirutum,
2410 1005 2753 1068 innovavit.
2843 1006 3145 1069 Similiter
3226 1013 3289 1068 et
3370 1007 3627 1089 specula

372 1112 656 1193 ejusdem
739 1113 1043 1187 ecclesia,
1126 1132 1269 1193 qua
1351 1132 1541 1194 super
1621 1115 1832 1177 sedem
1917 1119 2085 1185 sunt,
2132 1113 2232 1175 vel
2313 1113 2519 1192 regios
2602 1132 2785 1174 arcus
2871 1113 3144 1192 majores
3227 1118 3400 1188 sunt,
3447 1133 3627 1176 reno-

375 1220 566 1282 vavit.
618 1219 765 1282 -Hic
846 1239 1074 1301 corpus
1144 1219 1317 1283 beati
1413 1219 1638 1282 Leonis
1738 1219 2166 1301 probatissimi
2266 1220 2471 1280 Patris
2575 1225 2764 1300 atque
2865 1220 3204 1301 pontiﬁcis,
3308 1221 3481 1302 quod
3561 1220 3627 1282 in

369 1327 588 1391 abdito
675 1326 989 1389 inferioris
1049 1325 1126 1407 (θ)
1187 1327 1507 1393 secretarii
1591 1328 1909 1407 praedicta
1994 1326 2269 1389 basilica
2355 1326 2632 1407 positum
2718 1329 2947 1403 fuerat,
3033 1330 3202 1389 facta
3262 1328 3632 1409 diligentius

372 1433 596 1495 tumba
638 1433 700 1494 in
744 1434 1153 1495 denominata
1196 1434 1454 1495 basilica
1496 1434 1750 1515 publico
1795 1435 1955 1507 loco,
2008 1440 2075 1495 ut
2118 1434 2235 1495 sibi
2281 1435 2489 1496 fuerat
2535 1434 2901 1507 revelatum,
2951 1435 3251 1516 reposuit,
3300 1455 3374 1498 ac
3417 1436 3627 1498 locum

243 1546 334 1606 iO
375 1544 583 1624 ipsum
626 1540 1058 1617 ornavithllic
1099 1541 1247 1603 fecit
1286 1547 1586 1621 patenam
1631 1560 1885 1602 auream
1933 1540 2237 1620 majorem
2283 1541 2622 1602 habentem
2669 1559 2951 1620 gemmas
2997 1560 3071 1602 ex
3114 1542 3272 1603 albis
3316 1541 3412 1623 (/),
3461 1549 3524 1604 et
3565 1542 3631 1604 in

377 1649 605 1722 medio,
652 1667 730 1710 ex
775 1647 1071 1729 hyacinto
1114 1653 1180 1709 et
1220 1648 1577 1729 smaragdo,
1625 1666 1875 1710 crucem
1921 1654 2292 1729 pensantem
2357 1647 2552 1709 libras
2617 1648 2863 1727 viginti.
2909 1648 3026 1710 Hic
3069 1653 3304 1711 tectum
3348 1654 3412 1712 et
3453 1648 3631 1712 cubi-

374 1756 520 1818 cula
562 1754 855 1817 universa
896 1752 962 1814 in
1005 1753 1269 1816 circuitu
1314 1755 1589 1816 basilica
1633 1754 1800 1816 beati
1844 1755 2022 1816 Pauli
2065 1755 2359 1835 apostoli,
2409 1774 2552 1834 qua
2601 1755 2793 1831 longa
2836 1774 2949 1835 per
2991 1760 3279 1836 tempora
3320 1762 3633 1818 vetustate

379 1862 670 1924 confecta
711 1861 983 1935 fuerant,
1046 1860 1383 1923 studiosius
1441 1861 1770 1923 innovavit
1834 1880 1906 1924 ac
1951 1862 2290 1943 reparavit.
2337 1861 2639 1922 Similiter
2680 1867 2743 1922 et
2784 1861 2992 1923 trabes
3036 1863 3182 1923 fecit
3224 1862 3302 1922 de
3345 1862 3634 1924 Calabria

377 1969 631 2043 adduci,
679 1975 744 2029 et
783 1986 927 2049 qua
968 1967 1034 2028 in
1077 1967 1299 2029 eadem
1346 1967 1605 2030 basilica
1649 1969 2102 2029 vetustissimas
2144 1968 2405 2039 invenit,
2453 1968 2802 2028 renovavit.
2844 1969 2958 2029 Hic
3000 1968 3341 2046 imaginem
3387 1975 3636 2049 aposto-

243 2080 329 2138 15
378 2076 583 2138 lorum
630 2074 1140 2147 vetustissimam,
1186 2092 1328 2154 qua
1373 2080 1509 2135 erat
1550 2092 1740 2155 super
1782 2075 1948 2136 fores
2011 2074 2293 2153 ejusdem
2360 2073 2658 2142 basilica,
2706 2074 2994 2134 mutavit.
3043 2075 3159 2135 Hic
3221 2075 3367 2137 fecit
3410 2075 3632 2136 ambo-

377 2202 522 2247 nem
566 2189 631 2244 et
673 2162 1003 2263 cyburium
1046 2180 1136 2260 (g)
1179 2182 1242 2241 in
1274 2180 1547 2249 basilica
1588 2185 1950 2241 sanctorum
1996 2183 2238 2241 Cosma
2274 2187 2338 2240 et
2381 2178 2695 2254 Damiani,
2744 2179 2852 2239 ubi
2895 2186 2959 2240 et
3004 2179 3203 2241 multa
3244 2181 3414 2242 dona
3456 2183 3639 2245 obtu-

356 2290 473 2350 lit.
518 2289 805 2352 Trullum
851 2304 1000 2349 vero
1044 2286 1329 2367 ejusdem
1372 2286 1651 2348 ecclesia
1696 2287 1849 2347 fusis
1893 2286 2129 2347 chartis
2175 2285 2487 2367 plumbeis
2541 2285 2870 2366 COOpcruit
2930 2292 3120 2366 atque
3191 2288 3479 2350 munivit.
3524 2290 3638 2352 Hic

373 2396 706 2478 cyborium
748 2395 1024 2457 basilica
1066 2400 1303 2455 sancta
1345 2394 1677 2467 Susanna,
1725 2393 1898 2474 quod
1959 2399 2108 2454 ante
2181 2392 2462 2470 ligneum
2534 2393 2761 2465 fuerat,
2823 2411 2896 2452 ex
2945 2411 3258 2456 marmore
3303 2395 3494 2469 fecit;
3541 2397 3636 2457 di-

382 2520 570 2564 versa
626 2519 880 2583 quoque
942 2498 1197 2581 cymilia
1256 2517 1450 2561 aurea
1500 2504 1564 2575 et
1605 2505 1931 2579 argentea,
1975 2498 2078 2560 vel
2138 2498 2489 2560 immobilia
2551 2498 2689 2560 loca
2752 2498 2902 2560 illuc
2947 2498 3030 2580 (Iz)
3075 2498 3478 2565 condonavit‘.
3525 2503 3640 2566 Hic

254 2614 346 2674 2O
388 2609 714 2671 basilicam
758 2614 994 2669 sancta
1035 2606 1426 2688 Euphemia,
1472 2626 1614 2686 qua
1660 2625 1772 2686 per
1814 2606 2014 2666 multa
2056 2610 2345 2685 tempora
2387 2606 2593 2665 fuerat
2655 2605 2920 2679 detecta,
2969 2609 3295 2688 cooperuit
3337 2628 3409 2671 ac
3453 2629 3636 2673 reno-

385 2716 581 2778 vavit.
628 2716 740 2777 Hic
783 2714 1106 2776 basilicam
1150 2719 1385 2775 sancta
1429 2718 1653 2775 Aurea
1694 2712 1762 2773 in
1808 2712 1994 2774 Ostiis
2037 2711 2128 2793 (i),
2165 2729 2307 2792 qua
2350 2711 2638 2773 similiter
2680 2712 2888 2774 fuerat
2929 2712 3177 2776 detecta
3216 2716 3313 2778 vel
3357 2716 3636 2799 dirupta,

392 2820 746 2903 cooperuit,
791 2839 1033 2902 suoque
1076 2819 1284 2883 studio
1326 2819 1678 2882 renovavit.
1726 2819 1839 2880 Hic
1881 2818 2229 2881 oratorium
2273 2817 2478 2879 sancti
2521 2819 2788 2879 Andrea
2833 2820 3124 2900 apostoli,
3171 2822 3340 2902 quod
3383 2824 3643 2903 ponitur

388 2928 704 2992 Lavicana
746 2927 830 3010 ω
871 2946 909 2989 a
950 2927 1085 2990 solo
1128 2926 1368 2989 refecit.

476 3043 638 3097 104
681 3035 795 3097 Hic
836 3035 1056 3097 statuit
1100 3040 1169 3096 ut
1220 3040 1504 3114 tempore
1573 3033 2022 3095 confractionis
2091 3032 2398 3093 Dominici
2472 3032 2756 3112 corporis
2825 3032 3037 3113 Agnus
3106 3033 3240 3113 Dei,
3315 3037 3428 3118 qui
3481 3036 3646 3116 tolli,

383 3151 631 3225 peccata
669 3139 898 3215 mundi,
946 3141 1223 3203 miserere
1262 3139 1452 3214 nobis,
1501 3158 1541 3201 a
1582 3139 1749 3202 clero
1794 3146 1856 3201 et
1899 3140 2134 3221 pepulo
2178 3139 2573 3201 decantctur.
2621 3139 2955 3201 Constituit
3016 3146 3225 3202 autem
3290 3151 3359 3205 ut
3421 3145 3661 3215 diebus,

389 3248 914 3312 Annuntiationis
954 3248 1229 3321 Domini,
1275 3247 1650 3321 Nativitatis,
1698 3252 1762 3309 et
1802 3247 2210 3308 Dormitionis
2252 3252 2485 3307 sancta
2533 3246 2645 3307 Dei
2705 3247 3030 3308 Genitricis
3090 3267 3462 3331 semperque
3503 3253 3645 3315 Vir-

393 3354 560 3437 ginis
601 3355 837 3428 Maria,
884 3372 957 3416 ac
1026 3354 1228 3416 sancti
1294 3353 1628 3428 Simeonis,
1675 3353 1845 3434 quod
1916 3355 2357 3434 Hypapantem
2433 3353 2632 3415 Graci
2702 3353 3049 3433 appellant,
3095 3355 3317 3418 litania
3385 3365 3567 3421 exeat
3608 3378 3647 3421 a

311 3465 351 3522 5
394 3469 618 3525 sancto
658 3462 959 3535 Adriano,
1006 3468 1070 3523 et
1111 3462 1193 3523 ad
1235 3467 1518 3523 sanctam
1564 3461 1826 3522 Mariam
1871 3462 2143 3541 populus
2186 3467 2501 3521 occurrat.
2551 3458 2631 3541 (lc)
2675 3462 2789 3522 Hic
2847 3461 2995 3522 fecit
3035 3462 3099 3522 in
3144 3462 3404 3526 basilica
3446 3467 3648 3528 sancti

395 3568 717 3631 Laurentii
760 3567 1074 3649 martyris,
1123 3585 1266 3648 qua
1309 3567 1667 3648 appellatur
1708 3565 1929 3629 titulus
1974 3566 2249 3643 Lucina,
2296 3586 2479 3628 arcus
2523 3573 2857 3647 argenteos
2899 3574 3194 3648 quatuor.
3243 3569 3442 3650 Hujus
3484 3578 3647 3643 tem-

398 3675 664 3757 poribus
704 3674 1167 3755 Aquilegiensis
1226 3674 1520 3736 Ecclesia
1589 3673 2123 3755 archiepiscopus,
2171 3680 2234 3735 et
2275 3676 2555 3754 synodus
2617 3694 2760 3754 qua
2820 3676 2936 3736 sub
2982 3694 3056 3737 eo
3099 3686 3488 3758 congregata
3528 3684 3645 3754 est,

397 3782 509 3864 qui
550 3787 839 3844 sanctum
884 3781 1176 3863 quintum
1222 3780 1576 3842 universale
1620 3780 1956 3842 concilium
2026 3786 2247 3861 utpote
2317 3787 2602 3843 errantes
2672 3781 2990 3861 suscipere
3034 3782 3431 3859 diffidebant,
3479 3785 3649 3866 ejus-

397 3889 543 3951 dem
586 3887 934 3951 beatissimi
975 3906 1160 3968 papa
1203 3888 1460 3949 monitis
1499 3893 1690 3967 atque
1749 3887 2051 3948 doctrinis
2112 3888 2423 3960 instructi,
2470 3888 2756 3948 conversi
2810 3893 2978 3964 sunt,
3025 3889 3343 3970 iidemque
3386 3911 3650 3954 venera-

277 4002 357 4061 10
396 3996 526 4058 bile
570 3996 907 4058 concilium
954 4013 1096 4057 cum
1141 3994 1567 4056 satisfactione
1611 3992 1681 4076 (Ι)
1724 4000 2158 4075 susceperunt.
2210 3997 2284 4055 Et
2341 3994 2449 4073 qui
2493 3993 2666 4074 prius
2709 3994 2826 4054 sub
2873 3994 3103 4056 erroris
3147 3995 3299 4058 vitio
3346 4000 3651 4060 teneban-

400 4112 530 4180 tur,
574 4103 865 4165 doetrina
905 4102 1269 4184 apostolica
1331 4102 1495 4164 sedis
1562 4101 1924 4175 illuminati,
1973 4120 2115 4162 cum
2188 4120 2341 4180 pace
2410 4107 2828 4162 consonantes
2899 4102 3170 4177 veritati,
3245 4103 3324 4164 ad
3396 4105 3654 4185 propria

400 4211 670 4274 relaxati
711 4215 859 4272 sunt
902 4209 1032 4292 (ιη).
1079 4210 1193 4271 Hic
1263 4208 1413 4270 fecit
1481 4208 1877 4289 coopertoria
1944 4208 2043 4269 vel
2107 4226 2257 4268 vasa
2300 4225 2493 4268 aurea
2537 4213 2599 4268 et
2644 4213 2946 4285 argentea
2994 4207 3177 4288 plura
3220 4228 3332 4289 per
3373 4210 3653 4272 diversas

399 4317 699 4382 ecclesias
739 4316 820 4379 ad
868 4336 1048 4380 usum
1093 4322 1159 4378 et
1197 4323 1494 4378 ornatum
1537 4314 1943 4376 ecclesiarum
1986 4313 2242 4377 Christi.
2290 4314 2403 4374 Hic
2446 4313 2764 4375 ordinavit
2806 4314 3182 4375 Damianum
3226 4315 3650 4397 archiepisco-

398 4442 554 4506 pum
598 4429 832 4486 sancta
873 4422 1168 4486 Ecclesia
1213 4421 1614 4495 Ravennatis,
1663 4427 1854 4502 atque
1897 4420 2283 4482 Clementem
2327 4420 2734 4482 Frisonorum
2777 4419 2889 4502 (η).
2937 4421 3048 4482 Hic
3100 4421 3417 4482 ordinavit
3459 4423 3650 4484 Bere-

279 4531 358 4593 15
402 4529 746 4611 chyaldum
789 4528 871 4611 (0)
915 4528 1254 4592 Britannia
1295 4526 1862 4607 archiepiscopum.
1910 4528 2023 4588 Hic
2069 4527 2389 4588 ordinavit
2431 4513 2543 4607 per
2584 4526 2864 4588 diversas
2924 4527 3280 4607 provincias
3322 4529 3654 4610 episcopos

403 4636 753 4717 nonaginta
823 4642 1089 4718 septem.
1134 4635 1305 4697 Fecit
1365 4640 1575 4696 autem
1619 4639 1684 4696 et
1724 4633 2158 4696 ordinationes
2229 4634 2386 4695 duas
2456 4652 2568 4715 per
2612 4652 2891 4695 mensem
2934 4634 3145 4697 Martii
3191 4652 3205 4694 :
3255 4635 3655 4716 presbyteros

404 4744 625 4807 decem
668 4750 733 4807 et
772 4750 915 4808 octo
958 4743 1260 4805 diaconos
1302 4747 1595 4824 quatuor.
1644 4741 1764 4814 Qui
1806 4741 1997 4803 etiam
2042 4740 2327 4822 sepultus
2383 4748 2476 4802 est
2529 4741 2609 4802 ad
2667 4740 2925 4802 beatum
2980 4743 3239 4803 Petrum
3296 4742 3653 4823 apostolum

402 4868 466 4917 VI
510 4850 594 4934 (p)
639 4851 787 4914 ldus
826 4849 1235 4931 Septembris,
1282 4849 1622 4911 indictione
1663 4864 1768 4923 xv,
1814 4847 2068 4910 Tiberio
2113 4852 2437 4927 Augusto;
2487 4852 2549 4908 et
2591 4847 2856 4909 cessavit
2924 4848 3324 4930 episcopatus
3377 4868 3655 4913 mensem

408 4977 630 5033 unum,
676 4958 811 5022 dies
851 4956 1099 5037 viginti.

1447 5316 1698 5365 NOTULE
1742 5315 2129 5364 MARGINALES
2171 5318 2491 5365 FABROI‘TI.

319 5620 399 5689 (α)
422 5609 647 5691 trabes.
681 5615 759 5689 (ὁ)
790 5632 859 5673 ex
881 5615 967 5673 eis
986 5614 1171 5673 albos.
1222 5618 1296 5685 (ο)
1325 5620 1580 5689 quatuor
1607 5615 1902 5672 coccineos

319 5696 331 5748 δ
362 5697 380 5717 ⁸
414 5687 744 5748 cyborium.
815 5686 894 5748 (lt)
926 5689 948 5713 '
978 5686 1115 5745 illic.
1163 5688 1231 5748 (ἱ)
1262 5692 1284 5713 *
1312 5690 1377 5748 Β.
1404 5687 1603 5748 Ostiis.
1641 5688 1902 5745 Tiberinis

2076 5622 2097 5642 “
2130 5619 2438 5705 dissipata.
2490 5622 2560 5695 (ε)
2582 5626 2604 5647 ⁶
2632 5622 2850 5708 abditis
2879 5620 3271 5677 inferioribus.
3322 5619 3389 5748 (6⁸)
3416 5624 3434 5644 '
3468 5620 3650 5706 albas.

2078 5694 2100 5715 '
2129 5708 2223 5746 vna
2254 5692 2558 5748 Lavxcana.
2615 5694 2691 5748 (Ic)
2725 5693 2854 5748 Vide
2881 5698 3062 5748 Baron
3090 5690 3160 5746 ad
3186 5707 3301 5747 ann
3366 5693 3436 5748 32
3465 5710 3525 5748 τη
3555 5694 3650 5748 lin.

254 5686 338 5834 ἓξ)
362 5686 383 5717 ’⁷
815 5686 894 5760 (It)
926 5689 948 5713 '
978 5686 1115 5745 illic.
1153 5688 1231 5772 ⁹(ἱ)
1262 5692 1284 5713 *
1312 5686 1377 5757 Β,
1404 5687 1620 5769 Ostiis,
1641 5688 1928 5745 Tiberinis.
1980 5686 2051 5762 (j)
2078 5694 2100 5715 '
2129 5690 2223 5746 via
2254 5686 2558 5750 L'avican'a'.
2615 5694 2691 5768 (Ic)
2725 5693 2854 5750 Vide
2881 5698 3062 5775 Heron
3090 5690 3160 5746 ad
3186 5707 3301 5747 ann
3328 5686 3436 5750 632
3465 5695 3525 5749 in
3552 5694 3650 5768 ﬁn.

302 5759 376 5831 )"
406 5757 716 5818 satisfacti.
774 5758 874 5834 (τη)
904 5760 926 5825 ,‘
958 5774 1171 5817 reversi
1202 5759 1360 5819 sunt.
1419 5759 1501 5834 (η)
1534 5759 1863 5818 Frisonum.
1922 5759 1995 5834 (0)
2022 5761 2085 5831 Β,
2119 5762 2582 5823 Berectuatdum.
2617 5766 2695 5834 (ρ)
2727 5769 2789 5834 Β,
2825 5765 3050 5834 quinto.

302 5758 376 5831 )"
406 5758 716 5818 satisfacti.
774 5758 926 5838 (in)?
958 5758 1171 5817 reversi
1202 5758 1360 5819 eunt.
1419 5759 1501 5836 (η)
1534 5758 1863 5818 Frisonum.
1922 5758 2085 5835 (0)'B,
2119 5762 2582 5823 Berectuatdum.
2617 5758 2695 5840 ip)
2727 5769 2789 5835 Β,
2825 5763 3050 5837 quinto.
