4008 6158
288 254 415 321 929
1034 254 1396 319 HISTORIA
1438 252 1543 317 DE
1585 252 1789 317 VITIS
1836 252 2023 317 ROM.
2070 252 2299 317 PONT.
2332 287 2408 299 -—
2437 255 2790 318 JOANNES
2833 255 2966 319 VII.
3578 250 3698 322 930

282 388 564 470 βὶρὶξδιιω
596 388 1250 470 commendavi_t_,_missis
1277 388 1435 444 enim
1464 389 1696 470 adeum
1718 388 1778 443 in
1812 404 1940 470 eas-
1976 388 2023 455 Α
2055 404 2194 470 cum
2222 403 2329 470 suo
2357 386 2622 470 esercitir
2635 388 2705 442 ad
2738 390 2970 470 propria
2998 391 3274 470 repedare
3304 391 3461 470 fecit,
3485 396 3550 449 ut
3578 397 3695 448 tra-

286 464 404 535 tris
417 462 724 535 degentem
746 461 1147 535 sacerdotibus
1162 460 1942 535 cumiapostolicisdonariis,
2055 460 2204 535 _d__uut
2232 460 2667 535 A_nastasi_us_in
2699 460 2829 535 ejus
2848 460 3008 535 Vita,
3040 460 3096 517 et
3126 463 3340 519 Paulus
3383 463 3695 529 Diaconus,

291 529 872 607 universoscaptivos
895 534 965 589 de
987 533 1115 606 ejus
1137 529 1412 588 manibus
1435 531 1943 599 redemit,etillum
2056 531 2134 585 lib
2167 547 2219 587 νι
2253 531 2323 585 de
2356 529 2547 585 Gestis
2581 530 2971 603 Longobard.,
2995 529 3108 607 cep
3136 537 3225 591 27.

1471 929 1894 1001 LXXXVIII.
1951 930 2335 1002 JOANNES
2391 930 2529 1000 VII.

1310 1120 1475 1168 anno
1519 1121 1755 1168 CHRISTI
1799 1104 1937 1181 705,
1985 1120 2327 1167 JUSTINIANI
2369 1121 2599 1166 manus
2627 1107 2688 1166 2.

546 1424 702 1479 ιστ
748 1418 1028 1480 Joannes
1068 1417 1200 1491 VII,
1244 1416 1500 1479 natione
1545 1418 1817 1490 Graacus,
1866 1422 2043 1497 patre
2087 1418 2372 1493 Platone,
2421 1417 2582 1480 sedit
2640 1437 2843 1480 annos
2905 1418 3086 1493 duos,
3134 1440 3381 1484 menses
3436 1429 3701 1504 septem,

463 1524 597 1588 dies
637 1524 1106 1606 septemdecim.
1154 1523 1297 1585 Fuit
1339 1529 1549 1585 autem
1594 1524 1983 1603 temporibus
2024 1504 2562 1604 TiberiioAugusti
2604 1530 2668 1587 et
2705 1525 3047 1587 Iustiniani
3086 1527 3327 1589 dudum
3371 1529 3709 1609 imperato-

462 1631 574 1705 ris,
619 1631 1213 1728 viger‘uditissimus
1272 1636 1337 1692 et
1394 1630 1704 1691 facundus
1771 1631 2153 1711 eloquentia.
2199 1632 2311 1692 Hic
2354 1632 2500 1693 fecit
2559 1632 2902 1693 oratorium
2947 1640 3181 1695 sanctae
3221 1634 3332 1696 Dei
3378 1635 3707 1698 Genitn’cis

462 1737 633 1801 intra
675 1738 1000 1801 ecclesiam
1049 1737 1216 1799 beati
1257 1737 1425 1798 Petri
1468 1737 1760 1818 apostoli,
1807 1737 1988 1818 cujus
2030 1737 2302 1818 parietes
2358 1738 2600 1799 musivo
2666 1739 2974 1819 depinxit.
3019 1740 3277 1821 lllicque
3320 1742 3457 1803 auri
3499 1748 3564 1805 et
3605 1762 3702 1805 ar-

380 1846 424 1907 5
466 1845 641 1925 genti
701 1845 1119 1926 quantitatem
1182 1844 1447 1906 multam
1510 1845 1830 1925 expendit,
1895 1850 1960 1907 et
2023 1845 2475 1907 venerabilium
2532 1847 2791 1907 Patrum
2854 1847 3079 1908 dextra
3154 1848 3439 1929 laevaque
3499 1850 3711 1912 vultus

469 1950 693 2015 erexit.
739 1952 852 2013 Hic
896 1952 1275 2013 restauravit
1316 1951 1637 2013 basilicam
1683 1958 1918 2014 sancta:
1961 1951 2286 2031 Eugeniae,
2333 1971 2474 2032 qum
2520 1952 2708 2032 longe
2752 1958 3035 2033 tempore
3092 1954 3338 2018 detecta
3380 1962 3570 2036 atque
3611 1956 3708 2018 di-

466 2063 656 2140 rupta
699 2059 929 2120 fuerat.
968 2058 1313 2131 .Laboravit
1354 2066 1564 2120 autem
1610 2063 1674 2120 et
1708 2058 1779 2119 in
1825 2059 2200 2121 cmmeteriis
2246 2059 2570 2119 beatorum
2635 2067 2982 2140 martyrum
3029 2062 3374 2123 Marcellini
3416 2069 3479 2124 et
3519 2063 3713 2125 Marci

465 2165 843 2247 Damasique
885 2165 1085 2227 sancti
1129 2165 1463 2246 pontificis.
1512 2165 1683 2227 Fecit
1728 2184 1873 2226 vero
1917 2172 1981 2226 et
2022 2165 2331 2244 imagines
2374 2184 2487 2245 per
2543 2166 2819 2227 diversas
2880 2168 3193 2243 ecclesias,
3236 2189 3401 2249 .quas
3442 2170 3711 2250 quicun-

466 2291 591 2353 que
633 2292 817 2335 nosse
871 2272 1206 2347 desiderat,
1252 2273 1316 2333 in
1378 2272 1468 2334 eis
1530 2270 1666 2351 ejus
1722 2272 1965 2333 vultum
2030 2272 2347 2351 depictum
2413 2275 2704 2351 reperiet.
2750 2275 3079 2336 Basilicam
3125 2276 3419 2357 'itemque
3481 2282 3714 2338 sanctas

328 2378 420 2440 10
460 2379 574 2440 Dei
618 2380 965 2455 Genitricis,
1015 2398 1158 2460 qua:
1201 2379 1480 2460 Antiqua
1520 2384 1803 2451 vocatur,
1854 2379 2100 2458 pictura
2141 2379 2483 2453 decoravit,
2533 2379 2786 2460 illicqne
2848 2381 3182 2443 ambonem
3248 2383 3493 2445 noviter
3543 2383 3711 2458 fecit,

462 2492 528 2547 et
567 2506 757 2567 super
815 2487 1103 2549 eamdem
1166 2486 1494 2549 ecclosiam
1559 2485 1949 2566 episcopium
2011 2492 2319 2565 quantum
2384 2484 2464 2545 ad
2507 2505 2573 2546 se
2615 2487 2995 2549 constituere
3042 2490 3266 2551 maluit
3310 2489 3415 2570 (a),
3465 2490 3714 2569 illicqne

466 2592 870 2673 pontiﬁcatus
908 2592 1008 2653 sui
1053 2599 1302 2674 tempus
1345 2593 1641 2672 explevit.
1689 2594 1802 2653 Hic
1844 2592 1989 2652 fecit
2032 2592 2287 2652 calicem
2335 2609 2595 2652 aureum
2644 2593 3053 2673 prmcipuum,
3102 2602 3472 2675 pensantem
3521 2596 3717 2656 libras

466 2699 708 2777 viginti,
754 2718 942 2779 quem
987 2707 1050 2760 et
1090 2700 1358 2779 gemmis
1403 2698 1692 2779 pretiosis
1732 2698 2081 2759 decoravit.

552 2813 712 2865 108
759 2806 958 2885 Hujus
1021 2806 1410 2887 temporibus
1473 2806 1820 2886 Aripertus,
1880 2823 1990 2865 rex
2050 2804 2639 2883 Longobardorum,
2702 2804 3108 2866 donationem
3173 2807 3539 2886 patrimonii
3603 2808 3715 2870 Al-

467 2910 640 2992 pium
686 2912 1013 2975 Gutiarum
1057 2911 1166 2993 (ὁ),
1191 2931 1334 2992 qua:
1378 2911 1572 2991 longa
1615 2930 1728 2993 per
1769 2917 2058 2990 tempora
2100 2928 2138 2971 a
2176 2909 2321 2988 jure
2367 2909 2657 2971 Ecclesia:
2700 2910 2949 2990 privata
2990 2912 3218 2987 fuerat,
3251 2932 3325 2974 ac
3367 2914 3448 2975 ab
3491 2914 3717 2977 eadem

465 3024 652 3098 gente
695 3018 1119 3093 detinebatur,
1162 3019 1227 3079 in
1272 3019 1498 3080 litteris
1541 3018 1749 3080 aureis
1808 3024 2140 3080 exaratum
2196 3016 2340 3098 jure
2402 3017 2658 3098 proprio
2718 3018 2890 3079 beati
2932 3020 3362 3100 apostolorum
3411 3021 3717 3103 principis

466 3125 636 3188 Petri
698 3124 1084 3188 reformavit.
1133 3125 1208 3208 (c)
1250 3126 1454 3206 Hujus
1516 3125 1909 3207 temporibus
1968 3124 2365 3187 Justinianus
2434 3125 2779 3205 imperator
2831 3144 2871 3187 a
2922 3126 3208 3207 partibus
3266 3127 3589 3190 Zachariae
3635 3128 3717 3210 (Δ)

382 3239 422 3297 5
466 3255 581 3319 per
620 3234 760 3296 loca
802 3233 1116 3313 Bulgarias
1161 3233 1399 3295 auxilio
1440 3232 1758 3309 Trebellii,
1805 3232 2222 3312 Bulgarorum
2268 3231 2456 3311 regis,
2502 3251 2701 3313 usque
2744 3232 2825 3293 ad
2868 3233 3107 3314 regiam
3151 3233 3374 3297 urbem
3431 3236 3737 3309 veniens,’

470 3358 737 3425 regnum
782 3341 1135 3423 proprium,
1181 3342 1259 3403 de
1320 3360 1447 3420 quo
1511 3339 1831 3421 projectus
1892 3340 2118 3412 fuerat,
2166 3339 2434 3419 adeptus
2493 3345 2605 3400 est.
2656 3343 2924 3401 Leonem
2988 3342 3179 3402 etiam
3241 3348 3305 3404 et
3363 3342 3714 3435 Tiberium,

468 3452 577 3533 qui
622 3451 827 3512 locum
874 3448 1011 3529 ejus
1055 3454 1536 3528 usurpaverant,
1586 3447 1772 3528 cepit,
1821 3452 1886 3508 et
1925 3447 1991 3507 in
2036 3445 2244 3507 medio
2290 3446 2508 3508 circuli
2552 3445 2623 3526 (ρ)
2671 3464 2884 3508 coram
2927 3449 3099 3510 omni
3145 3449 3380 3530 populo
3430 3448 3693 3529 jugular

466 3558 633 3631 fecit,
678 3563 740 3620 et
782 3555 1061 3618 obtinuit
1100 3554 1528 3635 principatum
1573 3555 1653 3615 de
1694 3573 1821 3634 quo
1866 3559 2056 3615 antea
2098 3554 2485 3615 tumultuose
2529 3554 2736 3615 fuerat
2777 3554 3097 3634 dejectus;
3130 3556 3244 3636 qui
3288 3556 3456 3617 illico
3504 3563 3571 3617 ut
3615 3575 3720 3638 pa-

461 3665 683 3729 latium
727 3665 1048 3744 ingressus
1092 3668 1206 3736 est,
1253 3661 1708 3742 propriumque
1754 3661 2021 3741 adeptus
2065 3666 2156 3722 est
2202 3660 2561 3741 imperium,
2610 3666 2836 3736 tomos,
2882 3682 3043 3743 quos
3087 3671 3278 3725 antea
3319 3664 3436 3725 sub
3482 3664 3718 3726 domno

341 3777 423 3837 10
466 3773 687 3850 Sergio
730 3769 1093 3850 apostolicae
1137 3768 1456 3829 memoriae
1502 3767 1795 3847 pontifice
1840 3770 2106 3830 Romam
2152 3768 2491 3840 direxerat,
2537 3767 2603 3828 in
2664 3769 2893 3848 quibus
2951 3770 3200 3832 diversa
3263 3771 3541 3852 capitula
3597 3774 3719 3833 Ro-

462 3898 673 3943 manae
714 3877 1007 3939 Ecclesiae
1049 3875 1368 3938 contraria
1409 3875 1644 3955 scripta
1685 3874 1957 3946 inerant,
1991 3893 2104 3955 per
2145 3874 2303 3937 duos
2348 3875 2867 3954 metropolitanos
2908 3876 3237 3957 episcopos
3281 3876 3716 3949 demandavit,

465 3986 746 4066 dirigens
789 4004 901 4064 per
941 4002 1050 4046 eos
1091 3987 1156 4046 et
1195 4000 1466 4054 sacram,
1498 4000 1612 4061 per
1654 3999 1847 4060 quam
1890 3980 2373 4042 denominatum
2424 3980 2786 4061 pontificem
2832 3981 3191 4059 conjuravit
3233 4001 3307 4043 ac
3350 3982 3722 4044 adhortatus

468 4098 564 4155 est
604 4098 675 4154 ut
718 4090 1078 4172 apostolicae
1122 4088 1419 4151 Ecclesia:
1463 4087 1798 4149 concilium
1863 4093 2261 4166 aggregaret,
2309 4094 2371 4148 et
2413 4106 2683 4167 quaeque
2726 4088 2783 4148 ei
2826 4088 2960 4148 visa
3003 4095 3231 4162 essent,
3280 4088 3612 4163 stabiliret,
3659 4094 3723 4149 et

462 4219 610 4283 quae
654 4199 937 4271 adversa,
986 4195 1311 4259 renuendo
1352 4193 1719 4256 excluderet
1762 4193 1865 4275 (f).
1909 4193 2036 4257 Sed
2079 4193 2182 4254 hic
2228 4194 2508 4254 humana
2570 4194 2914 4272 fragilitate
2978 4194 3256 4269 timidus,
3302 4195 3418 4255 bos
3479 4212 3719 4273 nequa-

342 4310 426 4372 15
472 4322 665 4388 quam
708 4312 916 4367 tomos
958 4302 1329 4378 emendans,
1376 4318 1490 4382 per
1530 4300 1891 4381 suprafatos
1934 4299 2373 4381 metropolitas
2416 4300 2649 4379 direxit
2691 4300 2770 4361 ad
2814 4299 3190 4380 principem,
3222 4306 3364 4380 post
3406 4318 3549 4380 quae
3594 4319 3720 4361 non

462 4412 572 4476 diu
617 4412 680 4474 in
725 4410 846 4472 hac
888 4410 1019 4471 vita
1060 4408 1335 4470 duravit.
1380 4407 1494 4469 Hic
1536 4407 1683 4469 fecit
1724 4407 2054 4488 episcOpos
2097 4423 2210 4488 per
2249 4407 2502 4468 diversa
2545 4405 2687 4467 loca
2730 4424 2994 4468 numero
3037 4406 3253 4467 decem
3298 4412 3364 4468 et
3403 4413 3568 4469 octo.
3601 4407 3722 4479 Qui

465 4520 657 4583 etiam
702 4516 985 4599 sepultus
1026 4520 1121 4577 est
1163 4515 1245 4576 ad
1287 4515 1542 4575 beatum
1587 4515 1842 4575 Petrum
1889 4513 2244 4594 apostolum
2290 4520 2437 4574 ante
2481 4513 2681 4575 altare
2726 4512 2989 4574 oratorii
3031 4518 3266 4574 sancta:
3307 4513 3420 4575 Dei
3462 4512 3724 4575 Genitri—

465 4627 578 4702 cis,
623 4624 795 4706 quod
838 4624 971 4704 ipse
1010 4620 1365 4684 construxit
1405 4621 1523 4682 sub
1566 4619 1669 4682 die
1710 4639 1790 4684 xv
1834 4621 2101 4683 Kalend.
2148 4619 2540 4693 Novembris,
2574 4620 2917 4680 indictione
2961 4625 3161 4693 sexta,
3207 4619 3564 4681 Justiniano
3609 4622 3725 4682 Ro-

469 4750 725 4795 manam
770 4729 1226 4812 rempublicam
1272 4728 1690 4809 gubernante,
1737 4733 1801 4789 et
1840 4728 2107 4789 cessavit
2150 4728 2549 4809 episcopatus
2593 4744 2838 4788 menses
2881 4731 3028 4787 tres.

1497 4908 1752 4955 NOTULE
1793 4907 2176 4954 MARGINALES
2218 4908 2530 4953 FABROTTI.

376 5057 467 5130 (α)
489 5060 511 5081 '
542 5060 881 5130 construere
897 5052 1112 5130 _voluit.
1147 5052 1224 5130 (ὁ)
1255 5056 1277 5077 ⁴”
1310 5051 1683 5130 (ἶιρίιιίξιι-ῃῃζ
1695 5052 1759 5120 Β,
1786 5050 2129 5107 Cottiarum.
2164 5055 2232 5121 (ε)
2269 5051 2394 5109 Vide
2424 5055 2610 5107 Baron
2641 5049 2710 5106 ad
2739 5068 2851 5106 ann
2879 5050 3103 5107 Domini
3127 5052 3254 5107 704.
3287 5052 3366 5122 ((1)
3392 5055 3410 5076 “
3445 5052 3718 5110 Gazarie.

294 5124 597 5199 .(¢)'Circo.
630 5127 696 5200 (f)
730 5126 857 5184 Vide
884 5127 1069 5182 Baron
1093 5124 1164 5181 ad
1190 5142 1300 5181 ann
1330 5125 1554 5180 Domini
1579 5124 1707 5178 705.

1664 5273 1907 5332 VARI/ﬁ
1945 5274 2365 5333 LECTIONES.

798 5422 884 5478 Ew
910 5418 1092 5479 codice
1120 5419 1476 5476 Famesiano.
1992 5422 2041 5488 Β
2071 5418 2200 5476 bela
2229 5435 2560 5494 u..._usque
2589 5419 2661 5476 ad
2689 5420 2933 5494 regiam.
2962 5423 3071 5478 lin.
3106 5424 3196 5490 15,
3243 5423 3417 5492 atque
3476 5418 3721 5478 adversa

2072 5491 2402 5547 renovando
2431 5496 2708 5548 cessaret.

374 5587 545 5641 Num.
576 5583 705 5650 168,
746 5582 860 5637 lin.
897 5584 955 5646 2,
1008 5580 1110 5653 qui
1141 5579 1317 5653 longa
1344 5593 1450 5653 per
1478 5581 1804 5653 temporaa
1827 5579 1965 5653 jura
2356 5652 2364 5653 ί
2552 5582 2637 5635 Ea:
2664 5581 2844 5636 codice
2870 5581 3235 5636 Vallicellcmo.

300 5656 568 5731 Ecclesia
588 5654 884 5731 privatum
897 5651 1118 5731 fuerat,
1139 5668 1206 5707 ac
1227 5651 1301 5731 ab
1321 5651 1720 5731 eademgepte
1734 5651 1965 5731 detine-
2120 5730 2123 5731 ν
2147 5657 2309 5731 It_'i_im.
2345 5652 2468 5720 l67,
2502 5653 2601 5709 lin.
2637 5655 2663 5707 1
2695 5653 2949 5731 _J_oannes
2980 5656 3093 5731 nat:
3108 5691 3122 5715 ,
3140 5655 3360 5731 Aetc._,ut
3386 5652 3549 5731 I_t_eg.,_
3569 5658 3716 5731 ιιιαζ..

306 5726 485 5799 batur
531 5720 689 5799 ln'}l._
722 5724 1042 5799 mpejure.
1073 5722 1329 5799 proprio.
1367 5720 1571 5799 ιε’ῃκιιζ
1596 5721 1969 5799 ,[ιιειὶηἰαωιε
2077 5730 2128 5799 et
2163 5723 2394 5799 Thurin"
2426 5739 2571 5799 cum
2603 5724 2808 5799 quibus
2864 5720 3150 5799 concordat
3196 5724 3363 5799 etiam
3391 5720 3497 5799 (in.
3523 5720 3557 5779 ξ
3584 5734 3637 5781 et
3661 5728 3717 5783 6.

302 5791 1095 5872 ἀωρμιρᾶιδιίωέ-Οᾏίιωῆὲ
1112 5791 1215 5868 per
1240 5792 1369 5851 loca
1394 5792 1685 5866 Vulgariae
1705 5808 1841 5850 cum
1855 5797 1970 5850 ter-
2080 5795 2181 5850 lin.
2202 5798 2259 5865 2,
2282 5795 2406 5851 dies
2424 5797 2495 5851 -17
2519 5814 2533 5865 ;
2556 5791 2651 5850 hic
2674 5795 2763 5850 vir
2788 5791 3243 5863 eruditissimus,
3257 5798 3314 5853 et
3325 5794 3718 5869 fac.eloquen.
