4050 6172
202 205 367 270 ’349
944 204 1313 268 HISTORIA
1353 204 1453 266 DE
1501 202 1704 268 VITIS
1749 205 1936 268 ROM.
1982 204 2215 268 PONT.
2251 239 2329 250 —
2357 204 2978 272 CONSTANTINUS.
3545 212 3665 272 950

407 346 801 420 pelagusque
828 337 1207 400 Juvenum
1253 356 1367 416 pro
1410 336 2045 401 suis-nefandissimis
2087 339 2267 400 factis
2303 337 2540 418 judicio
2583 340 2695 401 Dei
2735 340 2863 401 illic
2907 343 3267 423 turpissima
3313 307 3511 407 morte
3557 365 3664 408 oc-

327 456 367 515 5
411 453 653 516 cubuit.
696 453 1007 534 Georgius
1047 472 1197 515 vero
1240 455 1569 536 presbyter
1610 455 1875 536 Neapoli
1920 455 2170 518 relictus
2212 462 2328 530 est,
2376 461 2437 516 et
2480 456 2762 535 pontifex
2807 474 2950 517 cum
3010 460 3137 520 suis
3191 459 3470 521 Siciliam
3516 479 3663 540 per-

409 570 596 644 rexit,
642 569 1163 631 ubiTheodorus
1205 570 1508 651 patricius
1549 571 1889 633 extraticus
1937 572 2017 653 (α)
2057 572 2364 651 languore
2421 571 2713 632 detentus
2769 591 3103 635 occurrens
3164 576 3467 655 pontiﬁci,
3525 595 3657 637 ma-

408 702 537 766 gna
576 692 722 748 cum
766 686 1170 747 veneratione
1213 687 1494 748 salutans
1537 692 1726 768 atque
1768 686 2136 767 suscipiens,
2183 687 2496 748 medelam
2543 685 2813 765 adeptus
2857 691 2950 747 est
2992 689 3280 749 celerem.
3328 693 3531 770 Atque
3574 692 3667 752 in-

394 802 490 863 de
531 801 862 880 egrediens
902 800 1430 881 perRegium’et
1469 803 1830 875 Cortonam,
1893 802 2323 863 trans‘fretavit
2384 801 2764 882 Callipolim,
2816 802 2922 863 ubi
2968 809 3252 865 mortuus
3295 811 3390 865 est
3445 805 3664 866 Niceta

413 899 770 980 episcopus.
815 901 978 960 Dum
1023 918 1171 961 vero
1214 900 1529 980 Hydrunti
1572 917 1780 961 moras
1824 900 2081 974 faceret,
2127 920 2200 962 eo
2245 901 2415 980 quod
2464 900 2663 961 hiems
2707 907 2862 975 erat,
2898 900 3026 961 illic
3070 903 3344 981 suscepit
3386 903 3660 982 sigillum

282 1013 372 1073 10
408 1012 739 1093 imperiale
781 1032 896 1093 per
936 1013 1421 1094 Theophanium
1465 1014 1913 1095 regionarium,
1961 1014 2292 1075 continens
2332 1014 2424 1075 ita
2463 1019 2533 1075 ut
2574 1015 2686 1074 ubi
2732 1013 2813 1095 (ὁ)
2856 1015 3300 1076 denominatus
3343 1017 3664 1096 continge-

404 1134 516 1192 -ret
558 1127 632 1210 (c)
674 1129 982 1209 pontifex,
1030 1147 1250 1192 omnes
1293 1129 1529 1209 iudices
1569 1129 1661 1191 ita
1701 1147 1847 1191 eum
1888 1128 2237 1191 honoriﬁce
2279 1129 2689 1209 susciperent,
2735 1130 2917 1208 quasi
2976 1130 3184 1209 ipsum
3246 1131 3660 1210 praesentiali—

416 1249 515 1307 ter
554 1244 1003 1324 imperatorem
1047 1243 1356 1305 viderent.
1404 1243 1583 1307 Unde
1625 1244 1860 1323 egressi
1900 1255 2113 1324 partes
2157 1242 2410 1305 Graeciaa
2452 1244 2905 1322 contingentes,
2954 1244 3018 1304 in
3074 1244 3280 1305 insula
3324 1264 3465 1325 qua:
3509 1245 3663 1306 diei-

398 1367 523 1423 .tur
564 1362 708 1422 Cma
748 1359 1021 1421 occurrit
1063 1358 1479 1439 Theophilius
1521 1360 1823 1439 patricius
1866 1359 2205 1420 extratieus
2247 1358 2333 1439 (d)
2378 1358 2912 1419 caravisianorum
2959 1359 3030 1440 (ρ)
3078 1378 3218 1419 cum
3266 1379 3511 1421 summo
3555 1361 3667 1421 ho-

416 1495 572 1538 nore
612 1494 757 1537 eum
803 1474 1097 1555 suscepit,
1144 1480 1209 1537 et
1249 1476 1635 1555 amplectens
1680 1481 1748 1536 ut
1789 1473 1983 1555 iussio
2026 1474 2411 1547 continebat,
2461 1474 2581 1535 iter
2623 1473 2894 1535 absolvit
2936 1492 3237 1554 peragere
3281 1479 3581 1553 coeptum.
3613 1480 3665 1537 A

278 1593 373 1653 15
418 1610 555 1674 quo
589 1590 728 1653 loco
773 1590 1146 1670 navigantes
1186 1596 1498 1653 venerunt
1552 1610 1590 1652 a
1644 1590 1912 1671 septimo
1970 1590 2264 1651 milliario
2308 1589 2956 1668 Constantinopolim;
3004 1589 3111 1649 ubi
3154 1607 3438 1667 egressus
3478 1588 3661 1649 'l‘ibe-

419 1709 551 1771 rius
580 1708 959 1788 imperator,
1004 1706 1171 1769 illius
1210 1694 1547 1770 Justiniani
1589 1707 1877 1786 Augusti,
1920 1723 2066 1767 cum
2110 1704 2389 1784 patriciis
2432 1710 2496 1764 et
2537 1704 2830 1764 omnibus
2872 1704 3144 1783 inclytis,
3193 1711 3257 1764 et
3299 1707 3496 1783 Cyrus
3549 1723 3662 1784 pa-

420 1822 698 1887 triarcha
739 1839 883 1883 cum
924 1821 1094 1883 eiero
1136 1826 1201 1883 et
1242 1821 1461 1902 populi
1505 1820 1926 1896 multitudine,
1974 1838 2196 1881 omnes
2238 1819 2524 1880 laetantes
2569 1824 2632 1880 et
2672 1819 2838 1881 diem
2892 1821 3117 1881 festum
3172 1825 3449 1898 agentes.
3496 1822 3664 1881 Pon—

421 1939 575 2001 tifex
614 1943 825 2000 autem
870 1941 934 1997 et
974 1935 1112 2015 ejus
1155 1936 1456 2017 primates
1498 1954 1640 1996 cum
1684 1935 2015 1997 sellaribus
2056 1934 2511 2013 imperialibus,
2559 1934 2728 1994 sellis
2783 1940 2846 1994 et
2900 1934 3094 1994 frenis
3135 1934 3436 1993 inauratis
3480 1934 3663 1993 simul

414 2060 487 2118 et
528 2053 844 2135 mappulis
884 2052 1342 2131 ingressi'sun't
1382 2051 1724 2114 civitatem.
1780 2049 2179 2131 Apostolicus
2235 2050 2518 2130 pontifex
2573 2067 2718 2110 cum
2775 2050 3200 2128 Caumelaugo
3245 2048 3357 2128 (ί),
3405 2055 3475 2109 ut
3515 2048 3666 2109 soli-

260 2172 377 2235 :20
423 2176 525 2233 tus
560 2175 662 2232 est
696 2171 918 2231 Roma:
960 2166 1325 2247 procedere,
1393 2185 1431 2228 a
1492 2167 1729 2248 palatio
1786 2180 2095 2248 egressus,
2140 2166 2204 2226 in
2268 2164 2578 2226 Placidias
2635 2182 2833 2244 usque
2891 2164 3000 2224 ubi
3056 2163 3322 2243 placitus
3377 2142 3513 2225 erat
3554 2162 3662 2244 (g),

423 2284 806 2370 properavit.
1220 2348 1223 2351 ,
2648 2362 2653 2367 .

484 2409 671 2463 ,118
712 2402 1000 2462 .Domnus
1032 2400 1254 2461 autem
1295 2397 1693 2462 Justinianus
1747 2396 2115 2477 imperator,
2177 2395 2441 2458 audiens
2496 2394 2634 2474 ejus
2695 2394 3060 2468 adventum,
3109 2412 3338 2473 magno
3401 2393 3675 2474 repletus

416 2517 764 2601 gaudio,-a
812 2518 1033 2579 «Nicaea
1089 2514 1400 2595 Bithynia
1456 2515 1632 2575 misit
1672 2531 1917 2575 sacram
1963 2512 2040 2595 (ἡ)
2088 2513 2431 2592 gratiarum
2475 2511 2720 2572 actione
2783 2510 3034 2591 plenam
3093 2527 3106 2567 :
3168 2511 3247 2569 Et
3298 2514 3389 2568 ut
3419 2509 3671 2570 debuis-

398 2640 523 2697 set
560 2634 845 2715 pontifex
885 2648 1215 2693 occurrere
1258 2628 1722 2701 Nicomediam,
1784 2634 1848 2688 et
1903 2627 2035 2707 ipse
2094 2625 2305 2687 venire
2348 2626 2417 2704 (ί)
2462 2643 2499 2684 a
2555 2625 2780 2696 Nicaea,
2830 2624 3000 2703 quod
3038 2629 3106 2683 et
3144 2625 3381 2682 factum
3435 2629 3551 2682 est.
3601 2625 3670 2683 In

425 2750 528 2815 die
569 2756 781 2812 autem
812 2765 954 2827 'qua
988 2765 1059 2808 se
1100 2743 1505 2825 vicissim“)
1546 2742 1860 2815 viderunt,
1908 2739 2834 2821 AugustusChristianissimus
2893 2757 3036 2801 cum
3098 2756 3289 2816 regno
3348 2738 3411 2798 in
3464 2737 3673 2816 capite

324 2869 384 2927 _5
429 2863 902 2946 se.prostravit,
949 2862 1140 2943 pedes
1181 2860 1471 2922 osculans
1515 2857 1852 2938 pontificis.
1895 2856 2133 2918 Deinde
2173 2856 2239 2916 in
2283 2856 2644 2935 amplexum
2705 2859 2995 2914 mutuum
3043 2852 3123 2934 (lc)
3165 2857 3558 2923 corruerunt,
3608 2856 3673 2911 et

429 2984 599 3044 facta
639 2985 734 3043 est
776 2978 994 3041 laetitia
1036 2995 1269 3056 magna
1309 2975 1374 3036 in
1418 2973 1677 3055 pepulo,
1724 2973 2018 3034 omnibus
2061 2969 2507 3050 aspicientibus
2553 2974 2789 3028 tantam
2848 2968 3270 3028 humilitatem
3316 2966 3463 3026 boni
3510 2965 3675 3044 prin-

432 3098 609 3179 cipis.
644 3097 771 3159 Die
811 3114 960 3158 vero
1002 3092 1332 3156 Dominico
1378 3091 1597 3152 missas
1638 3087 2003 3168 imperatori
2046 3087 2213 3159 fecit,
2261 3090 2323 3146 et
2364 3084 2837 3146 communicans
2881 3084 3172 3164 princeps
3223 3083 3303 3142 ab
3361 3080 3495 3160 ejus
3540 3098 3675 3139 ma—

433 3214 644 3287 nibus,
689 3229 942 3294 quoque
984 3209 1112 3271 suis
1153 3206 1395 3269 delictis
1439 3210 1507 3265 ut
1546 3204 1990 3283 deprecaretur
2034 3201 2395 3281 pontificem
2440 3200 2789 3279 postulans,
2835 3200 3051 3260 omnia
3096 3197 3422 3277 privilegia
3464 3195 3676 3256 Eccle—

427 3330 538 3391 sia:
582 3326 930 3400 renovavit,
976 3329 1167 3404 atque
1210 3320 1672 3383 sanctissimum
1718 3336 1951 3399 papam
1994 3317 2074 3377 ad
2119 3316 2377 3396 propria
2437 3315 2667 3377 reverti
2728 3314 3020 3376 absolvit.
3067 3315 3367 3392 Egressus
3408 3312 3599 3391 igitur
3642 3329 3680 3370 a

284 3448 384 3509 40
429 3444 794 3508 Nicomedia
836 3440 1088 3503 civitate
1131 3437 1367 3500 crebris
1408 3435 1875 3497 valetudinibus
1932 3433 2221 3514 pontifex
2281 3433 2555 3505 attritus,
2618 3431 2896 3504 tandem,
2954 3430 3316 3509 sospitalem
3378 3430 3508 3488 Deo
3567 3426 3679 3486 tri-

426 3562 683 3634 buente,
729 3556 1066 3620 incolumis
1108 3556 1191 3616 ad
1232 3558 1487 3634 portum
1531 3552 1761 3613 Caietae
1804 3550 2108 3631 pervenit,
2150 3550 2257 3609 ubi
2298 3549 2651 3609 sacerdotes
2694 3554 2759 3608 et
2802 3546 3143 3606 maximam
3193 3544 3410 3623 pepuli
3452 3545 3681 3602 Roma-

428 3679 494 3740 ni
542 3676 772 3757 reperit
810 3672 1305 3745 multitudinem,
1351 3688 1426 3731 ac
1475 3667 1771 3731 vicesimo
1830 3672 2057 3747 quarto
2115 3666 2214 3727 die
2274 3665 2503 3725 mensis
2559 3663 2848 3725 Octobris
2905 3661 3251 3722 indictione
3307 3679 3369 3733 x,
3417 3661 3681 3719 Romam

435 3799 752 3874 ingressus
792 3796 908 3864 est,
954 3796 1014 3851 et
1059 3788 1264 3851 omnis
1307 3786 1578 3867 populus
1620 3783 1961 3846 exsultavit
2002 3787 2193 3861 atque
2240 3781 2492 3841 laetatus
2536 3787 2651 3840 est.

522 3917 683 3971 1⁸14
729 3907 843 3969 llic
884 3905 1033 3967 fecit
1074 3904 1539 3965 ordinationem
1583 3899 2024 3980 episcoporum
2067 3896 2132 3958 in
2177 3895 2382 3957 eundo
2426 3901 2490 3956 et
2532 3895 2851 3955 redeundo
2898 3911 3008 3973 per
3050 3891 3299 3951 diversa
3341 3889 3480 3949 loca
3524 3887 3687 3966 epis-

448 4044 642 4107 copos
701 4021 1055 4084 duodecim.
1118 4021 1269 4080 Post
1324 4035 1569 4079 menses
1612 4021 1822 4076 autem
1880 4015 1916 4074 3
1957 4012 2225 4092 lugubre
2285 4011 2576 4069 nuntium
2634 4008 2979 4088 personuit,
3055 4005 3225 4085 quod
3293 4001 3688 4064 Justinianus

426 4137 999 4203 Christianissimus
1038 4134 1407 4214 imperator,
1454 4137 1517 4192 et
1557 4130 1951 4191 orthodoxus
2004 4128 2374 4207 imperator,
2435 4125 2781 4184 trucidatus
2824 4130 2936 4195 est,
2987 4128 3052 4181 et
3098 4118 3493 4197 Philippicus
3556 4116 3685 4175 hi8-

436 4256 664 4319 reticus
706 4254 769 4316 in
813 4251 1125 4333 imperiali
1169 4254 1494 4332 promotus
1537 4254 1631 4309 est
1673 4265 1838 4319 arce,
1884 4242 2063 4323 cujus
2106 4249 2167 4304 et
2210 4259 2451 4302 sacram
2512 4259 2653 4299 cum
2712 4237 2890 4318 pravi
2948 4233 3261 4313 dogmatis
3318 4229 3683 4292 exarationc

345 4379 389 4437 5
438 4369 890 4436 Constantinus
932 4366 1228 4445 suscepit,
1275 4364 1383 4424 sed
1425 4381 1566 4423 cum
1612 4360 1973 4441 apostolicae
2029 4358 2194 4419 sedis
2250 4355 2510 4417 consilio
2569 4353 2822 4433 respuit.
2872 4349 2941 4431 (Ι)
2985 4346 3312 4426 Hujusquc
3358 4345 3445 4404 rei
3500 4339 3685 4403 causa

439 4489 575 4549 zelo
618 4486 763 4547 fidei
805 4500 1106 4545 accensus
1147 4479 1352 4542 omnis
1393 4486 1591 4540 coetus
1636 4481 1938 4539 Romana
1982 4476 2152 4537 urbis
2195 4473 2563 4552 imaginem,
2596 4489 2785 4550 quam
2831 4467 3029 4530 Graeci
3073 4470 3393 4525 votaream
3439 4460 3538 4541 (m)
3586 4478 3689 4518 vo-

442 4608 613 4677 cant,
659 4621 768 4664 sex
812 4598 1237 4662 continentem
1285 4598 1533 4655 sanctas
1576 4610 1649 4654 ac
1693 4590 2077 4653 universales
2119 4588 2415 4669 synodos,
2462 4587 2525 4647 in
2572 4584 2831 4646 ecclesia
2887 4579 3055 4641 beati
3116 4577 3285 4639 Petri
3328 4578 3690 4636 erexerunt.

440 4719 555 4780 Hic
597 4716 815 4778 refecit
859 4720 1154 4796 patenam
1199 4728 1481 4784 auream,
1528 4727 1790 4788 pensan.
1838 4706 1948 4767 lib.
1996 4705 2350 4766 duodecim.
2399 4702 2634 4763 Eodem
2680 4706 2963 4777 tempore
3030 4695 3202 4757 Felix
3264 4690 3695 4770 archiepisco-

444 4853 563 4916 pus
605 4836 940 4906 Ravennaa,
989 4828 1070 4891 ab
1113 4826 1332 4890 exsilio
1377 4824 1689 4897 reductus,
1742 4821 2116 4904 pmnitentia
2158 4824 2386 4890 motus,
2423 4817 2568 4877 licet
2609 4814 2934 4876 oculorum
2978 4809 3215 4871 lumine
3262 4807 3570 4887 privatus,
3614 4809 3703 4863 ta-

286 4955 403 5017 ”40
447 4968 591 5012 men
637 4948 719 5011 ad
763 4947 1084 5029 propriam
1128 4943 1313 5006 rediit
1355 4940 1589 5012 sedem,
1639 4944 1701 5000 et
1742 4937 1929 4998 solita
1970 4954 2113 5017 qua:
2157 4934 2235 4995 ab
2281 4930 2586 4993 universis
2628 4930 2690 4989 in
2735 4926 2963 4989 scrinio
3019 4924 3487 5005 Episcoporum
3545 4920 3707 4979 fiunt

447 5065 750 5139 indicula,
796 5069 860 5127 et
899 5061 1048 5124 fidei
1088 5058 1567 5140 expositionem,
1602 5060 1667 5116 et
1708 5053 1811 5114 hic
1855 5053 2173 5114 confessus
2215 5056 2329 5123 est,
2376 5048 2590 5127 sicque
2636 5040 3158 5105 reconciliationis
3205 5036 3557 5119 promeruit
3602 5035 3709 5095 ab-

450 5183 858 5245 solutionem.

1480 5373 1731 5421 NOTULE
1774 5370 2158 5418 MARGINALBS
2200 5366 2522 5414 FABROTTI.

370 5606 452 5674 (α)
481 5597 883 5674 βῐὸιηιιίφιᾉεε
954 5593 1435 5674 (b)__ubieunque.‘
1493 5587 2018 5674 (strenucniretur.
2212 5581 2732 5674 et_Stpate,gpsnB..
2802 5578 2871 5658 (ρ)
2921 5577 2983 5641 Β,
3034 5567 3557 5674 οκξειᾙῗξᾶξιηονιιῇιὶ.
3597 5564 3721 5674 νςῼ

296 5633 1464 5742 CJKeTQuK.WE’g‘Sahoiﬁit‘éi’a‘éﬁgﬁﬁt.
2068 5633 2983 5727 (illvenirct:invicem;
3064 5641 3139 5712 (k)
3181 5641 3400 5693 metuo.
3481 5637 3541 5703 (Ι)
3597 5633 3722 5691 Vide

270 5753 517 5807 «Barca.
551 5743 621 5802 ad
647 5739 785 5799 ann.
816 5740 1036 5798 Domini
1061 5739 1186 5793 711.
1263 5739 1365 5807 (m)
1398 5749 1769 5808 pancaream.
