4050 6172
467 235 586 295 975
1433 288 1442 299 Ι
1614 219 2026 282 ANASTASII
2072 217 2143 278 Bl
2158 213 2728 278 BLlO'l‘HECARlI.
3697 215 3794 278 975
3836 279 3844 286 ῃ

552 370 590 425 5
633 381 781 426 cura
824 361 910 441 (α)
935 358 1288 432 commissa,
1315 355 1540 418 deinde
1564 355 1644 416 ad
1688 355 2057 416 diaconatus
2099 350 2382 412 ordinem
2429 351 2760 430 provectps
2806 351 2920 406 est.
2945 345 3024 405 Et
3063 359 3208 405 eum
3250 341 3378 405 viro
3419 351 3616 406 sancto
3649 347 3798 410 Gaus-

636 477 882 540 tantino
913 476 1208 557 pontifice
1239 475 1319 536 ad
1350 473 1586 553 regiam
1636 472 1954 553 profectus
1997 474 2090 529 est
2132 466 2378 538 urbem,
2403 470 2592 543 atque
2637 481 2674 522 a
2715 460 3074 524 Justiniano
3117 459 3394 540 principe
3421 459 3716 540 inquisitus
3745 465 3805 528 de

639 592 1018 674 quibusdam
1065 589 1378 672 capitulis,
1409 589 1650 670 optima
1695 585 2100 666 responsione
2145 597 2662 661 unamquamque
2685 577 2872 638 solvit
2914 575 3355 657 quaestionem.
3385 575 3525 637 Erat
3561 577 3703 639 enim
3737 580 3810 644 vir

635 715 867 783 castus,
915 707 1144 769 divinae
1189 706 1532 786 Scripturae
1575 703 1880 777 eruditus,
1928 699 2240 762 facundus
2281 696 2536 778 loquela
2575 701 2640 757 et
2681 693 2978 758 constans
3035 691 3274 781 animo,
3317 691 3808 758 ecclesiasticarum

636 844 848 887 rerum
891 825 1182 885 defensor
1223 827 1286 884 et
1327 820 1660 884 contrariis
1691 816 1768 900 (ὸ)
1819 816 2194 880 fortissimus
2235 813 2667 894 impugnator.
2715 809 2826 870 I-Iic
2871 807 3130 870 excrdio
3173 805 3562 888 pontiﬁcatus
3595 809 3680 870 sui
3711 810 3814 872 cal.

521 941 596 1002 10
640 939 840 1002 carias
883 939 1150 1020 decoqui
1184 937 1392 1018 jussit,
1442 943 1504 999 et
1547 955 1586 998 a
1627 941 1812 1018 porta
1851 931 1932 1016 (ο)
1975 931 2174 994 sam-ti
2214 927 2540 992 Laurentii
2580 925 2894 988 inchoans
2936 922 3128 1004 hujus
3187 921 3450 983 civitatis
3489 940 3679 988 muros
3715 943 3814 987 res-

640 1063 891 1118 taurare
933 1055 1320 1129 decreverat,
1365 1059 1430 1114 et
1470 1053 1752 1134 aliquam
1795 1054 2044 1132 partem
2093 1047 2349 1120 faciens,
2395 1043 2866 1124 emergentibus
2910 1039 3280 1120 incongruis
3303 1037 3598 1119 variisque
3635 1041 3820 1102 tumvis

641 1171 827 1246 tibus,
877 1169 1259 1252 praepeditus
1302 1174 1418 1231 est.

727 1293 888 1348 198
932 1285 1022 1368 (tl)
1064 1285 1266 1365 Hujus
1309 1283 1700 1365 temporibus
1740 1283 2017 1346 Joannes
2073 1275 2808 1358 Constantinopolitanus
2867 1272 3128 1336 antistes
3184 1270 3540 1352 synodicam
3581 1271 3633 1333 ei
3669 1275 3822 1351 misit,

641 1408 832 1482 atque
875 1401 954 1462 ad
1000 1420 1142 1462 eum
1199 1400 1518 1481 rescriptis
1573 1399 1739 1460 idem
1787 1417 1936 1460 usus
1977 1402 2070 1458 est
2129 1393 2435 1476 pontifex.
2481 1391 2594 1453 Hic
2656 1389 3000 1451 maximam
3065 1392 3313 1468 partem
3375 1386 3632 1450 basilicae
3689 1390 3828 1454 head

641 1517 828 1580 Pauli
872 1514 943 1597 (e)
989 1516 1278 1596 apostoli,
1328 1535 1470 1597 qua:
1513 1516 1842 1590 ceciderat,
1891 1513 2100 1576 allatis
2141 1512 2220 1572 de
2262 1507 2552 1572 Calabria
2594 1505 2877 1568 trabibus
2921 1503 3274 1584 cooperuit,
3321 1509 3385 1564 et
3425 1503 3613 1566 altare
3639 1525 3824 1570 anovo

644 1634 810 1708 fecit,
857 1637 919 1694 et
961 1632 1270 1694 ciborium
1314 1637 1705 1712 argenteum,
1732 1629 1900 1712 quod
1945 1630 2152 1690 fuerat
2192 1625 2375 1688 ruina
2418 1629 2784 1704 quassatum
2822 1620 2934 1703 (Γ).
2983 1619 3066 1702 (g)
3110 1620 3329 1684 Sancti
3369 1621 3667 1683 Laurentii
3703 1625 3828 1704 pari-

564 1754 602 1812 5
649 1754 744 1814 ter
785 1748 1111 1811 ecclesiam
1155 1748 1307 1809 foris
1351 1745 1563 1810 mur'os
1605 1747 1814 1824 sitam,
1861 1763 2003 1825 quae
2049 1741 2333 1804 trabibus
2375 1737 2712 1802 contractis
2753 1737 2952 1799 ruinae
2989 1735 3128 1816 jam
3169 1741 3310 1798 erat
3358 1736 3582 1810 vicina,
3622 1749 3831 1820 repara-

648 1865 758 1938 vit,
795 1869 984 1943 atque
1030 1881 1262 1943 aquam
1306 1862 1532 1923 ﬁstulis
1576 1859 2035 1943 compaginatis
2065 1863 2207 1939 post
2238 1855 2506 1918 multum
2551 1860 2800 1934 tempus
2843 1853 2906 1914 in
2937 1851 3228 1916 eamdem
3259 1851 3578 1913 ecclesiam
3607 1851 3825 1925 reduxit,

649 1979 1052 2058 diversasque
1095 1977 1392 2041 ecclesias
1432 1977 1496 2038 in
1541 1977 1745 2038 ruinis
1783 1975 2021 2058 positas
2061 1971 2410 2046 innovavit,
2456 1989 2612 2051 quas
2669 1988 2782 2052 per
2840 1967 3126 2030 ordinem
3189 1967 3400 2030 dicere
3457 1967 3695 2049 longum
3741 1975 3826 2032 est.

651 2094 762 2156 llic
805 2093 867 2155 in
915 2093 1250 2155 Germania
1293 2111 1406 2172 per
1447 2091 1842 2154 Bonifacium
1888 2091 2252 2172 episcopum
2297 2086 2560 2148 verbum
2621 2083 2840 2146 salutis
2883 2083 3272 2164 praedicavit,
3323 2089 3390 2144 et
3425 2091 3661 2164 gentem
3695 2085 3828 2148 illam

649 2211 968 2272 sedentem
1013 2209 1075 2270 in
1121 2208 1396 2269 tenebris
1439 2207 1726 2269 doctrina
1767 2207 1925 2268 lucis
1968 2204 2278 2267 convertit
2321 2203 2399 2264 ad
2444 2202 2785 2291 Christum.
2831 2200 2946 2260 Hic
2990 2199 3397 2275 monasteria,
3443 2219 3576 2280 quae
3603 2219 3753 2263 secus
3770 2201 3827 2284 (Ii)

531 2328 608 2389 10
649 2325 973 2387 basilicam
1018 2323 1221 2385 sancti
1263 2323 1447 2384 Pauli
1501 2328 1702 2396 erant,
1749 2321 1828 2382 ad
1896 2320 2299 2382 solutidinem
2363 2289 2653 2378 deducta
2693 2315 3043 2390 innovavit,
3089 2321 3282 2396 atque
3345 2315 3637 2378 ordinatis
3683 2319 3834 2378 servis

648 2440 761 2503 Dei
807 2439 1156 2514 monachis,
1203 2437 1760 2518 congregationem
1808 2441 1951 2516 post
1991 2435 2255 2514 longum
2300 2441 2548 2514 tempus
2609 2431 2954 2506 constituit,
3001 2436 3073 2492 ut
3125 2430 3366 2492 ibidem
3425 2431 3521 2493 die
3577 2439 3835 2514 noctuque

653 2561 784 2620 Deo
829 2555 1166 2617 redderent
1208 2554 1447 2615 laudes.
1496 2554 1608 2615 llic
1653 2551 2082 2633 gerocomium
2126 2549 2219 2631 (ι’),
2270 2549 2440 2630 quod
2484 2554 2630 2628 post
2689 2546 2970 2610 absidem
3014 2551 3246 2612 sanctae
3293 2546 3407 2609 Dei
3449 2549 3744 2610 Genitricis
3775 2549 3840 2610 ad

660 2675 946 2752 Praesepe
990 2670 1178 2731 situm
1223 2674 1336 2744 est,
1385 2669 1836 2730 monasterium
1880 2665 2082 2729 sancti
2125 2665 2390 2727 Andreae
2436 2663 2724 2745 apostoli,
2773 2661 2946 2743 quod
3006 2661 3308 2724 Barbarae
3351 2671 3740 2744 nuncupatur,
3775 2664 3844 2726 ad-

653 2785 915 2848 nimiam
963 2783 1303 2846 deductum
1349 2783 1788 2856 desertionem,
1835 2781 1900 2842 in
1943 2800 2070 2861 quo
2119 2798 2234 2842 nec
2275 2795 2440 2840 unus
2482 2777 2838 2840 habebatur
2883 2776 2952 2860 (7)
3000 2775 3374 2850 monachus,
3423 2777 3622 2840 ascitis
3665 2799 3834 2842 mona-

543 2905 614 2964 15
661 2902 796 2965 cbis
837 2899 1178 2974 ordinavit,
1224 2905 1292 2960 ut
1335 2905 1602 2979 utraque
1647 2897 2030 2961 monasteria
2072 2897 2152 2958 ad
2196 2899 2478 2958 sanetam
2520 2893 2634 2954 Dei
2691 2892 3070 2955 Genitricem
3127 2892 3398 2974 singulis
3452 2893 3658 2958 diebus
3693 2901 3839 2976 atque

655 3015 944 3079 noctibus
985 3013 1113 3076 Deo
1156 3013 1374 3076 laudes
1415 3019 1738 3076 canerent.

737 3137 904 3192 1³19
945 3131 1036 3192 Eo
1081 3135 1366 3209 tempore
1409 3127 1834 3210 Luitprandus
1876 3145 1986 3188 rex
2030 3125 2434 3187 donationem
2477 3122 2844 3204 patrimonii
2883 3122 3137 3204 Alpium
3181 3123 3538 3188 Cotziarum
3567 3123 3662 3206 (ἡ),
3687 3145 3836 3207 quam

655 3243 982 3326 Aripertus
1025 3263 1138 3306 rex
1180 3245 1432 3318 fecerat,
1483 3243 1712 3324 hicque
1756 3242 2114 3323 repetierat,
2161 3239 2595 3302 admonitione
2656 3238 2819 3300 tanti
2874 3238 3015 3313 viri,
3061 3237 3162 3300 vel
3213 3238 3638 3320 increpatione
3674 3241 3833 3304 reddi-

658 3368 786 3423 tam
831 3360 1227 3424 confirmavit
1274 3357 1363 3443 (Ι).
1409 3359 1610 3440 Hujus
1651 3358 2043 3438 temporibus
2086 3358 2333 3437 signum
2379 3356 2441 3416 in
2484 3355 2638 3417 luna
2679 3355 2914 3416 factum
2960 3361 3054 3416 est
3107 3354 3456 3418 indictione
3495 3375 3609 3431 xw,
3653 3363 3707 3418 et
3740 3357 3839 3416 visa

657 3483 753 3539 est
795 3481 1058 3538 cruenta
1100 3494 1300 3556 usque
1343 3475 1424 3536 ad
1467 3473 1738 3536 mediam
1783 3479 2056 3535 noctem.
2103 3475 2191 3534 Eo
2236 3473 2450 3552 itaque
2492 3477 2780 3550 tempore
2821 3470 3038 3532 Teudo
3078 3467 3208 3552 (τη),
3254 3471 3388 3532 dux
3433 3473 3626 3552 gentis
3661 3471 3835 3552 Bajoao

577 3595 612 3655 5
661 3591 897 3653 riorum
943 3589 1054 3670 (η),
1104 3590 1182 3651 ad
1247 3589 1520 3670 apostoli
1574 3588 1744 3650 beati
1791 3588 1962 3650 Petri
2021 3587 2262 3660 limina,
2311 3587 2554 3666 primus
2595 3583 2672 3647 de
2717 3589 2902 3664 gente
2965 3566 3208 3660 eadem,
3257 3589 3556 3662 occurrit,
3596 3587 3838 3650 orationis

659 3711 830 3767 voto.
877 3703 1078 3783 Hujus
1123 3703 1513 3784 temporibus
1555 3702 1926 3765 Anastasius
1967 3702 2312 3782 imperator
2366 3701 2627 3762 classem
2690 3699 2947 3762 navium
3006 3708 3437 3782 praeparatam
3495 3704 3557 3766 in
3613 3703 3842 3784 partibus

657 3819 1056 3884 Alexandria:
1101 3819 1326 3882 direxit
1370 3825 1592 3882 contra
1635 3838 1672 3880 a
1714 3822 1842 3881 Deo
1903 3817 2250 3879 destructos
2291 3817 2370 3898 (ο)
2403 3818 2747 3896 Agarenos,
2794 3815 2902 3896 qui
2963 3817 3044 3878 ad
3087 3817 3259 3878 aliud
3323 3820 3488 3880 versi
3546 3817 3835 3888 consilium,

657 3942 997 4017 antequam
1047 3935 1480 4018 pervenissent
1521 3935 1600 3998 ad
1643 3935 2026 3996 destinatum
2070 3934 2304 4009 locum,
2350 3933 2431 3994 ab
2475 3931 2698 3993 itinere
2756 3931 2962 3994 medio
3024 3932 3107 3994 ad
3163 3933 3406 4014 regiam
3451 3935 3696 4016 regressi
3729 3937 3842 3994 sunt

659 4052 904 4130 urbem,
953 4048 1376 4114 Theodosium
1439 4051 1862 4114 orthodoxam
1907 4049 2296 4129 inquirentes
2351 4047 2799 4128 imperatorem
2861 4047 3208 4128 elegerunt,
3255 4055 3452 4131 atque
3509 4056 3758 4113 coactum
3789 4047 3836 4108 in

654 4167 813 4230 solio
857 4166 1106 4248 imperii
1148 4167 1701 4228 conﬁrmaverunt.
1736 4164 2103 4228 Anastasius
2143 4164 2357 4244 itaque
2399 4181 2543 4224 cum
2587 4162 2852 4237 civibus,
2899 4163 2998 4224 vel
3041 4163 3270 4242 quibus
3326 4168 3531 4246 potuit
3585 4165 3655 4225 de
3697 4179 3831 4224 exer-

537 4286 614 4347 10
655 4283 780 4345 citu
843 4282 1150 4344 munitam
1215 4281 1530 4344 civitatem
1589 4282 1860 4342 Nicaeam
1923 4279 2200 4360 perrexit
2246 4295 2261 4338 :
2307 4278 2436 4339 illic
2481 4295 2623 4340 cum
2667 4276 2886 4352 classe,
2933 4277 2998 4338 in
3059 4296 3186 4358 qua
3245 4280 3630 4343 Theodosius
3678 4279 3835 4338 fuerat

656 4399 1022 4479 imperator,
1091 4397 1435 4470 dimicavit,
1481 4403 1546 4458 et
1603 4397 1734 4458 fere
1776 4401 2014 4477 septem
2063 4393 2260 4456 millia
2319 4393 2632 4456 exercitus
2689 4400 2836 4454 sunt
2889 4395 3290 4475 interempta.
3339 4395 3528 4476 Cujus
3581 4387 3835 4457 Anastasii

655 4521 953 4597 superata
996 4532 1143 4594 pars
1184 4513 1444 4574 verbum
1483 4511 1616 4592 jam
1661 4512 2077 4574 immanitatis
2120 4511 2402 4592 expetiit.
2449 4511 2734 4590 Datoque
2777 4509 2897 4571 sibi
2939 4518 3338 4579 sacramento
3384 4513 3637 4577 clericus
3678 4510 3840 4570 factus

655 4636 846 4710 atque
888 4629 1216 4710 presbyter
1260 4634 1353 4689 est
1395 4633 1814 4690 consecratus.
1861 4627 2156 4688 Protinus
2199 4626 2388 4688 etiam
2436 4632 2504 4687 ut
2547 4626 2866 4706 ingressus
2908 4631 3002 4688 est
3062 4633 3451 4690 memoratus
3509 4621 3834 4691 Theodosius

653 4745 892 4824 regiam
938 4745 1182 4819 urbem,
1230 4745 1570 4824 imaginem
1613 4743 1788 4806 illam
1833 4744 2282 4818 venerandam,
2328 4742 2394 4803 in
2436 4759 2562 4822 qua
2605 4748 2838 4804 sancta:
2882 4749 3062 4805 erant
3105 4763 3214 4804 sex
3259 4743 3485 4825 synodi
3514 4741 3760 4822 depicta,
3786 4737 3834 4794 ct

574 4857 610 4916 5
655 4877 692 4918 a
735 4858 1088 4938 Pliilippico
1133 4878 1246 4920 nec
1287 4860 1551 4924 dicendo
1595 4862 1802 4924 fuerat
1841 4860 2150 4941 deposita,
2197 4860 2278 4922 in.
2309 4859 2574 4940 pristino
2618 4859 2818 4922 erexit
2876 4858 3038 4935 loco,
3083 4857 3172 4942 (p)
3215 4859 3304 4920 ita
3368 4866 3440 4920 ut
3499 4855 3672 4936 huius
3719 4846 3832 4913 ﬁdei

653 4973 898 5034 fervore
941 4975 1144 5036 omnis
1189 4975 1267 5037 ab
1311 4977 1592 5039 Ecclesia
1634 4983 1905 5040 cessaret
1945 4977 2233 5058 quaestio.

737 5095 903 5148 180
945 5087 1032 5168 (ᾳ)
1075 5091 1162 5151 Eo
1229 5098 1441 5152 autem
1507 5098 1788 5172 tempore
1849 5092 2079 5154 ﬂuvius
2131 5093 2240 5174 qui
2301 5092 2659 5174 appellatur
2715 5091 2980 5167 Tiberis,
3028 5091 3276 5153 alveum
3341 5110 3520 5152 suum
3576 5097 3827 5166 egressus.

1673 5331 1921 5378 NOTULE
1963 5330 2346 5376 MAltGlNALES
2387 5330 2708 5378 FABBOTTI.

457 5589 529 5606 κὴ
667 5525 741 5606 C,‘
756 5539 962 5606 curam
993 5521 1271 5606 suscepit:
1308 5523 1480 5606 ‘(l-)_)C,
1515 5525 1971 5606 contrariorum.
2018 5528 2056 5606 (ι

2222 5527 2462 5606 porticu.
2522 5527 2599 5599 (ιι)
2619 5527 2773 5606 Vide
2803 5529 3004 5606 paron.
3026 5527 3275 5606 adfinia,
3297 5527 3426 5606 71/3.
3451 5509 3821 5606 tem‘llxonlffzfv

485 5589 660 5652 Petri.
703 5589 886 5671 χωρ,
913 5589 1186 5671 restituit:
1218 5589 1679 5671 _(g)‘Ba[0n._m_z.
1711 5599 1837 5671 '_7_tO.
1869 5669 1874 5671 _
1901 5589 2084 5671 (Ιοέξί

2224 5589 2270 5654 a.
2333 5601 2401 5667 (ί)
2431 5589 2951 5671 gerontocomium.
2981 5600 3077 5671 5(j)
3099 5599 3160 5669 C,
3185 5598 3501 5671 habitabat.
3538 5595 3624 5671 ⁵(ξε)
3650 5589 3823 5671 Coctia}-

483 5679 618 5722 rum
677 5657 906 5746 (li-itte
934 5668 1135 5746 Βανοηἶ
1163 5665 1232 5721 (ιά
1253 5657 1646 5746 ‘aiiﬂ.‘D01)lili_i
1859 5657 2082 5739 (ἡιίΤΗη

2224 5712 2242 5746 .
2303 5657 2856 5742 (7‘2)'B’augariorum.
2917 5671 2992 5745 (0)
3013 5657 3418 5730 destruendos.
3478 5657 3634 5742 (plin
3669 5657 3823 5734 Ρτὶείὶ·

485 5751 630 5795 num
661 5735 840 5792 erexit
860 5735 1054 5794 locum
1086 5743 1260 5818 atque
1290 5738 1552 5796 titulum.
1611 5741 1686 5814 (ᾳ)
1718 5735 2095 5798 Βαιόἰιέαηη.
2125 5741 2255 5796 747.
2311 5735 2320 5742 ’
2363 5735 2376 5808 _'
2540 5735 2571 5742 ‘
2926 5735 2938 5744 ‘
2975 5735 2986 5745 '
3285 5773 3288 5782 ,
3487 5735 3528 5742 ~-
