4050 6172
268 178 386 243 97‘!
919 180 1290 244 HISTORIA
1332 181 1436 243 DE
1480 181 1677 245 VITlS
1724 182 1912 245 ηοΜ.
1958 185 2191 248 PONT.
2223 219 2302 232 -
2344 187 2410 249 S.
2458 189 2901 255 GREGORIUS
2946 193 3021 255 ΙΙ.
3555 199 3676 263 9’18

414 333 552 379 sese
596 332 707 396 per
749 313 1128 395 campestria
1168 314 1384 388 dedit;
1430 314 1736 377 intumuit
1780 316 1970 379 etiam
2014 318 2429 383 inundatione
2472 339 2780 402 aquarum
2826 326 3196 405 multarum,
3242 334 3306 392 et
3363 348 3477 413 per
3518 351 3671 414 per-

425 435 556 492 tam
619 448 762 510 quae
818 429 1130 491 Flaminia
1184 429 1414 492 dicitur
1473 431 1793 510 ingressus
1839 431 1926 514 (α)
1972 439 2084 494 est.
2127 436 2545 497 Transcendit
2605 437 2846 500 interea
2906 442 3220 523 aliquibus
3276 444 3342 506 in
3403 445 3555 509 locis
3608 452 3673 510 et

424 565 637 609 muros
680 546 876 620 urbis,
923 550 1113 625 atque
1156 546 1325 608 ultra
1364 547 1694 608 basilicam
1760 549 1961 610 sancti
2021 551 2215 612 Marci
2277 570 2389 632 per
2432 552 2672 632 plateas
2720 573 2784 615 se
2846 559 3150 633 extendit,
3196 561 3286 622 ita
3346 566 3414 623 ut
3456 563 3519 624 in
3563 563 3667 626 via

347 666 383 724 5
426 667 579 725 Lata
639 662 719 733 ad
779 680 972 725 unam
1017 667 1080 725 et
1122 662 1307 724 semis
1371 668 1679 726 staturam
1748 683 1980 746 aquam
2042 666 2323 746 ejusdem
2389 668 2665 732 ﬂuminis
2725 672 3122 748 excrevisset,
3170 680 3359 757 atque
3403 695 3440 738 a
3481 684 3667 758 porta

421 780 592 853 beati
632 779 802 841 Petri
844 779 1114 858 apostoli
1158 798 1356 859 usque
1419 779 1499 840 ad
1562 785 1817 861 pontem
1861 781 2144 844 Milvium
2207 802 2388 863 aqua:
2449 803 2513 846 se
2558 785 3005 860 distenderent,
3052 795 3116 850 et
3157 789 3345 869 juxta
3406 793 3666 855 remissa

418 897 482 957 in
526 895 723 975 ipsius
768 893 1047 961 ﬂuminis
1105 894 1352 956 alveum
1415 913 1481 956 se
1524 894 1699 957 dedit
1736 894 1825 977 (b)
1866 898 2099 959 Demos
2142 899 2357 979 itaque
2401 901 2645 975 evertit,
2690 921 2879 982 agros
2940 903 3288 985 dissipavit,
3336 907 3665 971 cradicans

415 1012 674 1076 arbusta
733 1016 797 1072 et
863 1016 1125 1090 segetes.
1174 1013 1333 1071 Nam
1396 1028 1510 1072 nec
1570 1030 1776 1074 serere
1843 1012 1981 1093 ipso
2045 1015 2253 1094 potuit
2312 1020 2598 1096 tempore
2660 1035 2804 1097 pars
2868 1019 3144 1081 maxima
3203 1023 3658 1084 Romanorum.

419 1131 542 1191 Pro
586 1128 708 1190 hoc
768 1126 1144 1189 imminebat
1212 1127 1535 1188 tribulatio
1581 1145 1833 1205 magna.
1883 1130 2001 1189 Per
2069 1128 2201 1190 dies
2262 1136 2473 1191 autem
2544 1139 2784 1212 septem
2846 1152 3015 1214 aqua
3074 1137 3341 1197 Romam
3407 1138 3661 1200 tenebat

296 1249 375 1310 10
418 1262 769 1327 pervasam.
814 1244 868 1303 A
909 1243 1144 1305 domno
1186 1239 1397 1322 itaque
1441 1260 1609 1321 papa
1649 1240 1899 1302 letania:
1943 1242 2162 1303 crebro
2208 1242 2464 1305 fiebant.
2513 1247 2795 1327 Cumque
2856 1249 2920 1310 in
2965 1250 3252 1312 oratione
3305 1257 3368 1314 et
3411 1252 3659 1315 lctaniis

415 1360 798 1442 persisteret,
845 1361 988 1438 post
1028 1360 1320 1418 octavum
1374 1355 1512 1436 jam
1574 1356 1739 1418 diem
1804 1356 2094 1417 misertus
2138 1360 2322 1433 Deus,
2373 1377 2603 1439 aquam
2665 1363 2926 1438 amovit,
2973 1371 3036 1426 et
3100 1365 3329 1428 ﬂuvius
3381 1368 3461 1430 ad
3511 1386 3659 1447 pro-

410 1477 984 1561 prium'regressus
1026 1479 1122 1536 est
1163 1471 1410 1534 alveum
1456 1490 1569 1554 per
1610 1491 1693 1536 xv
1737 1472 2174 1534 indictionem.

498 1601 653 1659 181
708 1594 1058 1654 Cumanum
1103 1589 1293 1651 etiam
1338 1593 1612 1649 castrum
1658 1588 1794 1669 ipso
1837 1589 2044 1650 fuerat
2087 1593 2369 1669 tempore
2412 1609 2451 1651 a
2491 1592 2924 1671 Longobardis
2988 1595 3157 1676 pacis
3219 1596 3366 1658 dolo
3431 1616 3654 1678 perva-

408 1731 574 1777 sum.
622 1711 758 1782 Quo
800 1705 1016 1767 audito
1060 1722 1280 1765 omnes
1339 1707 1519 1764 sunt'
1554 1703 1782 1765 redditi
1826 1703 2053 1764 tristes.
2099 1704 2460 1766 Adbortans
2504 1707 2690 1768 etiam
2753 1710 3184 1772 sanctissimus
3238 1712 3544 1792 pontifex,
3590 1718 3655 1775 et

406 1842 818 1894 commoneas
859 1819 1310 1900 Longobardos
1373 1822 1442 1878 ut
1498 1817 1851 1893 redderent,
1899 1819 2009 1898 qui
2071 1819 2123 1879 si
2184 1837 2310 1880 non
2373 1821 2865 1901 acquiescerent,
2914 1825 2978 1884 in
3040 1826 3199 1885 iram
3265 1845 3330 1887 se
3374 1827 3651 1890 divinam

402 1944 682 2010 incidere
720 1958 837 2020 pro
878 1937 1026 1999 dolo
1069 1954 1258 2017 quem
1300 1936 1603 2009 fecerant,
1650 1934 1778 1994 suis
1820 1933 2068 2013 scriptis
2111 1933 2544 2007 detestabatur
2588 1935 2708 2016 (c);
2757 1956 2901 1998 nam
2947 1944 3009 1999 et
3053 1957 3316 2000 munera
3372 1941 3460 2002 eis
3504 1942 3656 2005 dare

316 2070 357 2128 5
404 2069 477 2125 ut
518 2059 919 2124 restituerent
959 2052 1161 2114 voluit
1220 2050 1439 2125 multa,
1488 2050 1598 2111 sed
1639 2048 1733 2110 illi
1776 2048 2026 2129 turgida
2086 2054 2296 2110 mente
2358 2069 2562 2130 neque
2627 2053 2881 2113 monitis
2941 2053 3160 2115 audire
3215 2074 3329 2117 nec
3391 2057 3653 2119 reddere

404 2183 556 2242 sunt
596 2171 764 2256 passi
810 2168 918 2253 (tl).
960 2166 1144 2232 Unde
1189 2164 1376 2225 nimis
1436 2164 1603 2224 idem
1646 2170 1901 2224 sanctus
1958 2163 2227 2225 indoluit
2272 2165 2577 2244 pontifex,
2610 2185 2870 2246 seseque
2907 2168 3042 2248 spei
3085 2170 3351 2231 contulit
3394 2170 3647 2246 divinre,

390 2303 601 2376 atque
654 2291 720 2352 in
782 2285 1137 2349 munitione
1193 2260 1369 2345 ducis
1429 2278 1831 2359 Neapolitani
1872 2284 1935 2340 et
1996 2260 2215 2360 populi
2274 2297 2525 2353 vaca-ns,
2576 2281 2873 2343 ducatum
2932 2283 2995 2344 ei
3055 2284 3327 2361 qualiter
3387 2292 3654 2366 agerent

404 2408 690 2494 quotidie
751 2400 1078 2466 scribendo
1150 2396 1579 2478 praesentabat
1639 2394 1736 2477 (ε).
1784 2394 1972 2477 Cujus
2036 2395 2337 2459 mandato
2400 2397 2784 2471 obedientes,
2856 2399 3116 2461 consilio
3176 2400 3354 2473 inito,
3420 2402 3656 2465 mmnia

402 2527 602 2609 ipsius
642 2519 833 2585 castri
879 2518 1105 2583 virtute
1150 2513 1228 2594 (f)
1275 2512 1390 2573 sub
1435 2516 1745 2573 nocturno
1802 2511 2071 2590 ingressi
2130 2516 2280 2573 sunt
2339 2511 2614 2575 silentio.
2652 2514 2936 2575 'Joannes
2997 2514 3235 2576 scilicet
3294 2517 3444 2577 dum
3508 2534 3650 2578 cum

273 2648 358 2711 10
400 2639 752 2707 Theodimo
795 2632 1185 2697 subdiacono
1230 2635 1294 2690 et
1336 2634 1576 2690 rectore
1620 2626 1703 2708 (g)
1749 2618 1941 2705 atque
1984 2627 2285 2701 exercitu,
2333 2633 2395 2689 et
2437 2630 2887 2709 Longobardos
2934 2649 3091 2710 pene
3156 2636 3465 2693 trecentos
3509 2649 3651 2694 cum

402 2753 756 2822 Theodimo
800 2746 1184 2810 subdiacono
1227 2748 1290 2805 et
1333 2747 1572 2803 rectore
1618 2740 1698 2822 tg)
1744 2745 1934 2821 atque
1976 2740 2278 2814 exercitu,
2324 2746 2387 2803 et.
2431 2742 2879 2819 Longobardos
2942 2762 3102 2823 pene
3150 2749 3460 2806 trecentos
3504 2763 3648 2807 cum

402 2889 624 2937 eorum
667 2863 1054 2929 castaldione
1116 2858 1198 2941 (It)
1260 2858 1733 2931 interfecerunt,
1780 2856 1953 2917 vivos
2023 2855 2212 2916 etiam
2275 2855 2548 2935 amplius
2609 2852 2987 2937 quingentos
3045 2858 3652 2938 comprehendentes

404 2992 627 3067 captas
694 2978 1022 3060 Neapolim
1092 2976 1432 3036 duxerunt.
1496 2972 1598 3034 Sic
1661 2978 1936 3033 castrum
1999 2950 2277 3049 recipere
2339 2976 2704 3050 potuerunt.
2768 2973 2888 3031 Pro
2966 2970 3148 3050 cujus
3216 2970 3650 3052 redemptione

406 3099 810 3184 septuaginta
853 3094 990 3156 auri
1031 3092 1224 3153 libras
1267 3090 1399 3170 ipse
1430 3087 1861 3150 sanctissimus
1907 3075 2092 3166 papa,
2138 3086 2299 3147 sicut
2343 3086 2718 3166 promiserat
2748 3091 2954 3159 antea,
3005 3086 3196 3148 dedit.

489 3225 649 3279 is:
698 3213 811 3275 Hie
854 3207 1239 3271 Hierusalem
1306 3203 1630 3267 ecclesiam
1693 3208 1999 3275 sanctam,
2048 3221 2190 3280 quae
2252 3201 2449 3263 multo
2515 3203 2692 3263 fuera
2751 3202 2999 3264 detecta
3060 3208 3365 3281 tempore,
3413 3208 3475 3263 et
3526 3202 3649 3264 σίν,

403 3347 807 3413 αυωαυαῳιο
876 3323 1154 3406 porticus
1221 3325 1531 3383 vetustate
1601 3323 1928 3398 quassatas
2005 3316 2290 3377 deductis
2358 3318 2686 3397 cooperuit
2745 3335 2819 3378 ac
2882 3317 3218 3397 reparavit.
3294 3317 3646 3379 Ambonem

403 3451 597 3514 etiam
643 3456 1068 3505 marmoreum
1110 3436 1176 3497 in
1221 3434 1439 3496 eadem
1484 3432 1748 3495 ecclesia
1791 3433 1958 3504 fecit,
2006 3450 2272 3512 eamque
2339 3431 2602 3495 diversis
2646 3431 2869 3492 ditavit
2928 3431 3138 3493 linteis
3190 3437 3381 3512 atque
3428 3431 3643 3493 minis-

404 3564 605 3629 teriis.
650 3558 888 3622 Eodem
952 3561 1234 3633 tempore
1294 3550 1571 3611 nefanda
1626 3551 2065 3628 Agarenorum
2126 3567 2303 3627 gens,
2350 3566 2490 3608 eum
2548 3546 2683 3625 jam
2748 3547 3190 3628 Hispaniarum
3258 3547 3649 3626 provinciam

314 3688 356 3747 5
405 3701 520 3764 per
561 3678 776 3741 decem
817 3673 1108 3734 tenerent
1168 3685 1367 3727 annos
1438 3683 1793 3745 pervasam.
1839 3663 2172 3725 undecimo
2244 3681 2410 3724 anno
2476 3661 2853 3724 Rhodanum
2923 3661 3318 3723 conabantur
3388 3662 3650 3725 ﬂuvium

401 3794 699 3866 transire,
744 3789 825 3851 ad
885 3784 1183 3848 Francias
1239 3779 1701 3861 occupandum,
1735 3763 1857 3840 ubi
1916 3779 2094 3841 Eudo
2158 3784 2445 3859 praeerat.
2515 3778 2633 3850 Qui
2678 3766 2860 3839 facta
2924 3780 3309 3838 Francorum
3372 3779 3653 3857 generali

398 3912 680 3975 motione
727 3905 795 3986 (ι’)
837 3907 1058 3965 contra
1100 3900 1468 3969 Saracenos,
1518 3912 1625 3957 eos
1668 3894 2130 3957 circumdantes
2173 3894 2624 3956 interfecerunt
2667 3891 2772 3973 (j).
2819 3896 3128 3954 Trecenta
3188 3892 3353 3952 enim
3397 3898 3652 3972 septua-

402 4029 584 4109 ginta
624 4022 905 4104 quinque
967 4014 1165 4077 millia
1224 4031 1351 4073 uno
1414 4015 1563 4073 sunt
1621 4009 1721 4070 die
1789 4008 2122 4075 interfecti.
2172 4014 2242 4070 ut
2309 4006 2590 4085 ejusdem
2665 4006 2944 4067 Eudonis
3016 4009 3401 4068 Francorum
3473 4007 3651 4068 ducis

406 4144 597 4206 missa
641 4132 924 4219 pontifici
968 4128 1235 4211 epistola
1278 4125 1662 4189 continebat.
1709 4123 1878 4187 Mille
1919 4126 2165 4182 tantum
2229 4121 2604 4201 quingentos
2676 4139 2753 4180 ex
2816 4120 3072 4180 Francis
3139 4121 3323 4181 fuisse
3371 4126 3651 4183 mortuos

274 4266 361 4326 10
403 4262 470 4323 in
513 4256 735 4321 eodem
779 4249 948 4311 bello
1002 4246 1297 4307 dixerunt
1360 4241 1467 4323 (Ic).
1514 4239 1830 4319 Abjiciens
1892 4238 2063 4316 quod
2127 4257 2296 4299 anno
2358 4237 2679 4317 praemisso
2734 4236 2800 4295 in
2864 4234 3362 4297 benedictionem
3407 4254 3446 4296 a
3487 4254 3651 4316 prm-

404 4377 574 4437 dicto
619 4370 753 4430 viro
797 4366 887 4437 eis
931 4360 1179 4424 directis
1219 4357 1292 4439 (Ι)
1338 4358 1534 4417 tribus
1594 4354 1896 4435 spongiis,
1946 4353 2174 4434 quibus
2236 4353 2316 4414 ad
2360 4371 2506 4413 usus
2570 4370 2802 4413 mensm
2849 4350 3162 4431 pontiﬁcis
3216 4356 3647 4430 apponuntur,

406 4492 473 4553 in
538 4489 699 4550 hora
756 4500 885 4563 qua
943 4476 1179 4539 bellum
1242 4472 1779 4544 committebatur,
1824 4470 1991 4531 idem
2054 4469 2231 4532 Eudo
2292 4468 2644 4548 Aquitanire
2711 4467 3004 4547 princeps
3068 4464 3302 4546 populo
3365 4484 3477 4526 suo
3541 4485 3651 4545 per

412 4605 691 4671 modicas
752 4603 964 4680 partes
1027 4593 1308 4655 tribuens
1368 4589 1449 4653 ad
1511 4585 1887 4648 sumendum
1933 4585 2044 4661 eis,
2092 4603 2206 4646 nec
2253 4603 2413 4647 unus
2476 4584 2841 4645 vulneratus
2901 4587 3015 4654 est,
3065 4600 3178 4641 nec
3238 4587 3524 4642 mortuus
3577 4600 3656 4643 ex

406 4724 505 4787 bis
547 4720 658 4802 qui
701 4711 1061 4798 participati
1104 4712 1272 4772 sunt.
1320 4707 1409 4768 Eo
1472 4721 1725 4784 quoque
1788 4708 2071 4781 tempore
2132 4701 2195 4761 in
2260 4700 2620 4779 Campania;
2684 4699 2968 4779 part-[bus
3042 4697 3437 4758 cnmbustum
3488 4697 3653 4758 ωη-

276 4844 364 4905 1'5
408 4859 577 4912 cum,
641 4832 976 4903 hordeum,
1035 4845 1143 4889 seu
1206 4821 1552 4902 legumina,
1599 4817 1779 4899 quasi
1839 4817 2054 4896 pluvia
2113 4816 2176 4875 in
2242 4816 2379 4876 loco
2442 4814 2716 4895 quodam
2763 4834 2796 4875 e
2841 4814 3001 4875 cwlo
3068 4813 3254 4873 missa
3313 4819 3481 4874 sunt.
3544 4813 3658 4874 Hic

406 4948 923 5038 quadragesima.“
966 4950 1273 5023 tempore,
1321 4942 1390 4999 ut
1428 4936 1493 4997 in
1538 4934 1760 5015 quinta
1803 4934 1959 4994 feria
1992 4931 2313 5012 jejunium
2359 4936 2550 5010 atque
2598 4929 2925 4990 missarum
2971 4929 3305 4989 celebritas
3366 4929 3545 4990 fieret
3584 4930 3651 4991 in

402 5068 703 5141 ecclesiis,
753 5063 924 5145 quod
986 5080 1111 5122 non
1173 5054 1502 5135 agebatur,
1548 5049 1834 5111 instituit.
1883 5048 2242 5111 Oratorium
2289 5064 2438 5107 sane
2484 5046 2546 5106 in
2612 5044 2994 5126 patriarchio
3058 5045 3122 5104 in
3186 5045 3442 5106 nomine
3487 5045 3658 5106 beati

406 5184 580 5248 Pet-ri
614 5179 888 5262 apostoli
933 5173 1196 5238 diversis
1239 5174 1534 5232 ornatum
1581 5164 1850 5226 metallis
1893 5182 1931 5225 a
1978 5182 2138 5224 novo
2186 5160 2400 5222 refecit
2443 5162 2571 5243 (m),
2617 5166 2679 5221 et
2721 5160 3214 5240 circumquaque
3278 5161 3495 5222 altaris
3546 5178 3656 5238 pa-

404 5302 595 5363 rietes
634 5292 1096 5375 deargentavit,
1143 5306 1215 5349 ac
1261 5283 1547 5365 depinxit
1587 5279 1922 5342 duodecim
1967 5276 2308 5359 apostolos,
2358 5276 2467 5357 qui
2530 5295 2702 5358 pcns,
2753 5276 2946 5337 libras
3015 5282 3267 5338 centum
3314 5281 3377 5336 et
3435 5279 3657 5334 octua-

1438 5502 1691 5549 NOTULE
1734 5499 2116 5545 MARGINALES
2159 5497 2475 5543 FABBOTTI.

308 5682 392 5756 (a)
426 5695 719 5767 egressus.
785 5675 859 5749 (b)
888 5674 949 5739 B,
974 5669 1220 5727 remissa
1248 5665 1513 5737 ejusdem
1547 5663 1809 5717 ﬂuminis
1841 5676 1902 5716 se
1923 5659 2210 5714 dederint.
2270 5660 2342 5726 (c)
2376 5657 2437 5717 Β,
2473 5655 2790 5726 protestab.
2850 5652 2926 5735 (rt)
2948 5650 3114 5725 Vide
3145 5652 3357 5729 ῌᾳνυιι.
3393 5647 3480 5729 art
3518 5661 3660 5729 ann.

340 5744 343 5747 λ
396 5754 411 5767 .
505 5750 611 5767 -..-
700 5751 765 5767 ,Α
802 5745 1109 5767 ,____i-._..r
1192 5742 1261 5767 In
1299 5741 1335 5767 ι)
1376 5734 1592 5767 mum”:
1636 5733 1810 5767 uolui;
1888 5732 2304 5767 {manuum-inm
2384 5729 2464 5767 (In
2496 5725 2756 5767 muqinlrln
2846 5722 3351 5767 lnti-mmutmne_
3411 5720 3480 5767 (Λ
3515 5717 3660 5767 Vide

236 5717 1834 5820 υδῑκειῖῖθηξῖυέε)κιςςδξέιέῖέίῖᾱῖῖιξςῑξέςθυιξεγεμιφ-
1888 5732 1963 5820 ές)
2384 5717 2779 5820 maenae;
2846 5717 2993 5792 ωε»
3411 5719 3480 5788 ω)
3514 5717 3669 5775 me

240 5798 477 5884 ἶᾶἱνδᾶξῖ
498 5798 1303 5881 signasses-725.11.)
1335 5798 1532 5863 libello
1564 5798 1822 5861 didebat.
1884 5798 2038 5873 (δε,
2073 5801 2380 5857 directum.
2441 5798 2800 5869 (m)C,feeit.
