  <div class='ocr_page' id='page_1' title='image "/cluster/home/n/w/nwhite01/storage/ocr_20150623/128/hvd.32044054759899/495.png"; bbox 0 0 4024 6176; ppageno 0'>
   <div class='ocr_carea' id='block_1_1' title="bbox 468 167 3781 239">
    <p class='ocr_par' dir='ltr' id='par_1_1' title="bbox 468 167 3781 239">
     <span class='ocr_line' id='line_1_1' title="bbox 468 167 3781 239; baseline -0.001 -9"><span class='ocrx_word' id='word_1_1' title='bbox 468 171 586 232; x_wconf 89' lang='lat'><strong>979</strong></span> <span class='ocrx_word' id='word_1_2' title='bbox 1611 167 2028 229; x_wconf 83' lang='lat' dir='ltr'>ANASTASII</span> <span class='ocrx_word' id='word_1_3' title='bbox 2069 167 2429 230; x_wconf 86' lang='lat' dir='ltr'>BIBLIOTH</span> <span class='ocrx_word' id='word_1_4' title='bbox 2439 167 2722 230; x_wconf 82' lang='lat' dir='ltr'>ECARII.</span> <span class='ocrx_word' id='word_1_5' title='bbox 3687 177 3781 239; x_wconf 79' lang='lat'>980</span> 
     </span>
    </p>
   </div>
   <div class='ocr_carea' id='block_1_2' title="bbox 467 291 3788 386">
    <p class='ocr_par' dir='ltr' id='par_1_2' title="bbox 467 291 3788 386">
     <span class='ocr_line' id='line_1_2' title="bbox 467 291 3788 386; baseline 0.002 -21"><span class='ocrx_word' id='word_1_6' title='bbox 467 307 589 365; x_wconf 79' lang='grc'>-20</span> <span class='ocrx_word' id='word_1_7' title='bbox 630 305 824 384; x_wconf 81' lang='lat' dir='ltr'>ginta.</span> <span class='ocrx_word' id='word_1_8' title='bbox 874 302 1002 364; x_wconf 83' lang='lat' dir='ltr'>Illis</span> <span class='ocrx_word' id='word_1_9' title='bbox 1071 302 1314 363; x_wconf 84' lang='lat' dir='ltr'>interea</span> <span class='ocrx_word' id='word_1_10' title='bbox 1371 302 1590 363; x_wconf 91' lang='lat' dir='ltr'>diebus</span> <span class='ocrx_word' id='word_1_11' title='bbox 1649 301 2223 382; x_wconf 79' lang='lat' dir='ltr'>Constantinopolis</span> <span class='ocrx_word' id='word_1_12' title='bbox 2291 301 2619 362; x_wconf 87' lang='lat' dir='ltr'>biennium</span> <span class='ocrx_word' id='word_1_13' title='bbox 2681 306 2774 364; x_wconf 90' lang='lat' dir='ltr'>est</span> <span class='ocrx_word' id='word_1_14' title='bbox 2815 321 2854 364; x_wconf 88' lang='lat' dir='ltr'>a</span> <span class='ocrx_word' id='word_1_15' title='bbox 2909 321 3023 364; x_wconf 89' lang='lat' dir='ltr'>nec</span> <span class='ocrx_word' id='word_1_16' title='bbox 3061 291 3353 365; x_wconf 81' lang='lat' dir='ltr'>dicendis</span> <span class='ocrx_word' id='word_1_17' title='bbox 3409 303 3492 386; x_wconf 90' lang='lat' dir='ltr'>(a)</span> <span class='ocrx_word' id='word_1_18' title='bbox 3543 307 3788 386; x_wconf 83' lang='lat' dir='ltr'>Agarenis</span> 
     </span>
    </p>
   </div>
   <div class='ocr_carea' id='block_1_3' title="bbox 629 417 3792 504">
    <p class='ocr_par' dir='ltr' id='par_1_3' title="bbox 629 417 3792 504">
     <span class='ocr_line' id='line_1_3' title="bbox 629 417 3792 504; baseline 0.002 -25"><span class='ocrx_word' id='word_1_19' title='bbox 629 419 903 479; x_wconf 90' lang='lat' dir='ltr'>obsessa.</span> <span class='ocrx_word' id='word_1_20' title='bbox 951 418 1072 479; x_wconf 90' lang='lat' dir='ltr'>Sed</span> <span class='ocrx_word' id='word_1_21' title='bbox 1133 422 1260 480; x_wconf 93' lang='lat' dir='ltr'>Deo</span> <span class='ocrx_word' id='word_1_22' title='bbox 1323 419 1410 479; x_wconf 91' lang='lat' dir='ltr'>eis</span> <span class='ocrx_word' id='word_1_23' title='bbox 1471 419 1786 479; x_wconf 90' lang='lat' dir='ltr'>contrario</span> <span class='ocrx_word' id='word_1_24' title='bbox 1849 418 2124 478; x_wconf 89' lang='lat' dir='ltr'>maxima</span> <span class='ocrx_word' id='word_1_25' title='bbox 2184 417 2312 478; x_wconf 92' lang='lat' dir='ltr'>illic</span> <span class='ocrx_word' id='word_1_26' title='bbox 2365 437 2584 479; x_wconf 91' lang='lat' dir='ltr'>eorum</span> <span class='ocrx_word' id='word_1_27' title='bbox 2651 423 2828 499; x_wconf 91' lang='lat' dir='ltr'>parte</span> <span class='ocrx_word' id='word_1_28' title='bbox 2891 419 3056 480; x_wconf 91' lang='lat' dir='ltr'>fame</span> <span class='ocrx_word' id='word_1_29' title='bbox 3117 437 3190 480; x_wconf 89' lang='lat' dir='ltr'>ac</span> <span class='ocrx_word' id='word_1_30' title='bbox 3265 420 3424 482; x_wconf 88' lang='lat' dir='ltr'>bello</span> <span class='ocrx_word' id='word_1_31' title='bbox 3479 421 3792 504; x_wconf 83' lang='lat' dir='ltr'>interempta</span> 
     </span>
    </p>
   </div>
   <div class='ocr_carea' id='block_1_4' title="bbox 630 533 3794 616">
    <p class='ocr_par' dir='ltr' id='par_1_4' title="bbox 630 533 3794 616">
     <span class='ocr_line' id='line_1_4' title="bbox 630 533 3794 616; baseline 0.003 -22"><span class='ocrx_word' id='word_1_32' title='bbox 630 533 874 595; x_wconf 90' lang='lat' dir='ltr'>confusi</span> <span class='ocrx_word' id='word_1_33' title='bbox 917 541 1308 596; x_wconf 89' lang='lat' dir='ltr'>recesserunt</span> <span class='ocrx_word' id='word_1_34' title='bbox 1351 537 1556 596; x_wconf 89' lang='lat' dir='ltr'>Leone</span> <span class='ocrx_word' id='word_1_35' title='bbox 1601 535 1924 614; x_wconf 86' lang='lat' dir='ltr'>principe;</span> <span class='ocrx_word' id='word_1_36' title='bbox 1975 553 2121 594; x_wconf 91' lang='lat' dir='ltr'>nam</span> <span class='ocrx_word' id='word_1_37' title='bbox 2167 537 2229 595; x_wconf 91' lang='lat' dir='ltr'>et</span> <span class='ocrx_word' id='word_1_38' title='bbox 2271 533 2554 614; x_wconf 87' lang='lat' dir='ltr'>ejusdem</span> <span class='ocrx_word' id='word_1_39' title='bbox 2609 534 2877 596; x_wconf 90' lang='lat' dir='ltr'>civitatis</span> <span class='ocrx_word' id='word_1_40' title='bbox 2921 537 3226 616; x_wconf 88' lang='lat' dir='ltr'>pepulum</span> <span class='ocrx_word' id='word_1_41' title='bbox 3285 541 3552 599; x_wconf 83' lang='lat' dir='ltr'>trecenta</span> <span class='ocrx_word' id='word_1_42' title='bbox 3605 539 3794 603; x_wconf 83' lang='lat' dir='ltr'>dictum</span> 
     </span>
    </p>
   </div>
   <div class='ocr_carea' id='block_1_5' title="bbox 630 649 3474 733">
    <p class='ocr_par' dir='ltr' id='par_1_5' title="bbox 630 649 3474 733">
     <span class='ocr_line' id='line_1_5' title="bbox 630 649 3474 733; baseline 0 -21"><span class='ocrx_word' id='word_1_43' title='bbox 630 657 724 712; x_wconf 90' lang='lat' dir='ltr'>est</span> <span class='ocrx_word' id='word_1_44' title='bbox 769 649 967 710; x_wconf 84' lang='lat' dir='ltr'>millia</span> <span class='ocrx_word' id='word_1_45' title='bbox 1019 650 1248 712; x_wconf 85' lang='lat' dir='ltr'>diversi</span> <span class='ocrx_word' id='word_1_46' title='bbox 1305 670 1490 712; x_wconf 89' lang='lat' dir='ltr'>sexus</span> <span class='ocrx_word' id='word_1_47' title='bbox 1547 655 1608 711; x_wconf 90' lang='lat' dir='ltr'>et</span> <span class='ocrx_word' id='word_1_48' title='bbox 1668 651 1867 711; x_wconf 67' lang='lat' dir='ltr'>aetatis</span> <span class='ocrx_word' id='word_1_49' title='bbox 1923 650 2111 712; x_wconf 89' lang='lat' dir='ltr'>fuisse</span> <span class='ocrx_word' id='word_1_50' title='bbox 2171 650 2542 712; x_wconf 87' lang='lat' dir='ltr'>necessitate</span> <span class='ocrx_word' id='word_1_51' title='bbox 2599 656 2914 712; x_wconf 87' lang='lat' dir='ltr'>vastatum</span> <span class='ocrx_word' id='word_1_52' title='bbox 2973 651 3342 732; x_wconf 75' lang='lat' dir='ltr'>pestilentiae</span> <span class='ocrx_word' id='word_1_53' title='bbox 3373 651 3474 733; x_wconf 75' lang='grc' dir='ltr'>(ὁ).</span> 
     </span>
    </p>
   </div>
   <div class='ocr_carea' id='block_1_6' title="bbox 715 767 3800 852">
    <p class='ocr_par' dir='ltr' id='par_1_6' title="bbox 715 767 3800 852">
     <span class='ocr_line' id='line_1_6' title="bbox 715 767 3800 852; baseline -0.001 -17"><span class='ocrx_word' id='word_1_54' title='bbox 715 783 874 834; x_wconf 74' lang='lat'>183</span> <span class='ocrx_word' id='word_1_55' title='bbox 920 771 996 852; x_wconf 77' lang='grc' dir='ltr'>(ε)</span> <span class='ocrx_word' id='word_1_56' title='bbox 1043 771 1130 831; x_wconf 93' lang='lat' dir='ltr'>Eo</span> <span class='ocrx_word' id='word_1_57' title='bbox 1192 787 1467 848; x_wconf 85' lang='lat' dir='ltr'>namque</span> <span class='ocrx_word' id='word_1_58' title='bbox 1514 773 1792 848; x_wconf 88' lang='lat' dir='ltr'>tempore</span> <span class='ocrx_word' id='word_1_59' title='bbox 1837 767 2116 828; x_wconf 89' lang='lat' dir='ltr'>moribus</span> <span class='ocrx_word' id='word_1_60' title='bbox 2170 773 2337 828; x_wconf 89' lang='lat' dir='ltr'>certe</span> <span class='ocrx_word' id='word_1_61' title='bbox 2399 770 2680 828; x_wconf 87' lang='lat' dir='ltr'>Honesta</span> <span class='ocrx_word' id='word_1_62' title='bbox 2737 771 2798 828; x_wconf 89' lang='lat' dir='ltr'>et</span> <span class='ocrx_word' id='word_1_63' title='bbox 2855 767 3110 829; x_wconf 89' lang='lat' dir='ltr'>nomine</span> <span class='ocrx_word' id='word_1_64' title='bbox 3168 767 3472 847; x_wconf 82' lang='lat' dir='ltr'>pontificis</span> <span class='ocrx_word' id='word_1_65' title='bbox 3523 773 3695 830; x_wconf 85' lang='lat' dir='ltr'>mater</span> <span class='ocrx_word' id='word_1_66' title='bbox 3741 771 3800 831; x_wconf 85' lang='lat' dir='ltr'>ab</span> 
     </span>
    </p>
   </div>
   <div class='ocr_carea' id='block_1_7' title="bbox 627 882 3798 963">
    <p class='ocr_par' dir='ltr' id='par_1_7' title="bbox 627 882 3798 963">
     <span class='ocr_line' id='line_1_7' title="bbox 627 882 3798 963; baseline -0.001 -13"><span class='ocrx_word' id='word_1_67' title='bbox 627 891 748 951; x_wconf 92' lang='lat' dir='ltr'>hac</span> <span class='ocrx_word' id='word_1_68' title='bbox 801 889 931 951; x_wconf 87' lang='lat' dir='ltr'>vita</span> <span class='ocrx_word' id='word_1_69' title='bbox 988 887 1308 948; x_wconf 88' lang='lat' dir='ltr'>subtracta</span> <span class='ocrx_word' id='word_1_70' title='bbox 1366 889 1477 945; x_wconf 90' lang='lat' dir='ltr'>est.</span> <span class='ocrx_word' id='word_1_71' title='bbox 1535 886 1686 944; x_wconf 91' lang='lat' dir='ltr'>Post</span> <span class='ocrx_word' id='word_1_72' title='bbox 1742 882 1919 962; x_wconf 88' lang='lat' dir='ltr'>cujus</span> <span class='ocrx_word' id='word_1_73' title='bbox 1980 883 2225 944; x_wconf 89' lang='lat' dir='ltr'>obitum</span> <span class='ocrx_word' id='word_1_74' title='bbox 2303 883 2637 962; x_wconf 85' lang='lat' dir='ltr'>Gregorius</span> <span class='ocrx_word' id='word_1_75' title='bbox 2713 883 2972 944; x_wconf 89' lang='lat' dir='ltr'>domum</span> <span class='ocrx_word' id='word_1_76' title='bbox 3031 885 3352 963; x_wconf 87' lang='lat' dir='ltr'>propriam</span> <span class='ocrx_word' id='word_1_77' title='bbox 3417 883 3480 944; x_wconf 93' lang='lat' dir='ltr'>in</span> <span class='ocrx_word' id='word_1_78' title='bbox 3547 883 3798 947; x_wconf 84' lang='lat' dir='ltr'>honorem</span> 
     </span>
    </p>
   </div>
   <div class='ocr_carea' id='block_1_8' title="bbox 626 998 3802 1079">
    <p class='ocr_par' dir='ltr' id='par_1_8' title="bbox 626 998 3802 1079">
     <span class='ocr_line' id='line_1_8' title="bbox 626 998 3802 1079; baseline -0.002 -12"><span class='ocrx_word' id='word_1_79' title='bbox 626 1011 859 1066; x_wconf 63' lang='lat' dir='ltr'>sanctae</span> <span class='ocrx_word' id='word_1_80' title='bbox 917 1003 1144 1064; x_wconf 87' lang='lat' dir='ltr'>Christi</span> <span class='ocrx_word' id='word_1_81' title='bbox 1199 1000 1491 1079; x_wconf 86' lang='lat' dir='ltr'>martyris</span> <span class='ocrx_word' id='word_1_82' title='bbox 1549 998 1836 1078; x_wconf 68' lang='lat' dir='ltr'>Agathae.</span> <span class='ocrx_word' id='word_1_83' title='bbox 1895 998 2124 1060; x_wconf 90' lang='lat' dir='ltr'>additis</span> <span class='ocrx_word' id='word_1_84' title='bbox 2181 1017 2219 1058; x_wconf 92' lang='lat' dir='ltr'>a</span> <span class='ocrx_word' id='word_1_85' title='bbox 2271 998 2687 1060; x_wconf 88' lang='lat' dir='ltr'>fundamento</span> <span class='ocrx_word' id='word_1_86' title='bbox 2749 998 3109 1070; x_wconf 73' lang='lat' dir='ltr'>cmnaculis,</span> <span class='ocrx_word' id='word_1_87' title='bbox 3169 998 3267 1060; x_wconf 89' lang='lat' dir='ltr'>vel</span> <span class='ocrx_word' id='word_1_88' title='bbox 3341 1018 3477 1079; x_wconf 69' lang='lat' dir='ltr'>quae</span> <span class='ocrx_word' id='word_1_89' title='bbox 3551 1005 3802 1062; x_wconf 85' lang='lat' dir='ltr'>monaste-</span> 
     </span>
    </p>
   </div>
   <div class='ocr_carea' id='block_1_9' title="bbox 623 1115 3800 1202">
    <p class='ocr_par' dir='ltr' id='par_1_9' title="bbox 623 1115 3800 1202">
     <span class='ocr_line' id='line_1_9' title="bbox 623 1115 3800 1202; baseline -0.002 -20"><span class='ocrx_word' id='word_1_90' title='bbox 623 1123 718 1182; x_wconf 91' lang='lat' dir='ltr'>ria</span> <span class='ocrx_word' id='word_1_91' title='bbox 762 1121 844 1202; x_wconf 78' lang='lat' dir='ltr'>(cl)</span> <span class='ocrx_word' id='word_1_92' title='bbox 901 1125 1080 1182; x_wconf 89' lang='lat' dir='ltr'>erant</span> <span class='ocrx_word' id='word_1_93' title='bbox 1151 1116 1502 1178; x_wconf 88' lang='lat' dir='ltr'>necessaria</span> <span class='ocrx_word' id='word_1_94' title='bbox 1559 1134 1595 1174; x_wconf 91' lang='lat' dir='ltr'>a</span> <span class='ocrx_word' id='word_1_95' title='bbox 1651 1133 1815 1176; x_wconf 86' lang='lat' dir='ltr'>novo</span> <span class='ocrx_word' id='word_1_96' title='bbox 1875 1115 2249 1176; x_wconf 85' lang='lat' dir='ltr'>construxit.</span> <span class='ocrx_word' id='word_1_97' title='bbox 2309 1115 2558 1176; x_wconf 78' lang='lat' dir='ltr'>Praedia</span> <span class='ocrx_word' id='word_1_98' title='bbox 2633 1115 2760 1176; x_wconf 91' lang='lat' dir='ltr'>illic</span> <span class='ocrx_word' id='word_1_99' title='bbox 2837 1115 2910 1196; x_wconf 72' lang='grc' dir='ltr'>(ε)</span> <span class='ocrx_word' id='word_1_100' title='bbox 2970 1116 3218 1176; x_wconf 88' lang='lat' dir='ltr'>urbana</span> <span class='ocrx_word' id='word_1_101' title='bbox 3293 1115 3391 1176; x_wconf 86' lang='lat' dir='ltr'>vel</span> <span class='ocrx_word' id='word_1_102' title='bbox 3463 1115 3669 1177; x_wconf 87' lang='lat' dir='ltr'>rustica</span> <span class='ocrx_word' id='word_1_103' title='bbox 3717 1135 3800 1196; x_wconf 87' lang='lat' dir='ltr'>pro</span> 
     </span>
    </p>
   </div>
   <div class='ocr_carea' id='block_1_10' title="bbox 544 1230 3797 1311">
    <p class='ocr_par' dir='ltr' id='par_1_10' title="bbox 544 1230 3797 1311">
     <span class='ocr_line' id='line_1_10' title="bbox 544 1230 3797 1311; baseline -0.003 -10"><span class='ocrx_word' id='word_1_104' title='bbox 544 1243 580 1300; x_wconf 88' lang='lat'><strong>5</strong></span> <span class='ocrx_word' id='word_1_105' title='bbox 626 1239 1082 1300; x_wconf 88' lang='lat' dir='ltr'>monachorum</span> <span class='ocrx_word' id='word_1_106' title='bbox 1141 1233 1373 1296; x_wconf 85' lang='lat' dir='ltr'>obtulit</span> <span class='ocrx_word' id='word_1_107' title='bbox 1429 1231 1818 1293; x_wconf 84' lang='lat' dir='ltr'>necessitate.</span> <span class='ocrx_word' id='word_1_108' title='bbox 1876 1233 2048 1294; x_wconf 87' lang='lat' dir='ltr'>Fecit</span> <span class='ocrx_word' id='word_1_109' title='bbox 2105 1237 2316 1293; x_wconf 87' lang='lat' dir='ltr'>autem</span> <span class='ocrx_word' id='word_1_110' title='bbox 2371 1232 2437 1292; x_wconf 93' lang='lat' dir='ltr'>in</span> <span class='ocrx_word' id='word_1_111' title='bbox 2496 1233 2717 1294; x_wconf 88' lang='lat' dir='ltr'>eadem</span> <span class='ocrx_word' id='word_1_112' title='bbox 2797 1231 3059 1294; x_wconf 86' lang='lat' dir='ltr'>ecclesia</span> <span class='ocrx_word' id='word_1_113' title='bbox 3115 1231 3317 1293; x_wconf 64' lang='lat' dir='ltr'>beatas</span> <span class='ocrx_word' id='word_1_114' title='bbox 3373 1231 3616 1311; x_wconf 67' lang='lat' dir='ltr'>Agathee</span> <span class='ocrx_word' id='word_1_115' title='bbox 3665 1230 3797 1292; x_wconf 87' lang='lat' dir='ltr'>cibo-</span> 
     </span>
    </p>
   </div>
   <div class='ocr_carea' id='block_1_11' title="bbox 627 1346 3803 1431">
    <p class='ocr_par' dir='ltr' id='par_1_11' title="bbox 627 1346 3803 1431">
     <span class='ocr_line' id='line_1_11' title="bbox 627 1346 3803 1431; baseline -0.003 -15"><span class='ocrx_word' id='word_1_116' title='bbox 627 1356 790 1416; x_wconf 90' lang='lat' dir='ltr'>rium</span> <span class='ocrx_word' id='word_1_117' title='bbox 849 1373 922 1414; x_wconf 84' lang='lat' dir='ltr'>ex</span> <span class='ocrx_word' id='word_1_118' title='bbox 1004 1355 1290 1431; x_wconf 89' lang='lat' dir='ltr'>argento,</span> <span class='ocrx_word' id='word_1_119' title='bbox 1351 1347 1522 1427; x_wconf 91' lang='lat' dir='ltr'>quod</span> <span class='ocrx_word' id='word_1_120' title='bbox 1595 1365 1770 1426; x_wconf 91' lang='lat' dir='ltr'>pens.</span> <span class='ocrx_word' id='word_1_121' title='bbox 1831 1346 2026 1407; x_wconf 91' lang='lat' dir='ltr'>libras</span> <span class='ocrx_word' id='word_1_122' title='bbox 2099 1347 2532 1427; x_wconf 88' lang='lat' dir='ltr'>septingentas</span> <span class='ocrx_word' id='word_1_123' title='bbox 2605 1352 2668 1409; x_wconf 91' lang='lat' dir='ltr'>et</span> <span class='ocrx_word' id='word_1_124' title='bbox 2739 1347 2962 1428; x_wconf 80' lang='lat' dir='ltr'>viginti</span> <span class='ocrx_word' id='word_1_125' title='bbox 3017 1346 3142 1428; x_wconf 83' lang='lat' dir='ltr'>(f);</span> <span class='ocrx_word' id='word_1_126' title='bbox 3203 1365 3385 1408; x_wconf 90' lang='lat' dir='ltr'>arcus</span> <span class='ocrx_word' id='word_1_127' title='bbox 3451 1351 3678 1426; x_wconf 82' lang='lat' dir='ltr'>argent.</span> <span class='ocrx_word' id='word_1_128' title='bbox 3723 1365 3803 1408; x_wconf 82' lang='lat' dir='ltr'>sex</span> 
     </span>
    </p>
   </div>
   <div class='ocr_carea' id='block_1_12' title="bbox 621 1461 3802 1552">
    <p class='ocr_par' dir='ltr' id='par_1_12' title="bbox 621 1461 3802 1552">
     <span class='ocr_line' id='line_1_12' title="bbox 621 1461 3802 1552; baseline -0.003 -20"><span class='ocrx_word' id='word_1_129' title='bbox 621 1489 800 1552; x_wconf 89' lang='lat' dir='ltr'>pens.</span> <span class='ocrx_word' id='word_1_130' title='bbox 862 1469 1022 1548; x_wconf 89' lang='lat' dir='ltr'>sing.</span> <span class='ocrx_word' id='word_1_131' title='bbox 1087 1467 1196 1527; x_wconf 89' lang='lat' dir='ltr'>lib.</span> <span class='ocrx_word' id='word_1_132' title='bbox 1258 1463 1638 1545; x_wconf 89' lang='lat' dir='ltr'>quindecim,</span> <span class='ocrx_word' id='word_1_133' title='bbox 1699 1461 1972 1523; x_wconf 88' lang='lat' dir='ltr'>canistra</span> <span class='ocrx_word' id='word_1_134' title='bbox 2027 1463 2266 1539; x_wconf 87' lang='lat' dir='ltr'>decem,</span> <span class='ocrx_word' id='word_1_135' title='bbox 2329 1483 2506 1544; x_wconf 90' lang='lat' dir='ltr'>pens.</span> <span class='ocrx_word' id='word_1_136' title='bbox 2569 1463 2730 1543; x_wconf 87' lang='lat' dir='ltr'>sing.</span> <span class='ocrx_word' id='word_1_137' title='bbox 2791 1463 2903 1524; x_wconf 89' lang='lat' dir='ltr'>lib.</span> <span class='ocrx_word' id='word_1_138' title='bbox 2955 1461 3313 1537; x_wconf 87' lang='lat' dir='ltr'>duodecim,</span> <span class='ocrx_word' id='word_1_139' title='bbox 3371 1467 3432 1524; x_wconf 91' lang='lat' dir='ltr'>et</span> <span class='ocrx_word' id='word_1_140' title='bbox 3503 1461 3618 1523; x_wconf 87' lang='lat' dir='ltr'>alia</span> <span class='ocrx_word' id='word_1_141' title='bbox 3671 1461 3802 1523; x_wconf 87' lang='lat' dir='ltr'>dona</span> 
     </span>
    </p>
   </div>
   <div class='ocr_carea' id='block_1_13' title="bbox 621 1579 3806 1664">
    <p class='ocr_par' dir='ltr' id='par_1_13' title="bbox 621 1579 3806 1664">
     <span class='ocr_line' id='line_1_13' title="bbox 621 1579 3806 1664; baseline -0.003 -16"><span class='ocrx_word' id='word_1_142' title='bbox 621 1587 822 1648; x_wconf 90' lang='lat' dir='ltr'>multa</span> <span class='ocrx_word' id='word_1_143' title='bbox 875 1584 1139 1664; x_wconf 89' lang='lat' dir='ltr'>largitus</span> <span class='ocrx_word' id='word_1_144' title='bbox 1194 1587 1306 1643; x_wconf 90' lang='lat' dir='ltr'>est.</span> <span class='ocrx_word' id='word_1_145' title='bbox 1380 1581 1470 1641; x_wconf 89' lang='lat' dir='ltr'>Eo</span> <span class='ocrx_word' id='word_1_146' title='bbox 1535 1585 1814 1660; x_wconf 89' lang='lat' dir='ltr'>tempore</span> <span class='ocrx_word' id='word_1_147' title='bbox 1889 1585 2164 1640; x_wconf 83' lang='lat' dir='ltr'>castrum</span> <span class='ocrx_word' id='word_1_148' title='bbox 2230 1586 2324 1641; x_wconf 89' lang='lat' dir='ltr'>est</span> <span class='ocrx_word' id='word_1_149' title='bbox 2395 1580 2646 1642; x_wconf 76' lang='lat' dir='ltr'>Narniae</span> <span class='ocrx_word' id='word_1_150' title='bbox 2705 1599 2744 1641; x_wconf 90' lang='lat' dir='ltr'>a</span> <span class='ocrx_word' id='word_1_151' title='bbox 2799 1579 3233 1659; x_wconf 89' lang='lat' dir='ltr'>Longobardis</span> <span class='ocrx_word' id='word_1_152' title='bbox 3309 1597 3644 1660; x_wconf 88' lang='lat' dir='ltr'>pervasum.</span> <span class='ocrx_word' id='word_1_153' title='bbox 3707 1579 3806 1640; x_wconf 81' lang='lat' dir='ltr'>[lex</span> 
     </span>
    </p>
   </div>
   <div class='ocr_carea' id='block_1_14' title="bbox 619 1695 3844 1779">
    <p class='ocr_par' dir='ltr' id='par_1_14' title="bbox 619 1695 3844 1779">
     <span class='ocr_line' id='line_1_14' title="bbox 619 1695 3844 1779; baseline -0.003 -16"><span class='ocrx_word' id='word_1_154' title='bbox 619 1721 768 1763; x_wconf 87' lang='lat' dir='ltr'>vero</span> <span class='ocrx_word' id='word_1_155' title='bbox 826 1700 1390 1779; x_wconf 88' lang='lat' dir='ltr'>Longobardorum</span> <span class='ocrx_word' id='word_1_156' title='bbox 1449 1695 1900 1776; x_wconf 88' lang='lat' dir='ltr'>Luitprandus,</span> <span class='ocrx_word' id='word_1_157' title='bbox 1957 1695 2238 1775; x_wconf 84' lang='lat' dir='ltr'>generali</span> <span class='ocrx_word' id='word_1_158' title='bbox 2299 1696 2576 1758; x_wconf 89' lang='lat' dir='ltr'>motione</span> <span class='ocrx_word' id='word_1_159' title='bbox 2624 1697 2816 1770; x_wconf 88' lang='lat' dir='ltr'>facta,</span> <span class='ocrx_word' id='word_1_160' title='bbox 2871 1697 3244 1757; x_wconf 80' lang='lat' dir='ltr'>Ravennam</span> <span class='ocrx_word' id='word_1_161' title='bbox 3313 1713 3656 1776; x_wconf 87' lang='lat' dir='ltr'>progressus</span> <span class='ocrx_word' id='word_1_162' title='bbox 3712 1699 3844 1768; x_wconf 17' lang='lat' dir='ltr'>est,‘</span> 
     </span>
    </p>
   </div>
   <div class='ocr_carea' id='block_1_15' title="bbox 504 1810 3805 1897">
    <p class='ocr_par' dir='ltr' id='par_1_15' title="bbox 504 1810 3805 1897">
     <span class='ocr_line' id='line_1_15' title="bbox 504 1810 3805 1897; baseline -0.003 -17"><span class='ocrx_word' id='word_1_163' title='bbox 504 1822 581 1880; x_wconf 84' lang='lat' dir='ltr'>lO</span> <span class='ocrx_word' id='word_1_164' title='bbox 625 1824 815 1897; x_wconf 86' lang='lat' dir='ltr'>atque</span> <span class='ocrx_word' id='word_1_165' title='bbox 871 1817 1044 1876; x_wconf 86' lang='lat' dir='ltr'>illam</span> <span class='ocrx_word' id='word_1_166' title='bbox 1102 1813 1349 1875; x_wconf 90' lang='lat' dir='ltr'>obsedit</span> <span class='ocrx_word' id='word_1_167' title='bbox 1405 1831 1517 1891; x_wconf 89' lang='lat' dir='ltr'>per</span> <span class='ocrx_word' id='word_1_168' title='bbox 1589 1812 1721 1873; x_wconf 89' lang='lat' dir='ltr'>dies</span> <span class='ocrx_word' id='word_1_169' title='bbox 1793 1812 2036 1893; x_wconf 86' lang='lat' dir='ltr'>aliquot</span> <span class='ocrx_word' id='word_1_170' title='bbox 2106 1819 2168 1874; x_wconf 91' lang='lat' dir='ltr'>et</span> <span class='ocrx_word' id='word_1_171' title='bbox 2243 1818 2518 1874; x_wconf 90' lang='lat' dir='ltr'>castrum</span> <span class='ocrx_word' id='word_1_172' title='bbox 2579 1812 2950 1893; x_wconf 88' lang='lat' dir='ltr'>pervadens,</span> <span class='ocrx_word' id='word_1_173' title='bbox 3013 1812 3246 1874; x_wconf 88' lang='lat' dir='ltr'>classes</span> <span class='ocrx_word' id='word_1_174' title='bbox 3319 1816 3529 1892; x_wconf 90' lang='lat' dir='ltr'>captas</span> <span class='ocrx_word' id='word_1_175' title='bbox 3599 1810 3805 1872; x_wconf 84' lang='lat' dir='ltr'>abstulit</span> 
     </span>
    </p>
   </div>
   <div class='ocr_carea' id='block_1_16' title="bbox 621 1925 3802 2013">
    <p class='ocr_par' dir='ltr' id='par_1_16' title="bbox 621 1925 3802 2013">
     <span class='ocr_line' id='line_1_16' title="bbox 621 1925 3802 2013; baseline -0.003 -21"><span class='ocrx_word' id='word_1_176' title='bbox 621 1933 833 2013; x_wconf 90' lang='lat' dir='ltr'>plures</span> <span class='ocrx_word' id='word_1_177' title='bbox 907 1937 968 1990; x_wconf 92' lang='lat' dir='ltr'>et</span> <span class='ocrx_word' id='word_1_178' title='bbox 1040 1949 1191 2008; x_wconf 92' lang='lat' dir='ltr'>opes</span> <span class='ocrx_word' id='word_1_179' title='bbox 1268 1927 1529 1988; x_wconf 89' lang='lat' dir='ltr'>abstulit</span> <span class='ocrx_word' id='word_1_180' title='bbox 1603 1927 1970 1988; x_wconf 90' lang='lat' dir='ltr'>innumeras</span> <span class='ocrx_word' id='word_1_181' title='bbox 2046 1928 2154 2010; x_wconf 82' lang='lat' dir='ltr'>(g).</span> <span class='ocrx_word' id='word_1_182' title='bbox 2235 1929 2385 1990; x_wconf 87' lang='lat' dir='ltr'>Post</span> <span class='ocrx_word' id='word_1_183' title='bbox 2459 1929 2706 2009; x_wconf 87' lang='lat' dir='ltr'>alipuot</span> <span class='ocrx_word' id='word_1_184' title='bbox 2777 1928 2910 1990; x_wconf 91' lang='lat' dir='ltr'>dies</span> <span class='ocrx_word' id='word_1_185' title='bbox 2985 1927 3256 1990; x_wconf 86' lang='lat' dir='ltr'>Basilius</span> <span class='ocrx_word' id='word_1_186' title='bbox 3333 1928 3478 2000; x_wconf 89' lang='lat' dir='ltr'>dux,</span> <span class='ocrx_word' id='word_1_187' title='bbox 3549 1925 3802 1988; x_wconf 70' lang='lat' dir='ltr'>Iordanes</span> 
     </span>
    </p>
   </div>
   <div class='ocr_carea' id='block_1_17' title="bbox 621 2043 3803 2124">
    <p class='ocr_par' dir='ltr' id='par_1_17' title="bbox 621 2043 3803 2124">
     <span class='ocr_line' id='line_1_17' title="bbox 621 2043 3803 2124; baseline -0.002 -16"><span class='ocrx_word' id='word_1_188' title='bbox 621 2045 1064 2118; x_wconf 87' lang='lat' dir='ltr'>chartularius,</span> <span class='ocrx_word' id='word_1_189' title='bbox 1124 2048 1186 2105; x_wconf 89' lang='lat' dir='ltr'>et</span> <span class='ocrx_word' id='word_1_190' title='bbox 1235 2045 1510 2105; x_wconf 89' lang='lat' dir='ltr'>Joannes</span> <span class='ocrx_word' id='word_1_191' title='bbox 1567 2043 2009 2117; x_wconf 87' lang='lat' dir='ltr'>subdiaconus,</span> <span class='ocrx_word' id='word_1_192' title='bbox 2068 2050 2486 2124; x_wconf 90' lang='lat' dir='ltr'>cognomento</span> <span class='ocrx_word' id='word_1_193' title='bbox 2543 2045 2800 2120; x_wconf 90' lang='lat' dir='ltr'>Lurion,</span> <span class='ocrx_word' id='word_1_194' title='bbox 2861 2043 3194 2106; x_wconf 90' lang='lat' dir='ltr'>consilium</span> <span class='ocrx_word' id='word_1_195' title='bbox 3253 2043 3526 2106; x_wconf 88' lang='lat' dir='ltr'>inierunt</span> <span class='ocrx_word' id='word_1_196' title='bbox 3579 2047 3642 2104; x_wconf 88' lang='lat' dir='ltr'>ut</span> <span class='ocrx_word' id='word_1_197' title='bbox 3685 2061 3803 2122; x_wconf 88' lang='lat' dir='ltr'>pon-</span> 
     </span>
    </p>
   </div>
   <div class='ocr_carea' id='block_1_18' title="bbox 620 2157 3800 2250">
    <p class='ocr_par' dir='ltr' id='par_1_18' title="bbox 620 2157 3800 2250">
     <span class='ocr_line' id='line_1_18' title="bbox 620 2157 3800 2250; baseline -0.002 -27"><span class='ocrx_word' id='word_1_198' title='bbox 620 2163 854 2250; x_wconf 80' lang='lat' dir='ltr'>tificem</span> <span class='ocrx_word' id='word_1_199' title='bbox 915 2159 1366 2221; x_wconf 87' lang='lat' dir='ltr'>interﬁcerent.</span> <span class='ocrx_word' id='word_1_200' title='bbox 1447 2157 1684 2230; x_wconf 87' lang='lat' dir='ltr'>Quibus</span> <span class='ocrx_word' id='word_1_201' title='bbox 1749 2177 2073 2220; x_wconf 89' lang='lat' dir='ltr'>assensum</span> <span class='ocrx_word' id='word_1_202' title='bbox 2151 2160 2454 2235; x_wconf 89' lang='lat' dir='ltr'>Marinus,</span> <span class='ocrx_word' id='word_1_203' title='bbox 2513 2159 2859 2242; x_wconf 88' lang='lat' dir='ltr'>imperialis</span> <span class='ocrx_word' id='word_1_204' title='bbox 2934 2160 3274 2241; x_wconf 88' lang='lat' dir='ltr'>spatarius,</span> <span class='ocrx_word' id='word_1_205' title='bbox 3330 2159 3438 2241; x_wconf 88' lang='lat' dir='ltr'>qui</span> <span class='ocrx_word' id='word_1_206' title='bbox 3509 2161 3800 2220; x_wconf 88' lang='lat' dir='ltr'>Romanum</span> 
     </span>
    </p>
   </div>
   <div class='ocr_carea' id='block_1_19' title="bbox 616 2273 3804 2357">
    <p class='ocr_par' dir='ltr' id='par_1_19' title="bbox 616 2273 3804 2357">
     <span class='ocr_line' id='line_1_19' title="bbox 616 2273 3804 2357; baseline -0.001 -19"><span class='ocrx_word' id='word_1_207' title='bbox 616 2278 914 2338; x_wconf 89' lang='lat' dir='ltr'>ducatum</span> <span class='ocrx_word' id='word_1_208' title='bbox 973 2274 1248 2348; x_wconf 89' lang='lat' dir='ltr'>tenebat,</span> <span class='ocrx_word' id='word_1_209' title='bbox 1309 2292 1346 2332; x_wconf 91' lang='lat' dir='ltr'>a</span> <span class='ocrx_word' id='word_1_210' title='bbox 1400 2273 1574 2350; x_wconf 87' lang='lat' dir='ltr'>regia</span> <span class='ocrx_word' id='word_1_211' title='bbox 1621 2274 1844 2334; x_wconf 91' lang='lat' dir='ltr'>missus</span> <span class='ocrx_word' id='word_1_212' title='bbox 1903 2274 2077 2348; x_wconf 88' lang='lat' dir='ltr'>urbe,</span> <span class='ocrx_word' id='word_1_213' title='bbox 2139 2275 2519 2356; x_wconf 84' lang='lat' dir='ltr'>imperatore</span> <span class='ocrx_word' id='word_1_214' title='bbox 2576 2277 2942 2351; x_wconf 89' lang='lat' dir='ltr'>mandante,</span> <span class='ocrx_word' id='word_1_215' title='bbox 2979 2276 3099 2338; x_wconf 91' lang='lat' dir='ltr'>hoc</span> <span class='ocrx_word' id='word_1_216' title='bbox 3151 2276 3484 2357; x_wconf 88' lang='lat' dir='ltr'>probavit;</span> <span class='ocrx_word' id='word_1_217' title='bbox 3541 2275 3639 2336; x_wconf 89' lang='lat' dir='ltr'>sed</span> <span class='ocrx_word' id='word_1_218' title='bbox 3685 2279 3804 2336; x_wconf 87' lang='lat' dir='ltr'>tem-</span> 
     </span>
    </p>
   </div>
   <div class='ocr_carea' id='block_1_20' title="bbox 497 2389 3806 2474">
    <p class='ocr_par' dir='ltr' id='par_1_20' title="bbox 497 2389 3806 2474">
     <span class='ocr_line' id='line_1_20' title="bbox 497 2389 3806 2474; baseline -0.002 -19"><span class='ocrx_word' id='word_1_219' title='bbox 497 2398 570 2456; x_wconf 82' lang='grc'><strong>15</strong></span> <span class='ocrx_word' id='word_1_220' title='bbox 617 2413 735 2474; x_wconf 91' lang='lat' dir='ltr'>pus</span> <span class='ocrx_word' id='word_1_221' title='bbox 785 2391 1066 2452; x_wconf 88' lang='lat' dir='ltr'>invenire</span> <span class='ocrx_word' id='word_1_222' title='bbox 1122 2409 1248 2450; x_wconf 91' lang='lat' dir='ltr'>non</span> <span class='ocrx_word' id='word_1_223' title='bbox 1310 2393 1671 2468; x_wconf 89' lang='lat' dir='ltr'>potuerunt,</span> <span class='ocrx_word' id='word_1_224' title='bbox 1735 2389 1884 2469; x_wconf 90' lang='lat' dir='ltr'>quia</span> <span class='ocrx_word' id='word_1_225' title='bbox 1951 2391 2064 2452; x_wconf 87' lang='lat' dir='ltr'>Dei</span> <span class='ocrx_word' id='word_1_226' title='bbox 2127 2391 2371 2470; x_wconf 89' lang='lat' dir='ltr'>judicio</span> <span class='ocrx_word' id='word_1_227' title='bbox 2448 2392 2790 2454; x_wconf 89' lang='lat' dir='ltr'>dissolutus</span> <span class='ocrx_word' id='word_1_228' title='bbox 2847 2399 2908 2454; x_wconf 90' lang='lat' dir='ltr'>et</span> <span class='ocrx_word' id='word_1_229' title='bbox 2961 2397 3330 2456; x_wconf 88' lang='lat' dir='ltr'>contractus</span> <span class='ocrx_word' id='word_1_230' title='bbox 3401 2397 3510 2467; x_wconf 91' lang='lat' dir='ltr'>est,</span> <span class='ocrx_word' id='word_1_231' title='bbox 3566 2395 3624 2454; x_wconf 89' lang='lat' dir='ltr'>et</span> <span class='ocrx_word' id='word_1_232' title='bbox 3670 2389 3738 2452; x_wconf 87' lang='lat' dir='ltr'>sic</span> <span class='ocrx_word' id='word_1_233' title='bbox 3779 2407 3806 2448; x_wconf 84' lang='lat' dir='ltr'>a</span> 
     </span>
    </p>
   </div>
   <div class='ocr_carea' id='block_1_21' title="bbox 615 2503 3802 2587">
    <p class='ocr_par' dir='ltr' id='par_1_21' title="bbox 615 2503 3802 2587">
     <span class='ocr_line' id='line_1_21' title="bbox 615 2503 3802 2587; baseline -0.002 -17"><span class='ocrx_word' id='word_1_234' title='bbox 615 2513 818 2571; x_wconf 89' lang='lat' dir='ltr'>Roma</span> <span class='ocrx_word' id='word_1_235' title='bbox 873 2508 1182 2569; x_wconf 89' lang='lat' dir='ltr'>reccessit.</span> <span class='ocrx_word' id='word_1_236' title='bbox 1243 2505 1654 2567; x_wconf 85' lang='lat' dir='ltr'>Postmodum</span> <span class='ocrx_word' id='word_1_237' title='bbox 1711 2507 1946 2568; x_wconf 90' lang='lat' dir='ltr'>Paulus</span> <span class='ocrx_word' id='word_1_238' title='bbox 2003 2507 2306 2587; x_wconf 88' lang='lat' dir='ltr'>patricius</span> <span class='ocrx_word' id='word_1_239' title='bbox 2361 2513 2424 2570; x_wconf 91' lang='lat' dir='ltr'>et</span> <span class='ocrx_word' id='word_1_240' title='bbox 2480 2509 2790 2572; x_wconf 88' lang='lat' dir='ltr'>exarchus</span> <span class='ocrx_word' id='word_1_241' title='bbox 2849 2511 3075 2570; x_wconf 90' lang='lat' dir='ltr'>missus</span> <span class='ocrx_word' id='word_1_242' title='bbox 3139 2510 3207 2570; x_wconf 93' lang='lat' dir='ltr'>in</span> <span class='ocrx_word' id='word_1_243' title='bbox 3267 2508 3507 2571; x_wconf 88' lang='lat' dir='ltr'>Italiam</span> <span class='ocrx_word' id='word_1_244' title='bbox 3575 2511 3674 2580; x_wconf 91' lang='lat' dir='ltr'>est,</span> <span class='ocrx_word' id='word_1_245' title='bbox 3723 2503 3802 2584; x_wconf 87' lang='lat' dir='ltr'>qui</span> 
     </span>
    </p>
   </div>
   <div class='ocr_carea' id='block_1_22' title="bbox 619 2621 3800 2708">
    <p class='ocr_par' dir='ltr' id='par_1_22' title="bbox 619 2621 3800 2708">
     <span class='ocr_line' id='line_1_22' title="bbox 619 2621 3800 2708; baseline -0.003 -21"><span class='ocrx_word' id='word_1_246' title='bbox 619 2627 851 2699; x_wconf 90' lang='lat' dir='ltr'>denuo,</span> <span class='ocrx_word' id='word_1_247' title='bbox 913 2629 984 2684; x_wconf 91' lang='lat' dir='ltr'>ut</span> <span class='ocrx_word' id='word_1_248' title='bbox 1039 2623 1158 2684; x_wconf 93' lang='lat' dir='ltr'>hoc</span> <span class='ocrx_word' id='word_1_249' title='bbox 1206 2621 1410 2682; x_wconf 89' lang='lat' dir='ltr'>scelus</span> <span class='ocrx_word' id='word_1_250' title='bbox 1457 2621 1851 2701; x_wconf 83' lang='lat' dir='ltr'>perficerent,</span> <span class='ocrx_word' id='word_1_251' title='bbox 1913 2622 2408 2684; x_wconf 88' lang='lat' dir='ltr'>meditabantur.</span> <span class='ocrx_word' id='word_1_252' title='bbox 2461 2626 2740 2697; x_wconf 89' lang='lat' dir='ltr'>Quorum</span> <span class='ocrx_word' id='word_1_253' title='bbox 2809 2625 3140 2687; x_wconf 89' lang='lat' dir='ltr'>consilium</span> <span class='ocrx_word' id='word_1_254' title='bbox 3217 2623 3515 2708; x_wconf 78' lang='lat' dir='ltr'>Romanis</span> <span class='ocrx_word' id='word_1_255' title='bbox 3583 2621 3800 2703; x_wconf 86' lang='lat' dir='ltr'>patefac-</span> 
     </span>
    </p>
   </div>
   <div class='ocr_carea' id='block_1_23' title="bbox 619 2735 3802 2818">
    <p class='ocr_par' dir='ltr' id='par_1_23' title="bbox 619 2735 3802 2818">
     <span class='ocr_line' id='line_1_23' title="bbox 619 2735 3802 2818; baseline -0.003 -14"><span class='ocrx_word' id='word_1_256' title='bbox 619 2749 752 2804; x_wconf 90' lang='lat' dir='ltr'>tum</span> <span class='ocrx_word' id='word_1_257' title='bbox 813 2746 928 2814; x_wconf 87' lang='lat' dir='ltr'>est,</span> <span class='ocrx_word' id='word_1_258' title='bbox 985 2739 1093 2818; x_wconf 90' lang='lat' dir='ltr'>qui</span> <span class='ocrx_word' id='word_1_259' title='bbox 1151 2743 1350 2798; x_wconf 90' lang='lat' dir='ltr'>morte</span> <span class='ocrx_word' id='word_1_260' title='bbox 1404 2736 1484 2817; x_wconf 80' lang='grc' dir='ltr'>(Ιι)</span> <span class='ocrx_word' id='word_1_261' title='bbox 1544 2737 1754 2797; x_wconf 89' lang='lat' dir='ltr'>cuncti</span> <span class='ocrx_word' id='word_1_262' title='bbox 1807 2736 2150 2798; x_wconf 88' lang='lat' dir='ltr'>Jordanem</span> <span class='ocrx_word' id='word_1_263' title='bbox 2207 2739 2662 2801; x_wconf 89' lang='lat' dir='ltr'>interfecerunt</span> <span class='ocrx_word' id='word_1_264' title='bbox 2716 2745 2779 2802; x_wconf 91' lang='lat' dir='ltr'>et</span> <span class='ocrx_word' id='word_1_265' title='bbox 2833 2743 3149 2804; x_wconf 89' lang='lat' dir='ltr'>Joannem</span> <span class='ocrx_word' id='word_1_266' title='bbox 3195 2741 3554 2802; x_wconf 88' lang='lat' dir='ltr'>Lurionem.</span> <span class='ocrx_word' id='word_1_267' title='bbox 3595 2735 3802 2798; x_wconf 85' lang='lat' dir='ltr'>Basilius</span> 
     </span>
    </p>
   </div>
   <div class='ocr_carea' id='block_1_24' title="bbox 617 2849 3798 2932">
    <p class='ocr_par' dir='ltr' id='par_1_24' title="bbox 617 2849 3798 2932">
     <span class='ocr_line' id='line_1_24' title="bbox 617 2849 3798 2932; baseline -0.004 -12"><span class='ocrx_word' id='word_1_268' title='bbox 617 2878 789 2932; x_wconf 89' lang='lat' dir='ltr'>vero,</span> <span class='ocrx_word' id='word_1_269' title='bbox 851 2855 1199 2916; x_wconf 89' lang='lat' dir='ltr'>monachus</span> <span class='ocrx_word' id='word_1_270' title='bbox 1255 2855 1482 2926; x_wconf 89' lang='lat' dir='ltr'>factus,</span> <span class='ocrx_word' id='word_1_271' title='bbox 1541 2853 1606 2912; x_wconf 92' lang='lat' dir='ltr'>in</span> <span class='ocrx_word' id='word_1_272' title='bbox 1663 2853 1804 2914; x_wconf 92' lang='lat' dir='ltr'>loco</span> <span class='ocrx_word' id='word_1_273' title='bbox 1861 2853 2134 2932; x_wconf 88' lang='lat' dir='ltr'>quodam</span> <span class='ocrx_word' id='word_1_274' title='bbox 2195 2860 2476 2916; x_wconf 89' lang='lat' dir='ltr'>rctrusus</span> <span class='ocrx_word' id='word_1_275' title='bbox 2533 2856 2728 2916; x_wconf 89' lang='lat' dir='ltr'>vitam</span> <span class='ocrx_word' id='word_1_276' title='bbox 2785 2855 3009 2916; x_wconf 83' lang='lat' dir='ltr'>finivit.</span> <span class='ocrx_word' id='word_1_277' title='bbox 3071 2855 3314 2916; x_wconf 91' lang='lat' dir='ltr'>Paulus</span> <span class='ocrx_word' id='word_1_278' title='bbox 3365 2873 3508 2915; x_wconf 85' lang='lat' dir='ltr'>vero</span> <span class='ocrx_word' id='word_1_279' title='bbox 3553 2849 3798 2913; x_wconf 82' lang='lat' dir='ltr'>exarchus</span> 
     </span>
    </p>
   </div>
   <div class='ocr_carea' id='block_1_25' title="bbox 495 2967 3799 3054">
    <p class='ocr_par' dir='ltr' id='par_1_25' title="bbox 495 2967 3799 3054">
     <span class='ocr_line' id='line_1_25' title="bbox 495 2967 3799 3054; baseline -0.004 -18"><span class='ocrx_word' id='word_1_280' title='bbox 495 2977 577 3038; x_wconf 80' lang='lat'>20</span> <span class='ocrx_word' id='word_1_281' title='bbox 619 2971 1015 3054; x_wconf 88' lang='lat' dir='ltr'>imperatoris</span> <span class='ocrx_word' id='word_1_282' title='bbox 1065 2969 1346 3048; x_wconf 90' lang='lat' dir='ltr'>jussione</span> <span class='ocrx_word' id='word_1_283' title='bbox 1403 2968 1693 3030; x_wconf 91' lang='lat' dir='ltr'>eumdem</span> <span class='ocrx_word' id='word_1_284' title='bbox 1753 2969 2114 3047; x_wconf 86' lang='lat' dir='ltr'>pontiﬁcem</span> <span class='ocrx_word' id='word_1_285' title='bbox 2171 2971 2520 3031; x_wconf 88' lang='lat' dir='ltr'>conabatur</span> <span class='ocrx_word' id='word_1_286' title='bbox 2577 2971 2954 3045; x_wconf 86' lang='lat' dir='ltr'>interficere,</span> <span class='ocrx_word' id='word_1_287' title='bbox 3011 2989 3214 3050; x_wconf 90' lang='lat' dir='ltr'>eoque</span> <span class='ocrx_word' id='word_1_288' title='bbox 3281 2987 3531 3032; x_wconf 89' lang='lat' dir='ltr'>censum</span> <span class='ocrx_word' id='word_1_289' title='bbox 3585 2967 3643 3028; x_wconf 89' lang='lat' dir='ltr'>in</span> <span class='ocrx_word' id='word_1_290' title='bbox 3691 2981 3799 3046; x_wconf 50' lang='lat' dir='ltr'>pro&#39;</span> 
     </span>
    </p>
   </div>
   <div class='ocr_carea' id='block_1_26' title="bbox 615 3082 3797 3167">
    <p class='ocr_par' dir='ltr' id='par_1_26' title="bbox 615 3082 3797 3167">
     <span class='ocr_line' id='line_1_26' title="bbox 615 3082 3797 3167; baseline -0.004 -17"><span class='ocrx_word' id='word_1_291' title='bbox 615 3090 824 3150; x_wconf 85' lang='lat' dir='ltr'>vincia</span> <span class='ocrx_word' id='word_1_292' title='bbox 879 3105 1116 3167; x_wconf 90' lang='lat' dir='ltr'>ponere</span> <span class='ocrx_word' id='word_1_293' title='bbox 1169 3083 1618 3164; x_wconf 70' lang='lat' dir='ltr'>przepediebat,</span> <span class='ocrx_word' id='word_1_294' title='bbox 1681 3089 1744 3144; x_wconf 87' lang='lat' dir='ltr'>et</span> <span class='ocrx_word' id='word_1_295' title='bbox 1799 3085 2105 3163; x_wconf 89' lang='lat' dir='ltr'>cogitaret</span> <span class='ocrx_word' id='word_1_296' title='bbox 2163 3086 2289 3146; x_wconf 89' lang='lat' dir='ltr'>suis</span> <span class='ocrx_word' id='word_1_297' title='bbox 2346 3085 2573 3166; x_wconf 90' lang='lat' dir='ltr'>opibus</span> <span class='ocrx_word' id='word_1_298' title='bbox 2631 3085 2921 3149; x_wconf 84' lang='lat' dir='ltr'>ecclesias</span> <span class='ocrx_word' id='word_1_299' title='bbox 2977 3084 3330 3164; x_wconf 89' lang='lat' dir='ltr'>denudare,</span> <span class='ocrx_word' id='word_1_300' title='bbox 3389 3085 3542 3146; x_wconf 88' lang='lat' dir='ltr'>sicut</span> <span class='ocrx_word' id='word_1_301' title='bbox 3605 3082 3662 3144; x_wconf 90' lang='lat' dir='ltr'>in</span> <span class='ocrx_word' id='word_1_302' title='bbox 3707 3097 3797 3139; x_wconf 67' lang='lat' dir='ltr'>cre-</span> 
     </span>
    </p>
   </div>
   <div class='ocr_carea' id='block_1_27' title="bbox 615 3197 3796 3282">
    <p class='ocr_par' dir='ltr' id='par_1_27' title="bbox 615 3197 3796 3282">
     <span class='ocr_line' id='line_1_27' title="bbox 615 3197 3796 3282; baseline -0.004 -17"><span class='ocrx_word' id='word_1_303' title='bbox 615 3205 764 3266; x_wconf 86' lang='lat' dir='ltr'>teris</span> <span class='ocrx_word' id='word_1_304' title='bbox 818 3208 1029 3264; x_wconf 88' lang='lat' dir='ltr'>actum</span> <span class='ocrx_word' id='word_1_305' title='bbox 1089 3207 1182 3262; x_wconf 91' lang='lat' dir='ltr'>est</span> <span class='ocrx_word' id='word_1_306' title='bbox 1231 3199 1404 3274; x_wconf 90' lang='lat' dir='ltr'>locis,</span> <span class='ocrx_word' id='word_1_307' title='bbox 1467 3205 1656 3280; x_wconf 91' lang='lat' dir='ltr'>atque</span> <span class='ocrx_word' id='word_1_308' title='bbox 1713 3199 1906 3260; x_wconf 91' lang='lat' dir='ltr'>alium</span> <span class='ocrx_word' id='word_1_309' title='bbox 1963 3200 2028 3260; x_wconf 91' lang='lat' dir='ltr'>in</span> <span class='ocrx_word' id='word_1_310' title='bbox 2085 3200 2222 3280; x_wconf 91' lang='lat' dir='ltr'>ejus</span> <span class='ocrx_word' id='word_1_311' title='bbox 2277 3201 2600 3262; x_wconf 90' lang='lat' dir='ltr'>ordinaret</span> <span class='ocrx_word' id='word_1_312' title='bbox 2657 3201 2827 3262; x_wconf 91' lang='lat' dir='ltr'>loco.</span> <span class='ocrx_word' id='word_1_313' title='bbox 2887 3201 3040 3262; x_wconf 89' lang='lat' dir='ltr'>Post</span> <span class='ocrx_word' id='word_1_314' title='bbox 3095 3199 3272 3262; x_wconf 82' lang='lat' dir='ltr'>hunc</span> <span class='ocrx_word' id='word_1_315' title='bbox 3329 3197 3663 3282; x_wconf 86' lang='lat' dir='ltr'>spatharius</span> <span class='ocrx_word' id='word_1_316' title='bbox 3691 3211 3796 3256; x_wconf 87' lang='lat' dir='ltr'>cum</span> 
     </span>
    </p>
   </div>
   <div class='ocr_carea' id='block_1_28' title="bbox 601 3305 3799 3400">
    <p class='ocr_par' dir='ltr' id='par_1_28' title="bbox 601 3305 3799 3400">
     <span class='ocr_line' id='line_1_28' title="bbox 601 3305 3799 3400; baseline -0.004 -18"><span class='ocrx_word' id='word_1_317' title='bbox 601 3319 989 3400; x_wconf 91' lang='lat' dir='ltr'>jussionibus</span> <span class='ocrx_word' id='word_1_318' title='bbox 1045 3318 1267 3378; x_wconf 92' lang='lat' dir='ltr'>missus</span> <span class='ocrx_word' id='word_1_319' title='bbox 1317 3322 1409 3377; x_wconf 90' lang='lat' dir='ltr'>est</span> <span class='ocrx_word' id='word_1_320' title='bbox 1463 3317 1642 3389; x_wconf 91' lang='lat' dir='ltr'>alter,</span> <span class='ocrx_word' id='word_1_321' title='bbox 1705 3321 1774 3376; x_wconf 90' lang='lat' dir='ltr'>ut</span> <span class='ocrx_word' id='word_1_322' title='bbox 1827 3317 2117 3378; x_wconf 81' lang='lat' dir='ltr'>Pontifex</span> <span class='ocrx_word' id='word_1_323' title='bbox 2173 3335 2211 3377; x_wconf 90' lang='lat' dir='ltr'>a</span> <span class='ocrx_word' id='word_1_324' title='bbox 2267 3335 2380 3378; x_wconf 88' lang='lat' dir='ltr'>sua</span> <span class='ocrx_word' id='word_1_325' title='bbox 2436 3317 2582 3378; x_wconf 91' lang='lat' dir='ltr'>sede</span> <span class='ocrx_word' id='word_1_326' title='bbox 2637 3322 3056 3378; x_wconf 77' lang='lat' dir='ltr'>amoveretur.</span> <span class='ocrx_word' id='word_1_327' title='bbox 3117 3319 3344 3380; x_wconf 88' lang='lat' dir='ltr'>Denuo</span> <span class='ocrx_word' id='word_1_328' title='bbox 3391 3315 3607 3378; x_wconf 85' lang='lat' dir='ltr'>Paulus</span> <span class='ocrx_word' id='word_1_329' title='bbox 3653 3305 3799 3392; x_wconf 50' lang='lat' dir='ltr'>patris</span> 
     </span>
    </p>
   </div>
   <div class='ocr_carea' id='block_1_29' title="bbox 608 3432 3792 3515">
    <p class='ocr_par' dir='ltr' id='par_1_29' title="bbox 608 3432 3792 3515">
     <span class='ocr_line' id='line_1_29' title="bbox 608 3432 3792 3515; baseline -0.005 -17"><span class='ocrx_word' id='word_1_330' title='bbox 608 3439 739 3498; x_wconf 91' lang='lat' dir='ltr'>eius</span> <span class='ocrx_word' id='word_1_331' title='bbox 795 3438 874 3497; x_wconf 92' lang='lat' dir='ltr'>ad</span> <span class='ocrx_word' id='word_1_332' title='bbox 944 3433 1394 3515; x_wconf 68' lang='lat' dir='ltr'>perﬁciendum</span> <span class='ocrx_word' id='word_1_333' title='bbox 1471 3432 1595 3492; x_wconf 89' lang='lat' dir='ltr'>tale</span> <span class='ocrx_word' id='word_1_334' title='bbox 1671 3433 1896 3506; x_wconf 89' lang='lat' dir='ltr'>scelus,</span> <span class='ocrx_word' id='word_1_335' title='bbox 1957 3451 2115 3512; x_wconf 90' lang='lat' dir='ltr'>quos</span> <span class='ocrx_word' id='word_1_336' title='bbox 2190 3433 2488 3495; x_wconf 89' lang='lat' dir='ltr'>seducere</span> <span class='ocrx_word' id='word_1_337' title='bbox 2563 3433 2771 3514; x_wconf 89' lang='lat' dir='ltr'>potuit</span> <span class='ocrx_word' id='word_1_338' title='bbox 2845 3453 2924 3495; x_wconf 87' lang='lat' dir='ltr'>ex</span> <span class='ocrx_word' id='word_1_339' title='bbox 2995 3435 3306 3494; x_wconf 83' lang='lat' dir='ltr'>Ravenna</span> <span class='ocrx_word' id='word_1_340' title='bbox 3377 3433 3444 3514; x_wconf 71' lang='grc' dir='ltr'>(ι)</span> <span class='ocrx_word' id='word_1_341' title='bbox 3521 3448 3646 3492; x_wconf 87' lang='lat' dir='ltr'>cum</span> <span class='ocrx_word' id='word_1_342' title='bbox 3713 3443 3792 3486; x_wconf 87' lang='lat' dir='ltr'>suo</span> 
     </span>
    </p>
   </div>
   <div class='ocr_carea' id='block_1_30' title="bbox 493 3546 3791 3629">
    <p class='ocr_par' dir='ltr' id='par_1_30' title="bbox 493 3546 3791 3629">
     <span class='ocr_line' id='line_1_30' title="bbox 493 3546 3791 3629; baseline -0.003 -17"><span class='ocrx_word' id='word_1_343' title='bbox 493 3556 566 3612; x_wconf 80' lang='grc'>25</span> <span class='ocrx_word' id='word_1_344' title='bbox 613 3552 862 3625; x_wconf 90' lang='lat' dir='ltr'>comite,</span> <span class='ocrx_word' id='word_1_345' title='bbox 927 3555 1116 3629; x_wconf 92' lang='lat' dir='ltr'>atque</span> <span class='ocrx_word' id='word_1_346' title='bbox 1173 3567 1252 3608; x_wconf 88' lang='lat' dir='ltr'>ax</span> <span class='ocrx_word' id='word_1_347' title='bbox 1310 3547 1528 3607; x_wconf 89' lang='lat' dir='ltr'>castris</span> <span class='ocrx_word' id='word_1_348' title='bbox 1601 3546 1852 3626; x_wconf 88' lang='lat' dir='ltr'>aliquos</span> <span class='ocrx_word' id='word_1_349' title='bbox 1911 3547 2099 3607; x_wconf 90' lang='lat' dir='ltr'>misit.</span> <span class='ocrx_word' id='word_1_350' title='bbox 2161 3547 2280 3609; x_wconf 92' lang='lat' dir='ltr'>Sed</span> <span class='ocrx_word' id='word_1_351' title='bbox 2345 3549 2530 3609; x_wconf 91' lang='lat' dir='ltr'>motis</span> <span class='ocrx_word' id='word_1_352' title='bbox 2611 3549 2927 3623; x_wconf 84' lang='lat' dir='ltr'>Romanis,</span> <span class='ocrx_word' id='word_1_353' title='bbox 2996 3553 3184 3628; x_wconf 84' lang='lat' dir='ltr'>atque</span> <span class='ocrx_word' id='word_1_354' title='bbox 3259 3547 3534 3628; x_wconf 88' lang='lat' dir='ltr'>undique</span> <span class='ocrx_word' id='word_1_355' title='bbox 3597 3546 3791 3620; x_wconf 78' lang='lat' dir='ltr'>Longo-</span> 
     </span>
    </p>
   </div>
   <div class='ocr_carea' id='block_1_31' title="bbox 606 3659 3789 3746">
    <p class='ocr_par' dir='ltr' id='par_1_31' title="bbox 606 3659 3789 3746">
     <span class='ocr_line' id='line_1_31' title="bbox 606 3659 3789 3746; baseline -0.004 -20"><span class='ocrx_word' id='word_1_356' title='bbox 606 3666 820 3727; x_wconf 91' lang='lat' dir='ltr'>bardis</span> <span class='ocrx_word' id='word_1_357' title='bbox 879 3683 992 3744; x_wconf 90' lang='lat' dir='ltr'>pro</span> <span class='ocrx_word' id='word_1_358' title='bbox 1050 3663 1413 3724; x_wconf 88' lang='lat' dir='ltr'>defensione</span> <span class='ocrx_word' id='word_1_359' title='bbox 1467 3661 1780 3742; x_wconf 85' lang='lat' dir='ltr'>pontiﬁcis</span> <span class='ocrx_word' id='word_1_360' title='bbox 1855 3663 1918 3722; x_wconf 92' lang='lat' dir='ltr'>in</span> <span class='ocrx_word' id='word_1_361' title='bbox 1993 3663 2235 3724; x_wconf 86' lang='lat' dir='ltr'>Salario</span> <span class='ocrx_word' id='word_1_362' title='bbox 2314 3669 2507 3744; x_wconf 88' lang='lat' dir='ltr'>ponte</span> <span class='ocrx_word' id='word_1_363' title='bbox 2582 3665 2914 3746; x_wconf 89' lang='lat' dir='ltr'>Spoletini,</span> <span class='ocrx_word' id='word_1_364' title='bbox 2975 3669 3166 3746; x_wconf 90' lang='lat' dir='ltr'>atque</span> <span class='ocrx_word' id='word_1_365' title='bbox 3243 3664 3395 3726; x_wconf 90' lang='lat' dir='ltr'>hinc</span> <span class='ocrx_word' id='word_1_366' title='bbox 3467 3661 3600 3724; x_wconf 89' lang='lat' dir='ltr'>inde</span> <span class='ocrx_word' id='word_1_367' title='bbox 3647 3659 3789 3719; x_wconf 86' lang='lat' dir='ltr'>duces</span> 
     </span>
    </p>
   </div>
   <div class='ocr_carea' id='block_1_32' title="bbox 604 3775 3114 3862">
    <p class='ocr_par' dir='ltr' id='par_1_32' title="bbox 604 3775 3114 3862">
     <span class='ocr_line' id='line_1_32' title="bbox 604 3775 3114 3862; baseline -0.001 -20"><span class='ocrx_word' id='word_1_368' title='bbox 604 3778 1164 3859; x_wconf 90' lang='lat' dir='ltr'>Longobardorum</span> <span class='ocrx_word' id='word_1_369' title='bbox 1226 3777 1686 3838; x_wconf 88' lang='lat' dir='ltr'>circumdantes</span> <span class='ocrx_word' id='word_1_370' title='bbox 1745 3779 2172 3838; x_wconf 84' lang='lat' dir='ltr'>Romanorum</span> <span class='ocrx_word' id='word_1_371' title='bbox 2231 3779 2385 3840; x_wconf 84' lang='lat' dir='ltr'>fines</span> <span class='ocrx_word' id='word_1_372' title='bbox 2447 3775 2567 3841; x_wconf 89' lang='lat' dir='ltr'>hoc</span> <span class='ocrx_word' id='word_1_373' title='bbox 2625 3781 3114 3862; x_wconf 75' lang='lat' dir='ltr'>przepedierunt.</span> 
     </span>
    </p>
   </div>
   <div class='ocr_carea' id='block_1_33' title="bbox 691 3889 3788 3978">
    <p class='ocr_par' dir='ltr' id='par_1_33' title="bbox 691 3889 3788 3978">
     <span class='ocr_line' id='line_1_33' title="bbox 691 3889 3788 3978; baseline -0.003 -21"><span class='ocrx_word' id='word_1_374' title='bbox 691 3905 852 3957; x_wconf 68' lang='lat'>184</span> <span class='ocrx_word' id='word_1_375' title='bbox 909 3891 1305 3957; x_wconf 90' lang='lat' dir='ltr'>Jussionibus</span> <span class='ocrx_word' id='word_1_376' title='bbox 1361 3892 1576 3971; x_wconf 91' lang='lat' dir='ltr'>itaque</span> <span class='ocrx_word' id='word_1_377' title='bbox 1635 3893 2035 3972; x_wconf 90' lang='lat' dir='ltr'>postmodum</span> <span class='ocrx_word' id='word_1_378' title='bbox 2097 3894 2299 3956; x_wconf 90' lang='lat' dir='ltr'>missis</span> <span class='ocrx_word' id='word_1_379' title='bbox 2358 3895 2724 3958; x_wconf 89' lang='lat' dir='ltr'>decreverat</span> <span class='ocrx_word' id='word_1_380' title='bbox 2779 3897 3128 3977; x_wconf 87' lang='lat' dir='ltr'>imperator</span> <span class='ocrx_word' id='word_1_381' title='bbox 3187 3895 3298 3978; x_wconf 86' lang='lat' dir='ltr'>(j),</span> <span class='ocrx_word' id='word_1_382' title='bbox 3349 3903 3418 3958; x_wconf 88' lang='lat' dir='ltr'>ut</span> <span class='ocrx_word' id='word_1_383' title='bbox 3471 3893 3630 3955; x_wconf 88' lang='lat' dir='ltr'>nulla</span> <span class='ocrx_word' id='word_1_384' title='bbox 3675 3889 3788 3950; x_wconf 83' lang='lat' dir='ltr'>ima-</span> 
     </span>
    </p>
   </div>
   <div class='ocr_carea' id='block_1_34' title="bbox 605 4001 3790 4092">
    <p class='ocr_par' dir='ltr' id='par_1_34' title="bbox 605 4001 3790 4092">
     <span class='ocr_line' id='line_1_34' title="bbox 605 4001 3790 4092; baseline -0.002 -20"><span class='ocrx_word' id='word_1_385' title='bbox 605 4032 684 4092; x_wconf 90' lang='lat' dir='ltr'>go</span> <span class='ocrx_word' id='word_1_386' title='bbox 759 4009 1093 4090; x_wconf 88' lang='lat' dir='ltr'>cujuslibet</span> <span class='ocrx_word' id='word_1_387' title='bbox 1169 4008 1391 4082; x_wconf 90' lang='lat' dir='ltr'>sancti,</span> <span class='ocrx_word' id='word_1_388' title='bbox 1454 4013 1564 4068; x_wconf 90' lang='lat' dir='ltr'>aut</span> <span class='ocrx_word' id='word_1_389' title='bbox 1641 4007 1957 4086; x_wconf 83' lang='lat' dir='ltr'>martyris,</span> <span class='ocrx_word' id='word_1_390' title='bbox 2020 4015 2136 4070; x_wconf 91' lang='lat' dir='ltr'>aut</span> <span class='ocrx_word' id='word_1_391' title='bbox 2208 4011 2416 4089; x_wconf 86' lang='lat' dir='ltr'>angeli</span> <span class='ocrx_word' id='word_1_392' title='bbox 2495 4011 2854 4092; x_wconf 89' lang='lat' dir='ltr'>ubicunque</span> <span class='ocrx_word' id='word_1_393' title='bbox 2931 4011 3279 4073; x_wconf 90' lang='lat' dir='ltr'>haberetur</span> <span class='ocrx_word' id='word_1_394' title='bbox 3351 4009 3458 4092; x_wconf 71' lang='lat' dir='ltr'>(Ir),</span> <span class='ocrx_word' id='word_1_395' title='bbox 3521 4001 3790 4068; x_wconf 70' lang='lat' dir='ltr'>maledicta</span> 
     </span>
    </p>
   </div>
   <div class='ocr_carea' id='block_1_35' title="bbox 601 4117 3785 4208">
    <p class='ocr_par' dir='ltr' id='par_1_35' title="bbox 601 4117 3785 4208">
     <span class='ocr_line' id='line_1_35' title="bbox 601 4117 3785 4208; baseline -0.002 -20"><span class='ocrx_word' id='word_1_396' title='bbox 601 4127 768 4190; x_wconf 92' lang='lat' dir='ltr'>enim</span> <span class='ocrx_word' id='word_1_397' title='bbox 827 4124 1040 4186; x_wconf 90' lang='lat' dir='ltr'>omnia</span> <span class='ocrx_word' id='word_1_398' title='bbox 1095 4123 1434 4196; x_wconf 89' lang='lat' dir='ltr'>asserebat,</span> <span class='ocrx_word' id='word_1_399' title='bbox 1498 4131 1560 4184; x_wconf 88' lang='lat' dir='ltr'>et</span> <span class='ocrx_word' id='word_1_400' title='bbox 1615 4123 1666 4183; x_wconf 91' lang='lat' dir='ltr'>si</span> <span class='ocrx_word' id='word_1_401' title='bbox 1723 4124 2147 4203; x_wconf 88' lang='lat' dir='ltr'>acquiesceret</span> <span class='ocrx_word' id='word_1_402' title='bbox 2217 4126 2282 4186; x_wconf 91' lang='lat' dir='ltr'>in</span> <span class='ocrx_word' id='word_1_403' title='bbox 2354 4127 2475 4188; x_wconf 93' lang='lat' dir='ltr'>hoc</span> <span class='ocrx_word' id='word_1_404' title='bbox 2556 4127 2862 4207; x_wconf 76' lang='lat' dir='ltr'>pontifex,</span> <span class='ocrx_word' id='word_1_405' title='bbox 2927 4127 3198 4207; x_wconf 88' lang='lat' dir='ltr'>gratiam</span> <span class='ocrx_word' id='word_1_406' title='bbox 3277 4119 3654 4208; x_wconf 87' lang='lat' dir='ltr'>imperatoris</span> <span class='ocrx_word' id='word_1_407' title='bbox 3705 4117 3785 4176; x_wconf 83' lang='lat' dir='ltr'>ha-</span> 
     </span>
    </p>
   </div>
   <div class='ocr_carea' id='block_1_36' title="bbox 599 4229 3786 4323">
    <p class='ocr_par' dir='ltr' id='par_1_36' title="bbox 599 4229 3786 4323">
     <span class='ocr_line' id='line_1_36' title="bbox 599 4229 3786 4323; baseline -0.001 -21"><span class='ocrx_word' id='word_1_408' title='bbox 599 4243 812 4316; x_wconf 89' lang='lat' dir='ltr'>beret;</span> <span class='ocrx_word' id='word_1_409' title='bbox 874 4241 925 4301; x_wconf 91' lang='lat' dir='ltr'>si</span> <span class='ocrx_word' id='word_1_410' title='bbox 981 4245 1043 4301; x_wconf 92' lang='lat' dir='ltr'>et</span> <span class='ocrx_word' id='word_1_411' title='bbox 1100 4239 1219 4300; x_wconf 92' lang='lat' dir='ltr'>hoc</span> <span class='ocrx_word' id='word_1_412' title='bbox 1277 4239 1413 4300; x_wconf 86' lang='lat' dir='ltr'>fieri</span> <span class='ocrx_word' id='word_1_413' title='bbox 1471 4238 1874 4318; x_wconf 73' lang='lat' dir='ltr'>przepediret,</span> <span class='ocrx_word' id='word_1_414' title='bbox 1940 4259 1977 4300; x_wconf 91' lang='lat' dir='ltr'>a</span> <span class='ocrx_word' id='word_1_415' title='bbox 2035 4259 2146 4302; x_wconf 91' lang='lat' dir='ltr'>suo</span> <span class='ocrx_word' id='word_1_416' title='bbox 2205 4241 2406 4319; x_wconf 91' lang='lat' dir='ltr'>gradu</span> <span class='ocrx_word' id='word_1_417' title='bbox 2479 4243 2816 4304; x_wconf 89' lang='lat' dir='ltr'>decideret.</span> <span class='ocrx_word' id='word_1_418' title='bbox 2881 4242 3244 4323; x_wconf 87' lang='lat' dir='ltr'>Respiciens</span> <span class='ocrx_word' id='word_1_419' title='bbox 3323 4260 3472 4322; x_wconf 86' lang='lat' dir='ltr'>ergo</span> <span class='ocrx_word' id='word_1_420' title='bbox 3544 4237 3664 4318; x_wconf 86' lang='lat' dir='ltr'>pius</span> <span class='ocrx_word' id='word_1_421' title='bbox 3719 4229 3786 4288; x_wconf 71' lang='lat' dir='ltr'>Vir</span> 
     </span>
    </p>
   </div>
   <div class='ocr_carea' id='block_1_37' title="bbox 463 4354 3778 4438">
    <p class='ocr_par' dir='ltr' id='par_1_37' title="bbox 463 4354 3778 4438">
     <span class='ocr_line' id='line_1_37' title="bbox 463 4354 3778 4438; baseline -0.002 -19"><span class='ocrx_word' id='word_1_422' title='bbox 463 4359 550 4418; x_wconf 64' lang='lat'>‘5</span> <span class='ocrx_word' id='word_1_423' title='bbox 595 4359 926 4438; x_wconf 80' lang='lat' dir='ltr'>profanam</span> <span class='ocrx_word' id='word_1_424' title='bbox 978 4355 1278 4434; x_wconf 89' lang='lat' dir='ltr'>principis</span> <span class='ocrx_word' id='word_1_425' title='bbox 1329 4354 1703 4433; x_wconf 90' lang='lat' dir='ltr'>jussionem,</span> <span class='ocrx_word' id='word_1_426' title='bbox 1757 4354 1892 4432; x_wconf 88' lang='lat' dir='ltr'>jam</span> <span class='ocrx_word' id='word_1_427' title='bbox 1953 4361 2167 4416; x_wconf 86' lang='lat' dir='ltr'>contra</span> <span class='ocrx_word' id='word_1_428' title='bbox 2229 4356 2674 4436; x_wconf 88' lang='lat' dir='ltr'>imperatorem</span> <span class='ocrx_word' id='word_1_429' title='bbox 2734 4358 2916 4438; x_wconf 89' lang='lat' dir='ltr'>quasi</span> <span class='ocrx_word' id='word_1_430' title='bbox 2995 4363 3216 4419; x_wconf 86' lang='lat' dir='ltr'>contra</span> <span class='ocrx_word' id='word_1_431' title='bbox 3293 4358 3534 4419; x_wconf 88' lang='lat' dir='ltr'>hostem</span> <span class='ocrx_word' id='word_1_432' title='bbox 3603 4369 3658 4411; x_wconf 88' lang='lat' dir='ltr'>se</span> <span class='ocrx_word' id='word_1_433' title='bbox 3703 4362 3778 4406; x_wconf 81' lang='lat' dir='ltr'>ar-</span> 
     </span>
    </p>
   </div>
   <div class='ocr_carea' id='block_1_38' title="bbox 598 4463 3782 4552">
    <p class='ocr_par' dir='ltr' id='par_1_38' title="bbox 598 4463 3782 4552">
     <span class='ocr_line' id='line_1_38' title="bbox 598 4463 3782 4552; baseline -0.002 -18"><span class='ocrx_word' id='word_1_434' title='bbox 598 4474 814 4547; x_wconf 91' lang='lat' dir='ltr'>mavit,</span> <span class='ocrx_word' id='word_1_435' title='bbox 875 4490 1144 4533; x_wconf 92' lang='lat' dir='ltr'>renuens</span> <span class='ocrx_word' id='word_1_436' title='bbox 1201 4469 1492 4530; x_wconf 65' lang='lat' dir='ltr'>haeresim</span> <span class='ocrx_word' id='word_1_437' title='bbox 1553 4468 1710 4546; x_wconf 89' lang='lat' dir='ltr'>ejus,</span> <span class='ocrx_word' id='word_1_438' title='bbox 1773 4471 2051 4532; x_wconf 90' lang='lat' dir='ltr'>scribens</span> <span class='ocrx_word' id='word_1_439' title='bbox 2125 4471 2360 4552; x_wconf 88' lang='lat' dir='ltr'>ubique</span> <span class='ocrx_word' id='word_1_440' title='bbox 2435 4491 2656 4534; x_wconf 88' lang='lat' dir='ltr'>cavere</span> <span class='ocrx_word' id='word_1_441' title='bbox 2732 4491 2796 4535; x_wconf 91' lang='lat' dir='ltr'>se</span> <span class='ocrx_word' id='word_1_442' title='bbox 2873 4473 3288 4548; x_wconf 87' lang='lat' dir='ltr'>Christianos,</span> <span class='ocrx_word' id='word_1_443' title='bbox 3347 4493 3422 4534; x_wconf 91' lang='lat' dir='ltr'>eo</span> <span class='ocrx_word' id='word_1_444' title='bbox 3477 4465 3632 4550; x_wconf 88' lang='lat' dir='ltr'>quod</span> <span class='ocrx_word' id='word_1_445' title='bbox 3677 4463 3782 4522; x_wconf 71' lang='grc' dir='ltr'>οΐῑᾶ</span> 
     </span>
    </p>
   </div>
   <div class='ocr_carea' id='block_1_39' title="bbox 593 4583 3778 4670">
    <p class='ocr_par' dir='ltr' id='par_1_39' title="bbox 593 4583 3778 4670">
     <span class='ocr_line' id='line_1_39' title="bbox 593 4583 3778 4670; baseline -0.005 -21"><span class='ocrx_word' id='word_1_446' title='bbox 593 4589 813 4649; x_wconf 88' lang='lat' dir='ltr'>fuisset</span> <span class='ocrx_word' id='word_1_447' title='bbox 865 4587 1156 4666; x_wconf 89' lang='lat' dir='ltr'>impietas</span> <span class='ocrx_word' id='word_1_448' title='bbox 1211 4584 1352 4645; x_wconf 90' lang='lat' dir='ltr'>talis</span> <span class='ocrx_word' id='word_1_449' title='bbox 1407 4583 1503 4664; x_wconf 82' lang='grc' dir='ltr'>(Ι).</span> <span class='ocrx_word' id='word_1_450' title='bbox 1563 4585 1761 4663; x_wconf 88' lang='lat' dir='ltr'>Igitur</span> <span class='ocrx_word' id='word_1_451' title='bbox 1819 4587 2086 4665; x_wconf 90' lang='lat' dir='ltr'>permoti</span> <span class='ocrx_word' id='word_1_452' title='bbox 2144 4606 2363 4648; x_wconf 89' lang='lat' dir='ltr'>omnes</span> <span class='ocrx_word' id='word_1_453' title='bbox 2417 4589 2918 4668; x_wconf 89' lang='lat' dir='ltr'>Pentapolenses</span> <span class='ocrx_word' id='word_1_454' title='bbox 2975 4596 3164 4670; x_wconf 89' lang='lat' dir='ltr'>atque</span> <span class='ocrx_word' id='word_1_455' title='bbox 3217 4588 3608 4653; x_wconf 82' lang='lat' dir='ltr'>Venetiarum</span> <span class='ocrx_word' id='word_1_456' title='bbox 3643 4591 3778 4640; x_wconf 80' lang='lat' dir='ltr'>exer—</span> 
     </span>
    </p>
   </div>
   <div class='ocr_carea' id='block_1_40' title="bbox 597 4691 3778 4787">
    <p class='ocr_par' dir='ltr' id='par_1_40' title="bbox 597 4691 3778 4787">
     <span class='ocr_line' id='line_1_40' title="bbox 597 4691 3778 4787; baseline -0.004 -23"><span class='ocrx_word' id='word_1_457' title='bbox 597 4705 758 4764; x_wconf 90' lang='lat' dir='ltr'>citus</span> <span class='ocrx_word' id='word_1_458' title='bbox 832 4709 1054 4763; x_wconf 90' lang='lat' dir='ltr'>contra</span> <span class='ocrx_word' id='word_1_459' title='bbox 1135 4699 1533 4779; x_wconf 89' lang='lat' dir='ltr'>imperatoris</span> <span class='ocrx_word' id='word_1_460' title='bbox 1601 4699 1952 4778; x_wconf 89' lang='lat' dir='ltr'>jussionem</span> <span class='ocrx_word' id='word_1_461' title='bbox 2027 4703 2459 4778; x_wconf 88' lang='lat' dir='ltr'>restituerunt,</span> <span class='ocrx_word' id='word_1_462' title='bbox 2511 4705 2812 4778; x_wconf 90' lang='lat' dir='ltr'>dicentes,</span> <span class='ocrx_word' id='word_1_463' title='bbox 2873 4725 3199 4787; x_wconf 89' lang='lat' dir='ltr'>nunquam</span> <span class='ocrx_word' id='word_1_464' title='bbox 3277 4725 3344 4767; x_wconf 87' lang='lat' dir='ltr'>se</span> <span class='ocrx_word' id='word_1_465' title='bbox 3417 4703 3480 4764; x_wconf 92' lang='lat' dir='ltr'>in</span> <span class='ocrx_word' id='word_1_466' title='bbox 3553 4691 3778 4778; x_wconf 84' lang='lat' dir='ltr'>ejusdem</span> 
     </span>
    </p>
   </div>
   <div class='ocr_carea' id='block_1_41' title="bbox 595 4807 3774 4899">
    <p class='ocr_par' dir='ltr' id='par_1_41' title="bbox 595 4807 3774 4899">
     <span class='ocr_line' id='line_1_41' title="bbox 595 4807 3774 4899; baseline -0.002 -22"><span class='ocrx_word' id='word_1_467' title='bbox 595 4817 908 4898; x_wconf 85' lang='lat' dir='ltr'>pontificis</span> <span class='ocrx_word' id='word_1_468' title='bbox 963 4815 1460 4876; x_wconf 90' lang='lat' dir='ltr'>condescendere</span> <span class='ocrx_word' id='word_1_469' title='bbox 1517 4835 1691 4889; x_wconf 91' lang='lat' dir='ltr'>nece,</span> <span class='ocrx_word' id='word_1_470' title='bbox 1751 4817 1860 4877; x_wconf 90' lang='lat' dir='ltr'>sed</span> <span class='ocrx_word' id='word_1_471' title='bbox 1919 4837 2030 4896; x_wconf 92' lang='lat' dir='ltr'>pro</span> <span class='ocrx_word' id='word_1_472' title='bbox 2086 4817 2220 4898; x_wconf 89' lang='lat' dir='ltr'>ejus</span> <span class='ocrx_word' id='word_1_473' title='bbox 2279 4819 2480 4899; x_wconf 90' lang='lat' dir='ltr'>magis</span> <span class='ocrx_word' id='word_1_474' title='bbox 2561 4819 2926 4882; x_wconf 88' lang='lat' dir='ltr'>defensione</span> <span class='ocrx_word' id='word_1_475' title='bbox 3001 4821 3267 4882; x_wconf 85' lang='lat' dir='ltr'>viriliter</span> <span class='ocrx_word' id='word_1_476' title='bbox 3339 4819 3657 4881; x_wconf 89' lang='lat' dir='ltr'>decertare.</span> <span class='ocrx_word' id='word_1_477' title='bbox 3704 4807 3774 4866; x_wconf 74' lang='lat' dir='ltr'>ita</span> 
     </span>
    </p>
   </div>
   <div class='ocr_carea' id='block_1_42' title="bbox 475 4931 3770 5018">
    <p class='ocr_par' dir='ltr' id='par_1_42' title="bbox 475 4931 3770 5018">
     <span class='ocr_line' id='line_1_42' title="bbox 475 4931 3770 5018; baseline -0.002 -24"><span class='ocrx_word' id='word_1_478' title='bbox 475 4936 551 4994; x_wconf 83' lang='grc'>10</span> <span class='ocrx_word' id='word_1_479' title='bbox 594 4939 662 4994; x_wconf 90' lang='lat' dir='ltr'>ut</span> <span class='ocrx_word' id='word_1_480' title='bbox 717 4933 1108 4994; x_wconf 87' lang='lat' dir='ltr'>anathemati</span> <span class='ocrx_word' id='word_1_481' title='bbox 1165 4931 1434 4992; x_wconf 90' lang='lat' dir='ltr'>Paulum</span> <span class='ocrx_word' id='word_1_482' title='bbox 1491 4931 1857 5005; x_wconf 87' lang='lat' dir='ltr'>exarchum,</span> <span class='ocrx_word' id='word_1_483' title='bbox 1917 4933 2014 4993; x_wconf 91' lang='lat' dir='ltr'>vcl</span> <span class='ocrx_word' id='word_1_484' title='bbox 2089 4935 2198 5014; x_wconf 87' lang='lat' dir='ltr'>qui</span> <span class='ocrx_word' id='word_1_485' title='bbox 2273 4953 2416 4995; x_wconf 88' lang='lat' dir='ltr'>eum</span> <span class='ocrx_word' id='word_1_486' title='bbox 2475 4935 2794 4998; x_wconf 83' lang='lat' dir='ltr'>direxerat</span> <span class='ocrx_word' id='word_1_487' title='bbox 2855 4937 2979 5018; x_wconf 69' lang='grc' dir='ltr'>(γη),</span> <span class='ocrx_word' id='word_1_488' title='bbox 3037 4936 3302 5017; x_wconf 90' lang='lat' dir='ltr'>ejusque</span> <span class='ocrx_word' id='word_1_489' title='bbox 3373 4931 3770 4996; x_wconf 77' lang='lat' dir='ltr'>consentaan</span> 
     </span>
    </p>
   </div>
   <div class='ocr_carea' id='block_1_43' title="bbox 591 5031 3775 5132">
    <p class='ocr_par' dir='ltr' id='par_1_43' title="bbox 591 5031 3775 5132">
     <span class='ocr_line' id='line_1_43' title="bbox 591 5031 3775 5132; baseline -0.004 -22"><span class='ocrx_word' id='word_1_490' title='bbox 591 5047 989 5121; x_wconf 89' lang='lat' dir='ltr'>submittunt,</span> <span class='ocrx_word' id='word_1_491' title='bbox 1041 5053 1406 5126; x_wconf 89' lang='lat' dir='ltr'>spernentes</span> <span class='ocrx_word' id='word_1_492' title='bbox 1463 5031 1918 5110; x_wconf 81' lang='lat' dir='ltr'>ordinationem</span> <span class='ocrx_word' id='word_1_493' title='bbox 1987 5049 2123 5128; x_wconf 87' lang='lat' dir='ltr'>ejus</span> <span class='ocrx_word' id='word_1_494' title='bbox 2196 5050 2314 5110; x_wconf 93' lang='lat' dir='ltr'>sibi</span> <span class='ocrx_word' id='word_1_495' title='bbox 2389 5069 2608 5112; x_wconf 89' lang='lat' dir='ltr'>omnes</span> <span class='ocrx_word' id='word_1_496' title='bbox 2669 5051 2902 5132; x_wconf 89' lang='lat' dir='ltr'>ubique</span> <span class='ocrx_word' id='word_1_497' title='bbox 2979 5053 3044 5112; x_wconf 92' lang='lat' dir='ltr'>in</span> <span class='ocrx_word' id='word_1_498' title='bbox 3119 5051 3302 5114; x_wconf 88' lang='lat' dir='ltr'>Italia</span> <span class='ocrx_word' id='word_1_499' title='bbox 3375 5050 3556 5110; x_wconf 84' lang='lat' dir='ltr'>duces</span> <span class='ocrx_word' id='word_1_500' title='bbox 3612 5038 3775 5113; x_wconf 76' lang='lat' dir='ltr'>elege-</span> 
     </span>
    </p>
   </div>
   <div class='ocr_carea' id='block_1_44' title="bbox 589 5147 3773 5244">
    <p class='ocr_par' dir='ltr' id='par_1_44' title="bbox 589 5147 3773 5244">
     <span class='ocr_line' id='line_1_44' title="bbox 589 5147 3773 5244; baseline -0.002 -18"><span class='ocrx_word' id='word_1_501' title='bbox 589 5170 738 5226; x_wconf 88' lang='lat' dir='ltr'>runt</span> <span class='ocrx_word' id='word_1_502' title='bbox 787 5163 891 5244; x_wconf 83' lang='lat' dir='ltr'>(n),</span> <span class='ocrx_word' id='word_1_503' title='bbox 951 5169 1140 5243; x_wconf 90' lang='lat' dir='ltr'>atque</span> <span class='ocrx_word' id='word_1_504' title='bbox 1213 5162 1298 5222; x_wconf 91' lang='lat' dir='ltr'>sic</span> <span class='ocrx_word' id='word_1_505' title='bbox 1374 5163 1451 5222; x_wconf 90' lang='lat' dir='ltr'>de</span> <span class='ocrx_word' id='word_1_506' title='bbox 1527 5163 1841 5241; x_wconf 86' lang='lat' dir='ltr'>pontificis</span> <span class='ocrx_word' id='word_1_507' title='bbox 1901 5163 2102 5244; x_wconf 89' lang='lat' dir='ltr'>deque</span> <span class='ocrx_word' id='word_1_508' title='bbox 2179 5184 2293 5226; x_wconf 93' lang='lat' dir='ltr'>sua</span> <span class='ocrx_word' id='word_1_509' title='bbox 2375 5165 2775 5227; x_wconf 89' lang='lat' dir='ltr'>immunitate</span> <span class='ocrx_word' id='word_1_510' title='bbox 2853 5167 3060 5228; x_wconf 91' lang='lat' dir='ltr'>cuncti</span> <span class='ocrx_word' id='word_1_511' title='bbox 3134 5166 3490 5228; x_wconf 86' lang='lat' dir='ltr'>studebant.</span> <span class='ocrx_word' id='word_1_512' title='bbox 3559 5147 3773 5231; x_wconf 72' lang='grc' dir='ltr'>ϐοευίῑδ</span> 
     </span>
    </p>
   </div>
   <div class='ocr_carea' id='block_1_45' title="bbox 585 5273 3764 5378">
    <p class='ocr_par' dir='ltr' id='par_1_45' title="bbox 585 5273 3764 5378">
     <span class='ocr_line' id='line_1_45' title="bbox 585 5273 3764 5378; baseline -0.005 -36"><span class='ocrx_word' id='word_1_513' title='bbox 585 5300 732 5344; x_wconf 92' lang='lat' dir='ltr'>vero</span> <span class='ocrx_word' id='word_1_514' title='bbox 787 5280 1188 5361; x_wconf 87' lang='lat' dir='ltr'>imperatoris</span> <span class='ocrx_word' id='word_1_515' title='bbox 1247 5277 1553 5358; x_wconf 89' lang='lat' dir='ltr'>nequitia,</span> <span class='ocrx_word' id='word_1_516' title='bbox 1617 5279 2058 5378; x_wconf 59' lang='lat' dir='ltr'>omnisdtalia</span> <span class='ocrx_word' id='word_1_517' title='bbox 2119 5281 2446 5342; x_wconf 91' lang='lat' dir='ltr'>consilium</span> <span class='ocrx_word' id='word_1_518' title='bbox 2505 5282 2648 5343; x_wconf 90' lang='lat' dir='ltr'>iniit</span> <span class='ocrx_word' id='word_1_519' title='bbox 2703 5288 2774 5344; x_wconf 92' lang='lat' dir='ltr'>ut</span> <span class='ocrx_word' id='word_1_520' title='bbox 2829 5283 2948 5344; x_wconf 92' lang='lat' dir='ltr'>sibi</span> <span class='ocrx_word' id='word_1_521' title='bbox 3003 5282 3310 5363; x_wconf 89' lang='lat' dir='ltr'>eligerent</span> <span class='ocrx_word' id='word_1_522' title='bbox 3381 5273 3764 5356; x_wconf 85' lang='lat' dir='ltr'>imperatorem</span> 
     </span>
    </p>
   </div>
   <div class='ocr_carea' id='block_1_46' title="bbox 1611 5427 2660 5478">
    <p class='ocr_par' dir='ltr' id='par_1_46' title="bbox 1611 5427 2660 5478">
     <span class='ocr_line' id='line_1_46' title="bbox 1611 5427 2660 5478; baseline 0.007 -7"><span class='ocrx_word' id='word_1_523' title='bbox 1611 5427 1863 5473; x_wconf 65' lang='lat' dir='ltr'>NOTULJE</span> <span class='ocrx_word' id='word_1_524' title='bbox 1905 5429 2294 5476; x_wconf 77' lang='lat' dir='ltr'>MARGINALES</span> <span class='ocrx_word' id='word_1_525' title='bbox 2338 5431 2660 5478; x_wconf 73' lang='lat' dir='ltr'>FABROTTI.</span> 
     </span>
    </p>
   </div>
   <div class='ocr_carea' id='block_1_47' title="bbox 493 5531 3765 5616">
    <p class='ocr_par' dir='ltr' id='par_1_47' title="bbox 493 5531 3765 5616">
     <span class='ocr_line' id='line_1_47' title="bbox 493 5531 3765 5616; baseline -0.004 -18"><span class='ocrx_word' id='word_1_526' title='bbox 493 5545 569 5615; x_wconf 87' lang='lat' dir='ltr'>(a)</span> <span class='ocrx_word' id='word_1_527' title='bbox 601 5547 660 5606; x_wconf 69' lang='grc' dir='ltr'><strong>(ἶ,</strong></span> <span class='ocrx_word' id='word_1_528' title='bbox 693 5563 806 5600; x_wconf 87' lang='lat' dir='ltr'>non</span> <span class='ocrx_word' id='word_1_529' title='bbox 835 5546 1225 5602; x_wconf 76' lang='lat' dir='ltr'>nominandis.</span> <span class='ocrx_word' id='word_1_530' title='bbox 1317 5543 1393 5610; x_wconf 70' lang='grc' dir='ltr'>(ὑ)</span> <span class='ocrx_word' id='word_1_531' title='bbox 1419 5543 1636 5616; x_wconf 13' lang='grc' dir='ltr'>Βθίτιιιο</span> <span class='ocrx_word' id='word_1_532' title='bbox 1671 5543 1882 5614; x_wconf 84' lang='lat' dir='ltr'>populo</span> <span class='ocrx_word' id='word_1_533' title='bbox 1913 5563 2044 5600; x_wconf 77' lang='lat' dir='ltr'>vero</span> <span class='ocrx_word' id='word_1_534' title='bbox 2073 5547 2332 5615; x_wconf 78' lang='lat' dir='ltr'>ejusdem</span> <span class='ocrx_word' id='word_1_535' title='bbox 2368 5547 2618 5602; x_wconf 73' lang='lat' dir='ltr'>civitatis</span> <span class='ocrx_word' id='word_1_536' title='bbox 2639 5565 2738 5602; x_wconf 85' lang='lat' dir='ltr'>ccc</span> <span class='ocrx_word' id='word_1_537' title='bbox 2765 5548 2948 5604; x_wconf 89' lang='lat' dir='ltr'>millia</span> <span class='ocrx_word' id='word_1_538' title='bbox 3001 5550 3234 5607; x_wconf 73' lang='lat' dir='ltr'>diversa:</span> <span class='ocrx_word' id='word_1_539' title='bbox 3277 5543 3458 5601; x_wconf 67' lang='lat' dir='ltr'>(etatis</span> <span class='ocrx_word' id='word_1_540' title='bbox 3487 5531 3765 5616; x_wconf 62' lang='lat' dir='ltr'>pestilepr</span> 
     </span>
    </p>
   </div>
   <div class='ocr_carea' id='block_1_48' title="bbox 420 5595 3761 5693">
    <p class='ocr_par' dir='ltr' id='par_1_48' title="bbox 420 5595 3761 5693">
     <span class='ocr_line' id='line_1_48' title="bbox 420 5595 3761 5693; baseline 0.011 -28"><span class='ocrx_word' id='word_1_541' title='bbox 420 5595 1402 5693; x_wconf 17' lang='grc' dir='ltr'>γρλξέξιιίινα-ἦάίεξίέξέεῖῑιξ)ιλαρςδτί.</span> <span class='ocrx_word' id='word_1_542' title='bbox 1437 5595 1842 5693; x_wconf 37' lang='lat' dir='ltr'>«galatea;</span> <span class='ocrx_word' id='word_1_543' title='bbox 1863 5595 1868 5598; x_wconf 92' lang='grc'><strong>·</strong></span> <span class='ocrx_word' id='word_1_544' title='bbox 1891 5595 2416 5693; x_wconf 56' lang='lat' dir='ltr'>(.zg&#39;..&#39;._.a;;a;&#39;.zs.&quot;</span> <span class='ocrx_word' id='word_1_545' title='bbox 2435 5595 2618 5693; x_wconf 49' lang='grc' dir='ltr'>(εδ-ές</span> <span class='ocrx_word' id='word_1_546' title='bbox 2635 5595 2740 5674; x_wconf 70' lang='grc' dir='ltr'>ᾗῙί</span> <span class='ocrx_word' id='word_1_547' title='bbox 2765 5595 2964 5690; x_wconf 62' lang='grc' dir='ltr'>’Ἐῆᾷ</span> <span class='ocrx_word' id='word_1_548' title='bbox 2997 5595 3234 5693; x_wconf 49' lang='lat' dir='ltr'>ait}?</span> <span class='ocrx_word' id='word_1_549' title='bbox 3253 5595 3631 5693; x_wconf 41' lang='lat' dir='ltr'>BER-SW-</span> 
     </span>
    </p>
   </div>
   <div class='ocr_carea' id='block_1_49' title="bbox 415 5671 3762 5816">
    <p class='ocr_par' dir='ltr' id='par_1_49' title="bbox 415 5671 3762 5816">
     <span class='ocr_line' id='line_1_49' title="bbox 415 5671 3762 5816; baseline 0.003 -76"><span class='ocrx_word' id='word_1_550' title='bbox 415 5687 504 5768; x_wconf 65' lang='grc' dir='ltr'>(ἡ)</span> <span class='ocrx_word' id='word_1_551' title='bbox 531 5687 590 5752; x_wconf 86' lang='grc' dir='ltr'><strong>Β,</strong></span> <span class='ocrx_word' id='word_1_552' title='bbox 627 5671 800 5770; x_wconf 40' lang='lat' dir='ltr'>multi:</span> <span class='ocrx_word' id='word_1_553' title='bbox 875 5671 1426 5758; x_wconf 15' lang='lat' dir='ltr'>(ijritavennatibus.</span> <span class='ocrx_word' id='word_1_554' title='bbox 1487 5687 1548 5766; x_wconf 82' lang='lat' dir='ltr'>(j_)</span> <span class='ocrx_word' id='word_1_555' title='bbox 1571 5687 1695 5768; x_wconf 21' lang='lat' dir='ltr'>“Leu</span> <span class='ocrx_word' id='word_1_556' title='bbox 1721 5671 1924 5768; x_wconf 76' lang='lat' dir='ltr'>imper.</span> <span class='ocrx_word' id='word_1_557' title='bbox 1951 5671 1962 5688; x_wconf 41' lang='lat' dir='ltr'><em>l</em></span> <span class='ocrx_word' id='word_1_558' title='bbox 1987 5671 2739 5816; x_wconf 22' lang='grc' dir='ltr'>(Ιῇδοῖ’ὁέιιηοέξὶυξὲθῂτειξ</span> <span class='ocrx_word' id='word_1_559' title='bbox 2779 5671 3100 5773; x_wconf 50' lang='lat' dir='ltr'>deponi:</span> <span class='ocrx_word' id='word_1_560' title='bbox 3131 5671 3376 5756; x_wconf 57' lang='lat' dir='ltr'>iiiccndi,</span> <span class='ocrx_word' id='word_1_561' title='bbox 3434 5687 3492 5754; x_wconf 78' lang='grc' dir='ltr'>(ι)</span> <span class='ocrx_word' id='word_1_562' title='bbox 3515 5693 3630 5750; x_wconf 58' lang='grc' dir='ltr'>(με</span> <span class='ocrx_word' id='word_1_563' title='bbox 3665 5671 3762 5726; x_wconf 64' lang='lat' dir='ltr'>om</span> 
     </span>
     <span class='ocr_line' id='line_1_50' title="bbox 423 5757 3060 5816; baseline 0.002 -5"><span class='ocrx_word' id='word_1_564' title='bbox 423 5758 632 5812; x_wconf 79' lang='lat' dir='ltr'>fuisset</span> <span class='ocrx_word' id='word_1_565' title='bbox 661 5762 1044 5816; x_wconf 80' lang='lat' dir='ltr'>impietatem.</span> <span class='ocrx_word' id='word_1_566' title='bbox 1077 5761 1142 5814; x_wconf 90' lang='lat' dir='ltr'>B.</span> <span class='ocrx_word' id='word_1_567' title='bbox 1210 5759 1306 5816; x_wconf 73' lang='grc' dir='ltr'>(ιη)</span> <span class='ocrx_word' id='word_1_568' title='bbox 1339 5757 1400 5816; x_wconf 90' lang='grc' dir='ltr'>Β.</span> <span class='ocrx_word' id='word_1_569' title='bbox 1435 5773 1534 5816; x_wconf 77' lang='lat' dir='ltr'>qui</span> <span class='ocrx_word' id='word_1_570' title='bbox 1567 5757 1708 5814; x_wconf 81' lang='lat' dir='ltr'>illud</span> <span class='ocrx_word' id='word_1_571' title='bbox 1739 5759 1996 5816; x_wconf 79' lang='lat' dir='ltr'>edictum</span> <span class='ocrx_word' id='word_1_572' title='bbox 2069 5765 2331 5816; x_wconf 80' lang='lat' dir='ltr'>irexcrat.</span> <span class='ocrx_word' id='word_1_573' title='bbox 2392 5763 2474 5816; x_wconf 84' lang='grc' dir='ltr'>(η)</span> <span class='ocrx_word' id='word_1_574' title='bbox 2497 5763 2557 5816; x_wconf 89' lang='grc' dir='ltr'>Β.</span> <span class='ocrx_word' id='word_1_575' title='bbox 2593 5779 2736 5816; x_wconf 79' lang='lat' dir='ltr'>mori</span> <span class='ocrx_word' id='word_1_576' title='bbox 2765 5763 3060 5816; x_wconf 68' lang='lat' dir='ltr'>elicerent.</span> 
     </span>
    </p>
   </div>
   <div class='ocr_carea' id='block_1_50' title="bbox 423 5757 3060 5837">
    <p class='ocr_par' dir='ltr' id='par_1_50' title="bbox 423 5757 3060 5837">
     <span class='ocr_line' id='line_1_51' title="bbox 423 5757 3060 5837; baseline 0.003 -26"><span class='ocrx_word' id='word_1_577' title='bbox 423 5758 632 5812; x_wconf 87' lang='lat' dir='ltr'>fuisset</span> <span class='ocrx_word' id='word_1_578' title='bbox 661 5758 1044 5830; x_wconf 88' lang='lat' dir='ltr'>impietatem,</span> <span class='ocrx_word' id='word_1_579' title='bbox 1077 5761 1142 5814; x_wconf 90' lang='lat' dir='ltr'>B.</span> <span class='ocrx_word' id='word_1_580' title='bbox 1210 5759 1306 5828; x_wconf 91' lang='lat' dir='ltr'>(m)</span> <span class='ocrx_word' id='word_1_581' title='bbox 1339 5757 1400 5824; x_wconf 91' lang='lat' dir='ltr'>B,</span> <span class='ocrx_word' id='word_1_582' title='bbox 1435 5757 1534 5828; x_wconf 90' lang='lat' dir='ltr'>qui</span> <span class='ocrx_word' id='word_1_583' title='bbox 1567 5757 1708 5814; x_wconf 87' lang='lat' dir='ltr'>illud</span> <span class='ocrx_word' id='word_1_584' title='bbox 1739 5757 2000 5816; x_wconf 84' lang='lat' dir='ltr'>edictum</span> <span class='ocrx_word' id='word_1_585' title='bbox 2027 5757 2331 5816; x_wconf 84' lang='lat' dir='ltr'>direxerat.</span> <span class='ocrx_word' id='word_1_586' title='bbox 2392 5757 2557 5831; x_wconf 60' lang='lat' dir='ltr'>(nfB,</span> <span class='ocrx_word' id='word_1_587' title='bbox 2593 5762 2736 5818; x_wconf 89' lang='lat' dir='ltr'>mori</span> <span class='ocrx_word' id='word_1_588' title='bbox 2765 5757 3060 5837; x_wconf 81' lang='lat' dir='ltr'>eligerent.</span> 
     </span>
    </p>
   </div>
  </div>
