4050 6172
252 211 387 283 981,
904 216 1274 281 HISTORIA
1316 216 1419 279 DE
1461 216 1665 280 VITIS
1714 215 1851 281 ROB

2060 215 2182 278 NT.
2223 247 2302 260 -
2344 214 2408 277 s.
2457 215 2898 280 GREGORIUS
2941 216 3018 279 ιι.
3544 192 3659 283 res

410 353 475 412 et
530 349 1142 431 Constantinopolim
1199 350 1523 413 ducerent.
1587 351 1710 413 Sed
1769 349 2200 431 compescunit
2252 350 2377 411 tale
2434 349 2764 412 consilium
2822 350 3129 430 pontifex,
3190 370 3452 433 sperans
3507 374 3656 426 con-

291 458 369 518 15
411 457 762 520 versionem
822 458 1147 539 principis.
1210 459 1366 539 Ipsis
1421 459 1666 520 interea
1720 458 1942 520 diebus
2010 457 2437 532 Exhilaratus,
2497 456 2625 517 dux
2678 457 3013 537 Neapolis,
3074 459 3373 540 deceptus
3446 443 3665 525 diabod

420 556 545 618 lica
599 556 1005 636 instigatione
1062 575 1203 618 cum
1274 556 1403 618 filio
1468 576 1582 618 suo
1639 556 1917 618 Adriano
1972 555 2059 636 (a)
2115 554 2476 635 Campania:
2536 558 2744 635 partes
2812 555 3032 630 tenuit,
3094 557 3397 620 seducens
3455 578 3659 640 popu-

408 674 565 747 lum,
644 679 716 734 ut
795 673 1127 735 obedirent
1190 673 1562 755 imperatori
1633 679 1699 735 et
1768 672 2127 735 occiderent
2195 671 2580 752 pontificem.
2641 673 2816 733 Tunc
2886 673 3157 734 Romani
3226 694 3445 737 omnes
3515 696 3657 739 eum

408 789 604 850 secuti
659 789 1298 870 comprehenderunt,
1359 794 1423 851 et
1469 808 1611 851 cum
1658 789 1786 851 filio
1844 807 1958 851 suo
2019 788 2490 849 interfecerunt.
2550 787 2699 847 Post
2757 785 2941 847 hunc
2983 784 3060 867 (ὁ)
3117 794 3181 849 et
3238 791 3491 851 Petrum
3547 793 3657 854 du-

406 923 568 978 cem,
628 905 941 967 dicentem
999 912 1222 968 contra
1277 905 1640 986 pontificem
1697 904 2070 985 imperatori
2126 902 2447 983 scripsisse
2508 901 2603 983 (ς),
2665 902 3102 964 turbaverunt.

493 1027 654 1080 185
702 1019 903 1098 Igitur
945 1018 1333 1081 dissensione
1378 1020 1544 1081 facta
1588 1021 1652 1080 in
1698 1019 1984 1100 partibus
2026 1020 2364 1092 Ravennae,
2412 1017 2519 1078 alii
2562 1017 3021 1079 consentientes
3062 1018 3373 1099 impietati
3414 1019 3503 1101 (d)
3546 1022 3656 1082 im-

406 1135 738 1216 peratoris,
799 1135 909 1196 alii
970 1154 1116 1197 cum
1177 1136 1474 1217 pontifice
1537 1141 1600 1198 et
1660 1135 1949 1197 ﬁdelibus
2011 1153 2076 1196 se
2133 1139 2440 1207 tenentes,
2484 1133 2653 1193 intra
2696 1131 2764 1213 (ρ)
2820 1151 2927 1194 eos
2990 1134 3391 1197 contentione
3456 1142 3647 1212 mota,

408 1251 677 1313 Paulum
725 1252 1060 1332 patricium
1105 1251 1491 1315 occiderunt.
1541 1251 1975 1331 Longobardis
2036 1269 2185 1313 vero
2245 1249 2530 1311 [Emeliaa
2575 1254 2780 1311 castra
2821 1251 3215 1325 Ferorianus,
3265 1252 3648 1328 Montebelli,

406 1367 748 1429 Verablum
794 1367 881 1449 (Γ)
924 1387 1066 1429 cum
1106 1368 1232 1429 suis
1275 1368 1525 1449 oppidis
1566 1369 1742 1429 Buxo
1788 1372 1852 1428 et
1896 1366 2249 1427 Pernicteta
2291 1364 2401 1445 (g),
2447 1364 2813 1445 Pentapolis
2873 1385 3123 1445 quoque
3185 1373 3247 1428 et
3298 1370 3654 1433 Auximana

317 1486 359 1544 5
408 1484 629 1545 civitas
670 1502 736 1544 se
780 1483 1200 1546 tradiderunt.
1247 1486 1398 1545 Post
1458 1483 1718 1563 aliquod
1762 1499 1910 1543 vero
1968 1486 2219 1559 tempus
2270 1480 2649 1560 Eutychium
2715 1480 3050 1560 patricium
3112 1485 3491 1561 eunuchum,
3542 1490 3652 1568 qui

401 1599 642 1660 dudum
689 1598 1000 1661 exarchus
1043 1599 1270 1674 fuerat,
1317 1598 1646 1680 Neapolim
1692 1597 1862 1657 misit
1904 1596 2270 1676 imperator,
2324 1601 2391 1656 ut
2432 1595 2590 1656 illud
2633 1596 2803 1675 quod
2848 1598 3157 1659 exarchus
3198 1601 3451 1675 Paulus,
3503 1623 3649 1683 spa-

402 1714 597 1776 tbarii
641 1733 892 1796 quoque
936 1720 999 1776 et
1067 1716 1279 1777 caeteri
1339 1715 1654 1777 malorum
1718 1713 2153 1775 consiliatores
2215 1704 2423 1773 facere
2484 1711 2927 1791 nequiverunt,
2978 1715 3306 1793 perficeret
3346 1718 3493 1793 ille;
3540 1720 3648 1781 sed

397 1849 517 1892 nec
559 1831 670 1906 sic,
715 1830 1015 1892 innuente
1060 1829 1145 1911 (l2)
1186 1832 1339 1905 Deo,
1386 1830 1572 1892 latuit
1616 1828 1989 1891 miserabilis
2048 1827 2254 1901 dolus,
2300 1826 2410 1888 sed
2470 1826 2696 1888 claruit
2756 1828 2997 1889 cunctis
3057 1831 3394 1909 pessimum
3438 1834 3646 1896 consi-

394 1945 580 2019 lium,
627 1945 777 2026 quia
821 1945 890 2027 (ι)
936 1945 1166 2008 Christi
1225 1945 1464 2007 violare
1524 1944 1923 2007 conabantur
1983 1942 2297 2016 ecclesias,
2363 1946 2425 2004 et
2484 1944 2746 2023 perdere
2808 1947 3067 2005 cunctos
3126 1951 3318 2026 atque
3377 1948 3648 2029 diripere

269 2063 354 2123 10
399 2062 687 2124 omnium
732 2061 901 2124 bona
942 2061 1039 2142 (ᾖ.
1088 2064 1370 2142 Cumque
1436 2062 1710 2123 mitteret
1771 2060 2097 2122 hominem
2161 2058 2486 2140 proprium
2546 2060 2812 2121 Romam
2875 2079 3017 2121 cum
3079 2064 3326 2143 scriptis
3386 2066 3534 2140 suis,
3582 2067 3646 2127 in

384 2177 633 2259 .quibus
675 2177 1140 2253 continebatur,
1188 2184 1259 2239 ut
1304 2178 1586 2258 pontifex
1646 2178 2037 2239 occideretur
2098 2193 2241 2236 cum
2295 2175 2709 2256 optimatibus
2770 2179 3007 2250 Romae,
3075 2178 3291 2257 agnita
3345 2181 3647 2243 crudelis-

399 2293 564 2356 sima
604 2292 853 2354 insania
913 2294 1204 2373 protinus
1260 2294 1469 2374 ipsum
1534 2292 1902 2374 pratricium
1974 2291 2233 2352 missum
2281 2289 2360 2372 (lc)
2406 2290 2692 2353 occidere
2752 2292 3113 2370 voluerunt,
3179 2294 3297 2356 nisi
3366 2297 3646 2361 defensio

399 2409 720 2490 pontiﬁcis
763 2409 962 2471 nimia
1003 2410 1402 2490 praepediset.
1449 2412 1681 2473 Verum
1745 2407 2036 2469 eumdem
2100 2404 2798 2467 anathematizaverunt
2850 2408 3229 2487 Eutychium
3277 2412 3646 2491 exarchum,

396 2543 535 2587 sese
579 2525 793 2605 magni
836 2542 980 2587 cum
1026 2525 1236 2606 parvis
1299 2525 1799 2605 constringentes
1861 2527 2259 2585 sacramento
2304 2541 2635 2602 nunquam
2681 2522 3039 2601 pontificem
3088 2524 3457 2589 Christiana}
3500 2529 3648 2591 ﬁdei

272 2642 352 2703 15
398 2639 663 2702 zelotem
709 2646 773 2701 et
825 2639 1246 2702 Ecclesiarum
1304 2640 1696 2702 defensorem
1760 2658 1824 2700 se
1887 2638 2249 2719 permittere
2310 2637 2549 2711 noceri,
2588 2632 2729 2697 'aut
2788 2638 3090 2713 amoveri,
3136 2640 3245 2701 sed
3312 2644 3473 2704 mori
3534 2665 3647 2724 pro

395 2754 572 2816 illius
612 2755 816 2817 salute
875 2761 1083 2818 essent
1143 2775 1363 2818 omnes
1408 2756 1637 2836 parati.
1692 2756 1957 2817 Munera
2018 2758 2167 2813 tunc
2228 2752 2377 2813 hinc
2442 2752 2589 2813 inde
2652 2752 2918 2813 ducibus
2977 2756 3540 2834 Longobardorum
3586 2768 3649 2822 et

398 2869 534 2946 regi
577 2870 946 2950 pollicentes
990 2871 1058 2951 (Ι)
1105 2872 1398 2952 plurima,
1450 2875 1520 2932 ut
1562 2871 1641 2932 ab
1678 2868 2006 2951 juvamine
2049 2867 2424 2930 desisterent
2467 2867 2783 2948 pontificis
2826 2888 2939 2949 per
2979 2889 3124 2931 suos
3165 2872 3406 2951 legatos
3448 2877 3645 2956 patri-

399 2985 533 3047 cius
574 2986 679 3048 ille
722 2987 1051 3050 suadebat.
1097 2988 1214 3060 Qui
1260 2987 1577 3068 rescripsit
1622 2986 1727 3068 (γη)
1781 2984 2218 3048 detestandam
2288 2984 2406 3045 viri
2465 2984 2864 3047 dolositatem
2927 2986 3363 3068 despicientes,
3413 3011 3538 3054 una
3581 3013 3646 3055 se

396 3101 579 3182 quasi
622 3102 846 3164 fratres
890 3103 1037 3164 fidei
1080 3108 1307 3165 catena
1348 3103 1861 3165 constrinxerunt
1920 3100 2188 3163 Romani
2246 3108 2438 3181 atque
2497 3100 2914 3179 Longobardi,
2965 3103 3393 3169 desiderantes
3436 3110 3649 3171 cuncti

268 3218 353 3278 2O
398 3220 665 3277 mortem
709 3236 825 3297 pro
869 3217 1231 3281 defensione
1293 3218 1611 3299 pontificis
1671 3217 1979 3279 sustinere
2022 3216 2383 3300 gloriosam,
2433 3234 2760 3295 nunquam
2821 3217 2999 3278 illum
3062 3222 3307 3314 passuri
3368 3225 3645 3303 perferre

396 3330 771 3405 molestiam,
822 3352 936 3413 pro
982 3333 1104 3396 fide
1147 3352 1297 3395 vera
1340 3339 1400 3395 et
1421 3333 1921 3395 Christianorum
1978 3337 2325 3393 certantem
2373 3330 2463 3411 (η)
2520 3332 2744 3393 salute.
2808 3333 2916 3394 His
2968 3334 3058 3395 ita
3114 3354 3178 3397 se
3237 3335 3642 3414 habentibus,

393 3445 585 3525 elegit
655 3445 861 3526 majus
919 3448 1280 3528 praesidium
1341 3454 1523 3529 pater
1579 3448 1660 3530 (ο)
1719 3448 1826 3509 ille
1895 3446 2286 3509 destribuere
2363 3446 2746 3527 pauperibus
2820 3446 3174 3527 largissima
3247 3470 3437 3514 manu
3507 3473 3650 3533 quae

400 3561 777 3642 reperiebat,
824 3562 1194 3625 incumbens
1251 3564 1643 3626 orationibus
1699 3569 1762 3625 et
1810 3561 2094 3642 j‘ejuniis,
2151 3566 2213 3622 et
2269 3561 2517 3622 letaniis
2573 3564 2774 3623 Deum
2829 3563 3108 3641 quotidie
3172 3565 3653 3646 deprecabatur.

388 3679 471 3740 Et
521 3696 632 3757 spe
682 3677 773 3738 ita
826 3679 1131 3740 manebat
1182 3698 1433 3760 semper
1488 3680 1684 3741 fultus
1742 3679 1884 3760 plus
1941 3696 2131 3758 quam
2191 3676 2546 3751 hominum,
2608 3677 2844 3756 gratias
2901 3684 3116 3740 tamen
3176 3681 3488 3745 voluntati
3545 3705 3665 3766 po-

271 3795 361 3855 25
404 3792 543 3875 puli
598 3793 875 3855 referens
932 3813 1047 3875 pro
1107 3795 1334 3856 mentis
1391 3796 1741 3877 proposito,
1799 3794 2036 3855 blando
2092 3811 2314 3855 omnes
2370 3811 2683 3871 sermone,
2744 3798 2815 3853 ut
2883 3793 3062 3855 bonis
3131 3796 3195 3856 in
3256 3800 3453 3860 Deum
3515 3820 3666 3881 pro-

399 3908 666 3969 ficerent
735 3908 980 3970 actibus
1044 3915 1110 3971 et
1175 3911 1241 3971 in
1311 3910 1435 3972 fide
1502 3911 1934 3991 persisterent,
2003 3907 2295 3987 rogabat,
2357 3907 2463 3968 sed
2535 3925 2614 3968 ne
2683 3906 3059 3969 desisterent
3130 3910 3209 3971 ab
3284 3931 3497 3976 amore
3565 3915 3668 3976 vel

396 4022 523 4083 fide
576 4024 845 4084 Romani
902 4024 1153 4105 imperii
1209 4026 1618 4089 admonebat.
1651 4026 1741 4108 (ρ)
1796 4025 1898 4088 Sic
1956 4028 2329 4085 cunctorum
2390 4022 2584 4083 corda
2654 4022 3003 4097 molliebat,
3069 4031 3133 4086 et
3207 4025 3457 4089 dolores
3523 4049 3666 4091 con-

400 4138 613 4198 tinuos
665 4137 1027 4217 mitigabat.

486 4260 649 4312 188
708 4253 946 4314 Eodem
1003 4260 1289 4335 tempore
1349 4276 1461 4337 per
1516 4275 1605 4318 χι.
1655 4257 1878 4318 indict.
1953 4255 2101 4316 dolo
2176 4272 2215 4315 a
2272 4252 2701 4331 Longobardis
2760 4271 3094 4332 pervasum
3170 4262 3264 4317 est
3330 4258 3663 4321 Sueriense

391 4367 747 4443 castellum,
816 4369 989 4448 quod
1046 4389 1159 4450 per
1213 4378 1467 4433 centum
1541 4373 1965 4453 quadraginta
2019 4371 2154 4432 dies
2215 4368 2299 4450 (q)
2356 4368 2435 4429 ab
2501 4366 2735 4429 eisdem
2805 4369 3238 4448 Longobardis
3306 4391 3660 4453 possessum

399 4487 522 4543 est.
575 4482 696 4543 Sed
753 4485 1071 4564 pontificis
1131 4486 1346 4548 multis
1402 4487 1716 4549 continuis
1774 4486 2025 4566 scriptis
2081 4490 2271 4564 atque
2340 4481 2939 4544 commonitionibus
3004 4485 3083 4545 ad
3150 4505 3361 4565 regem
3436 4489 3661 4562 missis,

424 4598 719 4676 quamvis
772 4601 990 4661 multis
1046 4601 1209 4664 datis
1292 4604 1678 4677 muneribus,
1745 4603 1948 4664 saltim
2002 4601 2083 4681 (r)
2138 4598 2431 4661 omnibus
2498 4598 2625 4659 suis
2696 4600 3004 4661 nudatum
3074 4602 3319 4682 Opibus,
3391 4610 3665 4666 castrum

316 4715 359 4773 5
405 4712 816 4776 donationem
877 4716 1254 4780 beatissimis
1311 4720 1614 4800 apostolis
1667 4721 1853 4781 Petro
1926 4723 1990 4780 et
2053 4716 2253 4778 Paulo
2326 4714 2669 4775 antefatam
2738 4715 3030 4777 amittens
3101 4720 3667 4797 Longobardorum

401 4847 513 4888 rex
571 4831 842 4893 restituit
896 4837 1087 4913 atque
1145 4834 1427 4896 donavit.
1486 4838 1575 4897 Eo
1649 4840 1860 4897 autem
1930 4841 2235 4912 tempore,
2298 4828 2640 4890 indictione
2709 4846 2818 4905 xu,
2883 4849 3096 4893 mense
3159 4834 3488 4910 Januario,
3556 4854 3670 4916 per

398 4944 616 5006 decem
678 4952 739 5008 et
799 4949 1072 5029 amplius
1128 4950 1261 5012 dies
1332 4951 1535 5024 stella,
1610 4971 1752 5032 qua:
1823 4949 2067 5012 Antifer
2121 4946 2192 5027 (ε)
2252 4944 2585 5018 vocitatur,
2651 4964 2792 5006 cum
2868 4946 3059 5007 radiis
3116 4948 3180 5009 in
3243 4951 3405 5013 caelo
3463 4971 3664 5033 appa-

404 5059 534 5120 ruit
588 5061 653 5121 in
712 5064 1006 5139 Occiduo,
1070 5064 1141 5146 (ι)
1198 5064 1379 5145 cujus
1437 5066 1599 5127 radii
1672 5073 1884 5147 partes
1948 5060 2277 5144 Aquilonis
2352 5059 2792 5140 respiciebant,
2853 5066 2915 5121 et
2978 5082 3175 5143 usque
3244 5066 3324 5126 ad
3387 5068 3666 5129 medium

399 5176 634 5238 caelum
693 5198 758 5241 se
818 5180 1265 5243 extendebant.
1327 5183 1415 5244 Eo
1473 5201 1620 5244 vero
1700 5188 1983 5262 tempore
2054 5177 2283 5258 saepius
2356 5176 2507 5237 dicti
2580 5177 2927 5257 Eutychius
2996 5180 3295 5260 patricius
3369 5190 3432 5244 et
3496 5184 3669 5244 Luit-

274 5289 359 5351 10
403 5292 683 5370 prandus
742 5313 850 5356 rex
922 5296 1201 5357 inierunt
1275 5297 1608 5367 consilium
1686 5297 2021 5369 nefarium,
2083 5298 2154 5354 ut
2227 5290 2626 5370 congregatis
2695 5293 3073 5356 exercitibus
3148 5316 3255 5358 rex
3327 5296 3668 5376 subjiceret

1429 5448 1682 5493 NOTULE
1723 5444 2111 5492 MARGINALES
2153 5440 2472 5487 FABBOTTI.

303 5545 414 5628 ςα)
450 5549 861 5628 B,._Andriano.
949 5553 1026 5620 (h)
1059 5553 1355 5628 Posthac.
1445 5558 1517 5621 (τ’)
1545 5556 1605 5621 Β,
1640 5556 1902 5628 dicentes
1952 5550 2173 5605 turbati
2214 5548 2376 5628 quand
2430 5550 2631 5628 contra
2679 5549 3012 5628 pontificem
3061 5565 3295 5628 quoque
3326 5546 3667 5628 scripsisset

252 5616 332 5683 (εἰ)
359 5618 657 5698 pravitati.
719 5626 795 5698 (e)_
817 5616 1016 5698 interf
1047 5628 1119 5698 (Γ)
1150 5616 1462 5683 Ρροιιιειηειξ
1488 5616 1778 5686 Mostella,
1802 5626 1851 5677 Vi

2082 5640 2140 5698 n.
2318 5616 2711 5698 Bersicedaﬁ.
2750 5621 3044 5698 Prae-cutio.
3078 5616 3479 5698 __(_I.z)'juhente.
3508 5623 3675 5698 __(z')B,

238 5689 384 5771 quq.
542 5691 605 5771 B_,
634 5694 838 5771 omnia
857 5693 1002 5771 loca.
1178 5698 1469 5771 sententia
1502 5699 1743 5754 Romani
1798 5716 1832 5768 p

2109 5692 2295 5771 ipsius
2329 5689 2869 5771 PattZiCllhfnlSSl'lfl].
2932 5694 2989 5771 (ζ)
3023 5689 3320 5771 pollicens.
3373 5695 3473 5771 (τῃ)
3508 5693 3570 5755 Β,
3609 5708 3676 5771 ex

243 5758 514 5840 scriptis.
569 5767 651 5840 (η)
683 5769 993 5840 certantes.
1052 5758 1135 5836 (ὀ)’
1157 5784 1327 5838 papa.
1389 5769 1468 5840 (p)
1497 5772 1706 5825 Baron.
1739 5758 1820 5824 ml

2073 5758 2142 5820 ἔθ’
2164 5766 2221 5817 in
2249 5761 2387 5833 fine.
2448 5764 2525 5830 (q)
2556 5760 2621 5825 Β,
2654 5762 2723 5814 40
2749 5760 2891 5815 dies.
2950 5758 3035 5828 (rj
3052 5763 3266 5816 tamen.
3300 5758 3461 5833 (3)70,
3512 5761 3672 5816 auri-

239 5826 359 5905 fer.
368 5826 432 5903 'f.
460 5826 712 5895 Lucifer.
773 5837 835 5911 (ι)
860 5826 1077 5897 Βανονί⁸
1107 5826 1254 5896 ἀἱιηῖ
1287 5826 1414 5897 729ζ
