4024 6176
425 154 541 215 983
1565 148 1974 211 ANASTASII

2165 145 2671 225 nornecxnu.
3657 149 3754 215 υω

586 285 774 345 duces
831 263 1241 361 Spoletanum
1299 287 1362 342 et
1417 283 1953 356 Beneventanum,
2014 284 2078 341 et
2127 277 2438 340 exarchus
2498 281 2783 354 Romam,
2845 282 3112 358 etquae
3167 276 3403 357 pridem
3466 277 3538 341 de
3591 281 3760 360 ponti-

416 439 448 461 .
586 398 721 459 ﬁcis
778 415 1050 477 persona
1099 397 1313 476 jussus
1370 399 1597 472 fuerat,
1659 397 1971 478 impleret.
2034 393 2151 465 Qui
2203 412 2310 455 rex
2369 392 2692 473 Spoletam
2749 391 3030 466 veniens,
3089 392 3390 472 susceptis
3441 392 3766 476 abutrisque

586 513 850 575 ducibus
907 514 1317 575 sacramentis
1386 520 1575 595 atque
1637 513 1981 587 obsidibus,
2043 529 2186 572 cum
2244 515 2377 570 tota
2430 527 2551 607 sua
2608 507 2865 569 cohorte
2923 506 3004 589 (α)
3062 507 3127 568 in
3224 508 3478 569 Neronis
3529 528 3770 591 campum

589 631 864 692 secessit.
921 631 1016 691 Ad
1075 649 1261 710 quem
1322 649 1609 709 egressus
1664 629 1976 710 pontifex,
2036 626 2217 705 eique
2274 629 2715 704 praesentatus,
2772 623 3011 685 studuit
3066 628 3136 683 ut
3193 624 3396 704 potuit
3458 625 3606 705 regis
3653 629 3775 689 mol-

471 750 544 809 15
592 745 708 807 lire
767 744 1047 807 animum
1106 745 1600 806 commonitione
1658 743 1783 824 pia,
1843 744 1930 804 ita
1991 747 2061 802 ut
2116 760 2182 802 se
2247 746 2676 821 prosterneret
2744 739 2878 819 ejus
2952 739 3238 820 pedibus,
3312 743 3377 800 et
3438 740 3778 819 promitteret

595 880 659 923 se
717 859 877 921 nulli
932 860 1165 922 inferre
1221 861 1592 922 laesionem:
1657 865 1847 940 atque
1914 858 2003 920 sic
2073 857 2153 918 ad
2216 862 2457 918 tantam
2515 856 3065 937 compunctionem
3134 855 3253 935 piis
3323 855 3565 918 monitis
3620 856 3780 920 ﬂexus

599 981 713 1052 est,
772 980 842 1036 ut
898 995 1039 1056 quae
1095 976 1304 1037 fuerat
1359 976 1638 1050 indutus,
1695 979 1974 1048 exueret,
2032 977 2092 1034 et
2151 976 2296 1034 ante
2353 990 2582 1053 corpus
2638 970 2910 1052 apostoli
2964 976 3226 1052 poneret
3280 976 3577 1046 meantum,
3628 974 3780 1035 armi-

600 1091 864 1153 lausiam
920 1090 1033 1172 (6),
1096 1092 1398 1167 balteum,
1466 1097 1710 1172 spatam
1776 1096 1967 1171 atque
2034 1107 2246 1150 ensem
2313 1088 2712 1162 deauratum,
2784 1082 3031 1148 necnon
3100 1104 3395 1148 coronam
3465 1105 3692 1149 auream
3736 1096 3785 1151 et

602 1225 850 1269 crucem
907 1214 1295 1287 argenteam.
1357 1211 1509 1270 Post
1563 1208 1922 1270 orationem
1981 1205 2210 1266 factam
2274 1202 2627 1264 obsecravit
2684 1202 3047 1283 pontiﬁcem
3105 1207 3179 1263 ut
3220 1208 3620 1266 memoratum
3649 1222 3789 1265 exar-

481 1322 561 1383 20
602 1321 789 1383 chum
852 1322 928 1382 ad
990 1323 1161 1402 pacis
1219 1323 1622 1385 concordiam
1681 1321 1996 1402 suscipere
2052 1320 2444 1399 dignaretur,
2505 1318 2674 1399 quod
2729 1323 2793 1380 et
2848 1319 3086 1379 factum
3143 1322 3260 1380 est.
3319 1319 3395 1379 Et
3450 1318 3534 1379 sic
3584 1320 3789 1381 recessit

602 1456 748 1517 rege
806 1438 1162 1501 declinante
1219 1458 1258 1499 a
1317 1440 1520 1513 malis,
1578 1439 1808 1519 quibus
1864 1438 2113 1510 inierat,
2176 1434 2455 1497 consiliis
2512 1452 2655 1497 cum
2713 1433 3009 1496 exarcho.

696 1562 853 1617 18‘!
916 1554 1115 1635 Igitur
1171 1554 1445 1617 cxarcho
1504 1557 1719 1617 Ilomm
1795 1552 2089 1627 moranti,
2150 1552 2325 1613 venit
2387 1551 2451 1612 in
2512 1550 2797 1631 partibus
2852 1549 3094 1611 Tuscia:
3150 1549 3216 1610 in
3272 1556 3544 1611 castrum
3596 1550 3791 1612 Mantu-

608 1670 1003 1752 rianense(c)
1061 1671 1315 1752 quidam
1376 1672 1687 1746 seductor,
1747 1670 2032 1733 Tiberius
2089 1668 2366 1746 nomine,
2427 1667 2527 1729 cui
2586 1684 2935 1747 cognomen
2992 1669 3127 1727 erat
3197 1665 3503 1739 Petasius,
3558 1666 3658 1746 qni
3701 1666 3790 1727 sibi

609 1806 873 1866 regnum
935 1787 1201 1848 Romani
1255 1787 1505 1867 imperii
1560 1806 1867 1868 usurpare
1924 1785 2298 1847 conabatur.
2358 1782 2646 1845 Leviores
2717 1799 2971 1862 quoque
3039 1780 3362 1862 decipiens
3416 1781 3503 1842 ita
3554 1787 3619 1842 ut
3662 1781 3795 1843 Man-

610 1901 1027 1975 turianenses,
1086 1905 1406 1963 Lunenscs
1460 1907 1649 1982 atque
1707 1902 1968 1964 Blcdani
2025 1900 2110 1982 (d)
2170 1899 2228 1961 ei
2301 1902 2696 1960 sacramenta
2767 1896 3229 1978 praestitissent.
3290 1897 3605 1961 Exarcbus
3663 1916 3797 1969 vero,

531 2018 567 2076 5
614 2013 749 2076 haec
809 2015 1093 2091 audiens,
1152 2016 1446 2078 turbatus
1503 2022 1616 2091 est,
1680 2035 1867 2096 quem
1924 2015 2351 2077 sanctissimus
2409 2032 2577 2094 papa
2632 2013 3019 2087 confortans,
3080 2017 3145 2074 et
3206 2030 3355 2074 cum
3433 2030 3505 2075 eo
3568 2030 3802 2094 proceres
3920 2038 3921 2041 η

613 2130 906 2192 Ecclesiae
964 2131 1218 2193 mittens
1273 2138 1464 2212 atque
1521 2132 1831 2196 exercitus
1889 2131 2154 2212 profecti
2210 2135 2377 2191 sunt.
2442 2130 2557 2202 Qui
2615 2129 2959 2203 venientes,
3020 2129 3085 2189 in
3140 2128 3664 2190 Mantuarianensi
3711 2146 3802 2189 cas
3920 2158 3921 2212 ,

619 2246 767 2306 tello
837 2242 1069 2307 ibidem
1134 2247 1417 2307 Petasius
1490 2249 1906 2327 interemptus
1980 2252 2095 2308 est.
2171 2244 2365 2323 Cujus
2429 2245 2773 2318 abscissum
2842 2250 3034 2325 caput
3096 2245 3686 2326 Constantinopolim
3747 2243 3804 2305 ad
3920 2242 3921 2313 Ῑ

619 2360 969 2441 principem
1030 2361 1285 2422 missum
1343 2368 1456 2436 est,
1518 2367 1580 2423 et
1637 2380 1753 2423 nec
1808 2362 1897 2422 sic
1954 2361 2255 2423 Romanis
2310 2360 2565 2440 plenam
2623 2360 2893 2440 gratiam
2950 2360 3222 2440 largitus
3280 2366 3377 2423 est
3424 2361 3747 2442 imperator.

708 2485 870 2537 iss
931 2479 1087 2538 Nam
1148 2482 1290 2557 post
1354 2477 1492 2539 haec
1549 2477 1776 2539 claruit
1839 2476 2121 2556 ejusdem
2192 2476 2589 2556 imperatoris
2659 2476 2919 2551 malitia,
2993 2495 3109 2557 pro
3188 2495 3320 2557 qua
3382 2476 3805 2558 persequebatur

619 2592 1002 2672 pontiﬁcem,
1081 2593 1173 2653 ita
1245 2598 1314 2653 ut
1382 2593 1790 2673 compelleret
1858 2610 2080 2653 omnes
2148 2591 2759 2671 Constantinopolim
2829 2591 3211 2667 habitantes,
3290 2598 3419 2654 tam
3493 2592 3698 2654 virtute
3752 2590 3805 2671 (e)

617 2726 939 2788 quamque
1000 2708 1473 2783 blandimentis,
1532 2714 1603 2768 ut
1659 2709 2070 2789 deponerent,
2133 2707 2493 2787 ubicunque
2550 2707 2956 2781 haberentur,
3018 2708 3331 2788 imagines
3362 2714 3486 2769 tam
3526 2706 3804 2770 Salvatoris

621 2842 938 2904 quamque
997 2824 1133 2904 ejus
1192 2825 1522 2887 Gcnilricis
1576 2831 1810 2887 sanctae
1885 2826 1983 2885 vel
2058 2824 2341 2885 omnium
2411 2829 2795 2898 sanctorum,
2872 2843 3107 2904 easque
3168 2825 3235 2886 in
3308 2825 3510 2887 medio
3571 2821 3802 2893 civitatis,

543 2940 579 2997 5
624 2939 796 3017 quod
853 2939 1059 2999 dicere
1119 2940 1371 3001 crudele
1426 2945 1542 3014 est,
1601 2940 1733 3019 igni
1811 2946 2182 3015 cremarent,
2247 2945 2311 3001 et
2377 2958 2595 3013 omnes
2660 2939 3031 3002 dealbarent
3083 2939 3372 3021 depictas
3427 2938 3706 3001 ecclesias.
3749 2936 3806 2995 Et

622 3054 771 3132 quia
836 3053 1122 3132 plerique
1193 3072 1269 3115 ex
1335 3054 1614 3132 ejusdem
1685 3055 1955 3116 civitatis
2012 3055 2249 3135 populo
2322 3056 2448 3117 tale
2516 3055 2719 3116 scelus
2788 3055 2927 3116 ﬁeri
3000 3056 3500 3136 praepediebant,
3557 3049 3805 3133 aliquanti

621 3168 827 3247 capite
883 3169 1177 3243 truncati,
1239 3170 1347 3230 alii
1402 3175 1645 3250 partem
1698 3169 1803 3251 (f)_
1838 3170 2119 3251 corporis
2193 3171 2405 3248 excisi,
2479 3190 2732 3251 poenam
2807 3172 3227 3252 pertulerunt.
3308 3175 3430 3234 Pno
3493 3188 3612 3252 qua
3665 3182 3805 3228 causa

620 3282 806 3344 etiam
867 3284 1270 3358 Germanum,
1331 3292 1563 3348 sanctae
1620 3287 2341 3367 Constantinopolitanae
2396 3288 2690 3350 Ecclesiae
2739 3287 3112 3361 antistitem,
3174 3306 3252 3350 eo
3311 3288 3479 3369 quod
3507 3287 3559 3349 ei
3610 3299 3807 3347 consen-

616 3417 754 3459 sum
816 3398 1096 3479 praebere
1150 3401 1475 3475 noluisset,
1532 3401 1905 3481 pontiﬁcatu
1963 3403 2235 3482 privavit
2285 3402 2483 3463 isdem
2536 3402 2900 3482 imperator,
2963 3402 3208 3483 sibique
3268 3403 3627 3484 complicem
3664 3400 3806 3461 Anas-
3920 3398 3921 3437 ι

497 3514 574 3574 10
617 3513 843 3573 tasium
902 3515 1337 3594 presbyterum
1393 3516 1455 3575 in
1517 3516 1652 3594 ejus
1710 3517 1849 3577 loco
1908 3516 1994 3597 (g)
2049 3517 2396 3578 constituit.
2461 3516 2580 3589 Qui
2640 3517 2830 3579 missa
2886 3520 3151 3579 Romam
3211 3519 3518 3599 synodica
3572 3511 3786 3577 dumtal

619 3627 847 3689 hazresi
905 3647 1045 3689 eum
1106 3631 1600 3708 consentientem
1663 3632 1987 3711 reperiret,
2050 3631 2144 3691 vir
2200 3636 2453 3691 sanctus
2482 3649 2608 3692 non
2666 3631 2911 3693 censuit
2966 3650 3110 3693 eum
3166 3633 3429 3695 fratrem
3486 3636 3591 3693 aut
3637 3643 3806 3690 consa-

619 3743 934 3805 cerdotem
994 3744 1177 3806 solito
1230 3746 1460 3821 vocari,
1512 3726 1626 3807 iscd
1687 3746 2003 3827 rescriptis
2061 3745 2557 3808 commonitoriis
2624 3746 2743 3810 nisi
2811 3747 2889 3809 ad
2956 3747 3342 3811 catholicam
3406 3749 3804 3811 converteretur

617 3858 805 3919 ﬁdem
866 3859 1054 3921 etiam
1113 3866 1425 3922 extorrem
1486 3880 1525 3922 a
1578 3861 1955 3923 sacerdotali
2008 3861 2218 3922 ofﬁcio
2275 3879 2409 3922 esse
2468 3862 2810 3931 mandavit.
2873 3864 3255 3944 Imperatori
3306 3882 3554 3945 quoque
3597 3859 3804 3923 suadens

620 3972 945 4050 salutaria,
1008 3981 1078 4036 ut
1134 3994 1173 4037 a
1236 3976 1345 4036 tali
1404 3976 1771 4038 exsecrabili
1828 3976 2080 4038 miseria
2135 3976 2503 4051 declinaret,
2560 3976 2811 4057 scriptis
2852 3977 3267 4041 commonuit.

707 4098 872 4150 189
937 4090 1050 4151 Hic
1118 4091 1265 4152 fecit
1338 4091 1595 4153 calicem
1672 4108 1935 4152 aureum
2009 4092 2399 4172 praecipuum
2476 4091 2735 4153 diversis
2804 4100 3098 4155 ornatum
3173 4094 3494 4176 lapidibus
3560 4085 3805 4176 pretiosis,

623 4224 799 4285 pcns.
861 4205 971 4266 lib.
1033 4191 1198 4281 xxx;
1256 4206 1543 4266 similiter
1593 4212 1656 4267 et
1714 4211 2008 4285 patenam
2066 4224 2348 4280 auream,
2423 4225 2600 4286 pens.
2657 4207 2766 4268 lib.
2813 4225 3010 4271 xxvm
3067 4214 3131 4270 et
3215 4210 3430 4271 semis.
3491 4208 3594 4270 Hic
3670 4200 3805 4264 dimi-

622 4323 703 4382 sit
759 4320 931 4382 omni
984 4321 1173 4394 clero,
1235 4321 1653 4394 monasteriis,
1717 4321 2024 4382 diaconia:
2084 4326 2147 4383 et
2201 4321 2641 4382 mansionariis
2683 4321 2916 4384 solidos
2972 4325 3097 4387 duo
3156 4325 3363 4386 millia
3408 4329 3639 4386 centum
3679 4332 3809 4380 sexa-

623 4436 824 4517 ginta,
872 4441 935 4497 ct
977 4436 1056 4497 ad
1103 4437 1450 4498 luminaria
1493 4438 1677 4498 beati
1722 4438 1893 4499 Petri
1938 4437 2212 4517 apostoli
2258 4438 2491 4497 solidos
2534 4438 2703 4499 mile.
2749 4438 2862 4500 llic
2904 4439 3044 4500 fecit
3089 4440 3518 4502 ordinationes
3569 4435 3804 4517 quinque.

624 4553 923 4613 diaconos
980 4559 1275 4632 quatuor,
1351 4554 1677 4633 episcopos
1734 4572 1847 4633 per
1893 4553 2145 4616 diversa
2199 4552 2337 4614 loca
2390 4559 2641 4615 centum
2708 4554 3192 4634 quinquaginta.
3222 4556 3349 4643 Qui
3377 4555 3557 4617 etiam
3585 4548 3806 4630 sepultus

625 4674 719 4729 est
774 4668 855 4729 ad
907 4668 1160 4729 beatum
1218 4670 1472 4729 Petrum
1530 4670 1883 4749 apostolum
1939 4669 2056 4729 sub
2113 4669 2215 4730 die
2272 4685 2340 4730 III
2398 4670 2545 4731 Idus
2602 4670 2950 4745 Februarii,
3012 4671 3080 4733 in
3136 4671 3288 4732 dict.
3348 4687 3471 4746 ΧΠ,
3529 4672 3703 4730 Leone
3755 4662 3800 4720 et

627 4782 1034 4843 Constantino
1095 4783 1602 4864 imperatoribus.
1666 4786 1745 4846 Et
1800 4785 2064 4846 cessavit
2131 4785 2530 4866 episcopatus
2582 4786 2715 4848 dies
2772 4787 3053 4867 quinque
3110 4806 3390 4850 mensem
3449 4800 3647 4848 unum.

1650 4952 1898 4998 NOTULE
1939 4952 2327 4999 MABGINALRS
2370 4953 2680 4999 FABROTTI.

537 5085 970 5159 (q)_eum_omni
1001 5103 1105 5159 suo
1137 5085 1443 5159 exercitu.”
1500 5086 1575 5159 (b)
1608 5085 1878 5143 Armillas
1921 5087 2039 5159 sive
2080 5088 2144 5144 B.
2184 5086 2587 5144 armillariam.

463 5156 540 5229 (Α)
573 5155 800 5212 Blerani
833 5156 893 5213 C.
954 5157 1023 5229 (ε)
1054 5157 1128 5213 vi.
1189 5160 1259 5229 (f)
1281 5157 1339 5212 in
1373 5155 1569 5231 aliqua
1597 5163 1780 5232 parte.
1843 5160 1918 5232 (g)
1949 5158 2164 5216 locum.

1817 5303 2059 5358 VARIZE
2097 5301 2511 5359 LECTIONES.

2141 5423 2197 5489 Α
2224 5419 2434 5545 perdes
2464 5434 2612 5544 pene
2642 5422 2931 5475 trecentos
2961 5434 3096 5474 eum
3128 5434 3328 5476 eorum
3367 5409 3639 5472 Castaldio
3665 5406 3797 5460 inter

2249 5508 2459 5545 ecerun
2494 5531 2506 5543 .

2249 5508 2506 5546 CCBI‘UDL

2292 5562 2453 5615 Nam.
2488 5561 2718 5625 185,11n
2742 5563 2773 5617 4
2806 5561 2964 5616 BuxO
2996 5562 3295 5618 Persiceta.

2290 5638 2338 5687 Ν
2347 5648 2456 5705 um.
2492 5610 2614 5705 {86:
2647 5634 2735 5688 ιίη
2766 5634 2815 5694 1,
2846 5610 3620 5705 persuasum'estﬁutriepse
3636 5610 3793 5705 casio}

2220 5701 2345 5777 lum
2353 5704 2483 5777 .Alin
2510 5704 2565 5770 5,
2597 5697 2890 5762 antefatlis
2912 5705 3186 5763 eminens
3206 5697 3788 5777 Langobardoruml'eX.

2218 5776 2295 5832 lin
2328 5775 2413 5844 19,
2447 5779 2676 5847 spetam
2707 5779 2880 5847 atque
2908 5793 3109 5835 ensem
3139 5775 3459 5837 deaurdtos.
3711 5780 3731 5810 '

2668 5086 2735 5161 (ε)
2768 5087 3301 5153 Mantuarianense.
3334 5089 3396 5149 G.
3431 5087 3797 5163 Met-uranense.

974 5417 1057 5470 Ex
1086 5416 1263 5473 codice
1291 5418 1624 5474 Farnesiano

535 5562 699 5612 Num.
733 5557 857 5623 177,
890 5560 973 5614 lin
1006 5559 1056 5625 1,
1093 5559 1244 5614 sedit
1271 5575 1453 5613 annos
1507 5576 1600 5623 xv,
1630 5574 1796 5611 mens
1836 5575 1953 5624 vm,
1988 5560 2112 5615 dies

462 5645 594 5685 xxrv
628 5645 639 5682 :
670 5638 790 5700 post
816 5646 1014 5700 paucos
1045 5647 1230 5685 versus
1262 5632 1321 5684 in
1350 5628 1477 5685 Cod.
1510 5630 1729 5691 Fa-rncs,
1753 5630 1969 5684 Folium
2026 5634 2109 5686 τή-

464 5707 675 5769 tegrum.
704 5699 864 5755 deest.

534 5771 694 5825 Num.
738 5773 959 5837 181,1in
990 5774 1076 5828 11.
1110 5773 1357 5842 sequitur
1375 5778 1549 5826 textus
1569 5775 1777 5829 Fames
1807 5777 1863 5828 et
1881 5773 2105 5846 Longo-
