4050 6172
401 65 574 166 loss
1559 93 1973 174 ANASTASH
2015 98 2670 184 BlBLIOTHEGABH-
3613 117 3738 198 rei

415 219 600 350 lingua.
623 220 898 308 facinoris
927 223 1208 307 memoria
1238 224 1545 299 deperiret,
1578 228 1885 312 Anastasio
1925 229 2060 312 huic
2089 231 2145 300 Α
2171 232 2478 304 Altissimi,
2511 253 2686 308 quem
2718 236 2779 296 in
2809 236 3070 317 apostolo
3107 255 3221 314 suo
3271 244 3428 304 Peneo
3470 245 3738 325 mum

417 310 601 350 GOlCl
632 294 1005 350 inserendam
1037 295 1314 350 duxrmus
1363 300 1433 350 ad
1482 316 1760 350 maiorem
1813 299 2056 350 gloriam
2175 305 2573 350 nrmdimmnq,
3348 297 3354 316 ί
3619 313 3668 320 ·-
3730 319 3735 325 -

417 294 601 366 codici
632 294 1005 362 inserendam
1037 294 1330 361 duximus
1363 300 1434 355 ad
1482 301 1762 370 majorem
1812 299 2058 374 gloriam
2089 294 2145 300 ’“
2174 294 2576 377 przndicamus.

1468 643 1664 718 XCII.
1722 646 2092 720 SANCTUS
2143 650 2606 725 GREGORIUS
2659 655 2771 728 ΙΙΙ.

1443 812 1609 859 ΔιηΝο
1652 813 1888 860 cunisri
1929 799 2068 874 731,
2118 815 2323 863 LEONIS
2366 819 2634 866 lSAURICI
2685 804 2782 865 16.

664 1071 828 1126 190
873 1064 1206 1143 Gregorius
1249 1067 1490 1140 tertius,
1539 1069 1793 1129 natione
1857 1072 2073 1150 Syrus,
2121 1089 2198 1132 ex
2260 1077 2438 1152 patre
2482 1073 2750 1150 Joanne,
2797 1072 2960 1147 sedit
3020 1091 3220 1133 annos
3275 1072 3507 1148 decem,
3560 1093 3758 1138 menses

574 1184 742 1252 octo,
805 1179 938 1240 dies
993 1179 1213 1260 viginti
1273 1181 1383 1262 (a).
1446 1185 1556 1244 Vir
1620 1184 1987 1246 mitissimus
2047 1191 2111 1247 et
2179 1187 2362 1249 valde
2439 1188 2712 1268 sapiens,
2773 1188 2836 1248 in
2919 1187 3146 1250 divinis
3223 1187 3548 1268 Scripturis
3614 1191 3758 1251 sufﬁ-

577 1295 813 1356 cienter
869 1296 1234 1375 instructus,
1303 1301 1516 1362 Grmca
1590 1301 1938 1384 Latineque
2019 1301 2237 1384 lingua
2315 1303 2616 1378 eruditus,
2688 1303 2968 1385 psalmos
3035 1321 3255 1372 omnes
3341 1323 3449 1382 per
3522 1303 3758 1382 ordinem

578 1410 938 1472 memoriter
991 1414 1288 1489 retinens,
1354 1421 1416 1476 et
1474 1415 1538 1480 in
1600 1435 1817 1478 eorum
1880 1419 2166 1480 sensibus
2226 1418 2633 1482 subtilissima
2701 1418 3152 1483 exercitatione
3224 1417 3496 1490 limatus.
3562 1420 3762 1498 Lingua

497 1529 535 1588 5
576 1547 829 1607 quoque
872 1528 934 1590 in
981 1529 1249 1592 lectione
1293 1531 1514 1612 polita,
1561 1533 1930 1595 exhortator
1971 1535 2252 1598 omnium
2311 1535 2621 1596 bonorum
2684 1552 2971 1613 operum,
3021 1533 3318 1614 plebique
3379 1534 3763 1602 ﬂorentissime

576 1644 878 1712 salutaria
939 1647 1306 1726 praedicans,
1366 1647 1513 1710 fidei
1575 1649 1904 1712 catholicae
1967 1657 2029 1713 et
2087 1651 2450 1732 apostolica)
2511 1649 2888 1722 immutilate
2951 1655 3383 1734 conservator,
3456 1651 3765 1731 perenniter

573 1779 688 1820 sua
735 1761 992 1834 monita,
1039 1763 1232 1823 corda
1273 1763 1552 1825 ﬁdelium
1594 1767 2032 1841 corroborans,
2081 1767 2456 1829 orthodoxa:
2499 1766 2644 1827 fidei
2688 1765 3025 1842 inmolator
3067 1783 3140 1825 ac
3202 1765 3491 1839 defensor
3544 1765 3764 1827 fortissi-

578 1893 740 1942 mus.
788 1877 1179 1956 paupertatis
1241 1885 1507 1953 amator,
1554 1887 1616 1942 et
1675 1899 1826 1962 erga
1887 1882 2106 1962 inopes
2168 1883 2454 1963 provisor
2519 1881 2600 1963 (ὁ)
2664 1900 2786 1952 non
2853 1882 3057 1954 solum
3120 1880 3352 1952 mentis
3412 1880 3646 1960 pietate.
3684 1882 3765 1952 sed

577 1991 766 2064 studii
826 1992 922 2053 sui
982 1993 1198 2056 labore
1261 1996 1585 2074 sollicitus,
1648 1999 2043 2078 captivorum
2107 1999 2296 2061 etiam
2360 1999 2740 2078 redemptor,
2799 1995 3240 2077 orphanorum
3305 2014 3548 2096 quoque
3591 2003 3646 2072 et
3696 1997 3766 2058 vi-

459 2109 536 2168 10
576 2107 846 2169 duarum
913 2109 1196 2190 largitor,
1257 2116 1610 2176 necessaria
1689 2115 1992 2190 tribuens,
2055 2123 2304 2177 amator
2374 2113 2801 2195 religiositatis
2861 2114 2928 2174 in
2994 2112 3356 2174 Christiana
3423 2131 3629 2172 norma
3687 2111 3766 2192 (c),

577 2227 641 2284 et
708 2224 995 2304 religiose
1065 2225 1420 2288 volentibus
1484 2230 1690 2291 vivere
1760 2237 1824 2292 et
1881 2231 1994 2293 Dei
2053 2232 2345 2292 timorem
2408 2230 2793 2294 habentibus
2835 2228 2944 2310 (d),
2991 2229 3058 2291 in
3119 2229 3252 2301 suis
3312 2229 3652 2309 praecordiis
3697 2228 3768 2288 dio

577 2339 774 2400 lector
832 2339 911 2426 (e)
979 2342 1273 2420 existens,
1347 2347 1475 2406 Deo
1543 2347 1814 2421 favente,
1872 2347 2156 2427 pervenit
2225 2347 2304 2406 ad
2375 2365 2622 2408 sacrum
2695 2347 2985 2408 ordinem
3057 2345 3545 2437 presbyteratus.
3609 2346 3768 2428 Quem

580 2456 697 2522 viri
740 2459 1005 2519 Romani
1046 2479 1156 2521 seu
1199 2479 1418 2523 omnes
1467 2464 1706 2543 populi,
1755 2483 1792 2525 a
1836 2483 2066 2544 magno
2110 2484 2309 2544 usque
2352 2465 2433 2526 ad
2478 2483 2766 2544 parvum,
2813 2463 3030 2526 divina
3069 2461 3482 2543 inspiratione
3522 2460 3768 2541 permoti,

580 2573 788 2640 subito
832 2594 999 2646 eum,
1046 2575 1195 2637 dum
1239 2576 1376 2658 ejus
1437 2579 1726 2642 decessor
1765 2580 1842 2642 dc
1887 2579 2007 2642 hoc
2063 2579 2293 2642 saeculo
2356 2580 2709 2660 migrasset,
2757 2579 2907 2654 dum
2973 2584 3117 2646 ante
3179 2578 3481 2648 feretrum
3529 2576 3588 2640 in
3626 2576 3770 2640 ObSC'.

461 2694 538 2752 45
584 2693 734 2776 quio
778 2693 876 2754 sui
919 2694 1330 2755 antecessoris
1372 2700 1537 2756 esset
1577 2695 1858 2757 intentus
1903 2696 2000 2776 (Ι),
2036 2696 2095 2757 vi
2137 2697 2547 2757 abstollentes
2593 2696 2656 2756 in
2704 2696 3108 2776 pontiﬁcatus
3149 2693 3436 2766 ordinem
3479 2693 3770 2774 elegerunt.

667 2818 820 2872 191
883 2809 1027 2871 Fuit
1083 2815 1292 2876 autem
1369 2811 1755 2892 temporibus
1814 2813 2040 2874 Leonis
2125 2817 2190 2873 et
2247 2811 2643 2880 Constantini
2703 2810 3188 2891 imperatorum,
3257 2828 3334 2872 ea
3393 2807 3769 2890 persecutione

582 2931 907 3008 grassante
949 2944 1092 3008 qum
1136 2945 1248 3006 per
1288 2927 1459 3008 ipsos
1505 2934 1678 2990 mota
1733 2934 1825 2989 est
1885 2927 1964 2988 ad
2033 2928 2491 3010 depositionem
2555 2934 2618 2988 et
2679 2926 3168 2998 destructionem
3217 2943 3536 2988 sacrarum
3590 2922 3773 3002 imagi-

583 3061 733 3102 num
777 3043 1025 3104 Domini
1070 3043 1266 3103 nostri
1323 3045 1470 3106 Jesu
1531 3043 1761 3106 Christi
1821 3050 1886 3105 et
1943 3049 2176 3106 sanctae
2220 3045 2331 3106 Dei
2375 3044 2725 3117 Genitricis,
2773 3049 3135 3104 sanctorum
3198 3041 3618 3129 apostolorum
3665 3057 3770 3098 om.

581 3158 884 3238 niumque
950 3164 1310 3226 sanctorum
1375 3166 1439 3222 et
1493 3161 1946 3235 confessorum,
2010 3180 2126 3241 pro
2192 3160 2420 3241 quibus
2489 3159 2689 3222 isdem
2755 3157 3189 3233 sanctissimus
3265 3158 3382 3232 vir,
3441 3162 3509 3232 ut
3563 3155 3634 3230 ab
3685 3154 3775 3216 hoc

505 3277 542 3336 5
585 3275 1020 3356 resipiscerent
1064 3295 1136 3338 ac
1207 3295 1271 3338 se
1346 3283 1744 3340 removerent
1813 3296 2046 3352 errore,
2106 3277 2589 3344 commonitoria
2663 3277 2898 3356 scripta
2965 3276 3182 3354 vigore
3253 3273 3591 3354 apostolica
3649 3270 3776 3332 sedis

583 3393 870 3454 instituta
928 3393 1031 3473 (9),
1093 3393 1627 3473 quemadmodum
1687 3401 1752 3455 et
1806 3399 2040 3455 sanctae
2095 3392 2417 3455 memoriae
2474 3393 2766 3454 decessor
2819 3391 3018 3472 ipsius
3091 3391 3434 3464 direxerat,
3491 3389 3648 3450 misit
3689 3404 3777 3466 per

586 3508 919 3586 Georgium
977 3507 1060 3587 (Iz)
1120 3509 1552 3588 presbyterum
1606 3508 1704 3589 (ι).
1754 3510 1871 3581 Qui
1929 3511 2209 3571 humano
2261 3509 2486 3572 ductus
2544 3509 2792 3583 timore,
2855 3527 2979 3569 non
3050 3507 3273 3580 eadem
3342 3506 3567 3588 scripta
3611 3504 3775 3583 impe-

586 3621 779 3684 ratori
836 3623 1137 3703 porrexit.
1198 3623 1315 3696 Qui
1369 3630 1709 3700 revertens,
1769 3643 1981 3686 secum
2040 3625 2106 3686 in
2163 3624 2480 3698 civitatem
2544 3627 2892 3690 Romanam
2953 3623 3260 3685 reducens
3313 3623 3436 3706 ipsi
3507 3616 3778 3681 sanctissi-

589 3757 690 3799 mo
748 3739 1032 3818 pontifici
1089 3739 1402 3819 patefecit,
1462 3742 1782 3803 confessus
1837 3759 1904 3804 se
1959 3741 2194 3804 faciens
2248 3760 2426 3808 reum
2490 3741 2716 3820 culpae.
2775 3740 2971 3812 Quem
3048 3757 3285 3818 magna
3344 3733 3775 3808 comminatione

469 3854 545 3920 10
586 3853 871 3935 pontifex
932 3853 1068 3934 ipse
1143 3854 1342 3918 voluit
1413 3855 1492 3918 ab
1564 3855 1785 3919 ordine
1856 3857 2239 3929 sacerdotali
2312 3857 2586 3938 privare.
2643 3855 2755 3917 Cui
2833 3855 3146 3916 residente
3218 3853 3484 3916 concilio
3549 3849 3645 3948 (j),
3700 3843 3778 3908 sed

587 3970 958 4034 obsecrante
1031 3976 1161 4032 tam
1235 3971 1502 4039 concilio
1578 3990 1768 4053 quam
1847 3973 2283 4054 optimatibus,
2344 3979 2415 4034 ut
2471 3991 2599 4033 non
2677 3971 3120 4052 deponeretur,
3181 3970 3296 4032 sed
3367 3967 3559 4064 magis
3623 3963 3778 4026 isdem

589 4086 918 4167 presbyter
975 4086 1363 4167 poenitentiae
1413 4088 1890 4157 submitteretur
1947 4111 1963 4151 :
2027 4089 2148 4164 cui,
2210 4089 2507 4169 imposita
2578 4087 2774 4167 digna
2830 4086 3228 4167 paenitentia,
3281 4085 3508 4146 iterum
3558 4075 3781 4143 secundo

589 4221 731 4266 eum
789 4222 931 4264 cum
990 4202 1222 4264 eisdem
1285 4202 1506 4264 litteris
1562 4204 1812 4284 scriptis
1869 4204 2038 4284 apud
2097 4203 2331 4284 regiam
2392 4201 2619 4262 direxit
2678 4201 2922 4264 urbem.
2976 4201 3100 4262 Sed
3174 4201 3468 4293 nequiter
3530 4209 3781 4274 augmen-

590 4325 723 4383 tata
780 4318 860 4400 (lc)
933 4319 1262 4399 dispositio
1314 4321 1701 4384 eorumdem
1776 4321 2258 4401 imperatorum,
2321 4319 2539 4380 eadem
2621 4317 3011 4379 venerabilia
3085 4317 3323 4397 scripta
3389 4316 3455 4377 in
3530 4303 3782 4377 Siciliensi

473 4438 548 4497 15
591 4437 798 4498 insula
855 4435 1126 4498 retinere
1181 4436 1347 4509 fecit,
1405 4454 1520 4498 nec
1575 4436 1656 4497 ad
1716 4437 1935 4498 urbem
1989 4436 2234 4514 regiam
2292 4433 2673 4516 pertransire
2725 4433 3034 4514 permisit.
3092 4432 3216 4496 Sed
3266 4431 3560 4509 eumdem
3618 4419 3780 4508 porli'

591 4557 793 4614 torem
851 4570 1011 4631 pene
1064 4570 1176 4632 per
1230 4569 1468 4612 annum
1527 4550 1845 4630 integrum
1903 4551 1966 4611 in
2021 4551 2310 4612 exsilium
2369 4547 2697 4627 relegavit.

678 4667 948 4748 eota)
1008 4667 1188 4728 Unde
1247 4666 1475 4747 majori
1529 4666 1676 4728 fidei
1732 4667 1958 4728 ardore
2013 4671 2338 4747 permotus
2407 4664 2695 4745 pontifex
2767 4662 3072 4742 synodale
3142 4662 3465 4732 decretum
3540 4672 3666 4728 cum
3707 4665 3782 4716 88'

595 4779 898 4841 cerdotali
979 4787 1292 4843 conventu
1370 4800 1582 4844 coram
1665 4787 2069 4844 sacrosancta
2143 4781 2535 4845 confessione
2610 4778 2986 4850 sanctissimi
3065 4777 3347 4858 corporis
3409 4771 3579 4854 'beati
3650 4759 3782 4838 Petri

593 4894 872 4972 apostoli
929 4895 1366 4970 residentibus,
1427 4917 1568 4960 cum
1629 4898 1850 4960 eodem
1907 4915 2154 4960 summo
2211 4903 2275 4958 et
2330 4895 2678 4957 venerabili
2733 4913 2902 4975 papa
2958 4899 3024 4954 et
3077 4889 3576 4972 archiepiscoiﬁs,
3619 4882 3673 4944 id
3711 4879 3784 4937 θεί

596 5008 870 5072 Antonio
943 5011 1246 5073 Gradensi
1315 5013 1806 5094 archiepiscopo,
1865 5015 2112 5077 Joanne
2177 5013 2474 5094 episcopo
2547 5014 2937 5085 Ravennate,
3002 5029 3144 5086 cum
3528 4991 3784 5084 βρὶείέουίδ

517 5127 553 5186 5
597 5124 775 5186 istius
845 5125 1160 5205 Hesperiae
1219 5128 1414 5208 partis
1468 5149 1733 5192 numero
1788 5147 1960 5208 xcm,
2018 5148 2126 5191 seu
2205 5127 2586 5210 presbyteris
2651 5131 2884 5190 sanctae
2958 5125 3150 5205 hujus
3223 5121 3572 5208 apostolica:
3631 5107 3778 5177 sedis.

597 5241 950 5303 astantibus
1016 5241 1387 5305 diaconibus
1455 5264 1602 5308 cum
1684 5252 1910 5308 cuncto
1999 5246 2192 5319 clero,
2279 5244 2599 5305 nobilibus
2681 5241 2872 5305 etiam
2957 5239 3341 5313 consulibus,
3425 5243 3493 5301 et
3569 5221 3780 5305 τειίιιυίε

1621 5395 1864 5442 NOTULE
1905 5393 2282 5442 MARGINALES
2325 5393 2645 5442 FABROTTI.

510 5523 589 5606 (ᾳ)
619 5519 768 5606 Βκλθ,
801 5519 977 5606 (ξτδξ,
1009 5519 1073 5588 C,
1097 5519 1231 5606 dies
1259 5520 1364 5606 25.¹
1411 5521 1498 5606 (ὁὶ
1518 5537 1656 5606 erga
1681 5521 1920 5606 inopum
1953 5520 2109 5594 provi

2179 5536 2362 5606 opere:
2421 5521 2493 5606 ςρ)
2523 5522 2580 5575 οι
2607 5516 2948 5606 Christ-iane
2981 5534 3221 5606 ιξοῖξωω-
3255 5493 3778 5606 ,ςιέ)ὲβ¹ξεδὶθη;ἕί)..ῗὲῗ

439 5581 764 5666 rector.'B.'
820 5593 890 5663 (f)
920 5581 1189 5666 inventus
1220 5581 1425 5666 esset.‘
1468 5581 1558 5666 '(g)
1583 5581 2078 5666 juxtajvigor‘em,
2104 5597 2161 5648 et
2205 5581 2633 5666 institutionem
2664 5581 2823 5647 sedis
2851 5581 3212 5666 apostolicae.
3240 5581 3342 5662 ((1ιῖ
3367 5585 3426 5658 Β,
3469 5581 3776 5657 βῃεοφμωο

432 5665 510 5754 εςί)
535 5667 749 5736 Βανοη.
779 5662 914 5718 ann.
946 5665 1074 5732 734.
1131 5665 1200 5738 0')
1231 5662 1498 5730 residens
1511 5662 1887 5724 ’in'conoilisf
1917 5665 1996 5736 (Ic)
2027 5666 2436 5738 argumentata
2487 5663 2554 5734 (ι)
2583 5665 2790 5728 Barca,
2815 5679 2956 5734 muti.
2981 5662 3113 5732 732.
