4050 6172
365 223 520 292 ίθΞΊ
1523 219 1938 286 ΑΝᾹΞΤΑΞΙΙ
1981 219 2608 306 ΒΙΒῌΟΤΗΕΟΑΒΙΙ
3613 223 3780 288 1028

525 377 656 420 sex.
701 358 783 418 Et
823 355 1048 418 faciem
1092 354 1309 417 altaris
1351 361 1414 416 et
1454 355 1912 417 confessionem
1958 372 2102 416 cum
2145 353 2378 433 regulis
2419 333 2671 415 vestivit
2711 359 2998 434 argento,
3044 359 3108 416 et
3166 354 3234 416 in
3293 355 3498 417 tribus
3549 355 3785 419 lateri-

405 477 482 538 lO
525 474 644 534 bus
686 472 902 540 altaris
964 471 1173 552 posuit
1235 489 1448 532 cruces
1503 477 1838 550 argenteas
1881 476 2030 544 tres,
2077 476 2369 550 pensant.
2413 469 2478 530 in
2545 488 2736 530 unum
2799 469 2944 530 libr.
2993 470 3256 550 triginta
3305 490 3438 534 sex.
3483 473 3792 536 Canistra.

523 593 828 668 argentea
869 587 1032 660 duo;
1079 585 1336 646 calicem
1381 591 1751 664 argenteum
1795 584 2275 664 quotidianum;
2319 584 2654 646 coronulas
2697 589 3067 664 argenteum
3113 604 3334 661 unum,
3381 587 3492 668 qui
3531 588 3793 670 pendet

521 705 586 766 in
632 703 846 765 abside
888 701 1086 782 ipsius
1128 701 1415 774 oratorii,
1461 705 1526 761 et
1585 718 1775 780 super
1833 700 2119 762 eamdem
2179 699 2460 762 absidem
2521 717 2740 762 cruces
2797 705 3132 780 argenteas
3193 707 3344 776 tres,
3387 709 3452 764 et
3511 709 3794 774 cetera,

524 837 666 900 quae
707 818 773 878 in
818 821 1192 879 ornamento
1236 815 1540 898 pergulae,
1585 832 1696 876 seu
1740 815 1819 876 ad
1862 820 2065 877 vestes
2105 813 2322 876 altaris
2364 813 2671 876 ordinatae
2713 818 2882 876 sunt.

609 951 772 1004 196
816 943 930 1004 Hic
971 941 1115 1002 fecit
1157 941 1220 1002 in
1265 941 1527 1002 ecclesia
1569 945 1801 1002 sanctae
1845 940 1957 1002 Dei
2001 939 2329 1002 Genitricis
2373 939 2449 1000 ad
2495 941 2784 1020 Praesepe
2847 958 2960 1020 per
3017 940 3349 1002 circuitum
3410 960 3598 1022 super
3650 962 3802 1004 co-

522 1062 773 1122 lumnas
817 1058 1106 1138 regulare
1148 1057 1603 1118 candelabrum
1649 1055 1729 1137 (a)
1773 1056 1856 1117 ad
1897 1056 2098 1136 instar
2139 1056 2416 1118 ecclesiae
2459 1055 2628 1116 beati
2671 1056 2841 1116 Petri
2883 1057 3176 1136 apostoli.
3209 1057 3382 1120 Fecit
3422 1065 3486 1119 et
3523 1059 3800 1120 ibidem

519 1178 584 1238 in
629 1175 904 1238 oratorio
947 1180 1166 1236 sancto
1211 1173 1381 1253 quod
1423 1175 1712 1254 Praesepe
1755 1172 1983 1234 dicitur
2024 1172 2368 1251 imaginem
2413 1189 2672 1234 auream
2713 1171 2828 1234 Dei
2881 1171 3228 1247 Genitricis,
3278 1173 3804 1254 amplectentem

522 1295 913 1357 Salvatorem
983 1289 1320 1351 Dominum
1391 1289 1588 1349 Deum
1645 1287 1952 1360 nostrum,
2000 1306 2144 1350 cum
2187 1287 2454 1368 gemmis
2499 1287 2582 1369 (b)
2623 1288 2903 1364 diversis,
2961 1307 3139 1370 pens.
3203 1287 3397 1352 libras
3457 1291 3804 1372 quinque.

442 1414 478 1472 5
522 1411 634 1472 Hic
677 1406 1004 1470 renovavit
1045 1411 1278 1467 tectum
1321 1406 1522 1466 sancti
1583 1391 1976 1485 Chrysogoni
2046 1404 2359 1484 martyris,
2407 1409 2471 1465 et
2531 1421 2846 1466 cameram
2911 1404 3042 1465 sive
3101 1403 3414 1484 parietum
3461 1405 3806 1485 picturas,

522 1525 828 1588 ciborium
859 1529 1070 1584 autem
1113 1522 1190 1582 de
1235 1525 1498 1600 argento
1541 1539 1651 1582 seu
1693 1538 1874 1580 arcus
1919 1520 2220 1600 quinque,
2267 1537 2445 1600 pcns.
2489 1518 2556 1580 in
2626 1537 2824 1579 unum
2876 1505 3078 1580 libras
3122 1535 3319 1594 ccxx;
3367 1519 3473 1582 ubi
3530 1520 3816 1584 obtulit

522 1659 788 1706 coronas
849 1645 1180 1718 argenteas
1249 1643 1544 1718 quatuor,
1616 1636 2130 1718 pharacanthara
2190 1637 2339 1710 duo,
2406 1641 2698 1716 patenam
2789 1641 3154 1714 argenteam
3229 1655 3444 1713 unam,
3505 1637 3814 1699 calicem

520 1763 888 1838 argenteum
935 1773 1156 1827 unum,
1202 1771 1312 1814 seu
1355 1752 1544 1814 etiam
1588 1757 1650 1814 et
1693 1757 1892 1814 vestes
1935 1751 2173 1826 altaris,
2222 1769 2470 1814 necnon
2513 1757 2576 1812 et
2617 1749 2758 1812 vela
2801 1751 3002 1813 serica
3043 1750 3209 1826 alba,
3257 1757 3483 1814 ornata
3529 1753 3807 1828 blatto,

521 1874 1016 1950 circumquaque
1063 1867 1426 1950 pendentia.

608 1994 763 2046 Io:
815 1983 1298 2062 Construxitque
1343 1983 1792 2044 monasterium
1827 2001 1978 2062 erga
2005 1982 2294 2044 eumdem
2339 1983 2590 2044 titulum
2631 1989 2992 2044 sanctorum
3039 1990 3386 2064 martyrum
3429 1984 3807 2064 Stephani,

521 2099 842 2164 Laurentii
885 2103 1072 2176 atque
1116 2097 1530 2176 Chrysogoni,
1577 2099 1967 2160 constituens
2009 2098 2242 2160 ibidem
2287 2098 2581 2159 abbatem
2615 2103 2676 2159 et
2707 2097 3163 2160 monachorum
3208 2099 3812 2179 congregationem

522 2219 600 2279 ad
647 2213 1091 2295 persolvendas
1135 2215 1261 2272 Deo
1305 2212 1525 2273 laudes
1567 2213 1631 2272 in
1675 2213 1896 2274 eodem
1966 2213 2150 2274 titulo
2213 2213 2454 2274 diurnis
2515 2220 2705 2293 atque
2749 2215 3078 2276 nocturnis
3133 2215 3542 2294 temporibus,
3591 2217 3810 2276 ordi-

521 2340 732 2394 natam
781 2327 1128 2389 secundum
1169 2325 1370 2386 instar
1412 2325 1487 2406 (ε)
1533 2326 1884 2386 ofﬁciorum
1929 2327 2205 2388 ecclesiae
2249 2327 2416 2390 beati
2455 2329 2626 2390 Petri
2669 2329 2960 2408 apostoli,
3006 2335 3404 2408 segregatum
3474 2330 3814 2392 videlicet

438 2451 475 2512 5
519 2469 556 2514 a
590 2446 735 2528 jure
779 2443 1104 2525 potestatis
1147 2441 1496 2522 presbyteri
1538 2443 1824 2522 praedicti
1869 2442 2056 2502 tituli.
2103 2444 2174 2503 In
2221 2461 2345 2522 quo
2393 2443 2770 2505 monasterio
2815 2463 2936 2524 pro,
2999 2445 3454 2508 sustentatione
3525 2445 3808 2507 ibidem

519 2564 686 2628 idem
729 2561 863 2640 ipse
906 2557 1336 2618 sanctissimus
1379 2555 1473 2616 vir
1517 2556 1755 2636 praedia
1798 2564 1860 2617 et
1901 2557 2073 2618 dona
2119 2563 2308 2636 atque
2373 2558 2674 2620 familiam
2747 2559 3012 2638 largitus
3071 2566 3186 2639 est.
3236 2561 3312 2620 Et
3367 2559 3598 2620 diversi
3657 2562 3808 2622 alii

519 2677 734 2742 fideles
777 2679 839 2736 et
881 2677 1197 2736 amatores
1238 2671 1490 2732 Domini
1533 2672 1734 2732 nostri
1775 2674 1925 2734 Jesu
1969 2671 2202 2734 Christi
2243 2672 2310 2732 in
2353 2673 2572 2734 eodem
2620 2675 3000 2736 monasterio
3031 2681 3396 2736 sanctorum
3423 2674 3804 2755 Stephani,

517 2789 840 2858 Laurentii
883 2794 1072 2868 atque
1115 2787 1508 2867 Chrysogoni
1551 2786 1788 2866 praedia
1833 2792 1895 2847 et
1937 2788 2106 2848 dona
2145 2787 2530 2848 devotissimi
2588 2788 3012 2850 contulerunt.
3063 2789 3266 2851 Simili
3326 2789 3514 2850 etiam
3576 2793 3804 2854 modo

517 2905 843 2974 renovavit
898 2903 1348 2966 monasterium
1435 2907 1797 2964 sanctorum
1882 2903 2145 2965 Joannis
2209 2903 2645 2981 Evangelistae,
2701 2905 2965 2966 Joannis
3031 2905 3353 2986 Baptistae,
3427 2911 3494 2968 et
3559 2909 3806 2970 sancti

400 3027 477 3086 10
521 3021 835 3088 Pancratii
903 3038 1082 3080 secus
1142 3017 1467 3078 ecclesiam
1539 3017 1884 3080 Salvatoris
1953 3017 2301 3098 antiquitus
2369 3018 2727 3080 institutum
2799 3017 2908 3100 (d),
2955 3020 3124 3100 quod
3186 3019 3267 3082 ab
3312 3021 3486 3082 omni
3539 3021 3800 3084 ordine

517 3137 853 3204 monachio
897 3135 970 3216 (ρ)
1017 3135 1340 3195 exstiterat
1383 3133 1577 3192 nimia
1635 3132 1880 3193 incuria
1942 3133 2336 3194 destitutum.
2381 3135 2452 3195 In
2513 3151 2639 3212 quo
2701 3133 2940 3214 prmdia
3003 3140 3066 3196 et
3127 3133 3296 3198 dona
3359 3136 3653 3210 contulit,
3717 3145 3800 3200 et

519 3275 661 3336 quae
705 3255 1030 3318 invenerat
1072 3251 1150 3312 de
1193 3251 1328 3330 ipso
1377 3249 1757 3310 monasterio
1804 3248 2100 3322 alienata,
2147 3249 2391 3310 reddito
2437 3250 2661 3330 pretio,
2707 3249 2770 3310 in
2817 3249 3109 3312 eumdem
3181 3250 3390 3312 locum
3435 3251 3732 3313 restituit
3771 3298 3789 3336 ε

519 3327 627 3432 ubi
669 3375 734 3436 et
773 3327 1326 3448 congregationem
1373 3363 1830 3426 monachorum
1875 3369 1936 3424 et
1978 3363 2270 3425 abbatem
2317 3327 2642 3424 constituit
2684 3364 2766 3424 ad
2809 3364 3223 3444 persolvendo
3254 3366 3534 3446 quotidie
3579 3327 3792 3428 sacra

517 3487 726 3547 officia
769 3484 972 3548 laudis
1034 3482 1262 3542 divinae
1305 3481 1370 3541 in
1414 3480 1674 3542 basilica
1715 3481 2058 3542 Salvatoris
2125 3480 2376 3542 Domini
2437 3480 2635 3542 nostri
2705 3483 2854 3542 Jesu
2907 3481 3156 3550 Christi.
3205 3502 3348 3562 qua:
3391 3484 3790 3545 Constanti-

399 3604 473 3664 15
518 3601 711 3661 niana
778 3602 1180 3677 nuncupatur
1241 3595 1426 3675 juxta
1497 3596 1841 3670 Lateranis,
1908 3595 2148 3658 diurnis
2212 3596 2662 3676 nocturnisque
2737 3597 3126 3678 temporibus
3195 3598 3510 3674 ordinata,
3571 3597 3794 3678 juxta

517 3717 717 3776 instar
759 3713 1110 3776 officiorum
1157 3712 1432 3772 ecclesiae
1476 3712 1646 3774 beati
1691 3711 1856 3774 Petri
1901 3711 2198 3791 apostoli.

601 3839 760 3890 198
806 3831 961 3892 Item
1007 3827 1344 3906 imaginem
1389 3837 1620 3888 sanctae
1664 3827 1774 3888 Dei
1816 3827 2142 3888 Genitricis
2185 3827 2510 3907 antiquam
2555 3829 3012 3908 deargentavit,
3061 3848 3134 3890 ac
3175 3829 3494 3890 investivit
3536 3849 3794 3910 argen-

518 3952 581 4007 to
653 3943 1082 4016 mundissimo,
1161 3961 1335 4022 pens.
1401 3941 1510 4002 lib.
1577 3941 2059 4022 quinquaginta.
2110 3943 2266 4003 Item
2339 3941 2486 4004 fecit
2548 3951 2844 4024 patenam
2914 3962 3172 4006 anream
3249 3964 3546 4024 magnam
3621 3965 3784 4008 cum

516 4061 778 4122 diversis
822 4058 1159 4140 lapidibus,
1205 4077 1381 4138 pens.
1429 4057 1516 4117 lib
1557 4074 1747 4128 xxvx;
1795 4063 1858 4118 et
1921 4057 2180 4118 calicem
2223 4058 2511 4119 similiter
2571 4078 2714 4120 cum
2777 4059 3066 4137 gemmis,
3113 4079 3292 4140 pens.
3347 4061 3458 4122 lib.
3506 4061 3786 4139 triginta

517 4183 788 4260 quatuor
834 4195 849 4236 :
898 4174 1186 4236 similiter
1227 4180 1289 4236 et
1332 4173 1676 4252 Evangelia
1719 4191 1912 4234 aurea
1971 4192 2114 4234 cum
2159 4175 2446 4253 gemmis,
2492 4193 2670 4254 pens.
2719 4175 2828 4245 lib,
2877 4176 3258 4256 quindecim.
3305 4177 3482 4239 Fecit
3551 4185 3780 4240 autem

435 4297 472 4356 5
517 4301 579 4358 et
623 4300 856 4356 tectum
902 4292 1146 4354 noviter
1189 4291 1376 4351 simul
1419 4297 1482 4352 et
1524 4307 1841 4350 cameram
1885 4290 2086 4352 sancti
2127 4291 2394 4352 Andreze
2439 4292 2708 4372 apostoli
2753 4293 2834 4353 ad
2877 4300 3166 4356 sanctum
3211 4297 3469 4356 Petrum
3513 4301 3780 4376 aposto-

514 4412 669 4484 lum,
719 4427 910 4489 quam
972 4407 1278 4488 depinxit,
1327 4411 1389 4466 et
1447 4405 1596 4466 fecit
1654 4405 1720 4476 in
1783 4406 2004 4466 eadem
2077 4405 2337 4468 basilica
2405 4407 2746 4488 imaginem
2806 4427 3062 4470 auream
3125 4410 3190 4470 in
3261 4410 3534 4494 gemmis
3599 4411 3778 4472 beati

515 4527 780 4588 Andreas
823 4524 1114 4606 apostoli,
1163 4542 1339 4603 pens.
1386 4521 1496 4582 lib.
1543 4526 1708 4596 octo,
1754 4528 1816 4582 et
1857 4522 2028 4582 intra
2082 4523 2537 4585 confessionem
2581 4523 2833 4586 vestivit
2875 4530 3162 4604 argento,
3210 4526 3382 4605 quod
3437 4525 3776 4589 deauravit

517 4661 671 4702 auro
717 4641 1073 4722 purissimo.
1122 4639 1234 4700 Hic
1278 4638 1466 4699 etiam
1515 4637 1836 4698 basilicam
1881 4637 2082 4699 sancti
2123 4638 2350 4700 Calixti
2417 4639 2733 4719 pontificis
2776 4645 2840 4702 et
2882 4641 3200 4720 martyris,
3247 4659 3412 4722 pene
3453 4659 3496 4702 a
3535 4641 3774 4702 funda-

520 4757 746 4816 mentis
788 4757 1085 4828 dirutam,
1135 4755 1312 4816 novis
1355 4753 1608 4815 fabricis
1653 4771 1796 4814 cum
1867 4757 2032 4814 tecto
2101 4755 2454 4816 construxit
2518 4773 2591 4814 ac
2663 4759 2864 4816 totam
2935 4754 3246 4836 depinxit.
3309 4756 3432 4819 Ubi
3503 4755 3778 4817 contulit

401 4871 476 4930 lO
519 4875 814 4950 patenam
861 4874 1223 4948 argenteam
1269 4869 1457 4932 simul
1501 4875 1563 4930 et
1605 4868 1862 4930 calicem
1907 4873 1969 4929 et
2011 4874 2247 4930 vestem
2295 4869 2533 4930 altaris.

605 5001 769 5054 190
813 4997 966 5056 ltem
1015 5000 1247 5056 tectum
1309 4995 1583 5056 basilica
1645 5000 2008 5054 sanctorum
2077 4994 2361 5056 Processi
2403 5001 2466 5056 et
2508 4994 2874 5056 Martiniani
2916 5013 2954 5056 a
2999 5013 3164 5056 novo
3223 4997 3576 5057 construxit
3615 4995 3770 5055 sub-

519 5109 726 5190 posita
767 5108 900 5188 pila
941 5108 1192 5170 fabricis
1235 5109 1616 5182 fortissimis,
1661 5114 1804 5190 post
1847 5109 2212 5172 earumdem
2255 5115 2618 5170 sanctorum
2663 5111 3024 5172 veneranda
3081 5129 3370 5191 corpora,
3420 5111 3501 5172 ad
3551 5111 3766 5172 firma-

519 5230 802 5287 mentum
875 5240 1201 5283 murorum
1273 5223 1550 5286 basilicae
1609 5231 1868 5288 sanctae.
1931 5227 2090 5286 Item
2151 5225 2216 5285 in
2280 5225 2542 5288 ecclesia
2603 5226 2770 5288 beati
2851 5227 3100 5290 Genesii
3168 5227 3464 5308 martyris
3533 5230 3764 5288 tectum

521 5341 767 5404 noviter
811 5339 1205 5416 restauravit,
1253 5340 1362 5400 ubi
1405 5346 1467 5402 et
1511 5341 1706 5402 altare
1749 5341 1950 5402 erexit
1989 5341 2054 5402 in
2099 5339 2355 5402 nomine
2401 5341 2745 5404 Salvatoris
2786 5343 3038 5404 Domini
3079 5342 3278 5404 nostri
3319 5343 3466 5405 Jesu
3507 5339 3756 5414 Christi,

1548 5571 1799 5618 NOTULAE
1841 5571 2230 5620 MABGINALES
2273 5571 2586 5620 FABBOTTI.

325 5787 328 5790 ‹
355 5775 372 5790 “
431 5765 511 5839 (α)
541 5761 608 5835 D,
641 5762 1116 5824 candelaborum.
1169 5761 1247 5838 (δ)
1275 5765 1540 5822 ornatam
1571 5761 1841 5840 gemmis'
1903 5763 1922 5836 (

1903 5761 1972 5838 (c)
2003 5762 2068 5833 Β,
2091 5763 2164 5822 ad
2195 5762 2401 5822 instar.
2461 5759 2538 5841 (ἀ)
2564 5751 2986 5823 constructum.
3047 5765 3120 5840 (ο)
3141 5763 3479 5830 monastico.
