4050 6172
273 194 412 258 {029
623 261 630 269 κ
894 193 1260 256 HISTORIA
1309 191 1412 253 DE
1452 189 1656 254 VITIS
1702 191 1891 253 ROM.
1938 190 2170 253 PONT.
2205 225 2281 236 —
2313 191 2376 252 S.
2423 190 2870 256 GREGORIUS
2915 190 3018 256 III.
3505 194 3666 258 meo

343 333 376 390 5
415 329 480 390 in
525 346 650 409 quo
693 325 961 388 contulit
1005 331 1298 407 patenam
1345 328 1705 405 argenteam
1753 329 1816 384 et
1859 323 2146 396 calicem,
2189 341 2296 384 seu
2360 342 2654 386 coronam
2723 332 3086 405 argenteam
3158 345 3300 388 cum
3346 325 3663 408 delphinis

417 463 549 517 sex,
597 462 842 504 necnon
889 448 950 503 et
991 442 1366 504 coronulam
1412 459 1667 501 auream
1714 459 1856 500 cum
1901 457 2084 500 cruce
2131 441 2509 519 pendentem
2555 459 2747 520 super
2790 441 3010 503 altare.

501 563 679 621 200
720 561 874 620 Item
919 557 985 618 in
1030 557 1288 619 basilica
1333 563 1564 618 sancta:
1607 556 1722 618 Dei
1764 553 2114 630 Genitricis,
2161 574 2302 635 qu.e
2346 554 2426 616 ad
2469 556 2781 634 Martyres
2824 555 3072 631 dicitur,
3109 563 3368 628 tectum,
3415 564 3662 620 vetusta

422 674 666 736 incuria
707 673 1107 747 demolitum,
1152 671 1415 753 purgari
1475 671 1627 732 fecit
1684 671 1762 731 ad
1806 688 2058 752 purum,
2109 676 2173 731 et
2232 689 2373 731 curn
2441 670 2610 731 calce
2674 669 3217 734 abundantissime
3260 692 3365 734 seu
3429 673 3664 736 chartis

421 789 736 872 plumbeis
779 808 818 850 a
860 807 1022 850 novo
1068 787 1470 861 restauravit,
1513 791 1578 848 et
1619 805 1889 866 quaeque
1945 804 2059 867 per
2113 785 2442 847 circuitum
2517 784 2795 866 ejusdem
2860 787 3004 848 tecti
3067 789 3314 850 fuerant
3364 793 3666 874 dissipata

419 925 584 968 novo
643 905 847 966 nitore
890 902 1268 965 construxit.

505 1025 674 1082 eos
726 1021 886 1081 Item
927 1022 1160 1079 sanctae
1201 1017 1313 1078 Dei
1368 1017 1715 1088 Genitricis,
1766 1033 1908 1095 quae
1960 1015 2025 1075 in
2097 1015 2336 1095 Aquiro
2409 1016 2658 1088 dicitur,
2719 1015 2782 1076 in
2845 1035 2972 1097 qua
3029 1023 3217 1080 antea
3276 1020 3544 1083 diacona
3605 1030 3670 1086 et

422 1154 686 1218 parvum
755 1131 1102 1195 oratorium
1173 1133 1312 1207 fuit,
1369 1151 1508 1194 eam
1571 1150 1609 1193 a
1668 1131 2098 1192 fundamentis
2158 1131 2508 1210 longiorem
2571 1138 2634 1192 et
2692 1132 2980 1194 latiorem
3053 1137 3406 1198 construxit
3473 1145 3666 1222 atque

423 1250 732 1332 depinxit.
779 1251 934 1310 Item
979 1249 1330 1311 diaconiam
1375 1253 1735 1310 sanctorum
1781 1247 1982 1327 Sergii
2025 1252 2087 1308 et
2127 1247 2358 1307 Bacchi
2401 1247 2583 1308 sitam
2631 1247 2710 1308 ad
2772 1247 3027 1310 beatum
3092 1252 3350 1313 Petrum
3414 1262 3670 1335 aposto-

422 1367 582 1440 lum,
623 1362 688 1425 in
731 1384 860 1446 qua
903 1365 1143 1446 pridem
1203 1383 1465 1444 parvum
1527 1362 1872 1424 oratorium
1917 1369 2072 1437 erat,
2133 1381 2171 1422 a
2213 1363 2644 1424 fundamentis
2705 1364 3000 1444 ampliori
3074 1367 3312 1428 fabrica
3354 1369 3667 1434 dilatavit.

347 1483 384 1544 5
421 1484 503 1544 Et
541 1481 891 1544 concedens
933 1480 1147 1542 omnia
1189 1499 1332 1560 quae
1376 1479 1438 1540 in
1486 1497 1666 1540 usum
1709 1477 2016 1539 diaconiaa
2059 1478 2354 1551 existunt,
2405 1478 2626 1540 statuit
2673 1486 2978 1558 perpetuo
3023 1486 3310 1561 tempore
3372 1504 3486 1564 pro
3529 1507 3668 1549 sus-

425 1599 772 1661 tentatione
816 1615 1167 1678 pauperum
1211 1594 1276 1656 in
1320 1594 1627 1656 diaconiaa
1672 1592 2020 1654 ministerio
2064 1593 2401 1654 deservire.

505 1721 669 1777 τοι
716 1715 872 1774 Item
917 1712 980 1772 in
1025 1710 1384 1772 ccemeterio
1428 1715 1661 1771 sanctae
1707 1708 2064 1771 Petronillae
2107 1709 2442 1770 stationem
2486 1726 2763 1770 annuam
2807 1710 2946 1772 dari
2986 1711 3279 1788 instituit,
3331 1716 3438 1778 ubi
3490 1720 3672 1781 obtu-

424 1830 497 1890 lit
539 1846 837 1891 coronam
883 1845 1162 1899 auream,
1210 1825 1468 1887 calicem
1511 1829 1574 1886 et
1617 1829 1914 1904 patenam
1959 1828 2230 1903 argent.,
2278 1842 2385 1884 seu
2434 1823 2560 1885 alia
2601 1824 2849 1886 diversa
2892 1826 2971 1886 ad
3033 1835 3327 1891 ornatum
3394 1835 3671 1897 ecclosiae

423 1943 826 2026 pertinentia.
874 1945 1030 2004 Item
1080 1941 1370 2002 accubita
1413 1940 1492 2021 (a)
1539 1959 1680 2021 quae
1724 1945 1870 2000 sunt
1933 1940 2013 2000 ab
2082 1939 2335 2000 beatum
2381 1941 2636 2000 Petrum
2702 1941 2764 2000 in
2832 1941 3027 2002 ruinis
3085 1946 3314 2022 posita,
3361 1966 3400 2010 a
3442 1949 3670 2012 funda-

429 2061 657 2120 mentis
712 2059 956 2120 noviter
1001 2057 1372 2118 restauravit
1413 2062 1603 2136 atque
1647 2056 1951 2134 depinxit.
1997 2055 2147 2115 item
2193 2055 2516 2115 basilicam
2561 2055 2729 2116 beati
2772 2055 2985 2131 Marci,
3037 2059 3219 2121 sitam
3267 2063 3417 2140 foris
3463 2084 3676 2127 muros

346 2177 382 2234 5
428 2175 618 2254 hujus
661 2174 928 2235 civitatis
973 2176 1296 2244 Romanae,
1343 2173 1444 2232 via
1488 2171 1711 2252 Appia,
1758 2171 1893 2248 ejus
1937 2176 2169 2231 tectum
2216 2171 2494 2230 dirutum
2544 2190 2580 2230 a
2625 2191 2787 2232 novo
2832 2174 3069 2234 refecit.
3105 2178 3260 2238 Item
3304 2180 3367 2240 in
3414 2183 3677 2245 ecclesia

427 2292 599 2353 beati
640 2291 820 2352 Pauli
865 2289 1134 2370 apostoli
1181 2289 1444 2350 mutavit
1491 2289 1698 2348 trabes
1742 2307 2005 2349 numero
2049 2287 2350 2368 quinque,
2401 2292 2589 2366 atque
2636 2293 2837 2348 totum
2884 2289 3164 2369 ejusdem
3225 2293 3502 2358 basilicae
3546 2305 3676 2361 tec-

429 2413 561 2468 tum
609 2407 688 2467 ab
731 2424 880 2466 arcu
925 2405 1142 2466 altaris
1188 2423 1380 2484 usque
1424 2403 1506 2466 ad
1537 2403 1740 2482 regias
1782 2403 2105 2464 resarcivit
2148 2423 2221 2464 ac
2284 2403 2682 2464 restauravit.
2730 2404 2993 2466 Mutavit
3061 2413 3271 2468 autem
3344 2413 3552 2475 trabes
3613 2415 3677 2476 in

435 2529 654 2586 sancta
695 2523 808 2583 Dei
852 2521 1161 2583 Genitrice
1205 2527 1268 2582 et
1308 2520 1477 2581 Petri
1513 2519 1701 2599 juxta
1742 2520 2089 2592 Lateranis,
2136 2519 2325 2579 etiam
2372 2525 2435 2580 et
2476 2519 2904 2580 coemeterium
2953 2521 3282 2584 beatorum
3328 2534 3677 2609 martyrum

434 2638 742 2712 Januarii,
790 2637 1054 2711 Urbani,
1098 2636 1390 2712 'I‘iburtii,
1436 2636 1752 2697 Valeriani
1796 2642 1859 2696 et
1901 2634 2182 2707 Maximi,
2233 2642 2295 2695 et
2337 2653 2555 2696 eorum
2625 2639 2857 2696 tectum
2915 2637 2977 2696 in
3027 2640 3220 2701 ruinis
3279 2645 3551 2722 positum
3601 2649 3679 2732 (ὁ)

313 2758 394 2817 10
438 2775 476 2816 a
521 2773 684 2816 novo
727 2752 988 2834 perfecit
1031 2751 1130 2832 (c).
1176 2750 1378 2830 Hujus
1422 2749 1810 2830 temporibus
1853 2749 2128 2830 plurima
2189 2768 2334 2830 pars
2403 2768 2728 2811 murorum
2791 2749 2981 2831 hujus
3043 2754 3312 2820 civitatis
3378 2766 3679 2830 Romanae

438 2875 790 2933 restaurata
832 2874 946 2930 est.
993 2865 1373 2929 Alimoniam
1427 2882 1680 2945 quoque
1737 2864 2048 2924 artiﬁcum
2094 2871 2156 2926 et
2199 2864 2470 2944 pretium
2516 2865 2596 2925 ad
2640 2867 2970 2928 emendam
3017 2870 3251 2934 calcem
3303 2875 3378 2939 de
3422 2884 3678 2963 preprio

437 2985 680 3048 tribuit.

516 3106 690 3162 ειη
738 3097 939 3178 Hujus
1023 3097 1411 3178 temporibus
1486 3095 1890 3158 Galliensium
1992 3101 2266 3156 castrum
2333 3100 2770 3176 recuperatum
2829 3103 2943 3175 est,
3017 3120 3131 3181 pro
3190 3123 3320 3185 quo
3400 3114 3682 3190 quotidie

435 3216 924 3299 expugnabatur
978 3215 1242 3275 ducatus
1303 3216 1621 3274 Romanus
1679 3231 1717 3272 a
1771 3212 2004 3272 ducatu
2063 3212 2414 3292 Spoletino,
2473 3213 2632 3274 duas
2687 3214 2987 3294 pecunias
3043 3237 3170 3280 non
3238 3242 3464 3302 parvas
3521 3232 3680 3294 Tra-

433 3332 727 3394 simundo
795 3329 939 3391 duci
1016 3348 1258 3402 eorum,
1320 3333 1392 3389 ut
1463 3332 1782 3389 cessarent
1851 3327 2022 3389 bella
2093 3335 2156 3389 et
2230 3329 2634 3408 quaestiones,
2693 3331 2899 3410 potuit
2962 3351 3153 3398 causa
3233 3339 3434 3418 ﬁnire,
3499 3353 3562 3408 et
3618 3350 3682 3411 in

431 3467 735 3528 compage
791 3453 1025 3508 sanctae
1083 3444 1447 3526 reipublicae
1506 3449 1696 3524 atque
1751 3444 1812 3504 in
1872 3462 2136 3524 corpore
2195 3444 2443 3506 Christo
2501 3443 2716 3506 dilecti
2776 3447 3085 3511 exercitus
3131 3454 3401 3520 Romani
3429 3466 3687 3527 annecti

350 3568 392 3626 5
444 3564 761 3646 praecepit.

521 3684 694 3741 ειη
741 3677 854 3740 Hic
909 3678 1058 3739 fecit
1115 3680 1314 3738 vestes
1370 3676 1448 3738 de
1500 3675 1686 3736 altari
1741 3675 1802 3736 in
1859 3675 2121 3737 ecclesia
2191 3676 2534 3738 Salvatoris
2591 3677 2680 3760 (d)
2737 3680 2849 3742 Dei
2915 3683 3264 3762 Genitricis,
3323 3700 3684 3758 sanctorum

437 3795 866 3878 apostolorum
923 3792 1092 3854 Petri
1149 3798 1213 3853 et
1267 3792 1467 3863 Pauli,
1526 3797 1715 3871 atque
1770 3791 2036 3852 Andreae
2095 3798 2466 3853 caaterorum
2526 3794 2586 3853 in
2639 3794 2901 3856 diversis
2959 3801 3259 3863 ecclesiis.
3321 3807 3470 3868 Nan
3531 3812 3686 3872 etin

435 3909 1072 3973 Centumcellensium
1131 3907 1380 3969 civitate
1443 3925 1656 3967 muros
1710 3905 1954 3968 dirutos
2011 3925 2172 3987 pene
2231 3926 2269 3966 a
2325 3899 2752 3969 fundamentis
2803 3911 3141 3975 fortissime
3189 3922 3467 3981 construi
3516 3925 3683 3999 fecit,

437 4035 500 4088 et
553 4026 672 4087 hoc
731 4025 1055 4086 constituit
1111 4029 1181 4084 ut
1234 4022 1580 4083 secundum
1638 4022 2048 4083 constitutum
2107 4021 2276 4102 quod
2332 4041 2370 4082 a
2424 4022 2688 4102 collegio
2745 4026 3142 4089 sacerdotum
3213 4050 3426 4095 coram
3504 4057 3684 4102 sacro

342 4146 388 4204 5
439 4159 702 4223 corpore
754 4139 924 4201 beati
977 4139 1147 4200 Petri
1205 4138 1439 4198 factum
1499 4141 1594 4198 est
1647 4155 1761 4217 pro
1818 4135 2211 4197 celebrandis
2267 4135 2587 4196 solemniis
2642 4137 3001 4216 vigiliarum
3082 4155 3273 4224 atque
3351 4150 3687 4214 missarum

435 4257 666 4321 Christi
719 4255 970 4318 Domini
1026 4254 1224 4315 nostri
1276 4253 1422 4315 Jesu
1481 4253 1730 4328 Christi,
1792 4257 2148 4333 sancteeque
2201 4251 2337 4332 ejus
2393 4252 2739 4330 Genitricis,
2793 4261 3157 4320 sanctorum
3217 4265 3680 4343 apostolorum,

437 4372 537 4433 vel
595 4372 878 4432 omnium
933 4377 1294 4432 sanctorum
1357 4374 1728 4449 martyrum,
1789 4387 1862 4430 ac
1917 4369 2369 4442 confessorum,
2425 4369 2979 4451 perfectorumpue
3034 4371 3356 4452 justorum
3429 4379 3497 4441 in
3557 4387 3688 4445 toto

443 4487 596 4549 orbe
653 4493 966 4549 terrarum
1023 4485 1568 4566 requiescentium,
1630 4491 1702 4546 ut
1758 4485 1819 4545 in
1880 4485 2156 4546 oratorio
2215 4484 2457 4546 nomini
2513 4504 2732 4547 eorum
2791 4485 3077 4550 dedicato
3135 4489 3304 4553 intra
3359 4496 3688 4560 ecclesiam

441 4603 611 4665 beati
692 4603 860 4664 Petri
943 4600 1215 4682 apostoli
1289 4601 1406 4661 sub
1489 4619 1674 4662 arccu
1754 4599 2089 4680 principali
2165 4619 2202 4661 a
2260 4599 2588 4662 monachis
2665 4599 2896 4678 vigiliae
2971 4603 3462 4687 celebrarentur,
3537 4618 3600 4674 et
3655 4634 3694 4676 a

300 4723 400 4783 10
449 4718 830 4800 presbyteris
911 4716 1423 4778 hebdomadariis
1510 4716 1840 4777 missarum
1916 4716 2223 4777 solemnia
2282 4735 2296 4776 :
2358 4715 2576 4776 iisdem
2681 4715 2985 4776 institutis
3083 4719 3391 4800 disposuit
3474 4732 3544 4788 ut
3628 4728 3690 4790 in

443 4833 817 4895 cmmeteriis
899 4833 1391 4912 circumquaque
1468 4831 1687 4910 positis
1764 4833 1980 4891 Romae
2037 4830 2102 4890 in
2178 4831 2278 4890 die
2358 4829 2800 4890 Natalitiorum
2891 4850 3108 4893 eorum
3188 4835 3530 4903 luminaria
3565 4833 3694 4904 “ad

443 4950 687 5028 vigilias
741 4948 1059 5010 faciendas
1115 4953 1177 5008 et
1232 4945 1587 5007 oblationes
1670 4946 1747 5007 de
1827 4945 2216 5026 patriarchio
2292 4963 2406 5025 per
2487 4944 2978 5007 oblationarium
3061 4948 3546 5030 deportarentur
3615 4960 3693 5020 ad

440 5063 846 5126 celebrandas
906 5063 1148 5136 missas,
1205 5081 1318 5143 per
1382 5080 1570 5141 quem
1649 5060 2012 5141 praviderit
2085 5060 2390 5140 pontifex,
2455 5060 2566 5141 qui
2623 5079 2736 5141 pro
2795 5067 3078 5145 tempore
3135 5067 3326 5130 fuerit
3402 5074 3693 5136 sacerdo-

446 5186 598 5241 tem.

526 5299 701 5356 ωδ
746 5296 861 5358 llic
937 5295 1084 5356 fecit
1168 5291 1600 5355 ordinationes
1683 5297 1808 5353 tres
1889 5311 2003 5374 per
2087 5311 2365 5355 mensem
2463 5293 2895 5371 Decembrem,
2983 5299 3382 5381 presbyteros
3471 5301 3694 5381 viginti

442 5416 742 5491 quatuor,
801 5411 1098 5474 diaconos
1175 5415 1322 5484 tres,
1393 5408 1721 5489 episcopos
1794 5427 1907 5489 per
1983 5409 2231 5472 diversa
2296 5409 2437 5472 loca
2513 5428 2776 5472 numero
2853 5415 3241 5494 octuaginta,
3318 5415 3427 5496 qui
3501 5417 3692 5480 etiam

1489 5585 1741 5633 NOTULE
1785 5586 2170 5634 MARGINALES
2213 5587 2532 5634 FABROTTI.

332 5714 428 5791 (a)
459 5712 786 5784 accubitus,
819 5712 922 5788 qui
953 5713 1016 5771 B.
1073 5713 1150 5785 (b)
1179 5715 1334 5770 tecta
1362 5711 1422 5769 in
1451 5709 1637 5769 ruinis
1666 5711 1875 5786 posita.
1960 5713 2029 5788 (ε)
2063 5713 2279 5771 refecit.
2356 5713 2435 5785 (ιι)
2457 5731 2470 5745 ·
2505 5714 2578 5770 ad
2610 5713 2817 5772 altaria
2845 5712 3106 5772 ecclesiis
3135 5718 3326 5776 sancti
3354 5720 3696 5784 Salvatoris.
