  <div class='ocr_page' id='page_1' title='image "/cluster/home/n/w/nwhite01/storage/ocr_20150623/128/hvd.32044054759899/530.png"; bbox 0 0 4050 6172; ppageno 0'>
   <div class='ocr_carea' id='block_1_1' title="bbox 234 176 3660 261">
    <p class='ocr_par' dir='ltr' id='par_1_1' title="bbox 234 176 3660 261">
     <span class='ocr_line' id='line_1_1' title="bbox 234 176 3660 261; baseline 0.003 -9"><span class='ocrx_word' id='word_1_1' title='bbox 234 176 412 254; x_wconf 62' lang='grc'>’1049</span> <span class='ocrx_word' id='word_1_2' title='bbox 1030 195 1395 258; x_wconf 75' lang='lat' dir='ltr'>HISTORIA</span> <span class='ocrx_word' id='word_1_3' title='bbox 1436 188 1541 257; x_wconf 86' lang='lat' dir='ltr'>DE</span> <span class='ocrx_word' id='word_1_4' title='bbox 1582 182 1786 259; x_wconf 82' lang='lat' dir='ltr'>VITIS</span> <span class='ocrx_word' id='word_1_5' title='bbox 1832 190 2023 259; x_wconf 69' lang='lat' dir='ltr'>nou.</span> <span class='ocrx_word' id='word_1_6' title='bbox 2064 192 2296 259; x_wconf 73' lang='lat' dir='ltr'>pom.</span> <span class='ocrx_word' id='word_1_7' title='bbox 2330 227 2400 241; x_wconf 92' lang='grc'><strong><em>-</em></strong></span> <span class='ocrx_word' id='word_1_8' title='bbox 2433 178 2895 259; x_wconf 74' lang='lat' dir='ltr'>ZACHARIAS.</span> <span class='ocrx_word' id='word_1_9' title='bbox 3502 194 3660 261; x_wconf 71' lang='lat'>1050</span> 
     </span>
    </p>
   </div>
   <div class='ocr_carea' id='block_1_2' title="bbox 326 325 3657 410">
    <p class='ocr_par' dir='ltr' id='par_1_2' title="bbox 326 325 3657 410">
     <span class='ocr_line' id='line_1_2' title="bbox 326 325 3657 410; baseline 0.002 -20"><span class='ocrx_word' id='word_1_10' title='bbox 326 330 364 390; x_wconf 78' lang='lat'><strong>5</strong></span> <span class='ocrx_word' id='word_1_11' title='bbox 410 325 728 408; x_wconf 87' lang='lat' dir='ltr'>quondam</span> <span class='ocrx_word' id='word_1_12' title='bbox 790 327 1053 408; x_wconf 90' lang='lat' dir='ltr'>patricio</span> <span class='ocrx_word' id='word_1_13' title='bbox 1114 335 1176 389; x_wconf 81' lang='lat' dir='ltr'>et</span> <span class='ocrx_word' id='word_1_14' title='bbox 1231 327 1410 406; x_wconf 91' lang='lat' dir='ltr'>duce,</span> <span class='ocrx_word' id='word_1_15' title='bbox 1478 331 1571 390; x_wconf 86' lang='lat' dir='ltr'>vel</span> <span class='ocrx_word' id='word_1_16' title='bbox 1631 330 1806 391; x_wconf 88' lang='lat' dir='ltr'>omni</span> <span class='ocrx_word' id='word_1_17' title='bbox 1863 330 2140 391; x_wconf 77' lang='lat' dir='ltr'>exercitu</span> <span class='ocrx_word' id='word_1_18' title='bbox 2204 333 2485 391; x_wconf 79' lang='lat' dir='ltr'>Romano</span> <span class='ocrx_word' id='word_1_19' title='bbox 2548 330 2884 410; x_wconf 73' lang='lat' dir='ltr'>praedictus</span> <span class='ocrx_word' id='word_1_20' title='bbox 2940 330 3395 393; x_wconf 88' lang='lat' dir='ltr'>Trasimundus</span> <span class='ocrx_word' id='word_1_21' title='bbox 3449 334 3657 395; x_wconf 83' lang='lat' dir='ltr'>reddi-</span> 
     </span>
    </p>
   </div>
   <div class='ocr_carea' id='block_1_3' title="bbox 413 435 3658 517">
    <p class='ocr_par' dir='ltr' id='par_1_3' title="bbox 413 435 3658 517">
     <span class='ocr_line' id='line_1_3' title="bbox 413 435 3658 517; baseline 0.001 -21"><span class='ocrx_word' id='word_1_22' title='bbox 413 440 514 496; x_wconf 86' lang='lat' dir='ltr'>tus</span> <span class='ocrx_word' id='word_1_23' title='bbox 566 454 697 496; x_wconf 90' lang='lat' dir='ltr'>non</span> <span class='ocrx_word' id='word_1_24' title='bbox 754 435 993 509; x_wconf 78' lang='lat' dir='ltr'>fuisset,</span> <span class='ocrx_word' id='word_1_25' title='bbox 1054 436 1414 496; x_wconf 88' lang='lat' dir='ltr'>obsessione</span> <span class='ocrx_word' id='word_1_26' title='bbox 1471 437 1663 512; x_wconf 80' lang='lat' dir='ltr'>facta,</span> <span class='ocrx_word' id='word_1_27' title='bbox 1727 456 1841 517; x_wconf 91' lang='lat' dir='ltr'>pro</span> <span class='ocrx_word' id='word_1_28' title='bbox 1902 455 1977 497; x_wconf 92' lang='lat' dir='ltr'>eo</span> <span class='ocrx_word' id='word_1_29' title='bbox 2036 438 2115 497; x_wconf 89' lang='lat' dir='ltr'>ab</span> <span class='ocrx_word' id='word_1_30' title='bbox 2169 438 2387 499; x_wconf 88' lang='lat' dir='ltr'>eodem</span> <span class='ocrx_word' id='word_1_31' title='bbox 2452 456 2595 517; x_wconf 80' lang='lat' dir='ltr'>rege</span> <span class='ocrx_word' id='word_1_32' title='bbox 2652 436 2880 498; x_wconf 59' lang='lat' dir='ltr'>ablata)</span> <span class='ocrx_word' id='word_1_33' title='bbox 2929 444 3076 497; x_wconf 86' lang='lat' dir='ltr'>sunt</span> <span class='ocrx_word' id='word_1_34' title='bbox 3128 456 3165 498; x_wconf 90' lang='lat' dir='ltr'>a</span> <span class='ocrx_word' id='word_1_35' title='bbox 3226 442 3507 501; x_wconf 80' lang='lat' dir='ltr'>Romano</span> <span class='ocrx_word' id='word_1_36' title='bbox 3539 441 3658 500; x_wconf 89' lang='lat' dir='ltr'>du-</span> 
     </span>
    </p>
   </div>
   <div class='ocr_carea' id='block_1_4' title="bbox 406 540 3648 624">
    <p class='ocr_par' dir='ltr' id='par_1_4' title="bbox 406 540 3648 624">
     <span class='ocr_line' id='line_1_4' title="bbox 406 540 3648 624; baseline 0.001 -21"><span class='ocrx_word' id='word_1_37' title='bbox 406 546 550 603; x_wconf 89' lang='lat' dir='ltr'>catu</span> <span class='ocrx_word' id='word_1_38' title='bbox 607 540 888 603; x_wconf 75' lang='lat' dir='ltr'>civitates</span> <span class='ocrx_word' id='word_1_39' title='bbox 943 547 1234 623; x_wconf 82' lang='lat' dir='ltr'>quatuor,</span> <span class='ocrx_word' id='word_1_40' title='bbox 1295 543 1359 603; x_wconf 92' lang='lat' dir='ltr'>id</span> <span class='ocrx_word' id='word_1_41' title='bbox 1407 549 1518 619; x_wconf 82' lang='lat' dir='ltr'>est,</span> <span class='ocrx_word' id='word_1_42' title='bbox 1570 542 1840 618; x_wconf 79' lang='lat' dir='ltr'>Ameria,</span> <span class='ocrx_word' id='word_1_43' title='bbox 1894 546 2117 604; x_wconf 81' lang='lat' dir='ltr'>Ilortas</span> <span class='ocrx_word' id='word_1_44' title='bbox 2145 543 2256 624; x_wconf 80' lang='lat' dir='ltr'>(a),</span> <span class='ocrx_word' id='word_1_45' title='bbox 2311 543 2745 604; x_wconf 85' lang='lat' dir='ltr'>Polimartium</span> <span class='ocrx_word' id='word_1_46' title='bbox 2796 549 2858 603; x_wconf 91' lang='lat' dir='ltr'>et</span> <span class='ocrx_word' id='word_1_47' title='bbox 2913 543 3116 604; x_wconf 91' lang='lat' dir='ltr'>Blera.</span> <span class='ocrx_word' id='word_1_48' title='bbox 3169 546 3247 605; x_wconf 80' lang='lat' dir='ltr'>Et</span> <span class='ocrx_word' id='word_1_49' title='bbox 3305 544 3393 606; x_wconf 92' lang='lat' dir='ltr'>sic</span> <span class='ocrx_word' id='word_1_50' title='bbox 3450 546 3648 608; x_wconf 90' lang='lat' dir='ltr'>isdem</span> 
     </span>
    </p>
   </div>
   <div class='ocr_carea' id='block_1_5' title="bbox 407 648 3663 730">
    <p class='ocr_par' dir='ltr' id='par_1_5' title="bbox 407 648 3663 730">
     <span class='ocr_line' id='line_1_5' title="bbox 407 648 3663 730; baseline 0.002 -21"><span class='ocrx_word' id='word_1_51' title='bbox 407 668 517 709; x_wconf 90' lang='lat' dir='ltr'>rex</span> <span class='ocrx_word' id='word_1_52' title='bbox 574 648 654 708; x_wconf 91' lang='lat' dir='ltr'>ad</span> <span class='ocrx_word' id='word_1_53' title='bbox 714 668 897 709; x_wconf 92' lang='lat' dir='ltr'>suum</span> <span class='ocrx_word' id='word_1_54' title='bbox 960 649 1264 729; x_wconf 75' lang='lat' dir='ltr'>palatium</span> <span class='ocrx_word' id='word_1_55' title='bbox 1325 656 1418 711; x_wconf 89' lang='lat' dir='ltr'>est</span> <span class='ocrx_word' id='word_1_56' title='bbox 1474 670 1758 711; x_wconf 82' lang='lat' dir='ltr'>reversus</span> <span class='ocrx_word' id='word_1_57' title='bbox 1816 668 1928 730; x_wconf 89' lang='lat' dir='ltr'>per</span> <span class='ocrx_word' id='word_1_58' title='bbox 1970 669 2246 712; x_wconf 86' lang='lat' dir='ltr'>mensem</span> <span class='ocrx_word' id='word_1_59' title='bbox 2330 652 2705 728; x_wconf 82' lang='lat' dir='ltr'>Augustum,</span> <span class='ocrx_word' id='word_1_60' title='bbox 2766 649 2985 710; x_wconf 90' lang='lat' dir='ltr'>indict.</span> <span class='ocrx_word' id='word_1_61' title='bbox 3045 668 3148 711; x_wconf 82' lang='lat' dir='ltr'>vn.</span> <span class='ocrx_word' id='word_1_62' title='bbox 3209 653 3663 715; x_wconf 81' lang='lat' dir='ltr'>Trasimundus</span> 
     </span>
    </p>
   </div>
   <div class='ocr_carea' id='block_1_6' title="bbox 405 754 3664 838">
    <p class='ocr_par' dir='ltr' id='par_1_6' title="bbox 405 754 3664 838">
     <span class='ocr_line' id='line_1_6' title="bbox 405 754 3664 838; baseline 0.002 -23"><span class='ocrx_word' id='word_1_63' title='bbox 405 772 555 816; x_wconf 88' lang='lat' dir='ltr'>vero</span> <span class='ocrx_word' id='word_1_64' title='bbox 612 754 763 830; x_wconf 88' lang='lat' dir='ltr'>dux,</span> <span class='ocrx_word' id='word_1_65' title='bbox 826 754 1046 817; x_wconf 88' lang='lat' dir='ltr'>habito</span> <span class='ocrx_word' id='word_1_66' title='bbox 1105 757 1364 817; x_wconf 90' lang='lat' dir='ltr'>consilio</span> <span class='ocrx_word' id='word_1_67' title='bbox 1409 776 1550 818; x_wconf 92' lang='lat' dir='ltr'>cum</span> <span class='ocrx_word' id='word_1_68' title='bbox 1611 757 1911 818; x_wconf 78' lang='lat' dir='ltr'>Romanis</span> <span class='ocrx_word' id='word_1_69' title='bbox 1969 757 2360 838; x_wconf 78' lang='lat' dir='ltr'>collectoque</span> <span class='ocrx_word' id='word_1_70' title='bbox 2416 757 2696 836; x_wconf 81' lang='lat' dir='ltr'>generali</span> <span class='ocrx_word' id='word_1_71' title='bbox 2753 756 3029 817; x_wconf 87' lang='lat' dir='ltr'>exercitu</span> <span class='ocrx_word' id='word_1_72' title='bbox 3106 758 3371 819; x_wconf 79' lang='lat' dir='ltr'>ducatus</span> <span class='ocrx_word' id='word_1_73' title='bbox 3432 763 3664 823; x_wconf 88' lang='lat' dir='ltr'>Roma-</span> 
     </span>
    </p>
   </div>
   <div class='ocr_carea' id='block_1_7' title="bbox 285 861 3659 944">
    <p class='ocr_par' dir='ltr' id='par_1_7' title="bbox 285 861 3659 944">
     <span class='ocr_line' id='line_1_7' title="bbox 285 861 3659 944; baseline 0.001 -21"><span class='ocrx_word' id='word_1_74' title='bbox 285 864 370 923; x_wconf 85' lang='grc'>10</span> <span class='ocrx_word' id='word_1_75' title='bbox 415 862 501 935; x_wconf 92' lang='lat' dir='ltr'>ni,</span> <span class='ocrx_word' id='word_1_76' title='bbox 562 861 828 941; x_wconf 89' lang='lat' dir='ltr'>ingressi</span> <span class='ocrx_word' id='word_1_77' title='bbox 885 869 1033 923; x_wconf 89' lang='lat' dir='ltr'>sunt</span> <span class='ocrx_word' id='word_1_78' title='bbox 1092 862 1170 944; x_wconf 76' lang='grc' dir='ltr'>(ὁ)</span> <span class='ocrx_word' id='word_1_79' title='bbox 1214 883 1327 943; x_wconf 90' lang='lat' dir='ltr'>per</span> <span class='ocrx_word' id='word_1_80' title='bbox 1381 863 1540 924; x_wconf 90' lang='lat' dir='ltr'>duas</span> <span class='ocrx_word' id='word_1_81' title='bbox 1594 872 1805 943; x_wconf 88' lang='lat' dir='ltr'>partes</span> <span class='ocrx_word' id='word_1_82' title='bbox 1859 864 1925 924; x_wconf 90' lang='lat' dir='ltr'>in</span> <span class='ocrx_word' id='word_1_83' title='bbox 1985 863 2141 924; x_wconf 88' lang='lat' dir='ltr'>fines</span> <span class='ocrx_word' id='word_1_84' title='bbox 2197 865 2465 925; x_wconf 87' lang='lat' dir='ltr'>ducatus</span> <span class='ocrx_word' id='word_1_85' title='bbox 2521 864 2867 943; x_wconf 86' lang='lat' dir='ltr'>Spoletani.</span> <span class='ocrx_word' id='word_1_86' title='bbox 2920 863 3038 934; x_wconf 88' lang='lat' dir='ltr'>Qui</span> <span class='ocrx_word' id='word_1_87' title='bbox 3085 866 3386 927; x_wconf 91' lang='lat' dir='ltr'>continuo</span> <span class='ocrx_word' id='word_1_88' title='bbox 3435 868 3659 929; x_wconf 86' lang='lat' dir='ltr'>timore</span> 
     </span>
    </p>
   </div>
   <div class='ocr_carea' id='block_1_8' title="bbox 410 967 3667 1050">
    <p class='ocr_par' dir='ltr' id='par_1_8' title="bbox 410 967 3667 1050">
     <span class='ocr_line' id='line_1_8' title="bbox 410 967 3667 1050; baseline 0.001 -21"><span class='ocrx_word' id='word_1_89' title='bbox 410 969 635 1029; x_wconf 83' lang='lat' dir='ltr'>ductus</span> <span class='ocrx_word' id='word_1_90' title='bbox 688 967 760 1050; x_wconf 88' lang='lat' dir='ltr'>(c)</span> <span class='ocrx_word' id='word_1_91' title='bbox 826 987 955 1050; x_wconf 76' lang='lat' dir='ltr'>prae</span> <span class='ocrx_word' id='word_1_92' title='bbox 1006 970 1409 1031; x_wconf 82' lang='lat' dir='ltr'>multitudine</span> <span class='ocrx_word' id='word_1_93' title='bbox 1465 971 1774 1031; x_wconf 83' lang='lat' dir='ltr'>exercitus</span> <span class='ocrx_word' id='word_1_94' title='bbox 1831 970 2118 1044; x_wconf 88' lang='lat' dir='ltr'>Ramani,</span> <span class='ocrx_word' id='word_1_95' title='bbox 2180 970 2384 1031; x_wconf 89' lang='lat' dir='ltr'>eidem</span> <span class='ocrx_word' id='word_1_96' title='bbox 2439 970 2861 1030; x_wconf 89' lang='lat' dir='ltr'>Trasimundo</span> <span class='ocrx_word' id='word_1_97' title='bbox 2919 988 2985 1030; x_wconf 90' lang='lat' dir='ltr'>se</span> <span class='ocrx_word' id='word_1_98' title='bbox 3042 969 3458 1032; x_wconf 88' lang='lat' dir='ltr'>subdiderunt</span> <span class='ocrx_word' id='word_1_99' title='bbox 3507 974 3667 1033; x_wconf 90' lang='lat' dir='ltr'>Mar-</span> 
     </span>
    </p>
   </div>
   <div class='ocr_carea' id='block_1_9' title="bbox 412 1074 3661 1157">
    <p class='ocr_par' dir='ltr' id='par_1_9' title="bbox 412 1074 3661 1157">
     <span class='ocr_line' id='line_1_9' title="bbox 412 1074 3661 1157; baseline 0.002 -22"><span class='ocrx_word' id='word_1_100' title='bbox 412 1075 630 1149; x_wconf 85' lang='lat' dir='ltr'>sicani,</span> <span class='ocrx_word' id='word_1_101' title='bbox 668 1081 756 1136; x_wconf 66' lang='lat' dir='ltr'>&#39;et</span> <span class='ocrx_word' id='word_1_102' title='bbox 825 1076 1186 1151; x_wconf 87' lang='lat' dir='ltr'>Forcouini,</span> <span class='ocrx_word' id='word_1_103' title='bbox 1242 1083 1433 1156; x_wconf 89' lang='lat' dir='ltr'>atque</span> <span class='ocrx_word' id='word_1_104' title='bbox 1502 1077 1838 1154; x_wconf 83' lang='lat' dir='ltr'>Balvenses</span> <span class='ocrx_word' id='word_1_105' title='bbox 1892 1074 2005 1157; x_wconf 75' lang='grc' dir='ltr'>(ά),</span> <span class='ocrx_word' id='word_1_106' title='bbox 2068 1094 2178 1136; x_wconf 89' lang='lat' dir='ltr'>seu</span> <span class='ocrx_word' id='word_1_107' title='bbox 2246 1077 2599 1137; x_wconf 86' lang='lat' dir='ltr'>Prinenses.</span> <span class='ocrx_word' id='word_1_108' title='bbox 2658 1076 2895 1137; x_wconf 86' lang='lat' dir='ltr'>Deinde</span> <span class='ocrx_word' id='word_1_109' title='bbox 2965 1076 3232 1154; x_wconf 83' lang='lat' dir='ltr'>ingressi</span> <span class='ocrx_word' id='word_1_110' title='bbox 3295 1096 3410 1157; x_wconf 87' lang='lat' dir='ltr'>per</span> <span class='ocrx_word' id='word_1_111' title='bbox 3477 1080 3661 1141; x_wconf 91' lang='lat' dir='ltr'>Sabi-</span> 
     </span>
    </p>
   </div>
   <div class='ocr_carea' id='block_1_10' title="bbox 423 1180 3671 1263">
    <p class='ocr_par' dir='ltr' id='par_1_10' title="bbox 423 1180 3671 1263">
     <span class='ocr_line' id='line_1_10' title="bbox 423 1180 3671 1263; baseline 0.002 -21"><span class='ocrx_word' id='word_1_112' title='bbox 423 1198 616 1243; x_wconf 88' lang='lat' dir='ltr'>nense</span> <span class='ocrx_word' id='word_1_113' title='bbox 670 1180 745 1263; x_wconf 85' lang='lat' dir='ltr'>(e)</span> <span class='ocrx_word' id='word_1_114' title='bbox 802 1182 1211 1258; x_wconf 80' lang='lat' dir='ltr'>territorium,</span> <span class='ocrx_word' id='word_1_115' title='bbox 1268 1188 1578 1245; x_wconf 87' lang='lat' dir='ltr'>venerunt</span> <span class='ocrx_word' id='word_1_116' title='bbox 1633 1183 1697 1243; x_wconf 91' lang='lat' dir='ltr'>in</span> <span class='ocrx_word' id='word_1_117' title='bbox 1769 1182 2103 1244; x_wconf 85' lang='lat' dir='ltr'>Reatinam</span> <span class='ocrx_word' id='word_1_118' title='bbox 2175 1182 2514 1243; x_wconf 87' lang='lat' dir='ltr'>civitatem.</span> <span class='ocrx_word' id='word_1_119' title='bbox 2598 1182 2717 1254; x_wconf 90' lang='lat' dir='ltr'>Qui</span> <span class='ocrx_word' id='word_1_120' title='bbox 2772 1181 2850 1263; x_wconf 65' lang='grc' dir='ltr'>(Γ)</span> <span class='ocrx_word' id='word_1_121' title='bbox 2932 1182 3175 1245; x_wconf 79' lang='lat' dir='ltr'>Reatini</span> <span class='ocrx_word' id='word_1_122' title='bbox 3249 1185 3549 1248; x_wconf 91' lang='lat' dir='ltr'>continuo</span> <span class='ocrx_word' id='word_1_123' title='bbox 3606 1194 3671 1249; x_wconf 87' lang='lat' dir='ltr'>et</span> 
     </span>
    </p>
   </div>
   <div class='ocr_carea' id='block_1_11' title="bbox 417 1287 1153 1369">
    <p class='ocr_par' dir='ltr' id='par_1_11' title="bbox 417 1287 1153 1369">
     <span class='ocr_line' id='line_1_11' title="bbox 417 1287 1153 1369; baseline 0 -20"><span class='ocrx_word' id='word_1_124' title='bbox 417 1288 538 1369; x_wconf 90' lang='lat' dir='ltr'>ipsi</span> <span class='ocrx_word' id='word_1_125' title='bbox 592 1306 658 1349; x_wconf 90' lang='lat' dir='ltr'>se</span> <span class='ocrx_word' id='word_1_126' title='bbox 716 1287 1153 1351; x_wconf 88' lang='lat' dir='ltr'>subdiderunt.</span> 
     </span>
    </p>
   </div>
   <div class='ocr_carea' id='block_1_12' title="bbox 496 1402 3668 1507">
    <p class='ocr_par' dir='ltr' id='par_1_12' title="bbox 496 1402 3668 1507">
     <span class='ocr_line' id='line_1_12' title="bbox 496 1402 3668 1507; baseline 0.002 -24"><span class='ocrx_word' id='word_1_127' title='bbox 496 1430 660 1483; x_wconf 73' lang='lat'><strong>208</strong></span> <span class='ocrx_word' id='word_1_128' title='bbox 724 1422 965 1484; x_wconf 80' lang='lat' dir='ltr'>Exinde</span> <span class='ocrx_word' id='word_1_129' title='bbox 1044 1402 1403 1503; x_wconf 21' lang='lat' dir='ltr'>pergentes.</span> <span class='ocrx_word' id='word_1_130' title='bbox 1465 1422 1783 1502; x_wconf 84' lang='lat' dir='ltr'>ingressus</span> <span class='ocrx_word' id='word_1_131' title='bbox 1856 1428 1950 1484; x_wconf 88' lang='lat' dir='ltr'>est</span> <span class='ocrx_word' id='word_1_132' title='bbox 2021 1422 2349 1505; x_wconf 83' lang='lat' dir='ltr'>Spoletum</span> <span class='ocrx_word' id='word_1_133' title='bbox 2405 1421 2490 1503; x_wconf 80' lang='lat' dir='ltr'>(g)</span> <span class='ocrx_word' id='word_1_134' title='bbox 2544 1441 2655 1503; x_wconf 92' lang='lat' dir='ltr'>per</span> <span class='ocrx_word' id='word_1_135' title='bbox 2718 1441 2997 1484; x_wconf 87' lang='lat' dir='ltr'>mensem</span> <span class='ocrx_word' id='word_1_136' title='bbox 3042 1424 3447 1487; x_wconf 86' lang='lat' dir='ltr'>Decembrem</span> <span class='ocrx_word' id='word_1_137' title='bbox 3505 1446 3668 1507; x_wconf 62' lang='lat' dir='ltr'>prae-</span> 
     </span>
    </p>
   </div>
   <div class='ocr_carea' id='block_1_13' title="bbox 411 1526 3670 1609">
    <p class='ocr_par' dir='ltr' id='par_1_13' title="bbox 411 1526 3670 1609">
     <span class='ocr_line' id='line_1_13' title="bbox 411 1526 3670 1609; baseline 0.002 -22"><span class='ocrx_word' id='word_1_138' title='bbox 411 1526 581 1588; x_wconf 81' lang='lat' dir='ltr'>dicta</span> <span class='ocrx_word' id='word_1_139' title='bbox 627 1528 846 1588; x_wconf 92' lang='lat' dir='ltr'>indict.</span> <span class='ocrx_word' id='word_1_140' title='bbox 907 1532 1190 1609; x_wconf 81' lang='lat' dir='ltr'>Eratque</span> <span class='ocrx_word' id='word_1_141' title='bbox 1250 1546 1484 1608; x_wconf 84' lang='lat' dir='ltr'>magna</span> <span class='ocrx_word' id='word_1_142' title='bbox 1538 1529 1817 1590; x_wconf 85' lang='lat' dir='ltr'>turbatio</span> <span class='ocrx_word' id='word_1_143' title='bbox 1877 1529 2042 1591; x_wconf 88' lang='lat' dir='ltr'>inter</span> <span class='ocrx_word' id='word_1_144' title='bbox 2099 1532 2417 1589; x_wconf 89' lang='lat' dir='ltr'>Romanos</span> <span class='ocrx_word' id='word_1_145' title='bbox 2477 1534 2538 1589; x_wconf 90' lang='lat' dir='ltr'>et</span> <span class='ocrx_word' id='word_1_146' title='bbox 2592 1529 3066 1608; x_wconf 85' lang='lat' dir='ltr'>Longobardos.</span> <span class='ocrx_word' id='word_1_147' title='bbox 3121 1531 3429 1604; x_wconf 89' lang='lat' dir='ltr'>Quoniam</span> <span class='ocrx_word' id='word_1_148' title='bbox 3477 1534 3670 1595; x_wconf 82' lang='lat' dir='ltr'>etBe-</span> 
     </span>
    </p>
   </div>
   <div class='ocr_carea' id='block_1_14' title="bbox 415 1634 3671 1720">
    <p class='ocr_par' dir='ltr' id='par_1_14' title="bbox 415 1634 3671 1720">
     <span class='ocr_line' id='line_1_14' title="bbox 415 1634 3671 1720; baseline 0.002 -25"><span class='ocrx_word' id='word_1_149' title='bbox 415 1635 756 1696; x_wconf 90' lang='lat' dir='ltr'>neventani</span> <span class='ocrx_word' id='word_1_150' title='bbox 812 1641 877 1697; x_wconf 90' lang='lat' dir='ltr'>et</span> <span class='ocrx_word' id='word_1_151' title='bbox 931 1635 1259 1715; x_wconf 82' lang='lat' dir='ltr'>Spoletani</span> <span class='ocrx_word' id='word_1_152' title='bbox 1321 1653 1464 1695; x_wconf 91' lang='lat' dir='ltr'>cum</span> <span class='ocrx_word' id='word_1_153' title='bbox 1524 1636 1821 1696; x_wconf 77' lang='lat' dir='ltr'>Romanis</span> <span class='ocrx_word' id='word_1_154' title='bbox 1878 1635 2182 1697; x_wconf 88' lang='lat' dir='ltr'>tenebant</span> <span class='ocrx_word' id='word_1_155' title='bbox 2234 1634 2342 1716; x_wconf 79' lang='grc' dir='ltr'>(Ιι).</span> <span class='ocrx_word' id='word_1_156' title='bbox 2405 1636 2527 1697; x_wconf 90' lang='lat' dir='ltr'>Sed</span> <span class='ocrx_word' id='word_1_157' title='bbox 2586 1636 2736 1696; x_wconf 91' lang='lat' dir='ltr'>dum</span> <span class='ocrx_word' id='word_1_158' title='bbox 2786 1635 2953 1696; x_wconf 87' lang='lat' dir='ltr'>idem</span> <span class='ocrx_word' id='word_1_159' title='bbox 3008 1637 3466 1699; x_wconf 85' lang='lat' dir='ltr'>Trasimundus</span> <span class='ocrx_word' id='word_1_160' title='bbox 3516 1641 3671 1720; x_wconf 91' lang='lat' dir='ltr'>Spo-</span> 
     </span>
    </p>
   </div>
   <div class='ocr_carea' id='block_1_15' title="bbox 415 1740 3670 1826">
    <p class='ocr_par' dir='ltr' id='par_1_15' title="bbox 415 1740 3670 1826">
     <span class='ocr_line' id='line_1_15' title="bbox 415 1740 3670 1826; baseline 0.002 -26"><span class='ocrx_word' id='word_1_161' title='bbox 415 1740 648 1801; x_wconf 88' lang='lat' dir='ltr'>letinus</span> <span class='ocrx_word' id='word_1_162' title='bbox 705 1741 832 1801; x_wconf 91' lang='lat' dir='ltr'>dux</span> <span class='ocrx_word' id='word_1_163' title='bbox 887 1741 1092 1802; x_wconf 90' lang='lat' dir='ltr'>noluit</span> <span class='ocrx_word' id='word_1_164' title='bbox 1146 1741 1412 1821; x_wconf 90' lang='lat' dir='ltr'>implere</span> <span class='ocrx_word' id='word_1_165' title='bbox 1471 1760 1613 1821; x_wconf 64' lang='lat' dir='ltr'>quae</span> <span class='ocrx_word' id='word_1_166' title='bbox 1669 1741 1970 1821; x_wconf 64' lang='lat' dir='ltr'>praedicto</span> <span class='ocrx_word' id='word_1_167' title='bbox 2026 1741 2307 1821; x_wconf 87' lang='lat' dir='ltr'>pontifici</span> <span class='ocrx_word' id='word_1_168' title='bbox 2365 1746 2426 1802; x_wconf 90' lang='lat' dir='ltr'>et</span> <span class='ocrx_word' id='word_1_169' title='bbox 2482 1741 2747 1821; x_wconf 89' lang='lat' dir='ltr'>patricio</span> <span class='ocrx_word' id='word_1_170' title='bbox 2806 1742 2994 1802; x_wconf 86' lang='lat' dir='ltr'>simul</span> <span class='ocrx_word' id='word_1_171' title='bbox 3051 1748 3112 1803; x_wconf 90' lang='lat' dir='ltr'>et</span> <span class='ocrx_word' id='word_1_172' title='bbox 3166 1745 3472 1805; x_wconf 85' lang='lat' dir='ltr'>Romanis</span> <span class='ocrx_word' id='word_1_173' title='bbox 3528 1765 3670 1826; x_wconf 90' lang='lat' dir='ltr'>pro-</span> 
     </span>
    </p>
   </div>
   <div class='ocr_carea' id='block_1_16' title="bbox 335 1846 3669 1933">
    <p class='ocr_par' dir='ltr' id='par_1_16' title="bbox 335 1846 3669 1933">
     <span class='ocr_line' id='line_1_16' title="bbox 335 1846 3669 1933; baseline 0.002 -27"><span class='ocrx_word' id='word_1_174' title='bbox 335 1848 373 1906; x_wconf 83' lang='lat'><strong>5</strong></span> <span class='ocrx_word' id='word_1_175' title='bbox 418 1846 675 1908; x_wconf 86' lang='lat' dir='ltr'>miserat</span> <span class='ocrx_word' id='word_1_176' title='bbox 726 1867 840 1928; x_wconf 93' lang='lat' dir='ltr'>pro</span> <span class='ocrx_word' id='word_1_177' title='bbox 899 1847 1336 1926; x_wconf 87' lang='lat' dir='ltr'>recolligendis</span> <span class='ocrx_word' id='word_1_178' title='bbox 1419 1853 1692 1927; x_wconf 90' lang='lat' dir='ltr'>quatuor</span> <span class='ocrx_word' id='word_1_179' title='bbox 1745 1848 2125 1921; x_wconf 87' lang='lat' dir='ltr'>civitatibus,</span> <span class='ocrx_word' id='word_1_180' title='bbox 2183 1867 2324 1928; x_wconf 69' lang='lat' dir='ltr'>qua:</span> <span class='ocrx_word' id='word_1_181' title='bbox 2389 1866 2507 1928; x_wconf 90' lang='lat' dir='ltr'>pro</span> <span class='ocrx_word' id='word_1_182' title='bbox 2596 1867 2671 1908; x_wconf 92' lang='lat' dir='ltr'>eo</span> <span class='ocrx_word' id='word_1_183' title='bbox 2748 1848 3090 1928; x_wconf 88' lang='lat' dir='ltr'>perierant,</span> <span class='ocrx_word' id='word_1_184' title='bbox 3171 1855 3235 1910; x_wconf 91' lang='lat' dir='ltr'>et</span> <span class='ocrx_word' id='word_1_185' title='bbox 3308 1851 3470 1925; x_wconf 90' lang='lat' dir='ltr'>aliis,</span> <span class='ocrx_word' id='word_1_186' title='bbox 3526 1872 3669 1933; x_wconf 65' lang='lat' dir='ltr'>quae</span> 
     </span>
    </p>
   </div>
   <div class='ocr_carea' id='block_1_17' title="bbox 412 1953 3668 2035">
    <p class='ocr_par' dir='ltr' id='par_1_17' title="bbox 412 1953 3668 2035">
     <span class='ocr_line' id='line_1_17' title="bbox 412 1953 3668 2035; baseline 0.002 -22"><span class='ocrx_word' id='word_1_187' title='bbox 412 1954 841 2034; x_wconf 88' lang='lat' dir='ltr'>spoponderat</span> <span class='ocrx_word' id='word_1_188' title='bbox 897 1955 1216 2035; x_wconf 89' lang='lat' dir='ltr'>capitula;</span> <span class='ocrx_word' id='word_1_189' title='bbox 1274 1960 1338 2015; x_wconf 89' lang='lat' dir='ltr'>et</span> <span class='ocrx_word' id='word_1_190' title='bbox 1402 1954 1906 2034; x_wconf 68' lang='lat' dir='ltr'>praenominatus</span> <span class='ocrx_word' id='word_1_191' title='bbox 1962 1973 2073 2015; x_wconf 90' lang='lat' dir='ltr'>rex</span> <span class='ocrx_word' id='word_1_192' title='bbox 2130 1953 2210 2014; x_wconf 91' lang='lat' dir='ltr'>ad</span> <span class='ocrx_word' id='word_1_193' title='bbox 2269 1954 2613 2015; x_wconf 86' lang='lat' dir='ltr'>motionem</span> <span class='ocrx_word' id='word_1_194' title='bbox 2671 1953 2739 2035; x_wconf 73' lang='grc' dir='ltr'>(ι)</span> <span class='ocrx_word' id='word_1_195' title='bbox 2802 1961 3024 2016; x_wconf 87' lang='lat' dir='ltr'>contra</span> <span class='ocrx_word' id='word_1_196' title='bbox 3080 1956 3380 2018; x_wconf 86' lang='lat' dir='ltr'>ducatum</span> <span class='ocrx_word' id='word_1_197' title='bbox 3440 1960 3668 2021; x_wconf 90' lang='lat' dir='ltr'>Roma-</span> 
     </span>
    </p>
   </div>
   <div class='ocr_carea' id='block_1_18' title="bbox 416 2060 3666 2143">
    <p class='ocr_par' dir='ltr' id='par_1_18' title="bbox 416 2060 3666 2143">
     <span class='ocr_line' id='line_1_18' title="bbox 416 2060 3666 2143; baseline 0.002 -22"><span class='ocrx_word' id='word_1_198' title='bbox 416 2079 568 2121; x_wconf 89' lang='lat' dir='ltr'>num</span> <span class='ocrx_word' id='word_1_199' title='bbox 626 2080 692 2122; x_wconf 88' lang='lat' dir='ltr'>se</span> <span class='ocrx_word' id='word_1_200' title='bbox 748 2066 1136 2142; x_wconf 75' lang='lat' dir='ltr'>praepararet</span> <span class='ocrx_word' id='word_1_201' title='bbox 1196 2079 1210 2122; x_wconf 90' lang='lat'><strong>:</strong></span> <span class='ocrx_word' id='word_1_202' title='bbox 1269 2061 1335 2122; x_wconf 89' lang='lat' dir='ltr'>in</span> <span class='ocrx_word' id='word_1_203' title='bbox 1387 2060 1487 2122; x_wconf 88' lang='lat' dir='ltr'>bis</span> <span class='ocrx_word' id='word_1_204' title='bbox 1543 2061 1856 2141; x_wconf 58' lang='lat' dir='ltr'>praedictis</span> <span class='ocrx_word' id='word_1_205' title='bbox 1916 2062 2116 2122; x_wconf 69' lang='lat' dir='ltr'>beata:</span> <span class='ocrx_word' id='word_1_206' title='bbox 2184 2061 2503 2122; x_wconf 65' lang='lat' dir='ltr'>memoriae</span> <span class='ocrx_word' id='word_1_207' title='bbox 2572 2062 2908 2140; x_wconf 82' lang='lat' dir='ltr'>Gregorius</span> <span class='ocrx_word' id='word_1_208' title='bbox 2977 2081 3147 2143; x_wconf 90' lang='lat' dir='ltr'>papa</span> <span class='ocrx_word' id='word_1_209' title='bbox 3204 2064 3417 2125; x_wconf 90' lang='lat' dir='ltr'>divina</span> <span class='ocrx_word' id='word_1_210' title='bbox 3472 2084 3666 2128; x_wconf 86' lang='lat' dir='ltr'>voca-</span> 
     </span>
    </p>
   </div>
   <div class='ocr_carea' id='block_1_19' title="bbox 413 2175 3671 2258">
    <p class='ocr_par' dir='ltr' id='par_1_19' title="bbox 413 2175 3671 2258">
     <span class='ocr_line' id='line_1_19' title="bbox 413 2175 3671 2258; baseline 0.002 -21"><span class='ocrx_word' id='word_1_211' title='bbox 413 2175 583 2237; x_wconf 84' lang='lat' dir='ltr'>tione</span> <span class='ocrx_word' id='word_1_212' title='bbox 641 2195 720 2238; x_wconf 86' lang='lat' dir='ltr'>ex</span> <span class='ocrx_word' id='word_1_213' title='bbox 775 2176 894 2238; x_wconf 90' lang='lat' dir='ltr'>hac</span> <span class='ocrx_word' id='word_1_214' title='bbox 949 2177 1087 2239; x_wconf 91' lang='lat' dir='ltr'>luce</span> <span class='ocrx_word' id='word_1_215' title='bbox 1144 2177 1508 2238; x_wconf 86' lang='lat' dir='ltr'>subtractus</span> <span class='ocrx_word' id='word_1_216' title='bbox 1564 2183 1678 2251; x_wconf 90' lang='lat' dir='ltr'>est,</span> <span class='ocrx_word' id='word_1_217' title='bbox 1741 2183 1803 2238; x_wconf 93' lang='lat' dir='ltr'>et</span> <span class='ocrx_word' id='word_1_218' title='bbox 1870 2177 2083 2238; x_wconf 92' lang='lat' dir='ltr'>divino</span> <span class='ocrx_word' id='word_1_219' title='bbox 2153 2184 2309 2237; x_wconf 83' lang='lat' dir='ltr'>nutu</span> <span class='ocrx_word' id='word_1_220' title='bbox 2373 2178 2872 2258; x_wconf 74' lang='lat' dir='ltr'>praenominatus</span> <span class='ocrx_word' id='word_1_221' title='bbox 2936 2178 3367 2241; x_wconf 88' lang='lat' dir='ltr'>sanctissimus</span> <span class='ocrx_word' id='word_1_222' title='bbox 3430 2181 3671 2244; x_wconf 88' lang='lat' dir='ltr'>Zacha-</span> 
     </span>
    </p>
   </div>
   <div class='ocr_carea' id='block_1_20' title="bbox 412 2282 3674 2366">
    <p class='ocr_par' dir='ltr' id='par_1_20' title="bbox 412 2282 3674 2366">
     <span class='ocr_line' id='line_1_20' title="bbox 412 2282 3674 2366; baseline 0.002 -23"><span class='ocrx_word' id='word_1_223' title='bbox 412 2283 538 2344; x_wconf 90' lang='lat' dir='ltr'>rias</span> <span class='ocrx_word' id='word_1_224' title='bbox 596 2282 661 2343; x_wconf 91' lang='lat' dir='ltr'>in</span> <span class='ocrx_word' id='word_1_225' title='bbox 722 2284 1160 2362; x_wconf 84' lang='lat' dir='ltr'>pontificatum</span> <span class='ocrx_word' id='word_1_226' title='bbox 1228 2289 1323 2344; x_wconf 90' lang='lat' dir='ltr'>est</span> <span class='ocrx_word' id='word_1_227' title='bbox 1390 2284 1646 2345; x_wconf 89' lang='lat' dir='ltr'>electus.</span> <span class='ocrx_word' id='word_1_228' title='bbox 1710 2283 1817 2343; x_wconf 88' lang='lat' dir='ltr'>Cui</span> <span class='ocrx_word' id='word_1_229' title='bbox 1887 2284 2288 2363; x_wconf 83' lang='lat' dir='ltr'>omnipotens</span> <span class='ocrx_word' id='word_1_230' title='bbox 2360 2287 2525 2344; x_wconf 90' lang='lat' dir='ltr'>Deus</span> <span class='ocrx_word' id='word_1_231' title='bbox 2594 2288 2837 2344; x_wconf 88' lang='lat' dir='ltr'>tantam</span> <span class='ocrx_word' id='word_1_232' title='bbox 2910 2284 3180 2345; x_wconf 85' lang='lat' dir='ltr'>contulit</span> <span class='ocrx_word' id='word_1_233' title='bbox 3248 2288 3542 2366; x_wconf 82' lang='lat' dir='ltr'>gratiam,</span> <span class='ocrx_word' id='word_1_234' title='bbox 3604 2294 3674 2351; x_wconf 87' lang='lat' dir='ltr'>ut</span> 
     </span>
    </p>
   </div>
   <div class='ocr_carea' id='block_1_21' title="bbox 282 2390 3676 2474">
    <p class='ocr_par' dir='ltr' id='par_1_21' title="bbox 282 2390 3676 2474">
     <span class='ocr_line' id='line_1_21' title="bbox 282 2390 3676 2474; baseline 0.002 -24"><span class='ocrx_word' id='word_1_235' title='bbox 282 2390 370 2450; x_wconf 66' lang='lat'>&#39;10</span> <span class='ocrx_word' id='word_1_236' title='bbox 414 2390 604 2451; x_wconf 87' lang='lat' dir='ltr'>etiam</span> <span class='ocrx_word' id='word_1_237' title='bbox 664 2409 776 2471; x_wconf 90' lang='lat' dir='ltr'>pro</span> <span class='ocrx_word' id='word_1_238' title='bbox 833 2390 1036 2452; x_wconf 89' lang='lat' dir='ltr'>salute</span> <span class='ocrx_word' id='word_1_239' title='bbox 1094 2390 1315 2471; x_wconf 89' lang='lat' dir='ltr'>populi</span> <span class='ocrx_word' id='word_1_240' title='bbox 1372 2390 1639 2451; x_wconf 85' lang='lat' dir='ltr'>Romani</span> <span class='ocrx_word' id='word_1_241' title='bbox 1696 2408 1874 2450; x_wconf 88' lang='lat' dir='ltr'>suam</span> <span class='ocrx_word' id='word_1_242' title='bbox 1945 2408 2181 2471; x_wconf 89' lang='lat' dir='ltr'>ponere</span> <span class='ocrx_word' id='word_1_243' title='bbox 2255 2390 2532 2451; x_wconf 89' lang='lat' dir='ltr'>animam</span> <span class='ocrx_word' id='word_1_244' title='bbox 2613 2410 2735 2451; x_wconf 88' lang='lat' dir='ltr'>non</span> <span class='ocrx_word' id='word_1_245' title='bbox 2817 2390 3157 2452; x_wconf 84' lang='lat' dir='ltr'>dubitaret.</span> <span class='ocrx_word' id='word_1_246' title='bbox 3229 2393 3414 2456; x_wconf 87' lang='lat' dir='ltr'>Missa</span> <span class='ocrx_word' id='word_1_247' title='bbox 3481 2396 3676 2474; x_wconf 81' lang='lat' dir='ltr'>igitur</span> 
     </span>
    </p>
   </div>
   <div class='ocr_carea' id='block_1_22' title="bbox 414 2496 3675 2583">
    <p class='ocr_par' dir='ltr' id='par_1_22' title="bbox 414 2496 3675 2583">
     <span class='ocr_line' id='line_1_22' title="bbox 414 2496 3675 2583; baseline 0.002 -26"><span class='ocrx_word' id='word_1_248' title='bbox 414 2497 728 2576; x_wconf 81' lang='lat' dir='ltr'>legatione</span> <span class='ocrx_word' id='word_1_249' title='bbox 786 2497 958 2577; x_wconf 89' lang='lat' dir='ltr'>apud</span> <span class='ocrx_word' id='word_1_250' title='bbox 1020 2497 1153 2577; x_wconf 89' lang='lat' dir='ltr'>jam</span> <span class='ocrx_word' id='word_1_251' title='bbox 1226 2497 1464 2558; x_wconf 89' lang='lat' dir='ltr'>dictum</span> <span class='ocrx_word' id='word_1_252' title='bbox 1541 2515 1787 2575; x_wconf 86' lang='lat' dir='ltr'>regem.</span> <span class='ocrx_word' id='word_1_253' title='bbox 1828 2496 2415 2577; x_wconf 84' lang='lat' dir='ltr'>Longobardorum,</span> <span class='ocrx_word' id='word_1_254' title='bbox 2493 2497 2797 2557; x_wconf 88' lang='lat' dir='ltr'>salutaria</span> <span class='ocrx_word' id='word_1_255' title='bbox 2860 2497 2955 2558; x_wconf 92' lang='lat' dir='ltr'>illi</span> <span class='ocrx_word' id='word_1_256' title='bbox 3028 2498 3413 2577; x_wconf 60' lang='lat' dir='ltr'>pradicavit.</span> <span class='ocrx_word' id='word_1_257' title='bbox 3483 2502 3675 2583; x_wconf 82' lang='lat' dir='ltr'>Cujus</span> 
     </span>
    </p>
   </div>
   <div class='ocr_carea' id='block_1_23' title="bbox 415 2603 3673 2687">
    <p class='ocr_par' dir='ltr' id='par_1_23' title="bbox 415 2603 3673 2687">
     <span class='ocr_line' id='line_1_23' title="bbox 415 2603 3673 2687; baseline 0.002 -23"><span class='ocrx_word' id='word_1_258' title='bbox 415 2604 617 2665; x_wconf 89' lang='lat' dir='ltr'>sancti</span> <span class='ocrx_word' id='word_1_259' title='bbox 675 2603 789 2664; x_wconf 89' lang='lat' dir='ltr'>viri</span> <span class='ocrx_word' id='word_1_260' title='bbox 847 2603 1385 2665; x_wconf 86' lang='lat' dir='ltr'>admonitionibus</span> <span class='ocrx_word' id='word_1_261' title='bbox 1450 2603 1811 2677; x_wconf 88' lang='lat' dir='ltr'>inclinatus,</span> <span class='ocrx_word' id='word_1_262' title='bbox 1880 2604 2377 2683; x_wconf 75' lang='lat' dir='ltr'>praenominatas</span> <span class='ocrx_word' id='word_1_263' title='bbox 2448 2610 2744 2684; x_wconf 90' lang='lat' dir='ltr'>quatuor,</span> <span class='ocrx_word' id='word_1_264' title='bbox 2806 2622 2964 2683; x_wconf 90' lang='lat' dir='ltr'>quas</span> <span class='ocrx_word' id='word_1_265' title='bbox 3024 2622 3062 2664; x_wconf 90' lang='lat' dir='ltr'>a</span> <span class='ocrx_word' id='word_1_266' title='bbox 3118 2604 3355 2665; x_wconf 90' lang='lat' dir='ltr'>ducatu</span> <span class='ocrx_word' id='word_1_267' title='bbox 3408 2604 3493 2687; x_wconf 69' lang='grc' dir='ltr'>(λ’)</span> <span class='ocrx_word' id='word_1_268' title='bbox 3552 2610 3673 2669; x_wconf 84' lang='lat' dir='ltr'>Ro-</span> 
     </span>
    </p>
   </div>
   <div class='ocr_carea' id='block_1_24' title="bbox 419 2687 3674 2790">
    <p class='ocr_par' dir='ltr' id='par_1_24' title="bbox 419 2687 3674 2790">
     <span class='ocr_line' id='line_1_24' title="bbox 419 2687 3674 2790; baseline 0.001 -20"><span class='ocrx_word' id='word_1_269' title='bbox 419 2729 606 2771; x_wconf 89' lang='lat' dir='ltr'>mano</span> <span class='ocrx_word' id='word_1_270' title='bbox 667 2710 1036 2784; x_wconf 89' lang='lat' dir='ltr'>abstulerat,</span> <span class='ocrx_word' id='word_1_271' title='bbox 1089 2711 1373 2772; x_wconf 87' lang='lat' dir='ltr'>civitates</span> <span class='ocrx_word' id='word_1_272' title='bbox 1427 2710 1689 2771; x_wconf 89' lang='lat' dir='ltr'>reddere</span> <span class='ocrx_word' id='word_1_273' title='bbox 1747 2687 2056 2790; x_wconf 83' lang='lat' dir='ltr'>promisit.</span> <span class='ocrx_word' id='word_1_274' title='bbox 2110 2712 2400 2789; x_wconf 88' lang='lat' dir='ltr'>Dumque</span> <span class='ocrx_word' id='word_1_275' title='bbox 2458 2710 2736 2770; x_wconf 88' lang='lat' dir='ltr'>motione</span> <span class='ocrx_word' id='word_1_276' title='bbox 2795 2710 3064 2770; x_wconf 89' lang='lat' dir='ltr'>militum</span> <span class='ocrx_word' id='word_1_277' title='bbox 3125 2710 3293 2771; x_wconf 87' lang='lat' dir='ltr'>facta</span> <span class='ocrx_word' id='word_1_278' title='bbox 3352 2712 3434 2772; x_wconf 90' lang='lat' dir='ltr'>ad</span> <span class='ocrx_word' id='word_1_279' title='bbox 3499 2732 3674 2774; x_wconf 90' lang='lat' dir='ltr'>com-</span> 
     </span>
    </p>
   </div>
   <div class='ocr_carea' id='block_1_25' title="bbox 421 2814 3676 2897">
    <p class='ocr_par' dir='ltr' id='par_1_25' title="bbox 421 2814 3676 2897">
     <span class='ocr_line' id='line_1_25' title="bbox 421 2814 3676 2897; baseline 0.002 -21"><span class='ocrx_word' id='word_1_280' title='bbox 421 2817 1018 2897; x_wconf 89' lang='lat' dir='ltr'>prprebendendum</span> <span class='ocrx_word' id='word_1_281' title='bbox 1077 2817 1565 2879; x_wconf 87' lang='lat' dir='ltr'>Trasimundum</span> <span class='ocrx_word' id='word_1_282' title='bbox 1626 2816 1851 2878; x_wconf 90' lang='lat' dir='ltr'>ducem</span> <span class='ocrx_word' id='word_1_283' title='bbox 1909 2816 2310 2897; x_wconf 91' lang='lat' dir='ltr'>Spoletinum</span> <span class='ocrx_word' id='word_1_284' title='bbox 2368 2814 2783 2894; x_wconf 83' lang='lat' dir='ltr'>conjungeret</span> <span class='ocrx_word' id='word_1_285' title='bbox 2840 2833 2927 2888; x_wconf 86' lang='lat' dir='ltr'>se,</span> <span class='ocrx_word' id='word_1_286' title='bbox 2989 2816 3431 2880; x_wconf 86' lang='lat' dir='ltr'>exhortatione</span> <span class='ocrx_word' id='word_1_287' title='bbox 3466 2821 3676 2882; x_wconf 86' lang='lat' dir='ltr'>sancti</span> 
     </span>
    </p>
   </div>
   <div class='ocr_carea' id='block_1_26' title="bbox 336 2920 3675 3008">
    <p class='ocr_par' dir='ltr' id='par_1_26' title="bbox 336 2920 3675 3008">
     <span class='ocr_line' id='line_1_26' title="bbox 336 2920 3675 3008; baseline 0.001 -23"><span class='ocrx_word' id='word_1_288' title='bbox 336 2926 377 2985; x_wconf 83' lang='lat'><strong>5</strong></span> <span class='ocrx_word' id='word_1_289' title='bbox 425 2923 540 2984; x_wconf 90' lang='lat' dir='ltr'>viri</span> <span class='ocrx_word' id='word_1_290' title='bbox 597 2924 908 2985; x_wconf 87' lang='lat' dir='ltr'>exercitus</span> <span class='ocrx_word' id='word_1_291' title='bbox 976 2927 1296 2985; x_wconf 82' lang='lat' dir='ltr'>Romanus</span> <span class='ocrx_word' id='word_1_292' title='bbox 1352 2924 1417 2984; x_wconf 92' lang='lat' dir='ltr'>in</span> <span class='ocrx_word' id='word_1_293' title='bbox 1485 2923 1876 3003; x_wconf 88' lang='lat' dir='ltr'>adjutorium</span> <span class='ocrx_word' id='word_1_294' title='bbox 1949 2921 2238 3004; x_wconf 66' lang='lat' dir='ltr'>prmdicti</span> <span class='ocrx_word' id='word_1_295' title='bbox 2289 2922 2456 3002; x_wconf 81' lang='lat' dir='ltr'>regis</span> <span class='ocrx_word' id='word_1_296' title='bbox 2522 2921 2757 3000; x_wconf 83' lang='lat' dir='ltr'>egressi</span> <span class='ocrx_word' id='word_1_297' title='bbox 2824 2927 2971 2982; x_wconf 92' lang='lat' dir='ltr'>sunt</span> <span class='ocrx_word' id='word_1_298' title='bbox 3030 2920 3135 3003; x_wconf 72' lang='lat' dir='ltr'>(la).</span> <span class='ocrx_word' id='word_1_299' title='bbox 3196 2926 3272 2984; x_wconf 89' lang='lat' dir='ltr'>Et</span> <span class='ocrx_word' id='word_1_300' title='bbox 3333 2925 3483 2987; x_wconf 89' lang='lat' dir='ltr'>dum</span> <span class='ocrx_word' id='word_1_301' title='bbox 3540 2927 3675 3008; x_wconf 90' lang='lat' dir='ltr'>ipse</span> 
     </span>
    </p>
   </div>
   <div class='ocr_carea' id='block_1_27' title="bbox 419 3027 3703 3112">
    <p class='ocr_par' dir='ltr' id='par_1_27' title="bbox 419 3027 3703 3112">
     <span class='ocr_line' id='line_1_27' title="bbox 419 3027 3703 3112; baseline 0.001 -20"><span class='ocrx_word' id='word_1_302' title='bbox 419 3030 877 3092; x_wconf 88' lang='lat' dir='ltr'>Trasimundus</span> <span class='ocrx_word' id='word_1_303' title='bbox 934 3050 1111 3092; x_wconf 91' lang='lat' dir='ltr'>suam</span> <span class='ocrx_word' id='word_1_304' title='bbox 1172 3031 1608 3111; x_wconf 89' lang='lat' dir='ltr'>deceptionem</span> <span class='ocrx_word' id='word_1_305' title='bbox 1662 3030 2073 3111; x_wconf 88' lang='lat' dir='ltr'>conspiceret,</span> <span class='ocrx_word' id='word_1_306' title='bbox 2107 3048 2393 3109; x_wconf 85' lang='lat' dir='ltr'>egressus</span> <span class='ocrx_word' id='word_1_307' title='bbox 2450 3048 2487 3089; x_wconf 88' lang='lat' dir='ltr'>a</span> <span class='ocrx_word' id='word_1_308' title='bbox 2542 3027 2889 3109; x_wconf 86' lang='lat' dir='ltr'>Spoletana</span> <span class='ocrx_word' id='word_1_309' title='bbox 2940 3028 3193 3092; x_wconf 87' lang='lat' dir='ltr'>civitate</span> <span class='ocrx_word' id='word_1_310' title='bbox 3224 3050 3357 3093; x_wconf 90' lang='lat' dir='ltr'>sese</span> <span class='ocrx_word' id='word_1_311' title='bbox 3404 3034 3703 3112; x_wconf 78' lang='lat' dir='ltr'>praedie-‘</span> 
     </span>
    </p>
   </div>
   <div class='ocr_carea' id='block_1_28' title="bbox 425 3136 2024 3218">
    <p class='ocr_par' dir='ltr' id='par_1_28' title="bbox 425 3137 1145 3218">
     <span class='ocr_line' id='line_1_28' title="bbox 425 3137 1145 3218; baseline 0 -20"><span class='ocrx_word' id='word_1_312' title='bbox 425 3143 490 3199; x_wconf 91' lang='lat' dir='ltr'>to</span> <span class='ocrx_word' id='word_1_313' title='bbox 546 3138 807 3199; x_wconf 88' lang='lat' dir='ltr'>tradidit</span> <span class='ocrx_word' id='word_1_314' title='bbox 861 3138 997 3217; x_wconf 84' lang='lat' dir='ltr'>regi</span> <span class='ocrx_word' id='word_1_315' title='bbox 1050 3137 1145 3218; x_wconf 82' lang='grc' dir='ltr'>(ί).</span> 
     </span>
    </p>
   </div>
   <div class='ocr_carea' id='block_1_29' title="bbox 503 3248 3677 3353">
    <p class='ocr_par' dir='ltr' id='par_1_29' title="bbox 503 3248 3677 3353">
     <span class='ocr_line' id='line_1_29' title="bbox 503 3248 3677 3353; baseline 0.001 -22"><span class='ocrx_word' id='word_1_316' title='bbox 503 3279 672 3345; x_wconf 62' lang='lat'>200</span> <span class='ocrx_word' id='word_1_317' title='bbox 745 3274 1035 3353; x_wconf 88' lang='lat' dir='ltr'>Dumque</span> <span class='ocrx_word' id='word_1_318' title='bbox 1100 3271 1300 3333; x_wconf 90' lang='lat' dir='ltr'>isdem</span> <span class='ocrx_word' id='word_1_319' title='bbox 1371 3291 1480 3332; x_wconf 85' lang='lat' dir='ltr'>rex</span> <span class='ocrx_word' id='word_1_320' title='bbox 1545 3270 1645 3353; x_wconf 66' lang='grc' dir='ltr'>(φη)</span> <span class='ocrx_word' id='word_1_321' title='bbox 1717 3269 2117 3351; x_wconf 85' lang='lat' dir='ltr'>protraheret</span> <span class='ocrx_word' id='word_1_322' title='bbox 2185 3268 2555 3330; x_wconf 90' lang='lat' dir='ltr'>dilationem</span> <span class='ocrx_word' id='word_1_323' title='bbox 2629 3248 2710 3329; x_wconf 81' lang='lat' dir='ltr'>ad</span> <span class='ocrx_word' id='word_1_324' title='bbox 2780 3269 3173 3332; x_wconf 87' lang='lat' dir='ltr'>reddendum</span> <span class='ocrx_word' id='word_1_325' title='bbox 3235 3270 3423 3350; x_wconf 89' lang='lat' dir='ltr'>juxta</span> <span class='ocrx_word' id='word_1_326' title='bbox 3498 3252 3677 3334; x_wconf 82' lang='lat' dir='ltr'>suam</span> 
     </span>
    </p>
   </div>
   <div class='ocr_carea' id='block_1_30' title="bbox 420 3376 3681 3460">
    <p class='ocr_par' dir='ltr' id='par_1_30' title="bbox 420 3376 3681 3460">
     <span class='ocr_line' id='line_1_30' title="bbox 420 3376 3681 3460; baseline 0.001 -22"><span class='ocrx_word' id='word_1_327' title='bbox 420 3377 910 3457; x_wconf 89' lang='lat' dir='ltr'>promissionem</span> <span class='ocrx_word' id='word_1_328' title='bbox 960 3378 1096 3460; x_wconf 89' lang='lat' dir='ltr'>jam</span> <span class='ocrx_word' id='word_1_329' title='bbox 1157 3380 1408 3451; x_wconf 87' lang='lat' dir='ltr'>factam,</span> <span class='ocrx_word' id='word_1_330' title='bbox 1473 3383 1749 3458; x_wconf 87' lang='lat' dir='ltr'>quatuor</span> <span class='ocrx_word' id='word_1_331' title='bbox 1805 3376 1886 3457; x_wconf 80' lang='grc' dir='ltr'>(η)</span> <span class='ocrx_word' id='word_1_332' title='bbox 1942 3376 2248 3450; x_wconf 87' lang='lat' dir='ltr'>civitates,</span> <span class='ocrx_word' id='word_1_333' title='bbox 2312 3376 2810 3456; x_wconf 64' lang='lat' dir='ltr'>praenominatus</span> <span class='ocrx_word' id='word_1_334' title='bbox 2868 3377 3174 3457; x_wconf 83' lang='lat' dir='ltr'>pontifex,</span> <span class='ocrx_word' id='word_1_335' title='bbox 3236 3384 3306 3438; x_wconf 90' lang='lat' dir='ltr'>ut</span> <span class='ocrx_word' id='word_1_336' title='bbox 3359 3397 3504 3440; x_wconf 84' lang='lat' dir='ltr'>vere</span> <span class='ocrx_word' id='word_1_337' title='bbox 3542 3398 3681 3460; x_wconf 89' lang='lat' dir='ltr'>pas-</span> 
     </span>
    </p>
   </div>
   <div class='ocr_carea' id='block_1_31' title="bbox 425 3479 3676 3566">
    <p class='ocr_par' dir='ltr' id='par_1_31' title="bbox 425 3479 3676 3566">
     <span class='ocr_line' id='line_1_31' title="bbox 425 3479 3676 3566; baseline 0.001 -21"><span class='ocrx_word' id='word_1_338' title='bbox 425 3490 523 3546; x_wconf 89' lang='lat' dir='ltr'>tor</span> <span class='ocrx_word' id='word_1_339' title='bbox 578 3479 797 3566; x_wconf 81' lang='lat' dir='ltr'>populi</span> <span class='ocrx_word' id='word_1_340' title='bbox 851 3485 971 3547; x_wconf 87' lang='lat' dir='ltr'>sibi</span> <span class='ocrx_word' id='word_1_341' title='bbox 1029 3505 1067 3546; x_wconf 88' lang='lat' dir='ltr'>a</span> <span class='ocrx_word' id='word_1_342' title='bbox 1120 3487 1250 3547; x_wconf 92' lang='lat' dir='ltr'>Deo</span> <span class='ocrx_word' id='word_1_343' title='bbox 1309 3485 1550 3558; x_wconf 86' lang='lat' dir='ltr'>crediti,</span> <span class='ocrx_word' id='word_1_344' title='bbox 1614 3503 1787 3564; x_wconf 90' lang='lat' dir='ltr'>spem</span> <span class='ocrx_word' id='word_1_345' title='bbox 1848 3502 2090 3563; x_wconf 90' lang='lat' dir='ltr'>ponens</span> <span class='ocrx_word' id='word_1_346' title='bbox 2144 3484 2205 3543; x_wconf 90' lang='lat' dir='ltr'>in</span> <span class='ocrx_word' id='word_1_347' title='bbox 2266 3485 2490 3557; x_wconf 89' lang='lat' dir='ltr'>Deum,</span> <span class='ocrx_word' id='word_1_348' title='bbox 2553 3502 2841 3562; x_wconf 82' lang='lat' dir='ltr'>egressus</span> <span class='ocrx_word' id='word_1_349' title='bbox 2896 3503 2971 3545; x_wconf 89' lang='lat' dir='ltr'>ex</span> <span class='ocrx_word' id='word_1_350' title='bbox 3032 3484 3152 3545; x_wconf 90' lang='lat' dir='ltr'>hac</span> <span class='ocrx_word' id='word_1_351' title='bbox 3209 3487 3676 3549; x_wconf 86' lang='lat' dir='ltr'>Romanacivi-</span> 
     </span>
    </p>
   </div>
   <div class='ocr_carea' id='block_1_32' title="bbox 425 3588 3678 3671">
    <p class='ocr_par' dir='ltr' id='par_1_32' title="bbox 425 3588 3678 3671">
     <span class='ocr_line' id='line_1_32' title="bbox 425 3588 3678 3671; baseline 0.001 -20"><span class='ocrx_word' id='word_1_352' title='bbox 425 3597 553 3653; x_wconf 87' lang='lat' dir='ltr'>tate</span> <span class='ocrx_word' id='word_1_353' title='bbox 608 3611 750 3654; x_wconf 88' lang='lat' dir='ltr'>cum</span> <span class='ocrx_word' id='word_1_354' title='bbox 809 3592 1239 3653; x_wconf 88' lang='lat' dir='ltr'>sacerdotibus</span> <span class='ocrx_word' id='word_1_355' title='bbox 1292 3598 1353 3652; x_wconf 91' lang='lat' dir='ltr'>et</span> <span class='ocrx_word' id='word_1_356' title='bbox 1408 3591 1598 3665; x_wconf 91' lang='lat' dir='ltr'>clero,</span> <span class='ocrx_word' id='word_1_357' title='bbox 1662 3589 1939 3671; x_wconf 86' lang='lat' dir='ltr'>perrexit</span> <span class='ocrx_word' id='word_1_358' title='bbox 2002 3588 2381 3649; x_wconf 85' lang='lat' dir='ltr'>ﬁducialiter</span> <span class='ocrx_word' id='word_1_359' title='bbox 2455 3595 2519 3650; x_wconf 90' lang='lat' dir='ltr'>et</span> <span class='ocrx_word' id='word_1_360' title='bbox 2584 3590 2885 3650; x_wconf 85' lang='lat' dir='ltr'>audacter</span> <span class='ocrx_word' id='word_1_361' title='bbox 2939 3591 3022 3651; x_wconf 89' lang='lat' dir='ltr'>ad</span> <span class='ocrx_word' id='word_1_362' title='bbox 3093 3591 3554 3654; x_wconf 89' lang='lat' dir='ltr'>ambulandum</span> <span class='ocrx_word' id='word_1_363' title='bbox 3612 3594 3678 3655; x_wconf 93' lang='lat' dir='ltr'>in</span> 
     </span>
    </p>
   </div>
   <div class='ocr_carea' id='block_1_33' title="bbox 336 3695 3674 3776">
    <p class='ocr_par' dir='ltr' id='par_1_33' title="bbox 336 3695 3674 3776">
     <span class='ocr_line' id='line_1_33' title="bbox 336 3695 3674 3776; baseline 0.001 -18"><span class='ocrx_word' id='word_1_364' title='bbox 336 3699 378 3758; x_wconf 84' lang='lat'><strong>5</strong></span> <span class='ocrx_word' id='word_1_365' title='bbox 422 3698 631 3760; x_wconf 90' lang='lat' dir='ltr'>locum</span> <span class='ocrx_word' id='word_1_366' title='bbox 690 3699 1259 3761; x_wconf 89' lang='lat' dir='ltr'>Interamnensium</span> <span class='ocrx_word' id='word_1_367' title='bbox 1321 3698 1516 3773; x_wconf 90' lang='lat' dir='ltr'>urbis,</span> <span class='ocrx_word' id='word_1_368' title='bbox 1582 3697 1692 3757; x_wconf 92' lang='lat' dir='ltr'>ubi</span> <span class='ocrx_word' id='word_1_369' title='bbox 1745 3697 1811 3757; x_wconf 91' lang='lat' dir='ltr'>in</span> <span class='ocrx_word' id='word_1_370' title='bbox 1868 3695 2099 3757; x_wconf 86' lang='lat' dir='ltr'>finibus</span> <span class='ocrx_word' id='word_1_371' title='bbox 2168 3695 2510 3776; x_wconf 86' lang='lat' dir='ltr'>Spoletinis</span> <span class='ocrx_word' id='word_1_372' title='bbox 2581 3697 2716 3776; x_wconf 89' lang='lat' dir='ltr'>ipse</span> <span class='ocrx_word' id='word_1_373' title='bbox 2787 3697 3102 3759; x_wconf 89' lang='lat' dir='ltr'>residebat</span> <span class='ocrx_word' id='word_1_374' title='bbox 3165 3717 3298 3759; x_wconf 87' lang='lat' dir='ltr'>rex.</span> <span class='ocrx_word' id='word_1_375' title='bbox 3353 3700 3472 3772; x_wconf 93' lang='lat' dir='ltr'>Qui</span> <span class='ocrx_word' id='word_1_376' title='bbox 3526 3701 3674 3762; x_wconf 91' lang='lat' dir='ltr'>dum</span> 
     </span>
    </p>
   </div>
   <div class='ocr_carea' id='block_1_34' title="bbox 425 3802 3676 3885">
    <p class='ocr_par' dir='ltr' id='par_1_34' title="bbox 425 3802 3676 3885">
     <span class='ocr_line' id='line_1_34' title="bbox 425 3802 3676 3885; baseline 0.001 -19"><span class='ocrx_word' id='word_1_377' title='bbox 425 3806 489 3866; x_wconf 91' lang='lat' dir='ltr'>in</span> <span class='ocrx_word' id='word_1_378' title='bbox 547 3808 850 3868; x_wconf 82' lang='lat' dir='ltr'>Ortanam</span> <span class='ocrx_word' id='word_1_379' title='bbox 910 3806 1305 3868; x_wconf 87' lang='lat' dir='ltr'>convenisset</span> <span class='ocrx_word' id='word_1_380' title='bbox 1361 3805 1701 3879; x_wconf 90' lang='lat' dir='ltr'>civitatem,</span> <span class='ocrx_word' id='word_1_381' title='bbox 1764 3803 2025 3885; x_wconf 88' lang='lat' dir='ltr'>ipseque</span> <span class='ocrx_word' id='word_1_382' title='bbox 2084 3822 2192 3863; x_wconf 88' lang='lat' dir='ltr'>rex</span> <span class='ocrx_word' id='word_1_383' title='bbox 2241 3802 2378 3882; x_wconf 90' lang='lat' dir='ltr'>ejus</span> <span class='ocrx_word' id='word_1_384' title='bbox 2438 3804 2834 3882; x_wconf 82' lang='lat' dir='ltr'>cognovisset</span> <span class='ocrx_word' id='word_1_385' title='bbox 2889 3804 3255 3879; x_wconf 84' lang='lat' dir='ltr'>adventum,</span> <span class='ocrx_word' id='word_1_386' title='bbox 3317 3806 3483 3867; x_wconf 88' lang='lat' dir='ltr'>misit</span> <span class='ocrx_word' id='word_1_387' title='bbox 3540 3808 3676 3868; x_wconf 88' lang='lat' dir='ltr'>Gri-</span> 
     </span>
    </p>
   </div>
   <div class='ocr_carea' id='block_1_35' title="bbox 429 3906 3677 3991">
    <p class='ocr_par' dir='ltr' id='par_1_35' title="bbox 429 3906 3677 3991">
     <span class='ocr_line' id='line_1_35' title="bbox 429 3906 3677 3991; baseline 0.001 -18"><span class='ocrx_word' id='word_1_388' title='bbox 429 3913 748 3975; x_wconf 88' lang='lat' dir='ltr'>moaldum</span> <span class='ocrx_word' id='word_1_389' title='bbox 807 3906 1066 3975; x_wconf 66' lang='lat' dir='ltr'>missu&#39;m</span> <span class='ocrx_word' id='word_1_390' title='bbox 1125 3932 1333 3986; x_wconf 90' lang='lat' dir='ltr'>suum,</span> <span class='ocrx_word' id='word_1_391' title='bbox 1395 3912 1505 3991; x_wconf 91' lang='lat' dir='ltr'>qui</span> <span class='ocrx_word' id='word_1_392' title='bbox 1561 3911 1619 3972; x_wconf 92' lang='lat' dir='ltr'>ei</span> <span class='ocrx_word' id='word_1_393' title='bbox 1665 3910 1888 3972; x_wconf 89' lang='lat' dir='ltr'>obvius</span> <span class='ocrx_word' id='word_1_394' title='bbox 1945 3911 2149 3972; x_wconf 84' lang='lat' dir='ltr'>factus</span> <span class='ocrx_word' id='word_1_395' title='bbox 2216 3929 2415 3989; x_wconf 89' lang='lat' dir='ltr'>usque</span> <span class='ocrx_word' id='word_1_396' title='bbox 2473 3910 2554 3970; x_wconf 91' lang='lat' dir='ltr'>ad</span> <span class='ocrx_word' id='word_1_397' title='bbox 2630 3910 3043 3971; x_wconf 89' lang='lat' dir='ltr'>Narniensem</span> <span class='ocrx_word' id='word_1_398' title='bbox 3105 3912 3401 3991; x_wconf 88' lang='lat' dir='ltr'>perduxit</span> <span class='ocrx_word' id='word_1_399' title='bbox 3456 3913 3677 3976; x_wconf 86' lang='lat' dir='ltr'>civita-</span> 
     </span>
    </p>
   </div>
   <div class='ocr_carea' id='block_1_36' title="bbox 425 4015 3679 4101">
    <p class='ocr_par' dir='ltr' id='par_1_36' title="bbox 425 4015 3679 4101">
     <span class='ocr_line' id='line_1_36' title="bbox 425 4015 3679 4101; baseline 0.001 -21"><span class='ocrx_word' id='word_1_400' title='bbox 425 4025 576 4081; x_wconf 89' lang='lat' dir='ltr'>tem.</span> <span class='ocrx_word' id='word_1_401' title='bbox 635 4021 731 4083; x_wconf 86' lang='lat' dir='ltr'>Ad</span> <span class='ocrx_word' id='word_1_402' title='bbox 788 4022 970 4101; x_wconf 89' lang='lat' dir='ltr'>cujus</span> <span class='ocrx_word' id='word_1_403' title='bbox 1024 4020 1227 4082; x_wconf 91' lang='lat' dir='ltr'>sancti</span> <span class='ocrx_word' id='word_1_404' title='bbox 1286 4019 1405 4080; x_wconf 90' lang='lat' dir='ltr'>viri</span> <span class='ocrx_word' id='word_1_405' title='bbox 1465 4018 1805 4079; x_wconf 89' lang='lat' dir='ltr'>adventum</span> <span class='ocrx_word' id='word_1_406' title='bbox 1875 4016 2126 4078; x_wconf 90' lang='lat' dir='ltr'>obviam</span> <span class='ocrx_word' id='word_1_407' title='bbox 2192 4015 2324 4096; x_wconf 89' lang='lat' dir='ltr'>jam</span> <span class='ocrx_word' id='word_1_408' title='bbox 2386 4016 2749 4076; x_wconf 90' lang='lat' dir='ltr'>nominatus</span> <span class='ocrx_word' id='word_1_409' title='bbox 2807 4034 2918 4077; x_wconf 87' lang='lat' dir='ltr'>rex</span> <span class='ocrx_word' id='word_1_410' title='bbox 2979 4016 3147 4077; x_wconf 90' lang='lat' dir='ltr'>misit</span> <span class='ocrx_word' id='word_1_411' title='bbox 3202 4017 3412 4094; x_wconf 89' lang='lat' dir='ltr'>duces,</span> <span class='ocrx_word' id='word_1_412' title='bbox 3475 4026 3679 4082; x_wconf 86' lang='lat' dir='ltr'>satra-</span> 
     </span>
    </p>
   </div>
   <div class='ocr_carea' id='block_1_37' title="bbox 424 4122 3679 4209">
    <p class='ocr_par' dir='ltr' id='par_1_37' title="bbox 424 4122 3679 4209">
     <span class='ocr_line' id='line_1_37' title="bbox 424 4122 3679 4209; baseline -0 -19"><span class='ocrx_word' id='word_1_413' title='bbox 424 4145 541 4209; x_wconf 86' lang='lat' dir='ltr'>pas</span> <span class='ocrx_word' id='word_1_414' title='bbox 609 4146 756 4190; x_wconf 88' lang='lat' dir='ltr'>suos</span> <span class='ocrx_word' id='word_1_415' title='bbox 826 4128 1199 4209; x_wconf 88' lang='lat' dir='ltr'>pluremque</span> <span class='ocrx_word' id='word_1_416' title='bbox 1257 4126 1333 4208; x_wconf 87' lang='lat'>(0)</span> <span class='ocrx_word' id='word_1_417' title='bbox 1399 4124 1768 4199; x_wconf 87' lang='lat' dir='ltr'>exercitum,</span> <span class='ocrx_word' id='word_1_418' title='bbox 1829 4128 1892 4184; x_wconf 92' lang='lat' dir='ltr'>et</span> <span class='ocrx_word' id='word_1_419' title='bbox 1942 4141 1982 4184; x_wconf 88' lang='lat' dir='ltr'>a</span> <span class='ocrx_word' id='word_1_420' title='bbox 2047 4122 2491 4183; x_wconf 90' lang='lat' dir='ltr'>Narniensium</span> <span class='ocrx_word' id='word_1_421' title='bbox 2566 4122 2820 4184; x_wconf 89' lang='lat' dir='ltr'>civitate</span> <span class='ocrx_word' id='word_1_422' title='bbox 2890 4128 3114 4185; x_wconf 87' lang='lat' dir='ltr'>octavo</span> <span class='ocrx_word' id='word_1_423' title='bbox 3189 4124 3320 4186; x_wconf 86' lang='lat' dir='ltr'>fere</span> <span class='ocrx_word' id='word_1_424' title='bbox 3385 4126 3679 4189; x_wconf 89' lang='lat' dir='ltr'>milliario</span> 
     </span>
    </p>
   </div>
   <div class='ocr_carea' id='block_1_38' title="bbox 296 4228 3684 4314">
    <p class='ocr_par' dir='ltr' id='par_1_38' title="bbox 296 4228 3684 4314">
     <span class='ocr_line' id='line_1_38' title="bbox 296 4228 3684 4314; baseline 0 -18"><span class='ocrx_word' id='word_1_425' title='bbox 296 4234 384 4296; x_wconf 71' lang='lat'>10</span> <span class='ocrx_word' id='word_1_426' title='bbox 427 4234 650 4297; x_wconf 88' lang='lat' dir='ltr'>eodem</span> <span class='ocrx_word' id='word_1_427' title='bbox 706 4253 856 4314; x_wconf 88' lang='lat' dir='ltr'>rege</span> <span class='ocrx_word' id='word_1_428' title='bbox 914 4252 1059 4296; x_wconf 89' lang='lat' dir='ltr'>eum</span> <span class='ocrx_word' id='word_1_429' title='bbox 1113 4232 1516 4313; x_wconf 90' lang='lat' dir='ltr'>suscipiente.</span> <span class='ocrx_word' id='word_1_430' title='bbox 1577 4232 1786 4292; x_wconf 73' lang='lat' dir='ltr'>Sextze</span> <span class='ocrx_word' id='word_1_431' title='bbox 1844 4228 2018 4291; x_wconf 71' lang='lat' dir='ltr'>feriae</span> <span class='ocrx_word' id='word_1_432' title='bbox 2076 4228 2177 4290; x_wconf 91' lang='lat' dir='ltr'>die</span> <span class='ocrx_word' id='word_1_433' title='bbox 2235 4229 2667 4309; x_wconf 85' lang='lat' dir='ltr'>perduxerunt</span> <span class='ocrx_word' id='word_1_434' title='bbox 2728 4229 2805 4289; x_wconf 92' lang='lat' dir='ltr'>ad</span> <span class='ocrx_word' id='word_1_435' title='bbox 2865 4229 3189 4290; x_wconf 88' lang='lat' dir='ltr'>basilicam</span> <span class='ocrx_word' id='word_1_436' title='bbox 3238 4231 3407 4293; x_wconf 90' lang='lat' dir='ltr'>beati</span> <span class='ocrx_word' id='word_1_437' title='bbox 3460 4233 3684 4296; x_wconf 83' lang='lat' dir='ltr'>Valen-</span> 
     </span>
    </p>
   </div>
   <div class='ocr_carea' id='block_1_39' title="bbox 424 4332 3682 4423">
    <p class='ocr_par' dir='ltr' id='par_1_39' title="bbox 424 4332 3682 4423">
     <span class='ocr_line' id='line_1_39' title="bbox 424 4332 3682 4423; baseline -0.001 -19"><span class='ocrx_word' id='word_1_438' title='bbox 424 4342 543 4404; x_wconf 87' lang='lat' dir='ltr'>tini</span> <span class='ocrx_word' id='word_1_439' title='bbox 597 4342 877 4423; x_wconf 89' lang='lat' dir='ltr'>episcopi</span> <span class='ocrx_word' id='word_1_440' title='bbox 932 4346 995 4403; x_wconf 93' lang='lat' dir='ltr'>et</span> <span class='ocrx_word' id='word_1_441' title='bbox 1051 4340 1369 4420; x_wconf 87' lang='lat' dir='ltr'>martyris,</span> <span class='ocrx_word' id='word_1_442' title='bbox 1430 4338 1616 4399; x_wconf 89' lang='lat' dir='ltr'>sitam</span> <span class='ocrx_word' id='word_1_443' title='bbox 1674 4337 1739 4398; x_wconf 89' lang='lat' dir='ltr'>in</span> <span class='ocrx_word' id='word_1_444' title='bbox 1814 4335 2120 4417; x_wconf 71' lang='lat' dir='ltr'>przedicta</span> <span class='ocrx_word' id='word_1_445' title='bbox 2185 4332 2755 4398; x_wconf 84' lang='lat' dir='ltr'>Interamnensium</span> <span class='ocrx_word' id='word_1_446' title='bbox 2833 4336 2985 4398; x_wconf 89' lang='lat' dir='ltr'>urbe</span> <span class='ocrx_word' id='word_1_447' title='bbox 3054 4336 3319 4399; x_wconf 90' lang='lat' dir='ltr'>ducatus</span> <span class='ocrx_word' id='word_1_448' title='bbox 3374 4340 3682 4419; x_wconf 90' lang='lat' dir='ltr'>Spoletini</span> 
     </span>
    </p>
   </div>
   <div class='ocr_carea' id='block_1_40' title="bbox 425 4443 3683 4531">
    <p class='ocr_par' dir='ltr' id='par_1_40' title="bbox 425 4443 3683 4531">
     <span class='ocr_line' id='line_1_40' title="bbox 425 4443 3683 4531; baseline -0 -21"><span class='ocrx_word' id='word_1_449' title='bbox 425 4449 539 4531; x_wconf 86' lang='lat' dir='ltr'>(p).</span> <span class='ocrx_word' id='word_1_450' title='bbox 599 4451 760 4511; x_wconf 84' lang='lat' dir='ltr'>Ante</span> <span class='ocrx_word' id='word_1_451' title='bbox 818 4448 996 4530; x_wconf 89' lang='lat' dir='ltr'>cujus</span> <span class='ocrx_word' id='word_1_452' title='bbox 1051 4449 1218 4510; x_wconf 90' lang='lat' dir='ltr'>fores</span> <span class='ocrx_word' id='word_1_453' title='bbox 1274 4446 1548 4507; x_wconf 71' lang='lat' dir='ltr'>basilicae</span> <span class='ocrx_word' id='word_1_454' title='bbox 1604 4445 1803 4506; x_wconf 89' lang='lat' dir='ltr'>isdem</span> <span class='ocrx_word' id='word_1_455' title='bbox 1862 4463 1970 4505; x_wconf 89' lang='lat' dir='ltr'>rex</span> <span class='ocrx_word' id='word_1_456' title='bbox 2027 4462 2168 4504; x_wconf 90' lang='lat' dir='ltr'>cum</span> <span class='ocrx_word' id='word_1_457' title='bbox 2230 4444 2487 4523; x_wconf 89' lang='lat' dir='ltr'>reliquis</span> <span class='ocrx_word' id='word_1_458' title='bbox 2545 4443 2959 4524; x_wconf 88' lang='lat' dir='ltr'>optimatibus</span> <span class='ocrx_word' id='word_1_459' title='bbox 3006 4445 3278 4506; x_wconf 88' lang='lat' dir='ltr'>exercitu</span> <span class='ocrx_word' id='word_1_460' title='bbox 3338 4465 3452 4508; x_wconf 90' lang='lat' dir='ltr'>suo</span> <span class='ocrx_word' id='word_1_461' title='bbox 3507 4466 3683 4509; x_wconf 89' lang='lat' dir='ltr'>sanc-</span> 
     </span>
    </p>
   </div>
   <div class='ocr_carea' id='block_1_41' title="bbox 426 4549 3681 4635">
    <p class='ocr_par' dir='ltr' id='par_1_41' title="bbox 426 4549 3681 4635">
     <span class='ocr_line' id='line_1_41' title="bbox 426 4549 3681 4635; baseline -0.001 -17"><span class='ocrx_word' id='word_1_462' title='bbox 426 4563 560 4618; x_wconf 89' lang='lat' dir='ltr'>tum</span> <span class='ocrx_word' id='word_1_463' title='bbox 616 4557 820 4618; x_wconf 83' lang='lat' dir='ltr'>virum</span> <span class='ocrx_word' id='word_1_464' title='bbox 877 4555 1175 4635; x_wconf 85' lang='lat' dir='ltr'>suscepit.</span> <span class='ocrx_word' id='word_1_465' title='bbox 1235 4555 1555 4633; x_wconf 88' lang='lat' dir='ltr'>Factaque</span> <span class='ocrx_word' id='word_1_466' title='bbox 1609 4552 1896 4613; x_wconf 90' lang='lat' dir='ltr'>oratione</span> <span class='ocrx_word' id='word_1_467' title='bbox 1958 4555 2199 4624; x_wconf 89' lang='lat' dir='ltr'>mutua,</span> <span class='ocrx_word' id='word_1_468' title='bbox 2259 4557 2322 4612; x_wconf 92' lang='lat' dir='ltr'>et</span> <span class='ocrx_word' id='word_1_469' title='bbox 2373 4550 2750 4612; x_wconf 87' lang='lat' dir='ltr'>salutatione</span> <span class='ocrx_word' id='word_1_470' title='bbox 2778 4549 2861 4631; x_wconf 83' lang='lat' dir='ltr'>(q)</span> <span class='ocrx_word' id='word_1_471' title='bbox 2914 4550 3033 4611; x_wconf 90' lang='lat' dir='ltr'>sibi</span> <span class='ocrx_word' id='word_1_472' title='bbox 3084 4554 3509 4631; x_wconf 84' lang='lat' dir='ltr'>persolventes</span> <span class='ocrx_word' id='word_1_473' title='bbox 3528 4554 3681 4616; x_wconf 89' lang='lat' dir='ltr'>dum</span> 
     </span>
    </p>
   </div>
   <div class='ocr_carea' id='block_1_42' title="bbox 427 4657 3681 4739">
    <p class='ocr_par' dir='ltr' id='par_1_42' title="bbox 427 4657 3681 4739">
     <span class='ocr_line' id='line_1_42' title="bbox 427 4657 3681 4739; baseline -0.001 -14"><span class='ocrx_word' id='word_1_474' title='bbox 427 4664 659 4726; x_wconf 90' lang='lat' dir='ltr'>divinis</span> <span class='ocrx_word' id='word_1_475' title='bbox 716 4682 859 4725; x_wconf 90' lang='lat' dir='ltr'>eum</span> <span class='ocrx_word' id='word_1_476' title='bbox 918 4662 1139 4723; x_wconf 82' lang='lat' dir='ltr'>fuisset</span> <span class='ocrx_word' id='word_1_477' title='bbox 1193 4660 1615 4721; x_wconf 79' lang='lat' dir='ltr'>commonitus</span> <span class='ocrx_word' id='word_1_478' title='bbox 1687 4658 2038 4737; x_wconf 89' lang='lat' dir='ltr'>colloquiis,</span> <span class='ocrx_word' id='word_1_479' title='bbox 2098 4657 2513 4737; x_wconf 86' lang='lat' dir='ltr'>impensaque</span> <span class='ocrx_word' id='word_1_480' title='bbox 2581 4657 2893 4718; x_wconf 86' lang='lat' dir='ltr'>charitate</span> <span class='ocrx_word' id='word_1_481' title='bbox 2966 4657 3045 4717; x_wconf 88' lang='lat' dir='ltr'>ab</span> <span class='ocrx_word' id='word_1_482' title='bbox 3117 4658 3335 4720; x_wconf 90' lang='lat' dir='ltr'>eadem</span> <span class='ocrx_word' id='word_1_483' title='bbox 3396 4678 3681 4739; x_wconf 84' lang='lat' dir='ltr'>egressus</span> 
     </span>
    </p>
   </div>
   <div class='ocr_carea' id='block_1_43' title="bbox 258 4764 3681 4851">
    <p class='ocr_par' dir='ltr' id='par_1_43' title="bbox 258 4764 3681 4851">
     <span class='ocr_line' id='line_1_43' title="bbox 258 4764 3681 4851; baseline -0.001 -18"><span class='ocrx_word' id='word_1_484' title='bbox 258 4779 293 4801; x_wconf 80' lang='lat'><strong>&#39;</strong></span> <span class='ocrx_word' id='word_1_485' title='bbox 426 4771 692 4835; x_wconf 85' lang='lat' dir='ltr'>ecclesia</span> <span class='ocrx_word' id='word_1_486' title='bbox 732 4770 798 4831; x_wconf 92' lang='lat' dir='ltr'>in</span> <span class='ocrx_word' id='word_1_487' title='bbox 856 4770 993 4851; x_wconf 86' lang='lat' dir='ltr'>ejus</span> <span class='ocrx_word' id='word_1_488' title='bbox 1048 4767 1424 4848; x_wconf 86' lang='lat' dir='ltr'>obsequium</span> <span class='ocrx_word' id='word_1_489' title='bbox 1481 4785 1586 4827; x_wconf 85' lang='lat' dir='ltr'>rex</span> <span class='ocrx_word' id='word_1_490' title='bbox 1645 4765 1977 4827; x_wconf 89' lang='lat' dir='ltr'>dimidium</span> <span class='ocrx_word' id='word_1_491' title='bbox 2036 4766 2166 4826; x_wconf 80' lang='lat' dir='ltr'>fere</span> <span class='ocrx_word' id='word_1_492' title='bbox 2228 4764 2567 4825; x_wconf 88' lang='lat' dir='ltr'>milliarum</span> <span class='ocrx_word' id='word_1_493' title='bbox 2628 4765 2929 4845; x_wconf 89' lang='lat' dir='ltr'>perrexit,</span> <span class='ocrx_word' id='word_1_494' title='bbox 2986 4771 3051 4827; x_wconf 91' lang='lat' dir='ltr'>et</span> <span class='ocrx_word' id='word_1_495' title='bbox 3106 4767 3193 4827; x_wconf 89' lang='lat' dir='ltr'>sic</span> <span class='ocrx_word' id='word_1_496' title='bbox 3234 4768 3300 4827; x_wconf 90' lang='lat' dir='ltr'>in</span> <span class='ocrx_word' id='word_1_497' title='bbox 3366 4768 3494 4830; x_wconf 89' lang='lat' dir='ltr'>suis</span> <span class='ocrx_word' id='word_1_498' title='bbox 3542 4776 3681 4830; x_wconf 89' lang='lat' dir='ltr'>ten-</span> 
     </span>
    </p>
   </div>
   <div class='ocr_carea' id='block_1_44' title="bbox 428 4872 2330 4959">
    <p class='ocr_par' dir='ltr' id='par_1_44' title="bbox 428 4872 2330 4959">
     <span class='ocr_line' id='line_1_44' title="bbox 428 4872 2330 4959; baseline -0.005 -19"><span class='ocrx_word' id='word_1_499' title='bbox 428 4878 606 4940; x_wconf 86' lang='lat' dir='ltr'>toriis</span> <span class='ocrx_word' id='word_1_500' title='bbox 658 4882 925 4959; x_wconf 81' lang='lat' dir='ltr'>uterque</span> <span class='ocrx_word' id='word_1_501' title='bbox 969 4877 1189 4938; x_wconf 89' lang='lat' dir='ltr'>eadem</span> <span class='ocrx_word' id='word_1_502' title='bbox 1249 4874 1421 4937; x_wconf 70' lang='lat' dir='ltr'>ferite</span> <span class='ocrx_word' id='word_1_503' title='bbox 1464 4878 1658 4935; x_wconf 82' lang='lat' dir='ltr'>sextae</span> <span class='ocrx_word' id='word_1_504' title='bbox 1713 4872 1817 4933; x_wconf 91' lang='lat' dir='ltr'>die</span> <span class='ocrx_word' id='word_1_505' title='bbox 1874 4877 2020 4932; x_wconf 90' lang='lat' dir='ltr'>sunt</span> <span class='ocrx_word' id='word_1_506' title='bbox 2076 4872 2330 4933; x_wconf 87' lang='lat' dir='ltr'>morati.</span> 
     </span>
    </p>
   </div>
   <div class='ocr_carea' id='block_1_45' title="bbox 511 5005 3681 5089">
    <p class='ocr_par' dir='ltr' id='par_1_45' title="bbox 511 5005 3681 5089">
     <span class='ocr_line' id='line_1_45' title="bbox 511 5005 3681 5089; baseline 0 -15"><span class='ocrx_word' id='word_1_507' title='bbox 511 5020 681 5074; x_wconf 58' lang='grc' dir='ltr'>,ιθ</span> <span class='ocrx_word' id='word_1_508' title='bbox 736 5010 1015 5074; x_wconf 91' lang='lat' dir='ltr'>Sabbato</span> <span class='ocrx_word' id='word_1_509' title='bbox 1072 5028 1221 5073; x_wconf 89' lang='lat' dir='ltr'>vero</span> <span class='ocrx_word' id='word_1_510' title='bbox 1282 5010 1509 5070; x_wconf 88' lang='lat' dir='ltr'>iterum</span> <span class='ocrx_word' id='word_1_511' title='bbox 1570 5006 2015 5068; x_wconf 86' lang='lat' dir='ltr'>convenieutes</span> <span class='ocrx_word' id='word_1_512' title='bbox 2084 5005 2299 5065; x_wconf 90' lang='lat' dir='ltr'>divina</span> <span class='ocrx_word' id='word_1_513' title='bbox 2353 5005 2643 5085; x_wconf 88' lang='lat' dir='ltr'>perfusus</span> <span class='ocrx_word' id='word_1_514' title='bbox 2701 5007 2907 5086; x_wconf 86' lang='lat' dir='ltr'>gratia</span> <span class='ocrx_word' id='word_1_515' title='bbox 2962 5009 3092 5069; x_wconf 91' lang='lat' dir='ltr'>Deo</span> <span class='ocrx_word' id='word_1_516' title='bbox 3154 5008 3401 5089; x_wconf 90' lang='lat' dir='ltr'>placitis</span> <span class='ocrx_word' id='word_1_517' title='bbox 3458 5011 3681 5074; x_wconf 89' lang='lat' dir='ltr'>admo-</span> 
     </span>
    </p>
   </div>
   <div class='ocr_carea' id='block_1_46' title="bbox 1456 5278 2494 5328">
    <p class='ocr_par' dir='ltr' id='par_1_46' title="bbox 1456 5278 2494 5328">
     <span class='ocr_line' id='line_1_46' title="bbox 1456 5278 2494 5328; baseline -0.004 0"><span class='ocrx_word' id='word_1_518' title='bbox 1456 5281 1705 5328; x_wconf 72' lang='lat' dir='ltr'>NDTULE</span> <span class='ocrx_word' id='word_1_519' title='bbox 1747 5278 2135 5327; x_wconf 69' lang='lat' dir='ltr'>HARGINALES</span> <span class='ocrx_word' id='word_1_520' title='bbox 2176 5278 2494 5326; x_wconf 75' lang='lat' dir='ltr'>FABRO’I‘I‘I.</span> 
     </span>
    </p>
   </div>
   <div class='ocr_carea' id='block_1_47' title="bbox 333 5502 3681 5630">
    <p class='ocr_par' dir='ltr' id='par_1_47' title="bbox 333 5502 3681 5630">
     <span class='ocr_line' id='line_1_47' title="bbox 333 5502 3681 5630; baseline -0.002 -63"><span class='ocrx_word' id='word_1_521' title='bbox 333 5511 418 5580; x_wconf 89' lang='lat' dir='ltr'>(a)</span> <span class='ocrx_word' id='word_1_522' title='bbox 464 5508 655 5566; x_wconf 87' lang='lat' dir='ltr'>Ortas.</span> <span class='ocrx_word' id='word_1_523' title='bbox 758 5506 833 5583; x_wconf 80' lang='grc' dir='ltr'>(ὁ)</span> <span class='ocrx_word' id='word_1_524' title='bbox 880 5506 1186 5589; x_wconf 77' lang='lat' dir='ltr'>ingressus</span> <span class='ocrx_word' id='word_1_525' title='bbox 1214 5507 1326 5588; x_wconf 79' lang='lat' dir='ltr'>est.</span> <span class='ocrx_word' id='word_1_526' title='bbox 1403 5503 1471 5588; x_wconf 77' lang='lat' dir='ltr'>(a)</span> <span class='ocrx_word' id='word_1_527' title='bbox 1503 5504 1685 5560; x_wconf 87' lang='lat' dir='ltr'>ducti.</span> <span class='ocrx_word' id='word_1_528' title='bbox 1762 5503 2411 5630; x_wconf 40' lang='lat' dir='ltr'>ad).Valvenses,.atque</span> <span class='ocrx_word' id='word_1_529' title='bbox 2444 5503 2792 5589; x_wconf 78' lang='lat' dir='ltr'>Pennenses.</span> <span class='ocrx_word' id='word_1_530' title='bbox 2871 5502 3536 5588; x_wconf 62' lang='lat' dir='ltr'>(e)P_ersianimense,vel</span> <span class='ocrx_word' id='word_1_531' title='bbox 3564 5503 3681 5560; x_wconf 85' lang='lat' dir='ltr'>Ra-</span> 
     </span>
     <span class='ocr_line' id='line_1_48' title="bbox 333 5576 3676 5630; baseline 0 0"><span class='ocrx_word' id='word_1_532' title='bbox 333 5596 581 5630; x_wconf 72' lang='lat' dir='ltr'>nnense-</span> <span class='ocrx_word' id='word_1_533' title='bbox 659 5579 1034 5630; x_wconf 75' lang='lat' dir='ltr'>(nequibas.</span> <span class='ocrx_word' id='word_1_534' title='bbox 1113 5581 1624 5630; x_wconf 65' lang='lat' dir='ltr'>(almaressxsunt</span> <span class='ocrx_word' id='word_1_535' title='bbox 1652 5577 1766 5630; x_wconf 86' lang='lat' dir='ltr'>Sno</span> <span class='ocrx_word' id='word_1_536' title='bbox 1793 5581 2041 5630; x_wconf 86' lang='lat' dir='ltr'>etmum.</span> <span class='ocrx_word' id='word_1_537' title='bbox 2118 5578 2403 5630; x_wconf 73' lang='lat' dir='ltr'>ihhunctl</span> <span class='ocrx_word' id='word_1_538' title='bbox 2426 5580 2610 5630; x_wconf 87' lang='lat' dir='ltr'>erant.</span> <span class='ocrx_word' id='word_1_539' title='bbox 2690 5576 3169 5630; x_wconf 63' lang='lat' dir='ltr'>(iladmomtione</span> <span class='ocrx_word' id='word_1_540' title='bbox 3191 5577 3480 5630; x_wconf 73' lang='lat' dir='ltr'>exercitus</span> <span class='ocrx_word' id='word_1_541' title='bbox 3504 5576 3676 5630; x_wconf 82' lang='lat' dir='ltr'>facta.</span> 
     </span>
    </p>
   </div>
   <div class='ocr_carea' id='block_1_48' title="bbox 255 5576 3676 5653">
    <p class='ocr_par' dir='ltr' id='par_1_48' title="bbox 255 5576 3676 5653">
     <span class='ocr_line' id='line_1_49' title="bbox 255 5576 3676 5653; baseline -0.003 -14"><span class='ocrx_word' id='word_1_542' title='bbox 255 5576 581 5653; x_wconf 75' lang='lat' dir='ltr'>vennense.</span> <span class='ocrx_word' id='word_1_543' title='bbox 659 5576 1034 5653; x_wconf 74' lang='lat' dir='ltr'>(nequibﬁs.</span> <span class='ocrx_word' id='word_1_544' title='bbox 1113 5582 1188 5647; x_wconf 73' lang='lat' dir='ltr'>(gl</span> <span class='ocrx_word' id='word_1_545' title='bbox 1211 5576 1461 5653; x_wconf 67' lang='lat' dir='ltr'>ingressi</span> <span class='ocrx_word' id='word_1_546' title='bbox 1480 5581 1624 5653; x_wconf 69' lang='lat' dir='ltr'>sunt</span> <span class='ocrx_word' id='word_1_547' title='bbox 1652 5576 2041 5653; x_wconf 73' lang='lat' dir='ltr'>Spoletinum.</span> <span class='ocrx_word' id='word_1_548' title='bbox 2085 5578 2195 5653; x_wconf 25' lang='grc' dir='ltr'>,(ὴ)</span> <span class='ocrx_word' id='word_1_549' title='bbox 2210 5576 2403 5653; x_wconf 74' lang='lat' dir='ltr'>juncti</span> <span class='ocrx_word' id='word_1_550' title='bbox 2420 5580 2617 5653; x_wconf 47' lang='lat' dir='ltr'>erant:</span> <span class='ocrx_word' id='word_1_551' title='bbox 2690 5576 3170 5653; x_wconf 72' lang='lat' dir='ltr'>(i)admgnitione</span> <span class='ocrx_word' id='word_1_552' title='bbox 3191 5576 3480 5653; x_wconf 79' lang='lat' dir='ltr'>exercitus</span> <span class='ocrx_word' id='word_1_553' title='bbox 3502 5576 3676 5653; x_wconf 65' lang='lat' dir='ltr'>facta.</span> 
     </span>
    </p>
   </div>
   <div class='ocr_carea' id='block_1_49' title="bbox 333 5645 3675 5726">
    <p class='ocr_par' dir='ltr' id='par_1_49' title="bbox 333 5645 3675 5726">
     <span class='ocr_line' id='line_1_50' title="bbox 333 5645 3675 5726; baseline -0.001 -17"><span class='ocrx_word' id='word_1_554' title='bbox 333 5655 407 5726; x_wconf 86' lang='lat' dir='ltr'>(j)</span> <span class='ocrx_word' id='word_1_555' title='bbox 435 5653 501 5709; x_wconf 90' lang='lat' dir='ltr'>B.</span> <span class='ocrx_word' id='word_1_556' title='bbox 529 5645 741 5726; x_wconf 55' lang='lat' dir='ltr'>Ducé.&#39;_</span> <span class='ocrx_word' id='word_1_557' title='bbox 783 5645 860 5726; x_wconf 70' lang='grc' dir='ltr'>(Ῐε)</span> <span class='ocrx_word' id='word_1_558' title='bbox 891 5645 1179 5726; x_wconf 73' lang='lat' dir='ltr'>egressus</span> <span class='ocrx_word' id='word_1_559' title='bbox 1190 5645 1306 5726; x_wconf 48' lang='lat' dir='ltr'>est:</span> <span class='ocrx_word' id='word_1_560' title='bbox 1380 5648 1440 5726; x_wconf 19' lang='grc' dir='ltr'>(Αἱ)</span> <span class='ocrx_word' id='word_1_561' title='bbox 1472 5649 1673 5726; x_wconf 83' lang='lat' dir='ltr'>Baron_.</span> <span class='ocrx_word' id='word_1_562' title='bbox 1696 5645 1841 5726; x_wconf 58' lang='grc' dir='ltr'>ἀφίῃ.</span> <span class='ocrx_word' id='word_1_563' title='bbox 1872 5649 1998 5702; x_wconf 74' lang='grc'>742.</span> <span class='ocrx_word' id='word_1_564' title='bbox 2077 5645 2172 5718; x_wconf 74' lang='grc' dir='ltr'>(τη)</span> <span class='ocrx_word' id='word_1_565' title='bbox 2203 5649 2267 5715; x_wconf 88' lang='grc' dir='ltr'><strong><em>Β,</em></strong></span> <span class='ocrx_word' id='word_1_566' title='bbox 2303 5646 2716 5723; x_wconf 85' lang='lat' dir='ltr'>Luitprandus.</span> <span class='ocrx_word' id='word_1_567' title='bbox 2796 5648 2875 5717; x_wconf 81' lang='grc' dir='ltr'>(η)</span> <span class='ocrx_word' id='word_1_568' title='bbox 2908 5648 2967 5711; x_wconf 86' lang='grc' dir='ltr'>Β,</span> <span class='ocrx_word' id='word_1_569' title='bbox 2986 5647 3110 5717; x_wconf 91' lang='lat' dir='ltr'>jam</span> <span class='ocrx_word' id='word_1_570' title='bbox 3145 5645 3293 5700; x_wconf 88' lang='lat' dir='ltr'>fatas</span> <span class='ocrx_word' id='word_1_571' title='bbox 3315 5646 3365 5700; x_wconf 78' lang='grc'>4.</span> <span class='ocrx_word' id='word_1_572' title='bbox 3442 5646 3517 5719; x_wconf 75' lang='lat'>(0)</span> <span class='ocrx_word' id='word_1_573' title='bbox 3550 5664 3675 5709; x_wconf 73' lang='lat' dir='ltr'>ma.-</span> 
     </span>
    </p>
   </div>
   <div class='ocr_carea' id='block_1_50' title="bbox 260 5719 2017 5799">
    <p class='ocr_par' dir='ltr' id='par_1_50' title="bbox 260 5719 2017 5799">
     <span class='ocr_line' id='line_1_51' title="bbox 260 5719 2017 5799; baseline -0.005 -17"><span class='ocrx_word' id='word_1_574' title='bbox 260 5719 595 5799; x_wconf 66' lang='lat' dir='ltr'>gnumque.</span> <span class='ocrx_word' id='word_1_575' title='bbox 668 5722 749 5795; x_wconf 87' lang='lat' dir='ltr'>(p)</span> <span class='ocrx_word' id='word_1_576' title='bbox 781 5719 1098 5794; x_wconf 79' lang='lat' dir='ltr'>spolétani.</span> <span class='ocrx_word' id='word_1_577' title='bbox 1175 5720 1252 5793; x_wconf 89' lang='lat' dir='ltr'>(q)</span> <span class='ocrx_word' id='word_1_578' title='bbox 1285 5723 1553 5777; x_wconf 83' lang='lat' dir='ltr'>mutuam</span> <span class='ocrx_word' id='word_1_579' title='bbox 1584 5719 2017 5777; x_wconf 85' lang='lat' dir='ltr'>salutationem.</span> 
     </span>
    </p>
   </div>
  </div>
