4050 6172
479 161 632 225 1051
1629 163 2042 228 ANASTASII

2190 164 2737 230 3LIOTHECARII.
3668 181 3789 247 1052

639 295 984 358 nitionibus
1028 313 1170 358 eum
1216 299 1310 358 est
1351 295 1682 372 allocutus,
1731 298 2082 378 prmdicans
2127 298 2180 359 ei
2226 297 2304 380 (α)
2354 299 2433 359 ab
2479 298 2690 360 hostili
2751 299 3029 362 motione
3091 305 3156 362 et
3208 303 3514 382 sanguinis
3552 308 3795 377 cll‘usione

638 403 982 482 quiescere,
1030 409 1092 464 et
1135 422 1209 464 ea
1252 423 1392 484 quae
1437 406 1608 484 pacis
1651 411 1797 466 sunt
1841 424 2090 484 semper
2131 405 2378 466 sectari.
2413 405 2601 484 Cujus
2645 407 2762 486 piis
2806 408 3069 488 eloquiis
3113 408 3329 482 ﬂexus,
3355 415 3413 470 et
3450 418 3794 482 constantiam

637 511 841 571 sancti
901 509 1019 570 viri
1080 515 1142 571 ct
1203 511 1698 571 admonitionem
1746 511 2114 584 admiratus,
2182 512 2397 572 omnia
2459 532 2852 594 quaecunque
2909 514 2989 574 ab
3053 533 3126 574 ro
3191 515 3382 592 petiit,
3447 537 3548 596 per
3584 524 3800 598 gratiam

555 619 591 677 5
638 617 909 697 Spiritus
953 617 1155 676 sancti
1199 616 1493 691 obtinuit,
1541 623 1603 677 et
1667 618 1998 696 praedictas
2059 621 2333 696 quatuor
2393 619 2695 692 civitates,
2763 639 2919 700 quas
2981 621 3114 699 ipse
3176 627 3318 681 ante
3381 622 3666 686 biennium
3720 649 3804 708 per

635 723 1058 786 obsessionem
1107 725 1337 784 factam
1384 743 1496 803 pro
1542 723 1844 803 praedicto
1888 724 2306 784 Trasimundo
2363 725 2520 785 duce
2585 727 2908 805 Spoletino
2971 727 3336 801 abstulerat,
3401 729 3579 790 eidem
3635 742 3803 798 sancto

635 851 778 893 cum
825 850 1040 892 eorum
1091 830 1553 890 habitatoribus
1617 831 1946 891 redonavit
2007 831 2166 892 viro.
2212 833 2376 903 Quas
2421 837 2482 892 ct
2527 851 2638 912 per
2680 833 3086 893 donationem
3147 833 3414 895 ﬁrmavit
3469 837 3526 896 in
3582 844 3802 904 oratorio

637 938 1001 1010 Salvatoris,
1051 938 1170 998 sito
1225 937 1393 997 intra
1437 937 1762 997 ecclésiam
1807 937 1975 998 beati
2033 939 2201 998 Petri
2244 938 2532 1016 apostoli,
2597 939 2660 998 in
2727 939 2861 1018 ejus
2925 939 3178 999 nomine
3235 941 3550 1002 aediﬁcato.
3591 947 3720 1005 Nam
3757 956 3803 1010 et

635 1045 978 1106 Sabinense
1025 1043 1504 1124 patrimonium,
1553 1045 1722 1122 quod
1769 1063 1879 1122 per
1921 1063 2122 1104 annos
2166 1064 2362 1124 prope
2407 1046 2666 1124 triginta
2710 1047 2916 1106 fuerat
2957 1046 3264 1120 ablatum,
3305 1053 3484 1127 atque
3525 1051 3804 1116 Narniense

517 1153 593 1214 10
636 1152 821 1213 etiam
871 1157 933 1212 et
975 1151 1398 1212 Auximanum
1445 1156 1633 1230 atque
1703 1150 2239 1225 Anchonitanum,
2303 1169 2546 1212 necnon
2593 1157 2653 1212 et
2697 1155 3161 1213 Numanatense
3203 1152 3313 1232 (b),
3357 1160 3416 1214 et
3455 1155 3658 1216 vallem
3695 1178 3805 1237 qua

635 1264 899 1320 vocatur
960 1260 1210 1337 Magna,
1279 1258 1462 1318 sitam
1525 1257 1589 1316 in
1653 1257 1968 1317 territorio
2024 1258 2302 1330 Sutrino,
2355 1277 2465 1337 per
2524 1258 2891 1319 donationis
2951 1259 3206 1318 titulum
3267 1259 3385 1339 ipsi
3441 1261 3610 1322 beato
3665 1265 3806 1326 Petro

636 1365 1067 1445 apostolorum
1113 1365 1380 1444 principi
1425 1364 1819 1437 reconcessit,
1869 1368 1931 1424 et
1975 1382 2194 1443 pacem
2239 1383 2378 1424 cum
2427 1365 2656 1425 ducata
2703 1367 2988 1426 Itomano
3035 1366 3167 1445 ipse
3211 1383 3320 1425 rex
3361 1367 3421 1426 in
3465 1368 3664 1446 viginti
3698 1388 3808 1431 con-

635 1473 913 1532 ﬁrmavit
956 1491 1177 1532 annos.
1227 1471 1348 1532 Sed
1395 1477 1454 1531 et
1498 1470 1778 1550 captivos
1837 1489 2058 1531 omnes
2102 1489 2258 1549 quos
2318 1471 2638 1531 detinebat
2703 1490 2778 1532 ex
2841 1472 3102 1532 diversis
3164 1473 3496 1551 provinciis
3553 1477 3809 1538 Romano-

630 1599 795 1654 rum,
845 1579 1048 1640 missis
1092 1578 1314 1638 litteris
1357 1577 1484 1637 suis
1529 1584 1657 1637 tam
1703 1577 1764 1636 in
1811 1578 2102 1637 Tusciam
2149 1595 2324 1637 suam
2375 1597 2692 1657 quamque
2737 1584 2912 1638 trans
2953 1579 3220 1652 Padum,
3269 1599 3392 1640 una
3432 1599 3564 1640 cum
3615 1583 3808 1642 Raven-

511 1691 585 1750 15
632 1687 884 1748 natibus
927 1685 1210 1766 captivis,
1257 1687 1554 1757 Leonem,
1601 1683 1914 1761 Sergium,
1960 1683 2271 1744 Victorem
2319 1691 2380 1744 et
2423 1684 2754 1763 Agnellum
2800 1683 2877 1764 (ο)
2924 1685 3214 1745 consules
3259 1685 3343 1767 (ά)
3389 1687 3656 1767 praedicio
3697 1689 3810 1750 hea-

631 1788 873 1855 tissimo
917 1793 1150 1853 redona
1165 1793 1254 1852 vit
1297 1791 1600 1871 pontifici.

711 1935 868 1987 21!
921 1929 989 1988 In
1035 1926 1336 2006 praedicta
1378 1945 1527 1986 vero
1571 1924 1830 1984 basilica
1872 1924 2040 1984 beati
2082 1925 2399 1984 Valentini
2443 1943 2555 2004 per
2598 1923 2878 2004 ejusdem
2925 1925 3088 2004 regis
3131 1925 3494 2005 petitionem
3536 1925 3594 1986 in
3647 1927 3808 1987 locum

628 2034 1098 2112 Consignenstis
1144 2033 1218 2114 (e)
1263 2031 1595 2106 Antistitis,
1627 2031 1736 2110 qui
1781 2031 2138 2105 transierat,
2173 2031 2368 2091 alium
2411 2031 2726 2092 ordinavit
2767 2032 3157 2112 episcopum.
3203 2033 3274 2092 In
3321 2032 3494 2112 cujus
3531 2051 3804 2094 consecra-

627 2141 800 2201 tione
843 2139 991 2199 dum
1041 2139 1285 2199 adesset
1315 2138 1460 2217 ipse
1504 2156 1613 2197 rex
1656 2155 1798 2196 cum
1844 2136 1971 2196 suis
2007 2135 2348 2215 judicibus,
2399 2137 2884 2217 compunctione
2927 2138 3360 2218 inspirationis
3401 2139 3612 2200 divinae
3663 2145 3810 2200 tanta.

627 2245 932 2306 orationis
992 2245 1322 2304 dulcedine
1388 2243 1466 2303 ab
1527 2262 1600 2304 eo
1659 2247 1807 2302 sunt
1869 2243 2136 2321 prolata,
2187 2249 2255 2303 ut
2297 2262 2439 2303 cum
2502 2251 2788 2304 sanctum
2855 2245 3058 2306 virum
3122 2245 3549 2326 conspicerent
3605 2247 3812 2306 fundere

545 2356 582 2415 5
629 2370 865 2432 preces,
916 2351 1129 2431 plures
1173 2369 1249 2410 ex
1295 2349 1524 2410 eisdem
1573 2349 2005 2426 Longobardis
2049 2349 2128 2408 ad
2171 2351 2482 2429 lacrymas
2525 2357 2674 2411 sunt
2715 2352 3008 2431 permoti.
3057 2352 3298 2413 Eodem
3344 2371 3486 2412 vero
3527 2352 3618 2413 die
3654 2352 3811 2413 Domi-

629 2459 794 2532 nico,
842 2462 984 2537 post
1036 2463 1292 2536 peracta
1353 2455 1683 2515 missarum
1749 2455 2078 2528 solemnia,
2145 2455 2224 2515 ad
2289 2457 2623 2536 prandium
2690 2457 2981 2518 eumdem
3043 2476 3258 2537 regem
3323 2458 3401 2518 ad
3466 2457 3810 2538 apostolicam

627 2564 1130 2626 benedictionem
1177 2561 1640 2642 suscipiendam
1685 2562 1816 2640 ipse
1859 2561 2258 2624 beatissimus
2301 2563 2584 2643 pontifex
2627 2563 2939 2624 invitavit.
2987 2564 3107 2626 Ubi
3152 2583 3297 2624 cum
3355 2569 3525 2624 tanta
3565 2563 3812 2624 suavitate

625 2695 800 2738 esum
846 2673 1133 2755 sumpsit,
1185 2679 1246 2734 ct
1285 2671 1605 2733 hilaritate
1661 2671 1886 2746 cordis,
1957 2679 2026 2732 ut
2085 2673 2324 2734 diceret
2365 2673 2498 2753 ipse
2546 2691 2652 2733 rex
2697 2677 2944 2734 tantum
3007 2692 3072 2734 se
3132 2693 3460 2754 nunquam
3521 2674 3812 2734 meminisse

625 2788 1042 2846 comessatum
1090 2779 1196 2862 (f).
1243 2781 1382 2841 Alia
1423 2799 1572 2840 vero
1617 2779 1741 2854 die,
1788 2799 1930 2858 quas
1991 2779 2110 2839 fuit
2152 2779 2427 2840 secunda
2469 2779 2647 2854 feria,
2695 2781 2834 2841 vale
2877 2780 3115 2842 faciens
3157 2782 3213 2842 ei
3263 2781 3396 2862 ipse
3441 2800 3562 2858 rex,
3607 2780 3744 2841 misit
3767 2778 3812 2838 in

509 2895 586 2953 10
629 2891 764 2970 ejus
807 2889 1180 2968 obsequium
1223 2885 1658 2967 Agiprandum
1704 2885 1791 2964 (g)
1835 2886 2056 2946 ducem
2101 2885 2450 2960 Clusinum,
2499 2893 2792 2967 nepotem
2838 2905 3045 2960 suum,
3103 2906 3214 2948 seu
3276 2886 3656 2966 Tacipertum
3708 2904 3810 2946 cas-

625 2997 887 3058 taldium
931 2996 996 3056 in
1040 2993 1175 3074 ejus
1235 2993 1635 3072 obsequium,
1702 2997 1763 3052 et
1826 2992 2204 3071 Ramingum
2255 2992 2332 3074 (h)
2381 2995 2731 3055 castaldum
2775 2997 3267 3068 Tuscanensem,
3315 3000 3500 3074 atque
3558 2991 3810 3056 Grimoal-

626 3105 798 3172 dum,
849 3103 958 3183 qui
1003 3103 1201 3163 eidem
1249 3109 1466 3162 sancto
1510 3100 1644 3160 viro
1689 3118 1886 3176 usque
1931 3099 2010 3158 ad
2053 3100 2388 3179 praedictas
2431 3101 2718 3162 civitates
2748 3101 3121 3180 obsequium
3165 3102 3468 3175 facerent,
3493 3100 3810 3177 easdemque

627 3210 910 3272 civitates
951 3228 1094 3270 cum
1139 3207 1265 3268 suis
1309 3206 1773 3267 habitatoribus
1817 3206 2160 3280 traderent,
2209 3207 2378 3286 quod
2423 3213 2485 3268 et
2530 3209 2764 3268 factum
2813 3215 2926 3268 Ist.

709 3351 872 3404 ιη
921 3344 990 3404 In
1039 3341 1255 3422 primis
1296 3339 1657 3401 Amerinam
1703 3339 2041 3412 civitatem,
2089 3338 2314 3400 deinde
2358 3343 2726 3415 Hortanam,
2776 3341 3054 3420 dumque
3115 3340 3178 3399 in
3242 3341 3596 3402 Polimartio
3651 3345 3810 3400 castro

631 3451 1094 3521 convenissent,
1142 3467 1412 3528 eumque
1456 3447 1818 3526 recepisset,
1866 3452 1927 3506 et
1971 3446 2186 3507 fuisset
2227 3446 2466 3507 itineris
2509 3447 2838 3526 longitudo
2883 3467 2995 3528 per
3037 3447 3372 3508 circuitum
3415 3447 3620 3508 ﬁnium
3661 3445 3814 3524 reipu-

629 3557 810 3618 blicae
857 3557 1046 3617 eundi
1093 3573 1288 3635 usque
1333 3545 1786 3614 ad'Bleranam
1835 3552 2150 3611 civitatem
2197 3571 2308 3631 per
2351 3560 2560 3632 partes
2604 3553 2877 3614 Sutrinae
2935 3554 3202 3614 civitatis
3267 3573 3380 3634 per
3421 3556 3570 3614 ﬁnes
3615 3555 3812 3629 Longo-

629 3665 971 3724 bardorum
1017 3663 1280 3733 Tusciae,
1329 3660 1478 3737 quia
1521 3659 1596 3719 de
1643 3658 1998 3738 propinquo
2043 3664 2197 3731 erat,
2246 3657 2310 3718 id
2354 3665 2448 3718 est
2491 3677 2603 3738 per
2643 3665 2917 3720 castrum
2961 3659 3318 3723 Viterbium
3365 3659 3452 3742 (ι),
3486 3659 3609 3740 ipse
3635 3658 3814 3718 missus

551 3773 588 3831 5
631 3770 794 3849 regis
839 3767 1236 3830 Grimoaldus
1280 3765 1568 3827 eumdem
1615 3764 2040 3825 beatissimum
2087 3763 2444 3844 pontiﬁcem
2477 3765 2769 3844 perduxit
2801 3784 2998 3845 usque
3042 3765 3120 3825 ad
3153 3767 3490 3828 Bleranam
3521 3765 3808 3836 civitatem,

627 3895 816 3958 quam
865 3881 928 3936 et
971 3875 1091 3956 ipsi
1133 3879 1353 3935 sancto
1399 3873 1532 3934 viro
1579 3871 2073 3952 praenominatus
2117 3872 2462 3950 Ramingus
2505 3872 2842 3933 castaldius
2897 3877 2960 3933 et
3013 3873 3148 3952 jam
3209 3873 3417 3935 dictus
3480 3869 3814 3935 Grimoaldus

634 3986 858 4047 missus
901 3983 1445 4046 contradiderunt.
1493 3983 1570 4042 Et
1612 3981 1698 4041 sic
1747 3999 2062 4060 regressus
2105 3985 2219 4057 est,
2265 3981 2392 4040 Deo
2431 3981 2738 4060 propitio,
2784 3999 2927 4041 cum
2989 3982 3270 4043 victoriae
3333 3983 3542 4062 palma
3599 3981 3654 4041 in
3694 3979 3817 4038 hanc

633 4095 854 4154 urbem
901 4095 1186 4154 Romam.
1235 4090 1351 4162 Qui
1395 4089 1584 4150 etiam
1631 4106 1883 4148 omnem
1930 4087 2236 4166 populum
2283 4105 2657 4166 aggregans,
2704 4105 2810 4148 eos
2871 4093 2964 4149 est
3024 4088 3360 4164 allocutus,
3408 4095 3475 4150 ut
3514 4087 3588 4149 ad
3627 4080 3814 4166 persol-

629 4201 864 4264 vendas
908 4197 1330 4279 omnipotenti
1371 4200 1500 4258 Deo
1545 4195 1890 4274 gratiarum
1936 4194 2216 4255 actiones
2260 4194 2338 4254 ab
2393 4194 2656 4256 ecclesia
2697 4195 2809 4255 Dei
2876 4197 3226 4270 Genitricis,
3276 4217 3418 4278 quae
3479 4201 3711 4257 vocatur
3758 4186 3816 4248 ad

513 4313 588 4371 10
631 4312 956 4387 Martyres,
1006 4306 1238 4386 egressi
1281 4323 1502 4366 omnes
1545 4321 1688 4362 cum
1735 4301 1971 4362 letania
2013 4299 2394 4378 generaliter
2430 4286 2845 4382 properarent
2888 4302 2968 4362 ad
3012 4303 3272 4365 beatum
3317 4303 3652 4382 Principem
3679 4313 3818 4378 apos-

630 4417 946 4488 tolorum;
994 4419 1056 4475 et
1099 4413 1188 4473 ita
1231 4413 1466 4473 factum
1513 4415 1626 4470 est.

709 4559 888 4612 ιιι
937 4548 1018 4632 (λ)
1063 4547 1172 4608 His
1215 4549 1426 4607 autem
1487 4543 1753 4624 expletis
1799 4541 2014 4602 indict.
2061 4557 2122 4616 x,
2169 4541 2232 4600 in
2293 4540 2700 4621 subsequenti
2751 4540 2970 4604 indict.
3031 4561 3118 4617 χι,
3182 4545 3332 4605 dum
3382 4543 3632 4606 nimium
3671 4533 3815 4617 oppri

635 4662 834 4719 meret
891 4654 1230 4736 praedictus
1290 4672 1401 4714 rex
1478 4649 1866 4731 provinciam
1946 4647 2429 4716 ltavennatium.
2499 4647 2842 4730 fuissetque
2917 4657 3312 4731 prazparatus
3385 4651 3464 4712 ad
3501 4647 3812 4714 motionem

633 4762 985 4824 faciendam
1040 4766 1104 4822 et
1152 4759 1564 4820 obsidendam
1627 4755 2088 4816 Ravennatium
2145 4754 2388 4828 urbem,
2450 4755 2706 4834 cognita
2760 4757 3038 4818 motione
3094 4757 3378 4839 ejusdem
3447 4755 3619 4835 regis,
3669 4745 3818 4827 Eutyi

633 4869 813 4930 chius
871 4867 1432 4930 excellentissimus
1483 4864 1788 4946 patricius
1845 4869 1908 4924 et
1979 4861 2309 4932 exarchus,
2373 4881 2500 4923 una
2554 4881 2696 4924 cum
2755 4865 3002 4927 Joanne
3057 4865 3528 4947 archiepiscopo
3576 4855 3812 4924 Ecclesia:

1665 5226 1910 5274 NOTULE
1950 5224 2334 5274 HARGINALES
2375 5225 2666 5274 FABROTTI
2674 5255 2688 5270 .

489 5571 506 5582 '
548 5564 626 5632 (α)
657 5579 811 5634 eum.
891 5559 964 5634 (b)
995 5563 1060 5630 B,
1093 5556 1506 5614 Polimarense.
1584 5555 1968 5634 (c)_A.gellu_m.
2047 5555 2088 5628 (ο

2208 5600 2218 5621 ,
2250 5553 2635 5634 consulares.“
2685 5557 2754 5634 (ε)
2787 5553 2843 5619 C,
2869 5554 3226 5634 Consentini.
3251 5556 3314 5623 Β,
3339 5538 3807 5634 Constantini-“fil

478 5635 518 5691 C
546 5618 985 5762 co'rgigisse.‘li,
1018 5618 1058 5689 δέ
1094 5647 1156 5688 se
1203 5642 1523 5689 comesum.
1590 5618 1676 5702 ’(ῥ)
1720 5618 1785 5697 Ε,
1837 5618 2077 5700 Aldepra

478 5723 610 5763 ann.
754 5745 768 5759 .

2203 5618 2293 5683 im.
2371 5628 2447 5695 (h)
2481 5629 2547 5692 Β,
2597 5618 2952 5700 RaningUm.
3031 5629 3094 5701 (ἱ)
3128 5618 3476 5685 Laternium.
3543 5621 3605 5692 (j)
3645 5618 3802 5672 Baran.
