  <div class='ocr_page' id='page_1' title='image "/cluster/home/n/w/nwhite01/storage/ocr_20150623/128/hvd.32044054759899/532.png"; bbox 0 0 4050 6172; ppageno 0'>
   <div class='ocr_carea' id='block_1_1' title="bbox 217 163 3634 287">
    <p class='ocr_par' dir='ltr' id='par_1_1' title="bbox 217 163 3634 287">
     <span class='ocr_line' id='line_1_1' title="bbox 217 163 3634 287; baseline -0.001 0"><span class='ocrx_word' id='word_1_1' title='bbox 217 222 395 287; x_wconf 75' lang='lat' dir='ltr'><strong>mss</strong></span> <span class='ocrx_word' id='word_1_2' title='bbox 948 222 1319 285; x_wconf 75' lang='lat' dir='ltr'><strong>HISTORIA</strong></span> <span class='ocrx_word' id='word_1_3' title='bbox 1361 218 1464 282; x_wconf 79' lang='lat' dir='ltr'><strong>DE-</strong></span> <span class='ocrx_word' id='word_1_4' title='bbox 1505 218 1712 282; x_wconf 81' lang='lat' dir='ltr'><strong>vms</strong></span> <span class='ocrx_word' id='word_1_5' title='bbox 1757 217 1948 280; x_wconf 80' lang='lat' dir='ltr'><strong>ROM.</strong></span> <span class='ocrx_word' id='word_1_6' title='bbox 1992 218 2308 280; x_wconf 89' lang='lat' dir='ltr'><strong>PONT.—</strong></span> <span class='ocrx_word' id='word_1_7' title='bbox 2339 218 2403 280; x_wconf 92' lang='lat' dir='ltr'><strong>s.</strong></span> <span class='ocrx_word' id='word_1_8' title='bbox 2449 217 2910 280; x_wconf 82' lang='lat' dir='ltr'><strong>ZAGHARIAS.</strong></span> <span class='ocrx_word' id='word_1_9' title='bbox 3477 163 3634 285; x_wconf 62' lang='lat' dir='ltr'><strong>i054</strong></span> 
     </span>
    </p>
   </div>
   <div class='ocr_carea' id='block_1_2' title="bbox 274 351 3631 436">
    <p class='ocr_par' dir='ltr' id='par_1_2' title="bbox 274 351 3631 436">
     <span class='ocr_line' id='line_1_2' title="bbox 274 351 3631 436; baseline -0.001 -18"><span class='ocrx_word' id='word_1_10' title='bbox 274 357 348 418; x_wconf 81' lang='grc'><strong>’5</strong></span> <span class='ocrx_word' id='word_1_11' title='bbox 392 355 800 431; x_wconf 75' lang='lat' dir='ltr'><strong>Ravennatis,</strong></span> <span class='ocrx_word' id='word_1_12' title='bbox 847 361 1036 436; x_wconf 87' lang='lat' dir='ltr'><strong>atque</strong></span> <span class='ocrx_word' id='word_1_13' title='bbox 1079 354 1371 416; x_wconf 87' lang='lat' dir='ltr'><strong>universo</strong></span> <span class='ocrx_word' id='word_1_14' title='bbox 1416 352 1651 434; x_wconf 89' lang='lat' dir='ltr'><strong>populo</strong></span> <span class='ocrx_word' id='word_1_15' title='bbox 1697 352 2011 432; x_wconf 75' lang='lat' dir='ltr'><strong>praedictae</strong></span> <span class='ocrx_word' id='word_1_16' title='bbox 2056 351 2322 411; x_wconf 89' lang='lat' dir='ltr'><strong>civitatis</strong></span> <span class='ocrx_word' id='word_1_17' title='bbox 2365 369 2438 411; x_wconf 90' lang='lat' dir='ltr'><strong>ac</strong></span> <span class='ocrx_word' id='word_1_18' title='bbox 2481 352 2803 412; x_wconf 77' lang='lat' dir='ltr'><strong>civitatum</strong></span> <span class='ocrx_word' id='word_1_19' title='bbox 2846 352 3265 433; x_wconf 84' lang='lat' dir='ltr'><strong>Pentapoleos</strong></span> <span class='ocrx_word' id='word_1_20' title='bbox 3317 358 3380 414; x_wconf 93' lang='lat' dir='ltr'><strong>et</strong></span> <span class='ocrx_word' id='word_1_21' title='bbox 3432 355 3631 416; x_wconf 68' lang='lat' dir='ltr'><strong>Emi-</strong></span> 
     </span>
    </p>
   </div>
   <div class='ocr_carea' id='block_1_3' title="bbox 387 458 3630 543">
    <p class='ocr_par' dir='ltr' id='par_1_3' title="bbox 387 458 3630 543">
     <span class='ocr_line' id='line_1_3' title="bbox 387 458 3630 543; baseline -0.001 -18"><span class='ocrx_word' id='word_1_22' title='bbox 387 464 513 539; x_wconf 63' lang='lat' dir='ltr'><strong>liae,</strong></span> <span class='ocrx_word' id='word_1_23' title='bbox 560 464 728 527; x_wconf 83' lang='lat' dir='ltr'><strong>facta</strong></span> <span class='ocrx_word' id='word_1_24' title='bbox 767 464 831 524; x_wconf 90' lang='lat' dir='ltr'><strong>in</strong></span> <span class='ocrx_word' id='word_1_25' title='bbox 875 462 1124 543; x_wconf 82' lang='lat' dir='ltr'><strong>scriptis</strong></span> <span class='ocrx_word' id='word_1_26' title='bbox 1166 461 1600 522; x_wconf 80' lang='lat' dir='ltr'><strong>obsecratione</strong></span> <span class='ocrx_word' id='word_1_27' title='bbox 1642 459 1946 540; x_wconf 71' lang='lat' dir='ltr'><strong>praedicto</strong></span> <span class='ocrx_word' id='word_1_28' title='bbox 1990 463 2206 519; x_wconf 81' lang='lat' dir='ltr'><strong>sancto</strong></span> <span class='ocrx_word' id='word_1_29' title='bbox 2254 458 2560 518; x_wconf 87' lang='lat' dir='ltr'><strong>miserunt</strong></span> <span class='ocrx_word' id='word_1_30' title='bbox 2602 458 2758 532; x_wconf 90' lang='lat' dir='ltr'><strong>viro,</strong></span> <span class='ocrx_word' id='word_1_31' title='bbox 2808 464 3088 537; x_wconf 85' lang='lat' dir='ltr'><strong>petentes</strong></span> <span class='ocrx_word' id='word_1_32' title='bbox 3137 465 3203 521; x_wconf 89' lang='lat' dir='ltr'><strong>ut</strong></span> <span class='ocrx_word' id='word_1_33' title='bbox 3246 479 3360 541; x_wconf 93' lang='lat' dir='ltr'><strong>pro</strong></span> <span class='ocrx_word' id='word_1_34' title='bbox 3413 480 3630 523; x_wconf 91' lang='lat' dir='ltr'><strong>eorum</strong></span> 
     </span>
    </p>
   </div>
   <div class='ocr_carea' id='block_1_4' title="bbox 389 565 3630 650">
    <p class='ocr_par' dir='ltr' id='par_1_4' title="bbox 389 565 3630 650">
     <span class='ocr_line' id='line_1_4' title="bbox 389 565 3630 650; baseline -0.001 -18"><span class='ocrx_word' id='word_1_35' title='bbox 389 575 670 633; x_wconf 87' lang='lat' dir='ltr'><strong>curreret</strong></span> <span class='ocrx_word' id='word_1_36' title='bbox 711 570 798 650; x_wconf 84' lang='lat' dir='ltr'><strong>(a)</strong></span> <span class='ocrx_word' id='word_1_37' title='bbox 838 569 1231 631; x_wconf 84' lang='lat' dir='ltr'><strong>liberatione.</strong></span> <span class='ocrx_word' id='word_1_38' title='bbox 1279 568 1394 640; x_wconf 88' lang='lat' dir='ltr'><strong>Qui</strong></span> <span class='ocrx_word' id='word_1_39' title='bbox 1437 573 1690 628; x_wconf 90' lang='lat' dir='ltr'><strong>sanctus</strong></span> <span class='ocrx_word' id='word_1_40' title='bbox 1732 566 1847 640; x_wconf 91' lang='lat' dir='ltr'><strong>vir,</strong></span> <span class='ocrx_word' id='word_1_41' title='bbox 1900 566 2088 626; x_wconf 87' lang='lat' dir='ltr'><strong>missa</strong></span> <span class='ocrx_word' id='word_1_42' title='bbox 2130 565 2444 644; x_wconf 81' lang='lat' dir='ltr'><strong>legatione</strong></span> <span class='ocrx_word' id='word_1_43' title='bbox 2489 571 2552 625; x_wconf 91' lang='lat' dir='ltr'><strong>et</strong></span> <span class='ocrx_word' id='word_1_44' title='bbox 2611 565 2971 626; x_wconf 83' lang='lat' dir='ltr'><strong>muneribus</strong></span> <span class='ocrx_word' id='word_1_45' title='bbox 3032 567 3109 626; x_wconf 93' lang='lat' dir='ltr'><strong>ad</strong></span> <span class='ocrx_word' id='word_1_46' title='bbox 3173 568 3630 629; x_wconf 89' lang='lat' dir='ltr'><strong>obsecrandum</strong></span> 
     </span>
    </p>
   </div>
   <div class='ocr_carea' id='block_1_5' title="bbox 389 672 3632 755">
    <p class='ocr_par' dir='ltr' id='par_1_5' title="bbox 389 672 3632 755">
     <span class='ocr_line' id='line_1_5' title="bbox 389 672 3632 755; baseline -0.001 -16"><span class='ocrx_word' id='word_1_47' title='bbox 389 676 681 739; x_wconf 89' lang='lat' dir='ltr'><strong>eumdem</strong></span> <span class='ocrx_word' id='word_1_48' title='bbox 727 694 939 755; x_wconf 89' lang='lat' dir='ltr'><strong>regem</strong></span> <span class='ocrx_word' id='word_1_49' title='bbox 982 694 1096 755; x_wconf 93' lang='lat' dir='ltr'><strong>per</strong></span> <span class='ocrx_word' id='word_1_50' title='bbox 1137 674 1544 736; x_wconf 86' lang='lat' dir='ltr'><strong>Benedictum</strong></span> <span class='ocrx_word' id='word_1_51' title='bbox 1591 674 1954 753; x_wconf 84' lang='lat' dir='ltr'><strong>episcopum</strong></span> <span class='ocrx_word' id='word_1_52' title='bbox 2000 678 2061 733; x_wconf 88' lang='lat' dir='ltr'><strong>et</strong></span> <span class='ocrx_word' id='word_1_53' title='bbox 2104 672 2593 746; x_wconf 85' lang='lat' dir='ltr'><strong>vicedominum,</strong></span> <span class='ocrx_word' id='word_1_54' title='bbox 2643 678 2832 751; x_wconf 86' lang='lat' dir='ltr'><strong>atque</strong></span> <span class='ocrx_word' id='word_1_55' title='bbox 2893 674 3292 734; x_wconf 85' lang='lat' dir='ltr'><strong>Ambrosium</strong></span> <span class='ocrx_word' id='word_1_56' title='bbox 3340 675 3632 755; x_wconf 91' lang='lat' dir='ltr'><strong>primice-</strong></span> 
     </span>
    </p>
   </div>
   <div class='ocr_carea' id='block_1_6' title="bbox 391 780 3638 862">
    <p class='ocr_par' dir='ltr' id='par_1_6' title="bbox 391 780 3638 862">
     <span class='ocr_line' id='line_1_6' title="bbox 391 780 3638 862; baseline 0 -18"><span class='ocrx_word' id='word_1_57' title='bbox 391 785 553 844; x_wconf 89' lang='lat' dir='ltr'><strong>rium</strong></span> <span class='ocrx_word' id='word_1_58' title='bbox 601 783 1015 856; x_wconf 85' lang='lat' dir='ltr'><strong>notariorum,</strong></span> <span class='ocrx_word' id='word_1_59' title='bbox 1064 781 1244 862; x_wconf 88' lang='lat' dir='ltr'><strong>petiit</strong></span> <span class='ocrx_word' id='word_1_60' title='bbox 1308 787 1457 842; x_wconf 90' lang='lat' dir='ltr'><strong>uta</strong></span> <span class='ocrx_word' id='word_1_61' title='bbox 1517 780 1793 841; x_wconf 87' lang='lat' dir='ltr'><strong>motione</strong></span> <span class='ocrx_word' id='word_1_62' title='bbox 1855 784 2146 851; x_wconf 86' lang='lat' dir='ltr'><strong>cessaret,</strong></span> <span class='ocrx_word' id='word_1_63' title='bbox 2209 785 2272 840; x_wconf 87' lang='lat' dir='ltr'><strong>et</strong></span> <span class='ocrx_word' id='word_1_64' title='bbox 2340 780 2753 839; x_wconf 88' lang='lat' dir='ltr'><strong>Cesenatense</strong></span> <span class='ocrx_word' id='word_1_65' title='bbox 2810 780 3279 840; x_wconf 80' lang='lat' dir='ltr'><strong>Ravennatibus</strong></span> <span class='ocrx_word' id='word_1_66' title='bbox 3349 783 3638 845; x_wconf 85' lang='lat' dir='ltr'><strong>redderet</strong></span> 
     </span>
    </p>
   </div>
   <div class='ocr_carea' id='block_1_7' title="bbox 265 886 3635 968">
    <p class='ocr_par' dir='ltr' id='par_1_7' title="bbox 265 886 3635 968">
     <span class='ocr_line' id='line_1_7' title="bbox 265 886 3635 968; baseline -0 -17"><span class='ocrx_word' id='word_1_67' title='bbox 265 891 349 951; x_wconf 69' lang='grc'><strong>10</strong></span> <span class='ocrx_word' id='word_1_68' title='bbox 393 895 713 963; x_wconf 89' lang='lat' dir='ltr'><strong>castrum;</strong></span> <span class='ocrx_word' id='word_1_69' title='bbox 758 890 864 949; x_wconf 92' lang='lat' dir='ltr'><strong>sed</strong></span> <span class='ocrx_word' id='word_1_70' title='bbox 909 906 1132 968; x_wconf 88' lang='lat' dir='ltr'><strong>passus</strong></span> <span class='ocrx_word' id='word_1_71' title='bbox 1173 906 1298 948; x_wconf 91' lang='lat' dir='ltr'><strong>non</strong></span> <span class='ocrx_word' id='word_1_72' title='bbox 1346 894 1461 948; x_wconf 92' lang='lat' dir='ltr'><strong>est.</strong></span> <span class='ocrx_word' id='word_1_73' title='bbox 1509 886 1698 965; x_wconf 88' lang='lat' dir='ltr'><strong>Cujus</strong></span> <span class='ocrx_word' id='word_1_74' title='bbox 1745 887 1896 945; x_wconf 91' lang='lat' dir='ltr'><strong>dum</strong></span> <span class='ocrx_word' id='word_1_75' title='bbox 1940 886 2165 946; x_wconf 89' lang='lat' dir='ltr'><strong>duram</strong></span> <span class='ocrx_word' id='word_1_76' title='bbox 2210 886 2743 966; x_wconf 87' lang='lat' dir='ltr'><strong>perseverantiam</strong></span> <span class='ocrx_word' id='word_1_77' title='bbox 2816 886 3207 964; x_wconf 78' lang='lat' dir='ltr'><strong>conspiceret</strong></span> <span class='ocrx_word' id='word_1_78' title='bbox 3250 887 3384 966; x_wconf 87' lang='lat' dir='ltr'><strong>jam</strong></span> <span class='ocrx_word' id='word_1_79' title='bbox 3432 892 3635 950; x_wconf 90' lang='lat' dir='ltr'><strong>nomi-</strong></span> 
     </span>
    </p>
   </div>
   <div class='ocr_carea' id='block_1_8' title="bbox 390 990 3639 1074">
    <p class='ocr_par' dir='ltr' id='par_1_8' title="bbox 390 990 3639 1074">
     <span class='ocr_line' id='line_1_8' title="bbox 390 990 3639 1074; baseline 0 -18"><span class='ocrx_word' id='word_1_80' title='bbox 390 1003 578 1057; x_wconf 87' lang='lat' dir='ltr'><strong>natus</strong></span> <span class='ocrx_word' id='word_1_81' title='bbox 619 995 1050 1057; x_wconf 88' lang='lat' dir='ltr'><strong>sanctissimus</strong></span> <span class='ocrx_word' id='word_1_82' title='bbox 1092 995 1208 1064; x_wconf 90' lang='lat' dir='ltr'><strong>vir,</strong></span> <span class='ocrx_word' id='word_1_83' title='bbox 1256 999 1496 1074; x_wconf 82' lang='lat' dir='ltr'><strong>tropaeo</strong></span> <span class='ocrx_word' id='word_1_84' title='bbox 1541 993 1686 1053; x_wconf 91' lang='lat' dir='ltr'><strong>ﬁdei</strong></span> <span class='ocrx_word' id='word_1_85' title='bbox 1731 993 2032 1065; x_wconf 89' lang='lat' dir='ltr'><strong>munitus,</strong></span> <span class='ocrx_word' id='word_1_86' title='bbox 2079 993 2296 1053; x_wconf 88' lang='lat' dir='ltr'><strong>relicta</strong></span> <span class='ocrx_word' id='word_1_87' title='bbox 2342 995 2626 1052; x_wconf 80' lang='lat' dir='ltr'><strong>Romana</strong></span> <span class='ocrx_word' id='word_1_88' title='bbox 2682 993 2835 1053; x_wconf 88' lang='lat' dir='ltr'><strong>urbe</strong></span> <span class='ocrx_word' id='word_1_89' title='bbox 2889 990 3025 1071; x_wconf 90' lang='lat' dir='ltr'><strong>jam</strong></span> <span class='ocrx_word' id='word_1_90' title='bbox 3088 992 3256 1053; x_wconf 93' lang='lat' dir='ltr'><strong>dicto</strong></span> <span class='ocrx_word' id='word_1_91' title='bbox 3316 995 3639 1074; x_wconf 86' lang='lat' dir='ltr'><strong>Stephano</strong></span> 
     </span>
    </p>
   </div>
   <div class='ocr_carea' id='block_1_9' title="bbox 392 1099 3642 1182">
    <p class='ocr_par' dir='ltr' id='par_1_9' title="bbox 392 1099 3642 1182">
     <span class='ocr_line' id='line_1_9' title="bbox 392 1099 3642 1182; baseline 0 -20"><span class='ocrx_word' id='word_1_92' title='bbox 392 1101 661 1182; x_wconf 89' lang='lat' dir='ltr'><strong>patricio</strong></span> <span class='ocrx_word' id='word_1_93' title='bbox 703 1107 767 1162; x_wconf 91' lang='lat' dir='ltr'><strong>et</strong></span> <span class='ocrx_word' id='word_1_94' title='bbox 806 1101 953 1162; x_wconf 91' lang='lat' dir='ltr'><strong>duci</strong></span> <span class='ocrx_word' id='word_1_95' title='bbox 997 1101 1077 1162; x_wconf 89' lang='lat' dir='ltr'><strong>ad</strong></span> <span class='ocrx_word' id='word_1_96' title='bbox 1122 1101 1629 1181; x_wconf 89' lang='lat' dir='ltr'><strong>gubernandum,</strong></span> <span class='ocrx_word' id='word_1_97' title='bbox 1679 1118 1803 1160; x_wconf 87' lang='lat' dir='ltr'><strong>non</strong></span> <span class='ocrx_word' id='word_1_98' title='bbox 1849 1100 2010 1160; x_wconf 85' lang='lat' dir='ltr'><strong>sicut</strong></span> <span class='ocrx_word' id='word_1_99' title='bbox 2053 1099 2496 1172; x_wconf 87' lang='lat' dir='ltr'><strong>mercenarius,</strong></span> <span class='ocrx_word' id='word_1_100' title='bbox 2553 1099 2662 1159; x_wconf 89' lang='lat' dir='ltr'><strong>sed</strong></span> <span class='ocrx_word' id='word_1_101' title='bbox 2719 1099 2880 1159; x_wconf 86' lang='lat' dir='ltr'><strong>sicut</strong></span> <span class='ocrx_word' id='word_1_102' title='bbox 2939 1117 3083 1160; x_wconf 86' lang='lat' dir='ltr'><strong>vere</strong></span> <span class='ocrx_word' id='word_1_103' title='bbox 3140 1104 3357 1179; x_wconf 89' lang='lat' dir='ltr'><strong>pastor</strong></span> <span class='ocrx_word' id='word_1_104' title='bbox 3410 1102 3642 1164; x_wconf 88' lang='lat' dir='ltr'><strong>relictis</strong></span> 
     </span>
    </p>
   </div>
   <div class='ocr_carea' id='block_1_10' title="bbox 394 1206 3643 1287">
    <p class='ocr_par' dir='ltr' id='par_1_10' title="bbox 394 1206 3643 1287">
     <span class='ocr_line' id='line_1_10' title="bbox 394 1206 3643 1287; baseline 0 -17"><span class='ocrx_word' id='word_1_105' title='bbox 394 1208 640 1281; x_wconf 89' lang='lat' dir='ltr'><strong>ovibus,</strong></span> <span class='ocrx_word' id='word_1_106' title='bbox 687 1207 769 1268; x_wconf 90' lang='lat' dir='ltr'><strong>ad</strong></span> <span class='ocrx_word' id='word_1_107' title='bbox 812 1226 918 1269; x_wconf 90' lang='lat' dir='ltr'><strong>eas</strong></span> <span class='ocrx_word' id='word_1_108' title='bbox 961 1226 1103 1287; x_wconf 63' lang='lat' dir='ltr'><strong>quae</strong></span> <span class='ocrx_word' id='word_1_109' title='bbox 1164 1208 1461 1287; x_wconf 62' lang='lat' dir='ltr'><strong>perituris</strong></span> <span class='ocrx_word' id='word_1_110' title='bbox 1520 1212 1702 1268; x_wconf 89' lang='lat' dir='ltr'><strong>erant</strong></span> <span class='ocrx_word' id='word_1_111' title='bbox 1767 1206 2162 1267; x_wconf 79' lang='lat' dir='ltr'><strong>redimendas</strong></span> <span class='ocrx_word' id='word_1_112' title='bbox 2219 1207 2511 1266; x_wconf 91' lang='lat' dir='ltr'><strong>occurrit.</strong></span> <span class='ocrx_word' id='word_1_113' title='bbox 2573 1207 2708 1277; x_wconf 92' lang='lat' dir='ltr'><strong>Quo</strong></span> <span class='ocrx_word' id='word_1_114' title='bbox 2769 1224 3019 1284; x_wconf 90' lang='lat' dir='ltr'><strong>egresso</strong></span> <span class='ocrx_word' id='word_1_115' title='bbox 3080 1207 3301 1268; x_wconf 89' lang='lat' dir='ltr'><strong>itinere</strong></span> <span class='ocrx_word' id='word_1_116' title='bbox 3364 1209 3513 1270; x_wconf 91' lang='lat' dir='ltr'><strong>dum</strong></span> <span class='ocrx_word' id='word_1_117' title='bbox 3578 1229 3643 1271; x_wconf 87' lang='lat' dir='ltr'><strong>se</strong></span> 
     </span>
    </p>
   </div>
   <div class='ocr_carea' id='block_1_11' title="bbox 394 1312 3647 1393">
    <p class='ocr_par' dir='ltr' id='par_1_11' title="bbox 394 1312 3647 1393">
     <span class='ocr_line' id='line_1_11' title="bbox 394 1312 3647 1393; baseline 0.001 -18"><span class='ocrx_word' id='word_1_118' title='bbox 394 1313 790 1376; x_wconf 88' lang='lat' dir='ltr'><strong>orationibus</strong></span> <span class='ocrx_word' id='word_1_119' title='bbox 832 1315 1308 1375; x_wconf 88' lang='lat' dir='ltr'><strong>commendaret</strong></span> <span class='ocrx_word' id='word_1_120' title='bbox 1370 1314 1555 1374; x_wconf 87' lang='lat' dir='ltr'><strong>beato</strong></span> <span class='ocrx_word' id='word_1_121' title='bbox 1626 1313 2055 1393; x_wconf 88' lang='lat' dir='ltr'><strong>apostolorum</strong></span> <span class='ocrx_word' id='word_1_122' title='bbox 2117 1313 2387 1393; x_wconf 91' lang='lat' dir='ltr'><strong>principi</strong></span> <span class='ocrx_word' id='word_1_123' title='bbox 2448 1314 2633 1373; x_wconf 90' lang='lat' dir='ltr'><strong>Petro</strong></span> <span class='ocrx_word' id='word_1_124' title='bbox 2696 1330 2836 1372; x_wconf 91' lang='lat' dir='ltr'><strong>cum</strong></span> <span class='ocrx_word' id='word_1_125' title='bbox 2900 1312 3028 1373; x_wconf 90' lang='lat' dir='ltr'><strong>suis</strong></span> <span class='ocrx_word' id='word_1_126' title='bbox 3089 1315 3520 1376; x_wconf 89' lang='lat' dir='ltr'><strong>sacerdotibus</strong></span> <span class='ocrx_word' id='word_1_127' title='bbox 3581 1321 3647 1378; x_wconf 89' lang='lat' dir='ltr'><strong>et</strong></span> 
     </span>
    </p>
   </div>
   <div class='ocr_carea' id='block_1_12' title="bbox 264 1419 3645 1503">
    <p class='ocr_par' dir='ltr' id='par_1_12' title="bbox 264 1419 3645 1503">
     <span class='ocr_line' id='line_1_12' title="bbox 264 1419 3645 1503; baseline 0 -20"><span class='ocrx_word' id='word_1_128' title='bbox 264 1423 342 1485; x_wconf 81' lang='grc'><strong>15</strong></span> <span class='ocrx_word' id='word_1_129' title='bbox 390 1420 559 1483; x_wconf 91' lang='lat' dir='ltr'><strong>clero</strong></span> <span class='ocrx_word' id='word_1_130' title='bbox 603 1439 748 1482; x_wconf 90' lang='lat' dir='ltr'><strong>cum</strong></span> <span class='ocrx_word' id='word_1_131' title='bbox 792 1420 1155 1491; x_wconf 86' lang='lat' dir='ltr'><strong>viatoribus,</strong></span> <span class='ocrx_word' id='word_1_132' title='bbox 1206 1426 1361 1481; x_wconf 91' lang='lat' dir='ltr'><strong>nutu</strong></span> <span class='ocrx_word' id='word_1_133' title='bbox 1407 1420 1857 1500; x_wconf 88' lang='lat' dir='ltr'><strong>omnipotentis</strong></span> <span class='ocrx_word' id='word_1_134' title='bbox 1908 1420 2039 1492; x_wconf 86' lang='lat' dir='ltr'><strong>Dei,</strong></span> <span class='ocrx_word' id='word_1_135' title='bbox 2088 1426 2159 1480; x_wconf 92' lang='lat' dir='ltr'><strong>ut</strong></span> <span class='ocrx_word' id='word_1_136' title='bbox 2218 1438 2345 1481; x_wconf 92' lang='lat' dir='ltr'><strong>non</strong></span> <span class='ocrx_word' id='word_1_137' title='bbox 2403 1419 2610 1480; x_wconf 90' lang='lat' dir='ltr'><strong>calore</strong></span> <span class='ocrx_word' id='word_1_138' title='bbox 2662 1424 2997 1481; x_wconf 89' lang='lat' dir='ltr'><strong>urerentur</strong></span> <span class='ocrx_word' id='word_1_139' title='bbox 3037 1439 3149 1499; x_wconf 90' lang='lat' dir='ltr'><strong>per</strong></span> <span class='ocrx_word' id='word_1_140' title='bbox 3207 1421 3397 1493; x_wconf 90' lang='lat' dir='ltr'><strong>diem,</strong></span> <span class='ocrx_word' id='word_1_141' title='bbox 3448 1442 3645 1503; x_wconf 91' lang='lat' dir='ltr'><strong>usque</strong></span> 
     </span>
    </p>
   </div>
   <div class='ocr_carea' id='block_1_13' title="bbox 397 1526 3643 1609">
    <p class='ocr_par' dir='ltr' id='par_1_13' title="bbox 397 1526 3643 1609">
     <span class='ocr_line' id='line_1_13' title="bbox 397 1526 3643 1609; baseline 0.001 -21"><span class='ocrx_word' id='word_1_142' title='bbox 397 1528 480 1588; x_wconf 90' lang='lat' dir='ltr'><strong>ad</strong></span> <span class='ocrx_word' id='word_1_143' title='bbox 521 1527 729 1588; x_wconf 90' lang='lat' dir='ltr'><strong>locum</strong></span> <span class='ocrx_word' id='word_1_144' title='bbox 779 1526 883 1587; x_wconf 88' lang='lat' dir='ltr'><strong>ubi</strong></span> <span class='ocrx_word' id='word_1_145' title='bbox 931 1527 1202 1588; x_wconf 89' lang='lat' dir='ltr'><strong>tentoria</strong></span> <span class='ocrx_word' id='word_1_146' title='bbox 1245 1527 1542 1605; x_wconf 88' lang='lat' dir='ltr'><strong>ﬁgebant,</strong></span> <span class='ocrx_word' id='word_1_147' title='bbox 1592 1527 1791 1588; x_wconf 90' lang='lat' dir='ltr'><strong>nubes</strong></span> <span class='ocrx_word' id='word_1_148' title='bbox 1834 1545 1940 1587; x_wconf 92' lang='lat' dir='ltr'><strong>eos</strong></span> <span class='ocrx_word' id='word_1_149' title='bbox 1982 1526 2259 1606; x_wconf 84' lang='lat' dir='ltr'><strong>tegebat,</strong></span> <span class='ocrx_word' id='word_1_150' title='bbox 2305 1545 2446 1605; x_wconf 65' lang='lat' dir='ltr'><strong>quae</strong></span> <span class='ocrx_word' id='word_1_151' title='bbox 2489 1526 2566 1586; x_wconf 89' lang='lat' dir='ltr'><strong>ad</strong></span> <span class='ocrx_word' id='word_1_152' title='bbox 2615 1544 2944 1606; x_wconf 90' lang='lat' dir='ltr'><strong>vesperum</strong></span> <span class='ocrx_word' id='word_1_153' title='bbox 2989 1527 3306 1589; x_wconf 88' lang='lat' dir='ltr'><strong>residebat</strong></span> <span class='ocrx_word' id='word_1_154' title='bbox 3349 1528 3455 1609; x_wconf 77' lang='grc' dir='ltr'><strong>(ὁ).</strong></span> <span class='ocrx_word' id='word_1_155' title='bbox 3504 1531 3643 1592; x_wconf 87' lang='lat' dir='ltr'><strong>Alio</strong></span> 
     </span>
    </p>
   </div>
   <div class='ocr_carea' id='block_1_14' title="bbox 396 1633 3645 1714">
    <p class='ocr_par' dir='ltr' id='par_1_14' title="bbox 396 1633 3645 1714">
     <span class='ocr_line' id='line_1_14' title="bbox 396 1633 3645 1714; baseline 0.001 -18"><span class='ocrx_word' id='word_1_156' title='bbox 396 1638 611 1698; x_wconf 88' lang='lat' dir='ltr'><strong>autem</strong></span> <span class='ocrx_word' id='word_1_157' title='bbox 653 1633 758 1697; x_wconf 89' lang='lat' dir='ltr'><strong>die</strong></span> <span class='ocrx_word' id='word_1_158' title='bbox 800 1634 864 1694; x_wconf 91' lang='lat' dir='ltr'><strong>in</strong></span> <span class='ocrx_word' id='word_1_159' title='bbox 908 1653 1125 1695; x_wconf 90' lang='lat' dir='ltr'><strong>eorum</strong></span> <span class='ocrx_word' id='word_1_160' title='bbox 1172 1634 1561 1714; x_wconf 87' lang='lat' dir='ltr'><strong>protectione</strong></span> <span class='ocrx_word' id='word_1_161' title='bbox 1605 1640 1740 1696; x_wconf 91' lang='lat' dir='ltr'><strong>erat</strong></span> <span class='ocrx_word' id='word_1_162' title='bbox 1781 1633 2081 1695; x_wconf 88' lang='lat' dir='ltr'><strong>divinitus</strong></span> <span class='ocrx_word' id='word_1_163' title='bbox 2140 1633 2449 1707; x_wconf 88' lang='lat' dir='ltr'><strong>instituta,</strong></span> <span class='ocrx_word' id='word_1_164' title='bbox 2496 1633 2598 1693; x_wconf 93' lang='lat' dir='ltr'><strong>cui</strong></span> <span class='ocrx_word' id='word_1_165' title='bbox 2653 1633 2904 1694; x_wconf 88' lang='lat' dir='ltr'><strong>obviam</strong></span> <span class='ocrx_word' id='word_1_166' title='bbox 2949 1634 3223 1695; x_wconf 86' lang='lat' dir='ltr'><strong>occurrit</strong></span> <span class='ocrx_word' id='word_1_167' title='bbox 3271 1636 3645 1700; x_wconf 88' lang='lat' dir='ltr'><strong>denomina-</strong></span> 
     </span>
    </p>
   </div>
   <div class='ocr_carea' id='block_1_15' title="bbox 400 1739 3646 1825">
    <p class='ocr_par' dir='ltr' id='par_1_15' title="bbox 400 1739 3646 1825">
     <span class='ocr_line' id='line_1_15' title="bbox 400 1739 3646 1825; baseline 0.001 -22"><span class='ocrx_word' id='word_1_168' title='bbox 400 1749 506 1803; x_wconf 87' lang='lat' dir='ltr'><strong>tus</strong></span> <span class='ocrx_word' id='word_1_169' title='bbox 546 1741 1107 1803; x_wconf 88' lang='lat' dir='ltr'><strong>excellentissimus</strong></span> <span class='ocrx_word' id='word_1_170' title='bbox 1149 1741 1461 1802; x_wconf 89' lang='lat' dir='ltr'><strong>exarchus</strong></span> <span class='ocrx_word' id='word_1_171' title='bbox 1504 1759 1701 1821; x_wconf 78' lang='lat' dir='ltr'><strong>usque</strong></span> <span class='ocrx_word' id='word_1_172' title='bbox 1745 1741 1824 1801; x_wconf 90' lang='lat' dir='ltr'><strong>ad</strong></span> <span class='ocrx_word' id='word_1_173' title='bbox 1869 1740 2192 1801; x_wconf 90' lang='lat' dir='ltr'><strong>basilicam</strong></span> <span class='ocrx_word' id='word_1_174' title='bbox 2238 1739 2405 1801; x_wconf 90' lang='lat' dir='ltr'><strong>beati</strong></span> <span class='ocrx_word' id='word_1_175' title='bbox 2449 1739 2909 1820; x_wconf 89' lang='lat' dir='ltr'><strong>Christophori,</strong></span> <span class='ocrx_word' id='word_1_176' title='bbox 2956 1740 3223 1821; x_wconf 85' lang='lat' dir='ltr'><strong>positam</strong></span> <span class='ocrx_word' id='word_1_177' title='bbox 3268 1742 3493 1805; x_wconf 92' lang='lat' dir='ltr'><strong>inloco</strong></span> <span class='ocrx_word' id='word_1_178' title='bbox 3537 1746 3646 1825; x_wconf 91' lang='lat' dir='ltr'><strong>qui</strong></span> 
     </span>
    </p>
   </div>
   <div class='ocr_carea' id='block_1_16' title="bbox 400 1846 3647 1928">
    <p class='ocr_par' dir='ltr' id='par_1_16' title="bbox 400 1846 3647 1928">
     <span class='ocr_line' id='line_1_16' title="bbox 400 1846 3647 1928; baseline 0.001 -18"><span class='ocrx_word' id='word_1_179' title='bbox 400 1852 663 1910; x_wconf 87' lang='lat' dir='ltr'><strong>vocatur</strong></span> <span class='ocrx_word' id='word_1_180' title='bbox 704 1848 786 1910; x_wconf 90' lang='lat' dir='ltr'><strong>ad</strong></span> <span class='ocrx_word' id='word_1_181' title='bbox 826 1847 1143 1928; x_wconf 88' lang='lat' dir='ltr'><strong>Aquilam,</strong></span> <span class='ocrx_word' id='word_1_182' title='bbox 1191 1847 1717 1927; x_wconf 87' lang='lat' dir='ltr'><strong>quinquagesimo</strong></span> <span class='ocrx_word' id='word_1_183' title='bbox 1761 1849 1891 1908; x_wconf 82' lang='lat' dir='ltr'><strong>fere</strong></span> <span class='ocrx_word' id='word_1_184' title='bbox 1935 1846 2231 1908; x_wconf 90' lang='lat' dir='ltr'><strong>milliario</strong></span> <span class='ocrx_word' id='word_1_185' title='bbox 2275 1865 2312 1907; x_wconf 93' lang='lat' dir='ltr'><strong>a</strong></span> <span class='ocrx_word' id='word_1_186' title='bbox 2356 1846 2813 1907; x_wconf 82' lang='lat' dir='ltr'><strong>Ravennatium</strong></span> <span class='ocrx_word' id='word_1_187' title='bbox 2860 1847 3036 1908; x_wconf 91' lang='lat' dir='ltr'><strong>urbe.</strong></span> <span class='ocrx_word' id='word_1_188' title='bbox 3083 1849 3227 1927; x_wconf 86' lang='lat' dir='ltr'><strong>Ipsa</strong></span> <span class='ocrx_word' id='word_1_189' title='bbox 3267 1867 3416 1911; x_wconf 86' lang='lat' dir='ltr'><strong>vero</strong></span> <span class='ocrx_word' id='word_1_190' title='bbox 3447 1851 3647 1913; x_wconf 90' lang='lat' dir='ltr'><strong>nubes</strong></span> 
     </span>
    </p>
   </div>
   <div class='ocr_carea' id='block_1_17' title="bbox 269 1953 3647 2036">
    <p class='ocr_par' dir='ltr' id='par_1_17' title="bbox 269 1953 3647 2036">
     <span class='ocr_line' id='line_1_17' title="bbox 269 1953 3647 2036; baseline 0.001 -18"><span class='ocrx_word' id='word_1_191' title='bbox 269 1959 355 2020; x_wconf 79' lang='lat'><strong>20</strong></span> <span class='ocrx_word' id='word_1_192' title='bbox 399 1974 543 2016; x_wconf 91' lang='lat' dir='ltr'><strong>cum</strong></span> <span class='ocrx_word' id='word_1_193' title='bbox 587 1956 676 2017; x_wconf 90' lang='lat' dir='ltr'><strong>eis</strong></span> <span class='ocrx_word' id='word_1_194' title='bbox 720 1974 916 2036; x_wconf 88' lang='lat' dir='ltr'><strong>usque</strong></span> <span class='ocrx_word' id='word_1_195' title='bbox 960 1956 1041 2017; x_wconf 85' lang='lat' dir='ltr'><strong>ad</strong></span> <span class='ocrx_word' id='word_1_196' title='bbox 1085 1955 1404 2016; x_wconf 90' lang='lat' dir='ltr'><strong>basilicam</strong></span> <span class='ocrx_word' id='word_1_197' title='bbox 1450 1955 1649 2016; x_wconf 86' lang='lat' dir='ltr'><strong>sancti</strong></span> <span class='ocrx_word' id='word_1_198' title='bbox 1711 1954 2095 2035; x_wconf 86' lang='lat' dir='ltr'><strong>Apollinaris</strong></span> <span class='ocrx_word' id='word_1_199' title='bbox 2147 1954 2211 2014; x_wconf 88' lang='lat' dir='ltr'><strong>in</strong></span> <span class='ocrx_word' id='word_1_200' title='bbox 2270 1954 2732 2015; x_wconf 81' lang='lat' dir='ltr'><strong>Ravennatium</strong></span> <span class='ocrx_word' id='word_1_201' title='bbox 2793 1953 3014 2015; x_wconf 89' lang='lat' dir='ltr'><strong>urbem</strong></span> <span class='ocrx_word' id='word_1_202' title='bbox 3078 1956 3346 2035; x_wconf 89' lang='lat' dir='ltr'><strong>tegendo</strong></span> <span class='ocrx_word' id='word_1_203' title='bbox 3389 1958 3647 2020; x_wconf 87' lang='lat' dir='ltr'><strong>convia—</strong></span> 
     </span>
    </p>
   </div>
   <div class='ocr_carea' id='block_1_18' title="bbox 401 2062 3646 2142">
    <p class='ocr_par' dir='ltr' id='par_1_18' title="bbox 401 2062 3646 2142">
     <span class='ocr_line' id='line_1_18' title="bbox 401 2062 3646 2142; baseline 0.002 -20"><span class='ocrx_word' id='word_1_204' title='bbox 401 2062 513 2124; x_wconf 91' lang='lat' dir='ltr'><strong>vit.</strong></span> <span class='ocrx_word' id='word_1_205' title='bbox 562 2062 801 2123; x_wconf 86' lang='lat' dir='ltr'><strong>Exinde</strong></span> <span class='ocrx_word' id='word_1_206' title='bbox 843 2063 1082 2124; x_wconf 85' lang='lat' dir='ltr'><strong>factum</strong></span> <span class='ocrx_word' id='word_1_207' title='bbox 1127 2068 1221 2124; x_wconf 88' lang='lat' dir='ltr'><strong>est</strong></span> <span class='ocrx_word' id='word_1_208' title='bbox 1262 2062 1534 2141; x_wconf 90' lang='lat' dir='ltr'><strong>signum,</strong></span> <span class='ocrx_word' id='word_1_209' title='bbox 1584 2067 1653 2123; x_wconf 92' lang='lat' dir='ltr'><strong>ut</strong></span> <span class='ocrx_word' id='word_1_210' title='bbox 1705 2068 1992 2124; x_wconf 88' lang='lat' dir='ltr'><strong>sanctum</strong></span> <span class='ocrx_word' id='word_1_211' title='bbox 2037 2062 2400 2142; x_wconf 88' lang='lat' dir='ltr'><strong>pontiﬁcem</strong></span> <span class='ocrx_word' id='word_1_212' title='bbox 2472 2080 2598 2141; x_wconf 90' lang='lat' dir='ltr'><strong>quo</strong></span> <span class='ocrx_word' id='word_1_213' title='bbox 2660 2067 2797 2123; x_wconf 91' lang='lat' dir='ltr'><strong>erat</strong></span> <span class='ocrx_word' id='word_1_214' title='bbox 2854 2062 3057 2122; x_wconf 87' lang='lat' dir='ltr'><strong>iturus</strong></span> <span class='ocrx_word' id='word_1_215' title='bbox 3118 2062 3181 2122; x_wconf 90' lang='lat' dir='ltr'><strong>in</strong></span> <span class='ocrx_word' id='word_1_216' title='bbox 3226 2062 3646 2127; x_wconf 88' lang='lat' dir='ltr'><strong>Ticinensium</strong></span> 
     </span>
    </p>
   </div>
   <div class='ocr_carea' id='block_1_19' title="bbox 402 2167 3641 2249">
    <p class='ocr_par' dir='ltr' id='par_1_19' title="bbox 402 2167 3641 2249">
     <span class='ocr_line' id='line_1_19' title="bbox 402 2167 3641 2249; baseline 0.001 -20"><span class='ocrx_word' id='word_1_217' title='bbox 402 2169 623 2229; x_wconf 90' lang='lat' dir='ltr'><strong>urbem</strong></span> <span class='ocrx_word' id='word_1_218' title='bbox 668 2169 836 2229; x_wconf 90' lang='lat' dir='ltr'><strong>acies</strong></span> <span class='ocrx_word' id='word_1_219' title='bbox 876 2169 1080 2247; x_wconf 71' lang='lat' dir='ltr'><strong>ignem</strong></span> <span class='ocrx_word' id='word_1_220' title='bbox 1125 2167 1186 2228; x_wconf 88' lang='lat' dir='ltr'><strong>in</strong></span> <span class='ocrx_word' id='word_1_221' title='bbox 1233 2168 1506 2230; x_wconf 88' lang='lat' dir='ltr'><strong>nubibus</strong></span> <span class='ocrx_word' id='word_1_222' title='bbox 1568 2169 2014 2249; x_wconf 64' lang='lat' dir='ltr'><strong>praecederent.</strong></span> <span class='ocrx_word' id='word_1_223' title='bbox 2066 2171 2368 2248; x_wconf 83' lang='lat' dir='ltr'><strong>Egressus</strong></span> <span class='ocrx_word' id='word_1_224' title='bbox 2420 2174 2629 2229; x_wconf 89' lang='lat' dir='ltr'><strong>autem</strong></span> <span class='ocrx_word' id='word_1_225' title='bbox 2702 2169 2779 2229; x_wconf 91' lang='lat' dir='ltr'><strong>de</strong></span> <span class='ocrx_word' id='word_1_226' title='bbox 2841 2168 3092 2230; x_wconf 89' lang='lat' dir='ltr'><strong>civitate</strong></span> <span class='ocrx_word' id='word_1_227' title='bbox 3155 2172 3641 2248; x_wconf 84' lang='lat' dir='ltr'><strong>Ravennatensi,</strong></span> 
     </span>
    </p>
   </div>
   <div class='ocr_carea' id='block_1_20' title="bbox 404 2274 3650 2360">
    <p class='ocr_par' dir='ltr' id='par_1_20' title="bbox 404 2274 3650 2360">
     <span class='ocr_line' id='line_1_20' title="bbox 404 2274 3650 2360; baseline 0.002 -25"><span class='ocrx_word' id='word_1_228' title='bbox 404 2275 523 2336; x_wconf 83' lang='lat' dir='ltr'><strong>viri</strong></span> <span class='ocrx_word' id='word_1_229' title='bbox 566 2293 639 2337; x_wconf 87' lang='lat' dir='ltr'><strong>ac</strong></span> <span class='ocrx_word' id='word_1_230' title='bbox 682 2274 977 2336; x_wconf 89' lang='lat' dir='ltr'><strong>mulieres</strong></span> <span class='ocrx_word' id='word_1_231' title='bbox 1019 2274 1248 2335; x_wconf 88' lang='lat' dir='ltr'><strong>diversi</strong></span> <span class='ocrx_word' id='word_1_232' title='bbox 1291 2293 1496 2347; x_wconf 83' lang='lat' dir='ltr'><strong>sexus,</strong></span> <span class='ocrx_word' id='word_1_233' title='bbox 1546 2281 1609 2336; x_wconf 93' lang='lat' dir='ltr'><strong>et</strong></span> <span class='ocrx_word' id='word_1_234' title='bbox 1651 2276 1855 2336; x_wconf 69' lang='lat' dir='ltr'><strong>aetatis</strong></span> <span class='ocrx_word' id='word_1_235' title='bbox 1898 2281 2156 2353; x_wconf 77' lang='lat' dir='ltr'><strong>agentes</strong></span> <span class='ocrx_word' id='word_1_236' title='bbox 2199 2276 2436 2353; x_wconf 85' lang='lat' dir='ltr'><strong>gratias</strong></span> <span class='ocrx_word' id='word_1_237' title='bbox 2478 2275 2895 2354; x_wconf 89' lang='lat' dir='ltr'><strong>omnipotenti</strong></span> <span class='ocrx_word' id='word_1_238' title='bbox 2940 2277 3090 2348; x_wconf 91' lang='lat' dir='ltr'><strong>Deo,</strong></span> <span class='ocrx_word' id='word_1_239' title='bbox 3136 2277 3408 2355; x_wconf 87' lang='lat' dir='ltr'><strong>profusis</strong></span> <span class='ocrx_word' id='word_1_240' title='bbox 3452 2278 3650 2360; x_wconf 89' lang='lat' dir='ltr'><strong>lacry-</strong></span> 
     </span>
    </p>
   </div>
   <div class='ocr_carea' id='block_1_21' title="bbox 404 2370 3649 2467">
    <p class='ocr_par' dir='ltr' id='par_1_21' title="bbox 404 2370 3649 2467">
     <span class='ocr_line' id='line_1_21' title="bbox 404 2370 3649 2467; baseline 0.002 -27"><span class='ocrx_word' id='word_1_241' title='bbox 404 2381 523 2441; x_wconf 90' lang='lat' dir='ltr'><strong>mis</strong></span> <span class='ocrx_word' id='word_1_242' title='bbox 566 2380 856 2443; x_wconf 88' lang='lat' dir='ltr'><strong>eumdem</strong></span> <span class='ocrx_word' id='word_1_243' title='bbox 903 2386 1190 2442; x_wconf 89' lang='lat' dir='ltr'><strong>sanctum</strong></span> <span class='ocrx_word' id='word_1_244' title='bbox 1237 2388 1647 2462; x_wconf 88' lang='lat' dir='ltr'><strong>susceperunt</strong></span> <span class='ocrx_word' id='word_1_245' title='bbox 1688 2383 2078 2462; x_wconf 89' lang='lat' dir='ltr'><strong>pontiﬁcem,</strong></span> <span class='ocrx_word' id='word_1_246' title='bbox 2124 2381 2469 2442; x_wconf 89' lang='lat' dir='ltr'><strong>clamantes</strong></span> <span class='ocrx_word' id='word_1_247' title='bbox 2513 2388 2701 2461; x_wconf 89' lang='lat' dir='ltr'><strong>atque</strong></span> <span class='ocrx_word' id='word_1_248' title='bbox 2762 2382 3041 2443; x_wconf 88' lang='lat' dir='ltr'><strong>dicentes</strong></span> <span class='ocrx_word' id='word_1_249' title='bbox 3087 2399 3101 2441; x_wconf 90' lang='lat'><strong>:</strong></span> <span class='ocrx_word' id='word_1_250' title='bbox 3149 2370 3315 2445; x_wconf 84' lang='lat' dir='ltr'><strong>Bene</strong></span> <span class='ocrx_word' id='word_1_251' title='bbox 3360 2384 3533 2446; x_wconf 90' lang='lat' dir='ltr'><strong>venit</strong></span> <span class='ocrx_word' id='word_1_252' title='bbox 3574 2384 3649 2467; x_wconf 85' lang='lat' dir='ltr'><strong>(c)</strong></span> 
     </span>
    </p>
   </div>
   <div class='ocr_carea' id='block_1_22' title="bbox 278 2488 3651 2569">
    <p class='ocr_par' dir='ltr' id='par_1_22' title="bbox 278 2488 3651 2569">
     <span class='ocr_line' id='line_1_22' title="bbox 278 2488 3651 2569; baseline 0.001 -19"><span class='ocrx_word' id='word_1_253' title='bbox 278 2490 364 2550; x_wconf 79' lang='lat'><strong>25</strong></span> <span class='ocrx_word' id='word_1_254' title='bbox 413 2493 627 2568; x_wconf 87' lang='lat' dir='ltr'><strong>pastor</strong></span> <span class='ocrx_word' id='word_1_255' title='bbox 667 2493 902 2562; x_wconf 86' lang='lat' dir='ltr'><strong>noster,</strong></span> <span class='ocrx_word' id='word_1_256' title='bbox 949 2488 1058 2568; x_wconf 89' lang='lat' dir='ltr'><strong>qui</strong></span> <span class='ocrx_word' id='word_1_257' title='bbox 1099 2505 1246 2549; x_wconf 87' lang='lat' dir='ltr'><strong>suas</strong></span> <span class='ocrx_word' id='word_1_258' title='bbox 1287 2488 1542 2569; x_wconf 90' lang='lat' dir='ltr'><strong>reliquit</strong></span> <span class='ocrx_word' id='word_1_259' title='bbox 1582 2508 1753 2563; x_wconf 88' lang='lat' dir='ltr'><strong>oves,</strong></span> <span class='ocrx_word' id='word_1_260' title='bbox 1800 2494 1863 2551; x_wconf 90' lang='lat' dir='ltr'><strong>et</strong></span> <span class='ocrx_word' id='word_1_261' title='bbox 1904 2488 1984 2549; x_wconf 88' lang='lat' dir='ltr'><strong>ad</strong></span> <span class='ocrx_word' id='word_1_262' title='bbox 2048 2507 2185 2562; x_wconf 89' lang='lat' dir='ltr'><strong>nos,</strong></span> <span class='ocrx_word' id='word_1_263' title='bbox 2233 2489 2342 2568; x_wconf 91' lang='lat' dir='ltr'><strong>qui</strong></span> <span class='ocrx_word' id='word_1_264' title='bbox 2387 2489 2649 2568; x_wconf 85' lang='lat' dir='ltr'><strong>perituri</strong></span> <span class='ocrx_word' id='word_1_265' title='bbox 2704 2506 2975 2564; x_wconf 91' lang='lat' dir='ltr'><strong>eramus,</strong></span> <span class='ocrx_word' id='word_1_266' title='bbox 3024 2489 3387 2551; x_wconf 89' lang='lat' dir='ltr'><strong>liberandos</strong></span> <span class='ocrx_word' id='word_1_267' title='bbox 3429 2510 3651 2554; x_wconf 78' lang='lat' dir='ltr'><strong>occur-</strong></span> 
     </span>
    </p>
   </div>
   <div class='ocr_carea' id='block_1_23' title="bbox 404 2595 505 2656">
    <p class='ocr_par' dir='ltr' id='par_1_23' title="bbox 404 2595 505 2656">
     <span class='ocr_line' id='line_1_23' title="bbox 404 2595 505 2656; baseline 0 -1"><span class='ocrx_word' id='word_1_268' title='bbox 404 2595 505 2656; x_wconf 87' lang='lat' dir='ltr'><strong>rit.</strong></span> 
     </span>
    </p>
   </div>
   <div class='ocr_carea' id='block_1_24' title="bbox 490 2704 3652 2808">
    <p class='ocr_par' dir='ltr' id='par_1_24' title="bbox 490 2704 3652 2808">
     <span class='ocr_line' id='line_1_24' title="bbox 490 2704 3652 2808; baseline 0.001 -19"><span class='ocrx_word' id='word_1_269' title='bbox 490 2736 656 2789; x_wconf 72' lang='lat' dir='ltr'><strong>Ml.</strong></span> <span class='ocrx_word' id='word_1_270' title='bbox 701 2729 794 2789; x_wconf 88' lang='lat' dir='ltr'><strong>Ex</strong></span> <span class='ocrx_word' id='word_1_271' title='bbox 837 2727 1059 2788; x_wconf 91' lang='lat' dir='ltr'><strong>eadem</strong></span> <span class='ocrx_word' id='word_1_272' title='bbox 1102 2746 1354 2808; x_wconf 89' lang='lat' dir='ltr'><strong>quogue</strong></span> <span class='ocrx_word' id='word_1_273' title='bbox 1397 2728 1853 2789; x_wconf 82' lang='lat' dir='ltr'><strong>Ravennatium</strong></span> <span class='ocrx_word' id='word_1_274' title='bbox 1902 2727 2054 2788; x_wconf 89' lang='lat' dir='ltr'><strong>urbe</strong></span> <span class='ocrx_word' id='word_1_275' title='bbox 2100 2704 2267 2787; x_wconf 83' lang='lat' dir='ltr'><strong>misit</strong></span> <span class='ocrx_word' id='word_1_276' title='bbox 2310 2745 2496 2807; x_wconf 88' lang='lat' dir='ltr'><strong>papa,</strong></span> <span class='ocrx_word' id='word_1_277' title='bbox 2542 2726 2619 2786; x_wconf 92' lang='lat' dir='ltr'><strong>ad</strong></span> <span class='ocrx_word' id='word_1_278' title='bbox 2666 2726 3195 2806; x_wconf 86' lang='lat' dir='ltr'><strong>praenominatum</strong></span> <span class='ocrx_word' id='word_1_279' title='bbox 3242 2746 3476 2808; x_wconf 81' lang='lat' dir='ltr'><strong>regem,</strong></span> <span class='ocrx_word' id='word_1_280' title='bbox 3510 2732 3652 2793; x_wconf 85' lang='lat' dir='ltr'><strong>Ste-</strong></span> 
     </span>
    </p>
   </div>
   <div class='ocr_carea' id='block_1_25' title="bbox 405 2832 3648 2918">
    <p class='ocr_par' dir='ltr' id='par_1_25' title="bbox 405 2832 3648 2918">
     <span class='ocr_line' id='line_1_25' title="bbox 405 2832 3648 2918; baseline 0.001 -23"><span class='ocrx_word' id='word_1_281' title='bbox 405 2834 690 2916; x_wconf 88' lang='lat' dir='ltr'><strong>phanum</strong></span> <span class='ocrx_word' id='word_1_282' title='bbox 734 2835 1171 2918; x_wconf 84' lang='lat' dir='ltr'><strong>presbyterum</strong></span> <span class='ocrx_word' id='word_1_283' title='bbox 1218 2840 1281 2895; x_wconf 90' lang='lat' dir='ltr'><strong>et</strong></span> <span class='ocrx_word' id='word_1_284' title='bbox 1320 2834 1720 2896; x_wconf 86' lang='lat' dir='ltr'><strong>Ambrosium</strong></span> <span class='ocrx_word' id='word_1_285' title='bbox 1766 2834 2215 2914; x_wconf 90' lang='lat' dir='ltr'><strong>primicerium,</strong></span> <span class='ocrx_word' id='word_1_286' title='bbox 2261 2833 2369 2914; x_wconf 91' lang='lat' dir='ltr'><strong>qui</strong></span> <span class='ocrx_word' id='word_1_287' title='bbox 2434 2832 2875 2894; x_wconf 86' lang='lat' dir='ltr'><strong>annuntiarint</strong></span> <span class='ocrx_word' id='word_1_288' title='bbox 2934 2833 2992 2894; x_wconf 91' lang='lat' dir='ltr'><strong>ei</strong></span> <span class='ocrx_word' id='word_1_289' title='bbox 3035 2852 3221 2895; x_wconf 91' lang='lat' dir='ltr'><strong>suum</strong></span> <span class='ocrx_word' id='word_1_290' title='bbox 3279 2835 3648 2899; x_wconf 90' lang='lat' dir='ltr'><strong>adventum.</strong></span> 
     </span>
    </p>
   </div>
   <div class='ocr_carea' id='block_1_26' title="bbox 403 2940 3651 3022">
    <p class='ocr_par' dir='ltr' id='par_1_26' title="bbox 403 2940 3651 3022">
     <span class='ocr_line' id='line_1_26' title="bbox 403 2940 3651 3022; baseline 0.001 -20"><span class='ocrx_word' id='word_1_291' title='bbox 403 2942 522 3014; x_wconf 88' lang='lat' dir='ltr'><strong>Qui</strong></span> <span class='ocrx_word' id='word_1_292' title='bbox 563 2941 677 3003; x_wconf 90' lang='lat' dir='ltr'><strong>viri</strong></span> <span class='ocrx_word' id='word_1_293' title='bbox 723 2941 988 3021; x_wconf 88' lang='lat' dir='ltr'><strong>ingressi</strong></span> <span class='ocrx_word' id='word_1_294' title='bbox 1028 2941 1094 3001; x_wconf 90' lang='lat' dir='ltr'><strong>in</strong></span> <span class='ocrx_word' id='word_1_295' title='bbox 1135 2941 1370 3002; x_wconf 86' lang='lat' dir='ltr'><strong>ﬁnibus</strong></span> <span class='ocrx_word' id='word_1_296' title='bbox 1413 2940 1500 3022; x_wconf 78' lang='grc' dir='ltr'><strong>(ἀ)</strong></span> <span class='ocrx_word' id='word_1_297' title='bbox 1543 2941 2105 3020; x_wconf 81' lang='lat' dir='ltr'><strong>Langobardorum</strong></span> <span class='ocrx_word' id='word_1_298' title='bbox 2150 2940 2214 3001; x_wconf 91' lang='lat' dir='ltr'><strong>in</strong></span> <span class='ocrx_word' id='word_1_299' title='bbox 2261 2940 2574 3001; x_wconf 91' lang='lat' dir='ltr'><strong>civitatem</strong></span> <span class='ocrx_word' id='word_1_300' title='bbox 2620 2958 2762 3020; x_wconf 64' lang='lat' dir='ltr'><strong>quae</strong></span> <span class='ocrx_word' id='word_1_301' title='bbox 2808 2945 3071 3001; x_wconf 89' lang='lat' dir='ltr'><strong>vocatur</strong></span> <span class='ocrx_word' id='word_1_302' title='bbox 3110 2941 3334 3003; x_wconf 90' lang='lat' dir='ltr'><strong>Imola.</strong></span> <span class='ocrx_word' id='word_1_303' title='bbox 3380 2961 3651 3022; x_wconf 81' lang='lat' dir='ltr'><strong>cognos-</strong></span> 
     </span>
    </p>
   </div>
   <div class='ocr_carea' id='block_1_27' title="bbox 404 3046 3652 3129">
    <p class='ocr_par' dir='ltr' id='par_1_27' title="bbox 404 3046 3652 3129">
     <span class='ocr_line' id='line_1_27' title="bbox 404 3046 3652 3129; baseline 0 -19"><span class='ocrx_word' id='word_1_304' title='bbox 404 3053 618 3110; x_wconf 88' lang='lat' dir='ltr'><strong>centes</strong></span> <span class='ocrx_word' id='word_1_305' title='bbox 660 3048 771 3129; x_wconf 89' lang='lat' dir='ltr'><strong>qui</strong></span> <span class='ocrx_word' id='word_1_306' title='bbox 814 3047 1337 3129; x_wconf 69' lang='lat' dir='ltr'><strong>prmpoditionem</strong></span> <span class='ocrx_word' id='word_1_307' title='bbox 1384 3047 1459 3128; x_wconf 86' lang='lat' dir='ltr'><strong>(e)</strong></span> <span class='ocrx_word' id='word_1_308' title='bbox 1503 3047 1869 3109; x_wconf 87' lang='lat' dir='ltr'><strong>nitebantur</strong></span> <span class='ocrx_word' id='word_1_309' title='bbox 1909 3048 2114 3109; x_wconf 79' lang='lat' dir='ltr'><strong>facere</strong></span> <span class='ocrx_word' id='word_1_310' title='bbox 2159 3047 2459 3127; x_wconf 66' lang='lat' dir='ltr'><strong>praedicto</strong></span> <span class='ocrx_word' id='word_1_311' title='bbox 2515 3053 2733 3108; x_wconf 89' lang='lat' dir='ltr'><strong>sancto</strong></span> <span class='ocrx_word' id='word_1_312' title='bbox 2791 3046 2946 3122; x_wconf 89' lang='lat' dir='ltr'><strong>viro,</strong></span> <span class='ocrx_word' id='word_1_313' title='bbox 2996 3065 3109 3109; x_wconf 92' lang='lat' dir='ltr'><strong>nec</strong></span> <span class='ocrx_word' id='word_1_314' title='bbox 3166 3048 3315 3110; x_wconf 87' lang='lat' dir='ltr'><strong>illuc</strong></span> <span class='ocrx_word' id='word_1_315' title='bbox 3362 3050 3652 3111; x_wconf 90' lang='lat' dir='ltr'><strong>ambula-</strong></span> 
     </span>
    </p>
   </div>
   <div class='ocr_carea' id='block_1_28' title="bbox 318 3154 3650 3237">
    <p class='ocr_par' dir='ltr' id='par_1_28' title="bbox 318 3154 3650 3237">
     <span class='ocr_line' id='line_1_28' title="bbox 318 3154 3650 3237; baseline 0 -20"><span class='ocrx_word' id='word_1_316' title='bbox 318 3159 361 3217; x_wconf 82' lang='grc'><strong>5</strong></span> <span class='ocrx_word' id='word_1_317' title='bbox 406 3162 524 3230; x_wconf 91' lang='lat' dir='ltr'><strong>ret,</strong></span> <span class='ocrx_word' id='word_1_318' title='bbox 574 3175 684 3236; x_wconf 89' lang='lat' dir='ltr'><strong>per</strong></span> <span class='ocrx_word' id='word_1_319' title='bbox 725 3156 1055 3237; x_wconf 90' lang='lat' dir='ltr'><strong>epistolam</strong></span> <span class='ocrx_word' id='word_1_320' title='bbox 1100 3155 1399 3235; x_wconf 89' lang='lat' dir='ltr'><strong>scriptam</strong></span> <span class='ocrx_word' id='word_1_321' title='bbox 1443 3174 1557 3235; x_wconf 92' lang='lat' dir='ltr'><strong>per</strong></span> <span class='ocrx_word' id='word_1_322' title='bbox 1598 3155 1799 3216; x_wconf 90' lang='lat' dir='ltr'><strong>noctis</strong></span> <span class='ocrx_word' id='word_1_323' title='bbox 1859 3154 2175 3216; x_wconf 84' lang='lat' dir='ltr'><strong>silentium</strong></span> <span class='ocrx_word' id='word_1_324' title='bbox 2223 3155 2697 3216; x_wconf 87' lang='lat' dir='ltr'><strong>nuntiaverunt.</strong></span> <span class='ocrx_word' id='word_1_325' title='bbox 2744 3154 2880 3226; x_wconf 92' lang='lat' dir='ltr'><strong>Quo</strong></span> <span class='ocrx_word' id='word_1_326' title='bbox 2938 3155 3190 3234; x_wconf 86' lang='lat' dir='ltr'><strong>cognito</strong></span> <span class='ocrx_word' id='word_1_327' title='bbox 3245 3154 3379 3235; x_wconf 90' lang='lat' dir='ltr'><strong>jam</strong></span> <span class='ocrx_word' id='word_1_328' title='bbox 3446 3157 3650 3218; x_wconf 88' lang='lat' dir='ltr'><strong>nomi-</strong></span> 
     </span>
    </p>
   </div>
   <div class='ocr_carea' id='block_1_29' title="bbox 405 3261 3656 3343">
    <p class='ocr_par' dir='ltr' id='par_1_29' title="bbox 405 3261 3656 3343">
     <span class='ocr_line' id='line_1_29' title="bbox 405 3261 3656 3343; baseline 0.001 -20"><span class='ocrx_word' id='word_1_329' title='bbox 405 3268 595 3324; x_wconf 89' lang='lat' dir='ltr'><strong>natus</strong></span> <span class='ocrx_word' id='word_1_330' title='bbox 638 3262 943 3343; x_wconf 78' lang='lat' dir='ltr'><strong>pontifex,</strong></span> <span class='ocrx_word' id='word_1_331' title='bbox 993 3262 1344 3323; x_wconf 88' lang='lat' dir='ltr'><strong>lucescente</strong></span> <span class='ocrx_word' id='word_1_332' title='bbox 1387 3261 1487 3323; x_wconf 93' lang='lat' dir='ltr'><strong>die</strong></span> <span class='ocrx_word' id='word_1_333' title='bbox 1531 3261 1832 3331; x_wconf 87' lang='lat' dir='ltr'><strong>Sabbato,</strong></span> <span class='ocrx_word' id='word_1_334' title='bbox 1880 3280 2006 3322; x_wconf 87' lang='lat' dir='ltr'><strong>non</strong></span> <span class='ocrx_word' id='word_1_335' title='bbox 2050 3261 2272 3323; x_wconf 88' lang='lat' dir='ltr'><strong>mortis</strong></span> <span class='ocrx_word' id='word_1_336' title='bbox 2315 3261 2540 3322; x_wconf 88' lang='lat' dir='ltr'><strong>timore</strong></span> <span class='ocrx_word' id='word_1_337' title='bbox 2584 3261 2974 3340; x_wconf 89' lang='lat' dir='ltr'><strong>perterritus,</strong></span> <span class='ocrx_word' id='word_1_338' title='bbox 3021 3261 3131 3323; x_wconf 89' lang='lat' dir='ltr'><strong>sed</strong></span> <span class='ocrx_word' id='word_1_339' title='bbox 3174 3261 3406 3323; x_wconf 86' lang='lat' dir='ltr'><strong>Christi</strong></span> <span class='ocrx_word' id='word_1_340' title='bbox 3456 3264 3656 3325; x_wconf 87' lang='lat' dir='ltr'><strong>fretus</strong></span> 
     </span>
    </p>
   </div>
   <div class='ocr_carea' id='block_1_30' title="bbox 407 3367 3649 3448">
    <p class='ocr_par' dir='ltr' id='par_1_30' title="bbox 407 3367 3649 3448">
     <span class='ocr_line' id='line_1_30' title="bbox 407 3367 3649 3448; baseline 0.001 -19"><span class='ocrx_word' id='word_1_341' title='bbox 407 3368 668 3443; x_wconf 88' lang='lat' dir='ltr'><strong>auxilio,</strong></span> <span class='ocrx_word' id='word_1_342' title='bbox 713 3368 1018 3430; x_wconf 88' lang='lat' dir='ltr'><strong>audacter</strong></span> <span class='ocrx_word' id='word_1_343' title='bbox 1058 3387 1343 3448; x_wconf 89' lang='lat' dir='ltr'><strong>egressus</strong></span> <span class='ocrx_word' id='word_1_344' title='bbox 1385 3369 1461 3430; x_wconf 90' lang='lat' dir='ltr'><strong>de</strong></span> <span class='ocrx_word' id='word_1_345' title='bbox 1494 3369 1950 3430; x_wconf 81' lang='lat' dir='ltr'><strong>Ravennatium</strong></span> <span class='ocrx_word' id='word_1_346' title='bbox 1994 3368 2147 3428; x_wconf 89' lang='lat' dir='ltr'><strong>urbe</strong></span> <span class='ocrx_word' id='word_1_347' title='bbox 2190 3368 2255 3427; x_wconf 91' lang='lat' dir='ltr'><strong>in</strong></span> <span class='ocrx_word' id='word_1_348' title='bbox 2300 3367 2531 3428; x_wconf 89' lang='lat' dir='ltr'><strong>ﬁnibus</strong></span> <span class='ocrx_word' id='word_1_349' title='bbox 2573 3367 2656 3447; x_wconf 65' lang='grc' dir='ltr'><strong>(Γ)</strong></span> <span class='ocrx_word' id='word_1_350' title='bbox 2694 3367 3252 3445; x_wconf 85' lang='lat' dir='ltr'><strong>Lougobardorum</strong></span> <span class='ocrx_word' id='word_1_351' title='bbox 3310 3369 3649 3448; x_wconf 89' lang='lat' dir='ltr'><strong>ingressus,</strong></span> 
     </span>
    </p>
   </div>
   <div class='ocr_carea' id='block_1_31' title="bbox 407 3473 3653 3558">
    <p class='ocr_par' dir='ltr' id='par_1_31' title="bbox 407 3473 3653 3558">
     <span class='ocr_line' id='line_1_31' title="bbox 407 3473 3653 3558; baseline 0 -21"><span class='ocrx_word' id='word_1_352' title='bbox 407 3475 729 3558; x_wconf 89' lang='lat' dir='ltr'><strong>sesquipes</strong></span> <span class='ocrx_word' id='word_1_353' title='bbox 774 3476 972 3536; x_wconf 86' lang='lat' dir='ltr'><strong>factus</strong></span> <span class='ocrx_word' id='word_1_354' title='bbox 1013 3481 1107 3536; x_wconf 86' lang='lat' dir='ltr'><strong>est</strong></span> <span class='ocrx_word' id='word_1_355' title='bbox 1148 3475 1276 3535; x_wconf 91' lang='lat' dir='ltr'><strong>suis</strong></span> <span class='ocrx_word' id='word_1_356' title='bbox 1321 3474 1546 3535; x_wconf 89' lang='lat' dir='ltr'><strong>missis.</strong></span> <span class='ocrx_word' id='word_1_357' title='bbox 1594 3477 1761 3547; x_wconf 88' lang='lat' dir='ltr'><strong>Quos</strong></span> <span class='ocrx_word' id='word_1_358' title='bbox 1816 3474 2073 3553; x_wconf 90' lang='lat' dir='ltr'><strong>quidem</strong></span> <span class='ocrx_word' id='word_1_359' title='bbox 2138 3474 2561 3554; x_wconf 58' lang='lat' dir='ltr'><strong>praecedentes</strong></span> <span class='ocrx_word' id='word_1_360' title='bbox 2626 3477 2770 3534; x_wconf 88' lang='lat' dir='ltr'><strong>ante</strong></span> <span class='ocrx_word' id='word_1_361' title='bbox 2831 3492 2999 3547; x_wconf 90' lang='lat' dir='ltr'><strong>eum,</strong></span> <span class='ocrx_word' id='word_1_362' title='bbox 3055 3473 3192 3552; x_wconf 91' lang='lat' dir='ltr'><strong>jam</strong></span> <span class='ocrx_word' id='word_1_363' title='bbox 3255 3474 3457 3536; x_wconf 90' lang='lat' dir='ltr'><strong>dictus</strong></span> <span class='ocrx_word' id='word_1_364' title='bbox 3517 3495 3653 3551; x_wconf 90' lang='lat' dir='ltr'><strong>rex,</strong></span> 
     </span>
    </p>
   </div>
   <div class='ocr_carea' id='block_1_32' title="bbox 409 3579 3654 3662">
    <p class='ocr_par' dir='ltr' id='par_1_32' title="bbox 409 3579 3654 3662">
     <span class='ocr_line' id='line_1_32' title="bbox 409 3579 3654 3662; baseline 0.001 -20"><span class='ocrx_word' id='word_1_365' title='bbox 409 3582 630 3643; x_wconf 91' lang='lat' dir='ltr'><strong>dolore</strong></span> <span class='ocrx_word' id='word_1_366' title='bbox 673 3582 1019 3662; x_wconf 89' lang='lat' dir='ltr'><strong>perculsus,</strong></span> <span class='ocrx_word' id='word_1_367' title='bbox 1065 3580 1381 3660; x_wconf 90' lang='lat' dir='ltr'><strong>suscipere</strong></span> <span class='ocrx_word' id='word_1_368' title='bbox 1425 3580 1650 3641; x_wconf 90' lang='lat' dir='ltr'><strong>noluit.</strong></span> <span class='ocrx_word' id='word_1_369' title='bbox 1698 3582 1838 3660; x_wconf 86' lang='lat' dir='ltr'><strong>Ipse</strong></span> <span class='ocrx_word' id='word_1_370' title='bbox 1882 3599 2031 3641; x_wconf 91' lang='lat' dir='ltr'><strong>vero</strong></span> <span class='ocrx_word' id='word_1_371' title='bbox 2074 3598 2357 3641; x_wconf 88' lang='lat' dir='ltr'><strong>summus</strong></span> <span class='ocrx_word' id='word_1_372' title='bbox 2403 3580 2679 3660; x_wconf 84' lang='lat' dir='ltr'><strong>pontifex</strong></span> <span class='ocrx_word' id='word_1_373' title='bbox 2723 3579 3023 3640; x_wconf 83' lang='lat' dir='ltr'><strong>vicesima</strong></span> <span class='ocrx_word' id='word_1_374' title='bbox 3064 3586 3287 3642; x_wconf 91' lang='lat' dir='ltr'><strong>octava</strong></span> <span class='ocrx_word' id='word_1_375' title='bbox 3330 3581 3433 3642; x_wconf 88' lang='lat' dir='ltr'><strong>die</strong></span> <span class='ocrx_word' id='word_1_376' title='bbox 3477 3601 3654 3644; x_wconf 87' lang='lat' dir='ltr'><strong>men-</strong></span> 
     </span>
    </p>
   </div>
   <div class='ocr_carea' id='block_1_33' title="bbox 280 3687 3656 3770">
    <p class='ocr_par' dir='ltr' id='par_1_33' title="bbox 280 3687 3656 3770">
     <span class='ocr_line' id='line_1_33' title="bbox 280 3687 3656 3770; baseline 0.001 -20"><span class='ocrx_word' id='word_1_377' title='bbox 280 3690 367 3751; x_wconf 78' lang='grc'><strong>10</strong></span> <span class='ocrx_word' id='word_1_378' title='bbox 410 3689 495 3751; x_wconf 90' lang='lat' dir='ltr'><strong>sis</strong></span> <span class='ocrx_word' id='word_1_379' title='bbox 534 3689 708 3751; x_wconf 88' lang='lat' dir='ltr'><strong>Junii</strong></span> <span class='ocrx_word' id='word_1_380' title='bbox 751 3688 833 3749; x_wconf 89' lang='lat' dir='ltr'><strong>ad</strong></span> <span class='ocrx_word' id='word_1_381' title='bbox 873 3688 1116 3749; x_wconf 89' lang='lat' dir='ltr'><strong>Padum</strong></span> <span class='ocrx_word' id='word_1_382' title='bbox 1159 3687 1474 3761; x_wconf 89' lang='lat' dir='ltr'><strong>convenit,</strong></span> <span class='ocrx_word' id='word_1_383' title='bbox 1522 3687 1631 3748; x_wconf 89' lang='lat' dir='ltr'><strong>ubi</strong></span> <span class='ocrx_word' id='word_1_384' title='bbox 1686 3692 1748 3748; x_wconf 91' lang='lat' dir='ltr'><strong>et</strong></span> <span class='ocrx_word' id='word_1_385' title='bbox 1790 3687 1872 3748; x_wconf 90' lang='lat' dir='ltr'><strong>ad</strong></span> <span class='ocrx_word' id='word_1_386' title='bbox 1914 3687 2385 3767; x_wconf 81' lang='lat' dir='ltr'><strong>suscipiendum</strong></span> <span class='ocrx_word' id='word_1_387' title='bbox 2430 3706 2575 3748; x_wconf 88' lang='lat' dir='ltr'><strong>eum</strong></span> <span class='ocrx_word' id='word_1_388' title='bbox 2618 3687 2751 3767; x_wconf 91' lang='lat' dir='ltr'><strong>ipse</strong></span> <span class='ocrx_word' id='word_1_389' title='bbox 2813 3705 2922 3749; x_wconf 87' lang='lat' dir='ltr'><strong>rex</strong></span> <span class='ocrx_word' id='word_1_390' title='bbox 2966 3706 3113 3749; x_wconf 90' lang='lat' dir='ltr'><strong>suos</strong></span> <span class='ocrx_word' id='word_1_391' title='bbox 3171 3688 3656 3770; x_wconf 83' lang='lat' dir='ltr'><strong>misitoptima-</strong></span> 
     </span>
    </p>
   </div>
   <div class='ocr_carea' id='block_1_34' title="bbox 408 3794 3658 3875">
    <p class='ocr_par' dir='ltr' id='par_1_34' title="bbox 408 3794 3658 3875">
     <span class='ocr_line' id='line_1_34' title="bbox 408 3794 3658 3875; baseline 0 -18"><span class='ocrx_word' id='word_1_392' title='bbox 408 3796 544 3870; x_wconf 77' lang='lat' dir='ltr'><strong>tes;</strong></span> <span class='ocrx_word' id='word_1_393' title='bbox 590 3814 732 3857; x_wconf 91' lang='lat' dir='ltr'><strong>cum</strong></span> <span class='ocrx_word' id='word_1_394' title='bbox 778 3795 1008 3875; x_wconf 89' lang='lat' dir='ltr'><strong>quibus</strong></span> <span class='ocrx_word' id='word_1_395' title='bbox 1050 3795 1340 3858; x_wconf 88' lang='lat' dir='ltr'><strong>&#39;l‘icinuni</strong></span> <span class='ocrx_word' id='word_1_396' title='bbox 1383 3795 1783 3867; x_wconf 86' lang='lat' dir='ltr'><strong>conveniens,</strong></span> <span class='ocrx_word' id='word_1_397' title='bbox 1830 3795 1939 3855; x_wconf 90' lang='lat' dir='ltr'><strong>ubi</strong></span> <span class='ocrx_word' id='word_1_398' title='bbox 1981 3795 2114 3874; x_wconf 89' lang='lat' dir='ltr'><strong>ipse</strong></span> <span class='ocrx_word' id='word_1_399' title='bbox 2160 3795 2473 3856; x_wconf 88' lang='lat' dir='ltr'><strong>residebat</strong></span> <span class='ocrx_word' id='word_1_400' title='bbox 2517 3813 2644 3867; x_wconf 89' lang='lat' dir='ltr'><strong>rex,</strong></span> <span class='ocrx_word' id='word_1_401' title='bbox 2695 3794 2847 3855; x_wconf 89' lang='lat' dir='ltr'><strong>foris</strong></span> <span class='ocrx_word' id='word_1_402' title='bbox 2893 3813 3108 3856; x_wconf 92' lang='lat' dir='ltr'><strong>muros</strong></span> <span class='ocrx_word' id='word_1_403' title='bbox 3168 3794 3449 3874; x_wconf 88' lang='lat' dir='ltr'><strong>ejusdem</strong></span> <span class='ocrx_word' id='word_1_404' title='bbox 3503 3797 3658 3858; x_wconf 89' lang='lat' dir='ltr'><strong>civi-</strong></span> 
     </span>
    </p>
   </div>
   <div class='ocr_carea' id='block_1_35' title="bbox 409 3901 3658 3995">
    <p class='ocr_par' dir='ltr' id='par_1_35' title="bbox 409 3901 3658 3995">
     <span class='ocr_line' id='line_1_35' title="bbox 409 3901 3658 3995; baseline -0 -30"><span class='ocrx_word' id='word_1_405' title='bbox 409 3903 557 3965; x_wconf 84' lang='lat' dir='ltr'><strong>tatis</strong></span> <span class='ocrx_word' id='word_1_406' title='bbox 600 3902 1051 3984; x_wconf 88' lang='lat' dir='ltr'><strong>pertransiens,</strong></span> <span class='ocrx_word' id='word_1_407' title='bbox 1095 3902 1177 3962; x_wconf 91' lang='lat' dir='ltr'><strong>ad</strong></span> <span class='ocrx_word' id='word_1_408' title='bbox 1218 3903 1439 3963; x_wconf 88' lang='lat' dir='ltr'><strong>horam</strong></span> <span class='ocrx_word' id='word_1_409' title='bbox 1485 3901 1789 3963; x_wconf 87' lang='lat' dir='ltr'><strong>orationis</strong></span> <span class='ocrx_word' id='word_1_410' title='bbox 1835 3920 2067 3963; x_wconf 91' lang='lat' dir='ltr'><strong>nonam</strong></span> <span class='ocrx_word' id='word_1_411' title='bbox 2113 3920 2227 3981; x_wconf 90' lang='lat' dir='ltr'><strong>pro</strong></span> <span class='ocrx_word' id='word_1_412' title='bbox 2270 3901 2629 3980; x_wconf 86' lang='lat' dir='ltr'><strong>vigiliarum</strong></span> <span class='ocrx_word' id='word_1_413' title='bbox 2675 3901 2845 3962; x_wconf 89' lang='lat' dir='ltr'><strong>beati</strong></span> <span class='ocrx_word' id='word_1_414' title='bbox 2888 3902 3323 3995; x_wconf 65' lang='lat' dir='ltr'><strong>apostolorum</strong></span> <span class='ocrx_word' id='word_1_415' title='bbox 3354 3903 3658 3983; x_wconf 90' lang='lat' dir='ltr'><strong>principis</strong></span> 
     </span>
    </p>
   </div>
   <div class='ocr_carea' id='block_1_36' title="bbox 406 4007 3653 4086">
    <p class='ocr_par' dir='ltr' id='par_1_36' title="bbox 406 4007 3653 4086">
     <span class='ocr_line' id='line_1_36' title="bbox 406 4007 3653 4086; baseline -0 -15"><span class='ocrx_word' id='word_1_416' title='bbox 406 4009 578 4071; x_wconf 91' lang='lat' dir='ltr'><strong>Petri</strong></span> <span class='ocrx_word' id='word_1_417' title='bbox 619 4008 1011 4071; x_wconf 88' lang='lat' dir='ltr'><strong>celebrandis</strong></span> <span class='ocrx_word' id='word_1_418' title='bbox 1051 4009 1371 4070; x_wconf 89' lang='lat' dir='ltr'><strong>solemuiis</strong></span> <span class='ocrx_word' id='word_1_419' title='bbox 1414 4008 1768 4083; x_wconf 88' lang='lat' dir='ltr'><strong>missarum,</strong></span> <span class='ocrx_word' id='word_1_420' title='bbox 1815 4008 1880 4068; x_wconf 90' lang='lat' dir='ltr'><strong>in</strong></span> <span class='ocrx_word' id='word_1_421' title='bbox 1925 4008 2246 4070; x_wconf 87' lang='lat' dir='ltr'><strong>basilicam</strong></span> <span class='ocrx_word' id='word_1_422' title='bbox 2291 4007 2451 4086; x_wconf 90' lang='lat' dir='ltr'><strong>ejus,</strong></span> <span class='ocrx_word' id='word_1_423' title='bbox 2499 4026 2641 4086; x_wconf 75' lang='lat' dir='ltr'><strong>quae</strong></span> <span class='ocrx_word' id='word_1_424' title='bbox 2686 4013 2947 4069; x_wconf 89' lang='lat' dir='ltr'><strong>vocatur</strong></span> <span class='ocrx_word' id='word_1_425' title='bbox 2975 4008 3056 4068; x_wconf 93' lang='lat' dir='ltr'><strong>ad</strong></span> <span class='ocrx_word' id='word_1_426' title='bbox 3079 4009 3318 4069; x_wconf 73' lang='lat' dir='ltr'><strong>Caelum</strong></span> <span class='ocrx_word' id='word_1_427' title='bbox 3363 4026 3653 4083; x_wconf 91' lang='lat' dir='ltr'><strong>aureum,</strong></span> 
     </span>
    </p>
   </div>
   <div class='ocr_carea' id='block_1_37' title="bbox 409 4113 3571 4197">
    <p class='ocr_par' dir='ltr' id='par_1_37' title="bbox 409 4113 3571 4197">
     <span class='ocr_line' id='line_1_37' title="bbox 409 4113 3571 4197; baseline -0 -20"><span class='ocrx_word' id='word_1_428' title='bbox 409 4116 709 4197; x_wconf 84' lang='lat' dir='ltr'><strong>perrexit.</strong></span> <span class='ocrx_word' id='word_1_429' title='bbox 756 4116 834 4177; x_wconf 87' lang='lat' dir='ltr'><strong>Et</strong></span> <span class='ocrx_word' id='word_1_430' title='bbox 875 4121 1017 4196; x_wconf 90' lang='lat' dir='ltr'><strong>post</strong></span> <span class='ocrx_word' id='word_1_431' title='bbox 1058 4115 1437 4196; x_wconf 88' lang='lat' dir='ltr'><strong>completam</strong></span> <span class='ocrx_word' id='word_1_432' title='bbox 1480 4114 1865 4176; x_wconf 88' lang='lat' dir='ltr'><strong>oblationem</strong></span> <span class='ocrx_word' id='word_1_433' title='bbox 1911 4113 1995 4195; x_wconf 85' lang='lat' dir='ltr'><strong>(g)</strong></span> <span class='ocrx_word' id='word_1_434' title='bbox 2038 4114 2102 4173; x_wconf 90' lang='lat' dir='ltr'><strong>in</strong></span> <span class='ocrx_word' id='word_1_435' title='bbox 2147 4113 2432 4175; x_wconf 90' lang='lat' dir='ltr'><strong>eamdem</strong></span> <span class='ocrx_word' id='word_1_436' title='bbox 2479 4113 2701 4175; x_wconf 89' lang='lat' dir='ltr'><strong>urbem</strong></span> <span class='ocrx_word' id='word_1_437' title='bbox 2743 4114 3083 4193; x_wconf 84' lang='lat' dir='ltr'><strong>ingressus,</strong></span> <span class='ocrx_word' id='word_1_438' title='bbox 3131 4120 3413 4176; x_wconf 88' lang='lat' dir='ltr'><strong>moratus</strong></span> <span class='ocrx_word' id='word_1_439' title='bbox 3455 4121 3571 4177; x_wconf 90' lang='lat' dir='ltr'><strong>est.</strong></span> 
     </span>
    </p>
   </div>
   <div class='ocr_carea' id='block_1_38' title="bbox 496 4246 3659 4329">
    <p class='ocr_par' dir='ltr' id='par_1_38' title="bbox 496 4246 3659 4329">
     <span class='ocr_line' id='line_1_38' title="bbox 496 4246 3659 4329; baseline 0 -18"><span class='ocrx_word' id='word_1_440' title='bbox 496 4256 662 4311; x_wconf 62' lang='grc' dir='ltr'><strong>ιιι</strong></span> <span class='ocrx_word' id='word_1_441' title='bbox 709 4248 848 4311; x_wconf 87' lang='lat' dir='ltr'><strong>Alio</strong></span> <span class='ocrx_word' id='word_1_442' title='bbox 891 4266 1145 4329; x_wconf 90' lang='lat' dir='ltr'><strong>quoque</strong></span> <span class='ocrx_word' id='word_1_443' title='bbox 1188 4248 1288 4309; x_wconf 90' lang='lat' dir='ltr'><strong>die</strong></span> <span class='ocrx_word' id='word_1_444' title='bbox 1332 4266 1445 4328; x_wconf 93' lang='lat' dir='ltr'><strong>pro</strong></span> <span class='ocrx_word' id='word_1_445' title='bbox 1491 4248 1687 4309; x_wconf 87' lang='lat' dir='ltr'><strong>natali</strong></span> <span class='ocrx_word' id='word_1_446' title='bbox 1729 4247 2106 4309; x_wconf 91' lang='lat' dir='ltr'><strong>celebrando</strong></span> <span class='ocrx_word' id='word_1_447' title='bbox 2148 4246 2345 4327; x_wconf 91' lang='lat' dir='ltr'><strong>ipsius</strong></span> <span class='ocrx_word' id='word_1_448' title='bbox 2388 4246 2691 4327; x_wconf 85' lang='lat' dir='ltr'><strong>principis</strong></span> <span class='ocrx_word' id='word_1_449' title='bbox 2749 4247 3179 4326; x_wconf 91' lang='lat' dir='ltr'><strong>apostolorum</strong></span> <span class='ocrx_word' id='word_1_450' title='bbox 3242 4248 3308 4308; x_wconf 91' lang='lat' dir='ltr'><strong>in</strong></span> <span class='ocrx_word' id='word_1_451' title='bbox 3354 4248 3659 4328; x_wconf 75' lang='lat' dir='ltr'><strong>praedicta</strong></span> 
     </span>
    </p>
   </div>
   <div class='ocr_carea' id='block_1_39' title="bbox 409 4353 3658 4436">
    <p class='ocr_par' dir='ltr' id='par_1_39' title="bbox 409 4353 3658 4436">
     <span class='ocr_line' id='line_1_39' title="bbox 409 4353 3658 4436; baseline -0 -17"><span class='ocrx_word' id='word_1_452' title='bbox 409 4356 675 4419; x_wconf 88' lang='lat' dir='ltr'><strong>ecclesia</strong></span> <span class='ocrx_word' id='word_1_453' title='bbox 717 4375 752 4418; x_wconf 87' lang='lat' dir='ltr'><strong>a</strong></span> <span class='ocrx_word' id='word_1_454' title='bbox 796 4355 1260 4436; x_wconf 67' lang='lat' dir='ltr'><strong>prmnominato</strong></span> <span class='ocrx_word' id='word_1_455' title='bbox 1304 4374 1449 4435; x_wconf 91' lang='lat' dir='ltr'><strong>rege</strong></span> <span class='ocrx_word' id='word_1_456' title='bbox 1492 4355 1811 4429; x_wconf 89' lang='lat' dir='ltr'><strong>invitatus,</strong></span> <span class='ocrx_word' id='word_1_457' title='bbox 1862 4355 2194 4416; x_wconf 87' lang='lat' dir='ltr'><strong>missarum</strong></span> <span class='ocrx_word' id='word_1_458' title='bbox 2256 4354 2563 4415; x_wconf 89' lang='lat' dir='ltr'><strong>solemnia</strong></span> <span class='ocrx_word' id='word_1_459' title='bbox 2624 4353 2983 4415; x_wconf 90' lang='lat' dir='ltr'><strong>celebravit.</strong></span> <span class='ocrx_word' id='word_1_460' title='bbox 3031 4354 3252 4435; x_wconf 89' lang='lat' dir='ltr'><strong>Ibique</strong></span> <span class='ocrx_word' id='word_1_461' title='bbox 3309 4361 3530 4417; x_wconf 91' lang='lat' dir='ltr'><strong>mutuo</strong></span> <span class='ocrx_word' id='word_1_462' title='bbox 3591 4375 3658 4418; x_wconf 90' lang='lat' dir='ltr'><strong>se</strong></span> 
     </span>
    </p>
   </div>
   <div class='ocr_carea' id='block_1_40' title="bbox 407 4461 3659 4543">
    <p class='ocr_par' dir='ltr' id='par_1_40' title="bbox 407 4461 3659 4543">
     <span class='ocr_line' id='line_1_40' title="bbox 407 4461 3659 4543; baseline 0 -18"><span class='ocrx_word' id='word_1_463' title='bbox 407 4465 677 4526; x_wconf 81' lang='lat' dir='ltr'><strong>invicem</strong></span> <span class='ocrx_word' id='word_1_464' title='bbox 721 4462 1066 4525; x_wconf 89' lang='lat' dir='ltr'><strong>salutantes</strong></span> <span class='ocrx_word' id='word_1_465' title='bbox 1108 4463 1344 4543; x_wconf 88' lang='lat' dir='ltr'><strong>pariter</strong></span> <span class='ocrx_word' id='word_1_466' title='bbox 1386 4468 1798 4542; x_wconf 90' lang='lat' dir='ltr'><strong>susceperunt</strong></span> <span class='ocrx_word' id='word_1_467' title='bbox 1840 4462 2034 4536; x_wconf 89' lang='lat' dir='ltr'><strong>cibos,</strong></span> <span class='ocrx_word' id='word_1_468' title='bbox 2080 4468 2143 4523; x_wconf 92' lang='lat' dir='ltr'><strong>et</strong></span> <span class='ocrx_word' id='word_1_469' title='bbox 2186 4461 2273 4523; x_wconf 90' lang='lat' dir='ltr'><strong>sic</strong></span> <span class='ocrx_word' id='word_1_470' title='bbox 2316 4462 2381 4522; x_wconf 92' lang='lat' dir='ltr'><strong>in</strong></span> <span class='ocrx_word' id='word_1_471' title='bbox 2429 4462 2954 4542; x_wconf 64' lang='lat' dir='ltr'><strong>praenominatam</strong></span> <span class='ocrx_word' id='word_1_472' title='bbox 3018 4462 3335 4524; x_wconf 88' lang='lat' dir='ltr'><strong>civitatem</strong></span> <span class='ocrx_word' id='word_1_473' title='bbox 3390 4465 3659 4542; x_wconf 87' lang='lat' dir='ltr'><strong>regressi</strong></span> 
     </span>
    </p>
   </div>
   <div class='ocr_carea' id='block_1_41' title="bbox 404 4569 3657 4650">
    <p class='ocr_par' dir='ltr' id='par_1_41' title="bbox 404 4569 3657 4650">
     <span class='ocr_line' id='line_1_41' title="bbox 404 4569 3657 4650; baseline -0 -17"><span class='ocrx_word' id='word_1_474' title='bbox 404 4577 578 4633; x_wconf 86' lang='lat' dir='ltr'><strong>sunt.</strong></span> <span class='ocrx_word' id='word_1_475' title='bbox 626 4572 824 4646; x_wconf 88' lang='lat' dir='ltr'><strong>Quem</strong></span> <span class='ocrx_word' id='word_1_476' title='bbox 868 4576 1156 4631; x_wconf 87' lang='lat' dir='ltr'><strong>sanctum</strong></span> <span class='ocrx_word' id='word_1_477' title='bbox 1200 4569 1404 4630; x_wconf 90' lang='lat' dir='ltr'><strong>virum</strong></span> <span class='ocrx_word' id='word_1_478' title='bbox 1450 4570 1574 4631; x_wconf 89' lang='lat' dir='ltr'><strong>alio</strong></span> <span class='ocrx_word' id='word_1_479' title='bbox 1616 4569 1719 4632; x_wconf 87' lang='lat' dir='ltr'><strong>die</strong></span> <span class='ocrx_word' id='word_1_480' title='bbox 1760 4569 1959 4631; x_wconf 91' lang='lat' dir='ltr'><strong>isdem</strong></span> <span class='ocrx_word' id='word_1_481' title='bbox 2018 4588 2129 4630; x_wconf 86' lang='lat' dir='ltr'><strong>rex</strong></span> <span class='ocrx_word' id='word_1_482' title='bbox 2195 4588 2307 4649; x_wconf 87' lang='lat' dir='ltr'><strong>per</strong></span> <span class='ocrx_word' id='word_1_483' title='bbox 2349 4569 2686 4648; x_wconf 88' lang='lat' dir='ltr'><strong>optimates</strong></span> <span class='ocrx_word' id='word_1_484' title='bbox 2746 4587 2893 4630; x_wconf 88' lang='lat' dir='ltr'><strong>suos</strong></span> <span class='ocrx_word' id='word_1_485' title='bbox 2964 4569 3044 4630; x_wconf 93' lang='lat' dir='ltr'><strong>ad</strong></span> <span class='ocrx_word' id='word_1_486' title='bbox 3105 4588 3289 4630; x_wconf 89' lang='lat' dir='ltr'><strong>suum</strong></span> <span class='ocrx_word' id='word_1_487' title='bbox 3348 4571 3657 4650; x_wconf 88' lang='lat' dir='ltr'><strong>palatium</strong></span> 
     </span>
    </p>
   </div>
   <div class='ocr_carea' id='block_1_42' title="bbox 318 4674 3660 4760">
    <p class='ocr_par' dir='ltr' id='par_1_42' title="bbox 318 4674 3660 4760">
     <span class='ocr_line' id='line_1_42' title="bbox 318 4674 3660 4760; baseline -0 -19"><span class='ocrx_word' id='word_1_488' title='bbox 318 4681 363 4741; x_wconf 82' lang='lat'><strong>5</strong></span> <span class='ocrx_word' id='word_1_489' title='bbox 406 4677 748 4760; x_wconf 90' lang='lat' dir='ltr'><strong>procedere</strong></span> <span class='ocrx_word' id='word_1_490' title='bbox 788 4676 1096 4740; x_wconf 87' lang='lat' dir='ltr'><strong>invitavit.</strong></span> <span class='ocrx_word' id='word_1_491' title='bbox 1142 4678 1220 4738; x_wconf 90' lang='lat' dir='ltr'><strong>Et</strong></span> <span class='ocrx_word' id='word_1_492' title='bbox 1261 4674 1346 4758; x_wconf 77' lang='grc' dir='ltr'><strong>(Ιι)</strong></span> <span class='ocrx_word' id='word_1_493' title='bbox 1390 4676 1471 4738; x_wconf 91' lang='lat' dir='ltr'><strong>ab</strong></span> <span class='ocrx_word' id='word_1_494' title='bbox 1515 4677 1734 4739; x_wconf 92' lang='lat' dir='ltr'><strong>eodem</strong></span> <span class='ocrx_word' id='word_1_495' title='bbox 1782 4695 1926 4756; x_wconf 90' lang='lat' dir='ltr'><strong>rege</strong></span> <span class='ocrx_word' id='word_1_496' title='bbox 1968 4676 2155 4737; x_wconf 89' lang='lat' dir='ltr'><strong>nimis</strong></span> <span class='ocrx_word' id='word_1_497' title='bbox 2199 4675 2544 4738; x_wconf 86' lang='lat' dir='ltr'><strong>honoriﬁce</strong></span> <span class='ocrx_word' id='word_1_498' title='bbox 2589 4682 2916 4756; x_wconf 89' lang='lat' dir='ltr'><strong>susceptus</strong></span> <span class='ocrx_word' id='word_1_499' title='bbox 2971 4676 3357 4739; x_wconf 89' lang='lat' dir='ltr'><strong>salutaribus</strong></span> <span class='ocrx_word' id='word_1_500' title='bbox 3401 4678 3660 4741; x_wconf 89' lang='lat' dir='ltr'><strong>monitis</strong></span> 
     </span>
    </p>
   </div>
   <div class='ocr_carea' id='block_1_43' title="bbox 404 4783 3656 4864">
    <p class='ocr_par' dir='ltr' id='par_1_43' title="bbox 404 4783 3656 4864">
     <span class='ocr_line' id='line_1_43' title="bbox 404 4783 3656 4864; baseline 0 -17"><span class='ocrx_word' id='word_1_501' title='bbox 404 4805 550 4847; x_wconf 90' lang='lat' dir='ltr'><strong>eum</strong></span> <span class='ocrx_word' id='word_1_502' title='bbox 595 4785 903 4847; x_wconf 90' lang='lat' dir='ltr'><strong>allocutus</strong></span> <span class='ocrx_word' id='word_1_503' title='bbox 946 4789 1062 4858; x_wconf 89' lang='lat' dir='ltr'><strong>est,</strong></span> <span class='ocrx_word' id='word_1_504' title='bbox 1106 4783 1442 4845; x_wconf 89' lang='lat' dir='ltr'><strong>obsecrans</strong></span> <span class='ocrx_word' id='word_1_505' title='bbox 1488 4803 1566 4845; x_wconf 91' lang='lat' dir='ltr'><strong>ne</strong></span> <span class='ocrx_word' id='word_1_506' title='bbox 1608 4784 1879 4864; x_wconf 89' lang='lat' dir='ltr'><strong>amplius</strong></span> <span class='ocrx_word' id='word_1_507' title='bbox 1924 4783 2381 4845; x_wconf 79' lang='lat' dir='ltr'><strong>Ravennatium</strong></span> <span class='ocrx_word' id='word_1_508' title='bbox 2427 4783 2818 4862; x_wconf 89' lang='lat' dir='ltr'><strong>provinciam</strong></span> <span class='ocrx_word' id='word_1_509' title='bbox 2863 4784 3250 4864; x_wconf 87' lang='lat' dir='ltr'><strong>opprimeret</strong></span> <span class='ocrx_word' id='word_1_510' title='bbox 3301 4786 3473 4846; x_wconf 82' lang='lat' dir='ltr'><strong>facta</strong></span> <span class='ocrx_word' id='word_1_511' title='bbox 3519 4805 3656 4849; x_wconf 86' lang='lat' dir='ltr'><strong>mo-</strong></span> 
     </span>
    </p>
   </div>
   <div class='ocr_carea' id='block_1_44' title="bbox 404 4889 3658 4970">
    <p class='ocr_par' dir='ltr' id='par_1_44' title="bbox 404 4889 3658 4970">
     <span class='ocr_line' id='line_1_44' title="bbox 404 4889 3658 4970; baseline 0 -16"><span class='ocrx_word' id='word_1_512' title='bbox 404 4893 600 4967; x_wconf 88' lang='lat' dir='ltr'><strong>tione,</strong></span> <span class='ocrx_word' id='word_1_513' title='bbox 646 4891 755 4954; x_wconf 87' lang='lat' dir='ltr'><strong>sed</strong></span> <span class='ocrx_word' id='word_1_514' title='bbox 797 4890 998 4970; x_wconf 90' lang='lat' dir='ltr'><strong>magis</strong></span> <span class='ocrx_word' id='word_1_515' title='bbox 1040 4897 1103 4953; x_wconf 93' lang='lat' dir='ltr'><strong>et</strong></span> <span class='ocrx_word' id='word_1_516' title='bbox 1144 4890 1389 4952; x_wconf 88' lang='lat' dir='ltr'><strong>ablatas</strong></span> <span class='ocrx_word' id='word_1_517' title='bbox 1431 4891 1891 4953; x_wconf 82' lang='lat' dir='ltr'><strong>Ravennatium</strong></span> <span class='ocrx_word' id='word_1_518' title='bbox 1937 4890 2122 4952; x_wconf 90' lang='lat' dir='ltr'><strong>urbes</strong></span> <span class='ocrx_word' id='word_1_519' title='bbox 2164 4889 2282 4951; x_wconf 89' lang='lat' dir='ltr'><strong>sibi</strong></span> <span class='ocrx_word' id='word_1_520' title='bbox 2323 4889 2661 4952; x_wconf 90' lang='lat' dir='ltr'><strong>redouaret</strong></span> <span class='ocrx_word' id='word_1_521' title='bbox 2701 4890 2889 4951; x_wconf 92' lang='lat' dir='ltr'><strong>simul</strong></span> <span class='ocrx_word' id='word_1_522' title='bbox 2950 4895 3014 4953; x_wconf 91' lang='lat' dir='ltr'><strong>et</strong></span> <span class='ocrx_word' id='word_1_523' title='bbox 3082 4896 3357 4953; x_wconf 91' lang='lat' dir='ltr'><strong>castrum</strong></span> <span class='ocrx_word' id='word_1_524' title='bbox 3400 4893 3658 4955; x_wconf 69' lang='lat' dir='ltr'><strong>Casina-</strong></span> 
     </span>
    </p>
   </div>
   <div class='ocr_carea' id='block_1_45' title="bbox 405 5018 618 5063">
    <p class='ocr_par' dir='ltr' id='par_1_45' title="bbox 405 5018 618 5063">
     <span class='ocr_line' id='line_1_45' title="bbox 405 5018 618 5063; baseline -0.009 0"><span class='ocrx_word' id='word_1_525' title='bbox 405 5018 618 5063; x_wconf 90' lang='lat' dir='ltr'><strong>cense.</strong></span> 
     </span>
    </p>
   </div>
   <div class='ocr_carea' id='block_1_46' title="bbox 1435 5363 2477 5413">
    <p class='ocr_par' dir='ltr' id='par_1_46' title="bbox 1435 5363 2477 5413">
     <span class='ocr_line' id='line_1_46' title="bbox 1435 5363 2477 5413; baseline -0.002 -1"><span class='ocrx_word' id='word_1_526' title='bbox 1435 5365 1689 5413; x_wconf 70' lang='lat' dir='ltr'><strong>NOTULE</strong></span> <span class='ocrx_word' id='word_1_527' title='bbox 1728 5363 2115 5413; x_wconf 68' lang='grc' dir='ltr'><strong>ιιΑιιθΙΝΑιιςε</strong></span> <span class='ocrx_word' id='word_1_528' title='bbox 2158 5364 2477 5411; x_wconf 80' lang='lat' dir='ltr'><strong>FABROTTI.</strong></span> 
     </span>
    </p>
   </div>
   <div class='ocr_carea' id='block_1_47' title="bbox 246 5678 3751 5830">
    <p class='ocr_par' dir='ltr' id='par_1_47' title="bbox 246 5678 3751 5830">
     <span class='ocr_line' id='line_1_47' title="bbox 246 5678 3751 5830; baseline -0 -90"><span class='ocrx_word' id='word_1_529' title='bbox 246 5685 785 5830; x_wconf 39' lang='lat' dir='ltr'><strong>11,012.oct63urx-(ehr)et‘3</strong></span> <span class='ocrx_word' id='word_1_530' title='bbox 831 5682 937 5768; x_wconf 79' lang='lat' dir='ltr'><strong>_(b)</strong></span> <span class='ocrx_word' id='word_1_531' title='bbox 968 5682 1291 5746; x_wconf 75' lang='lat' dir='ltr'><strong>recedebat.</strong></span> <span class='ocrx_word' id='word_1_532' title='bbox 1367 5682 1439 5751; x_wconf 85' lang='lat' dir='ltr'><strong>(c)</strong></span> <span class='ocrx_word' id='word_1_533' title='bbox 1467 5678 1660 5749; x_wconf 88' lang='lat' dir='ltr'><strong>Venit,</strong></span> <span class='ocrx_word' id='word_1_534' title='bbox 1692 5680 1866 5739; x_wconf 87' lang='lat' dir='ltr'><strong>venit.</strong></span> <span class='ocrx_word' id='word_1_535' title='bbox 1943 5681 2022 5753; x_wconf 76' lang='grc' dir='ltr'><strong>(ἁ)</strong></span> <span class='ocrx_word' id='word_1_536' title='bbox 2051 5682 2217 5739; x_wconf 87' lang='lat' dir='ltr'><strong>ﬁnes.</strong></span> <span class='ocrx_word' id='word_1_537' title='bbox 2294 5683 2367 5752; x_wconf 78' lang='grc' dir='ltr'><strong>(ε)</strong></span> <span class='ocrx_word' id='word_1_538' title='bbox 2398 5686 2464 5738; x_wconf 84' lang='grc' dir='ltr'><strong>Β.</strong></span> <span class='ocrx_word' id='word_1_539' title='bbox 2499 5681 2906 5757; x_wconf 87' lang='lat' dir='ltr'><strong>proditionem.</strong></span> <span class='ocrx_word' id='word_1_540' title='bbox 2981 5682 3049 5757; x_wconf 79' lang='lat' dir='ltr'><strong>(f)</strong></span> <span class='ocrx_word' id='word_1_541' title='bbox 3098 5679 3254 5738; x_wconf 85' lang='lat' dir='ltr'><strong>ﬁnis.</strong></span> <span class='ocrx_word' id='word_1_542' title='bbox 3330 5683 3408 5755; x_wconf 90' lang='lat' dir='ltr'><strong>(g)</strong></span> <span class='ocrx_word' id='word_1_543' title='bbox 3438 5680 3663 5775; x_wconf 75' lang='lat' dir='ltr'><strong>expleta</strong></span> <span class='ocrx_word' id='word_1_544' title='bbox 3740 5708 3751 5718; x_wconf 64' lang='grc' dir='ltr'><strong>ι</strong></span> 
     </span>
     <span class='ocr_line' id='line_1_48' title="bbox 269 5772 3632 5818; baseline -0.003 -5"><span class='ocrx_word' id='word_1_545' title='bbox 269 5775 289 5814; x_wconf 88' lang='grc' dir='ltr'>ι</span> <span class='ocrx_word' id='word_1_546' title='bbox 336 5774 373 5814; x_wconf 91' lang='lat' dir='ltr'><strong>a</strong></span> <span class='ocrx_word' id='word_1_547' title='bbox 402 5772 501 5813; x_wconf 77' lang='lat' dir='ltr'><strong>ion</strong></span> <span class='ocrx_word' id='word_1_548' title='bbox 543 5798 557 5813; x_wconf 94' lang='lat'><strong>.</strong></span> <span class='ocrx_word' id='word_1_549' title='bbox 788 5774 868 5818; x_wconf 83' lang='grc' dir='ltr'><strong>υι.</strong></span> <span class='ocrx_word' id='word_1_550' title='bbox 3370 5812 3375 5815; x_wconf 91' lang='lat'><strong><em>_</em></strong></span> <span class='ocrx_word' id='word_1_551' title='bbox 3598 5776 3632 5804; x_wconf 72' lang='lat' dir='ltr'><strong>.J</strong></span> 
     </span>
    </p>
   </div>
   <div class='ocr_carea' id='block_1_48' title="bbox 269 5772 1868 5818">
    <p class='ocr_par' dir='ltr' id='par_1_48' title="bbox 269 5772 868 5818">
     <span class='ocr_line' id='line_1_49' title="bbox 269 5772 868 5818; baseline -0.007 -3"><span class='ocrx_word' id='word_1_552' title='bbox 269 5772 557 5815; x_wconf 70' lang='grc' dir='ltr'><strong>ιυαιιοῐιθ.</strong></span> <span class='ocrx_word' id='word_1_553' title='bbox 635 5772 711 5818; x_wconf 78' lang='grc' dir='ltr'><strong>(η)</strong></span> <span class='ocrx_word' id='word_1_554' title='bbox 738 5772 868 5818; x_wconf 68' lang='lat' dir='ltr'><strong>QUI.</strong></span> 
     </span>
    </p>
   </div>
   <div class='ocr_carea' id='block_1_49' title="bbox 2032 5772 3631 5818">
    <p class='ocr_par' dir='ltr' id='par_1_49' title="bbox 3370 5772 3631 5815">
     <span class='ocr_line' id='line_1_50' title="bbox 3370 5772 3631 5815; baseline 0 -11"><span class='ocrx_word' id='word_1_555' title='bbox 3370 5812 3375 5815; x_wconf 90' lang='lat'><strong><em>_</em></strong></span> <span class='ocrx_word' id='word_1_556' title='bbox 3598 5772 3631 5804; x_wconf 59' lang='grc' dir='ltr'>ξ]</span> 
     </span>
    </p>
   </div>
  </div>
