  <div class='ocr_page' id='page_1' title='image "/cluster/home/n/w/nwhite01/storage/ocr_20150623/128/hvd.32044054759899/533.png"; bbox 0 0 4024 6176; ppageno 0'>
   <div class='ocr_carea' id='block_1_1' title="bbox 431 161 2020 266">
    <p class='ocr_par' dir='ltr' id='par_1_1' title="bbox 431 161 1990 252">
     <span class='ocr_line' id='line_1_1' title="bbox 431 161 1990 252; baseline 0.01 -18"><span class='ocrx_word' id='word_1_1' title='bbox 431 161 598 252; x_wconf 63' lang='grc' dir='ltr'>ωδε·</span> <span class='ocrx_word' id='word_1_2' title='bbox 985 211 988 214; x_wconf 58' lang='grc' dir='ltr'><strong><em>ι</em></strong></span> <span class='ocrx_word' id='word_1_3' title='bbox 1575 185 1990 252; x_wconf 81' lang='lat' dir='ltr'>ANASTASII</span> 
     </span>
    </p>
   </div>
   <div class='ocr_carea' id='block_1_2' title="bbox 2166 161 3755 266">
    <p class='ocr_par' dir='ltr' id='par_1_2' title="bbox 2166 191 3755 266">
     <span class='ocr_line' id='line_1_2' title="bbox 2166 191 3755 266; baseline 0.008 -14"><span class='ocrx_word' id='word_1_4' title='bbox 2166 191 2684 256; x_wconf 83' lang='lat' dir='ltr'>LIOTHECARII.</span> <span class='ocrx_word' id='word_1_5' title='bbox 3630 199 3755 266; x_wconf 69' lang='lat' dir='ltr'>i058</span> 
     </span>
    </p>
   </div>
   <div class='ocr_carea' id='block_1_3' title="bbox 671 315 3761 402">
    <p class='ocr_par' dir='ltr' id='par_1_3' title="bbox 671 315 3761 402">
     <span class='ocr_line' id='line_1_3' title="bbox 671 315 3761 402; baseline 0.006 -22"><span class='ocrx_word' id='word_1_6' title='bbox 671 326 835 380; x_wconf 64' lang='lat'>816</span> <span class='ocrx_word' id='word_1_7' title='bbox 879 315 997 392; x_wconf 86' lang='lat' dir='ltr'>Qui</span> <span class='ocrx_word' id='word_1_8' title='bbox 1039 317 1376 399; x_wconf 82' lang='lat' dir='ltr'>praedictus</span> <span class='ocrx_word' id='word_1_9' title='bbox 1419 339 1528 382; x_wconf 86' lang='lat' dir='ltr'>rex</span> <span class='ocrx_word' id='word_1_10' title='bbox 1573 328 1716 402; x_wconf 90' lang='lat' dir='ltr'>post</span> <span class='ocrx_word' id='word_1_11' title='bbox 1759 325 2019 386; x_wconf 90' lang='lat' dir='ltr'>multam</span> <span class='ocrx_word' id='word_1_12' title='bbox 2066 326 2355 388; x_wconf 89' lang='lat' dir='ltr'>duritiem</span> <span class='ocrx_word' id='word_1_13' title='bbox 2402 327 2740 388; x_wconf 88' lang='lat' dir='ltr'>inclinatus</span> <span class='ocrx_word' id='word_1_14' title='bbox 2783 332 2877 390; x_wconf 91' lang='lat' dir='ltr'>est</span> <span class='ocrx_word' id='word_1_15' title='bbox 2917 325 3075 390; x_wconf 82' lang='lat' dir='ltr'>ﬁnes</span> <span class='ocrx_word' id='word_1_16' title='bbox 3131 328 3572 394; x_wconf 79' lang='lat' dir='ltr'>Ravennatium</span> <span class='ocrx_word' id='word_1_17' title='bbox 3621 333 3761 398; x_wconf 80' lang='lat' dir='ltr'>urbis</span> 
     </span>
    </p>
   </div>
   <div class='ocr_carea' id='block_1_4' title="bbox 587 425 3762 520">
    <p class='ocr_par' dir='ltr' id='par_1_4' title="bbox 587 425 3762 520">
     <span class='ocr_line' id='line_1_4' title="bbox 587 425 3762 520; baseline 0.005 -34"><span class='ocrx_word' id='word_1_18' title='bbox 587 426 852 486; x_wconf 77' lang='lat' dir='ltr'>dilatare</span> <span class='ocrx_word' id='word_1_19' title='bbox 895 425 1055 486; x_wconf 84' lang='lat' dir='ltr'>sicut</span> <span class='ocrx_word' id='word_1_20' title='bbox 1098 427 1390 506; x_wconf 82' lang='lat' dir='ltr'>primitus</span> <span class='ocrx_word' id='word_1_21' title='bbox 1431 427 1878 490; x_wconf 79' lang='lat' dir='ltr'>detinebantur</span> <span class='ocrx_word' id='word_1_22' title='bbox 1921 431 2039 513; x_wconf 90' lang='lat' dir='ltr'>(a)r</span> <span class='ocrx_word' id='word_1_23' title='bbox 2084 435 2160 492; x_wconf 83' lang='lat' dir='ltr'>Et</span> <span class='ocrx_word' id='word_1_24' title='bbox 2202 433 2361 494; x_wconf 87' lang='lat' dir='ltr'>duas</span> <span class='ocrx_word' id='word_1_25' title='bbox 2407 439 2619 512; x_wconf 88' lang='lat' dir='ltr'>partes</span> <span class='ocrx_word' id='word_1_26' title='bbox 2663 435 2960 496; x_wconf 73' lang='lat' dir='ltr'>territorii</span> <span class='ocrx_word' id='word_1_27' title='bbox 3001 435 3274 496; x_wconf 70' lang='lat' dir='ltr'>Caesenaa</span> <span class='ocrx_word' id='word_1_28' title='bbox 3314 435 3493 498; x_wconf 85' lang='lat' dir='ltr'>castri</span> <span class='ocrx_word' id='word_1_29' title='bbox 3542 437 3612 500; x_wconf 87' lang='lat' dir='ltr'>ad</span> <span class='ocrx_word' id='word_1_30' title='bbox 3647 458 3762 520; x_wconf 84' lang='lat' dir='ltr'>par-</span> 
     </span>
    </p>
   </div>
   <div class='ocr_carea' id='block_1_5' title="bbox 588 532 3762 621">
    <p class='ocr_par' dir='ltr' id='par_1_5' title="bbox 588 532 3762 621">
     <span class='ocr_line' id='line_1_5' title="bbox 588 532 3762 621; baseline 0.004 -27"><span class='ocrx_word' id='word_1_31' title='bbox 588 541 712 594; x_wconf 90' lang='lat' dir='ltr'>tem</span> <span class='ocrx_word' id='word_1_32' title='bbox 759 532 1139 612; x_wconf 65' lang='lat' dir='ltr'>Reipublicae</span> <span class='ocrx_word' id='word_1_33' title='bbox 1184 535 1475 596; x_wconf 84' lang='lat' dir='ltr'>restituit.</span> <span class='ocrx_word' id='word_1_34' title='bbox 1532 537 1806 596; x_wconf 86' lang='lat' dir='ltr'>Tertiam</span> <span class='ocrx_word' id='word_1_35' title='bbox 1859 557 2002 598; x_wconf 85' lang='lat' dir='ltr'>vero</span> <span class='ocrx_word' id='word_1_36' title='bbox 2049 545 2290 617; x_wconf 90' lang='lat' dir='ltr'>partem</span> <span class='ocrx_word' id='word_1_37' title='bbox 2355 541 2431 600; x_wconf 82' lang='lat' dir='ltr'>du</span> <span class='ocrx_word' id='word_1_38' title='bbox 2495 540 2714 600; x_wconf 90' lang='lat' dir='ltr'>eodem</span> <span class='ocrx_word' id='word_1_39' title='bbox 2778 547 2983 604; x_wconf 89' lang='lat' dir='ltr'>castro</span> <span class='ocrx_word' id='word_1_40' title='bbox 3045 542 3161 602; x_wconf 86' lang='lat' dir='ltr'>sub</span> <span class='ocrx_word' id='word_1_41' title='bbox 3225 543 3478 604; x_wconf 89' lang='lat' dir='ltr'>obtentu</span> <span class='ocrx_word' id='word_1_42' title='bbox 3533 545 3762 621; x_wconf 82' lang='lat' dir='ltr'>retinuit,</span> 
     </span>
    </p>
   </div>
   <div class='ocr_carea' id='block_1_6' title="bbox 584 641 3764 728">
    <p class='ocr_par' dir='ltr' id='par_1_6' title="bbox 584 641 3764 728">
     <span class='ocr_line' id='line_1_6' title="bbox 584 641 3764 728; baseline 0.004 -28"><span class='ocrx_word' id='word_1_43' title='bbox 584 641 742 700; x_wconf 90' lang='lat' dir='ltr'>inito</span> <span class='ocrx_word' id='word_1_44' title='bbox 786 641 1122 700; x_wconf 89' lang='lat' dir='ltr'>constituto</span> <span class='ocrx_word' id='word_1_45' title='bbox 1167 647 1236 700; x_wconf 93' lang='lat' dir='ltr'>ut</span> <span class='ocrx_word' id='word_1_46' title='bbox 1279 660 1479 720; x_wconf 89' lang='lat' dir='ltr'>usque</span> <span class='ocrx_word' id='word_1_47' title='bbox 1525 643 1604 702; x_wconf 84' lang='lat' dir='ltr'>ad</span> <span class='ocrx_word' id='word_1_48' title='bbox 1647 643 1959 703; x_wconf 80' lang='lat' dir='ltr'>Kalendas</span> <span class='ocrx_word' id='word_1_49' title='bbox 2002 645 2190 719; x_wconf 88' lang='lat' dir='ltr'>Junii,</span> <span class='ocrx_word' id='word_1_50' title='bbox 2242 646 2388 705; x_wconf 89' lang='lat' dir='ltr'>dum</span> <span class='ocrx_word' id='word_1_51' title='bbox 2438 646 2574 725; x_wconf 89' lang='lat' dir='ltr'>ejus</span> <span class='ocrx_word' id='word_1_52' title='bbox 2619 647 2790 706; x_wconf 87' lang='lat' dir='ltr'>missi</span> <span class='ocrx_word' id='word_1_53' title='bbox 2833 667 2870 708; x_wconf 91' lang='lat' dir='ltr'>a</span> <span class='ocrx_word' id='word_1_54' title='bbox 2911 648 3087 728; x_wconf 85' lang='lat' dir='ltr'>regia</span> <span class='ocrx_word' id='word_1_55' title='bbox 3147 655 3587 710; x_wconf 85' lang='lat' dir='ltr'>reverterentur</span> <span class='ocrx_word' id='word_1_56' title='bbox 3626 653 3764 724; x_wconf 84' lang='lat' dir='ltr'>urbe,</span> 
     </span>
    </p>
   </div>
   <div class='ocr_carea' id='block_1_7' title="bbox 509 748 3770 834">
    <p class='ocr_par' dir='ltr' id='par_1_7' title="bbox 509 748 3770 834">
     <span class='ocr_line' id='line_1_7' title="bbox 509 748 3770 834; baseline 0.003 -26"><span class='ocrx_word' id='word_1_57' title='bbox 509 751 544 808; x_wconf 83' lang='grc'><strong>5</strong></span> <span class='ocrx_word' id='word_1_58' title='bbox 585 748 751 808; x_wconf 90' lang='lat' dir='ltr'>idem</span> <span class='ocrx_word' id='word_1_59' title='bbox 799 751 1092 818; x_wconf 87' lang='lat' dir='ltr'>castrum,</span> <span class='ocrx_word' id='word_1_60' title='bbox 1143 751 1204 808; x_wconf 90' lang='lat' dir='ltr'>et</span> <span class='ocrx_word' id='word_1_61' title='bbox 1251 748 1498 808; x_wconf 86' lang='lat' dir='ltr'>tertiam</span> <span class='ocrx_word' id='word_1_62' title='bbox 1547 755 1814 827; x_wconf 83' lang='lat' dir='ltr'>partem,</span> <span class='ocrx_word' id='word_1_63' title='bbox 1861 769 2050 830; x_wconf 75' lang='lat' dir='ltr'>quam</span> <span class='ocrx_word' id='word_1_64' title='bbox 2099 752 2380 830; x_wconf 87' lang='lat' dir='ltr'>pignoris</span> <span class='ocrx_word' id='word_1_65' title='bbox 2425 771 2616 813; x_wconf 87' lang='lat' dir='ltr'>causa</span> <span class='ocrx_word' id='word_1_66' title='bbox 2660 753 3006 827; x_wconf 84' lang='lat' dir='ltr'>detinebat,</span> <span class='ocrx_word' id='word_1_67' title='bbox 3053 755 3218 834; x_wconf 87' lang='lat' dir='ltr'>parti</span> <span class='ocrx_word' id='word_1_68' title='bbox 3275 755 3632 834; x_wconf 68' lang='lat' dir='ltr'>Reipublicae</span> <span class='ocrx_word' id='word_1_69' title='bbox 3667 777 3770 818; x_wconf 87' lang='lat' dir='ltr'>res-</span> 
     </span>
    </p>
   </div>
   <div class='ocr_carea' id='block_1_8' title="bbox 585 853 3773 938">
    <p class='ocr_par' dir='ltr' id='par_1_8' title="bbox 585 853 3773 938">
     <span class='ocr_line' id='line_1_8' title="bbox 585 853 3773 938; baseline 0.003 -24"><span class='ocrx_word' id='word_1_70' title='bbox 585 855 860 914; x_wconf 88' lang='lat' dir='ltr'>titueret.</span> <span class='ocrx_word' id='word_1_71' title='bbox 911 856 1056 912; x_wconf 86' lang='lat' dir='ltr'>Post</span> <span class='ocrx_word' id='word_1_72' title='bbox 1101 853 1232 914; x_wconf 72' lang='lat' dir='ltr'>hcec</span> <span class='ocrx_word' id='word_1_73' title='bbox 1277 860 1486 914; x_wconf 90' lang='lat' dir='ltr'>autem</span> <span class='ocrx_word' id='word_1_74' title='bbox 1533 857 1584 914; x_wconf 90' lang='lat' dir='ltr'>is</span> <span class='ocrx_word' id='word_1_75' title='bbox 1627 855 1760 934; x_wconf 90' lang='lat' dir='ltr'>ipse</span> <span class='ocrx_word' id='word_1_76' title='bbox 1807 875 1912 915; x_wconf 91' lang='lat' dir='ltr'>rex</span> <span class='ocrx_word' id='word_1_77' title='bbox 1957 876 2242 935; x_wconf 85' lang='lat' dir='ltr'>egressus</span> <span class='ocrx_word' id='word_1_78' title='bbox 2285 859 2361 918; x_wconf 92' lang='lat' dir='ltr'>de</span> <span class='ocrx_word' id='word_1_79' title='bbox 2407 859 2546 920; x_wconf 91' lang='lat' dir='ltr'>loco</span> <span class='ocrx_word' id='word_1_80' title='bbox 2590 859 2654 918; x_wconf 90' lang='lat' dir='ltr'>in</span> <span class='ocrx_word' id='word_1_81' title='bbox 2701 859 2904 920; x_wconf 90' lang='lat' dir='ltr'>locum</span> <span class='ocrx_word' id='word_1_82' title='bbox 2951 879 3150 938; x_wconf 88' lang='lat' dir='ltr'>usque</span> <span class='ocrx_word' id='word_1_83' title='bbox 3195 861 3274 920; x_wconf 90' lang='lat' dir='ltr'>ad</span> <span class='ocrx_word' id='word_1_84' title='bbox 3319 861 3566 933; x_wconf 84' lang='lat' dir='ltr'>Padum,</span> <span class='ocrx_word' id='word_1_85' title='bbox 3607 862 3773 924; x_wconf 89' lang='lat' dir='ltr'>eidem</span> 
     </span>
    </p>
   </div>
   <div class='ocr_carea' id='block_1_9' title="bbox 589 959 3778 1044">
    <p class='ocr_par' dir='ltr' id='par_1_9' title="bbox 589 959 3778 1044">
     <span class='ocr_line' id='line_1_9' title="bbox 589 959 3778 1044; baseline 0.002 -22"><span class='ocrx_word' id='word_1_86' title='bbox 589 965 802 1022; x_wconf 88' lang='lat' dir='ltr'>sancto</span> <span class='ocrx_word' id='word_1_87' title='bbox 845 959 977 1020; x_wconf 88' lang='lat' dir='ltr'>viro</span> <span class='ocrx_word' id='word_1_88' title='bbox 1022 960 1346 1020; x_wconf 89' lang='lat' dir='ltr'>conviatus</span> <span class='ocrx_word' id='word_1_89' title='bbox 1391 959 1474 1040; x_wconf 73' lang='grc' dir='ltr'>(ὁ)</span> <span class='ocrx_word' id='word_1_90' title='bbox 1519 980 1662 1020; x_wconf 92' lang='lat' dir='ltr'>eum</span> <span class='ocrx_word' id='word_1_91' title='bbox 1709 962 1991 1023; x_wconf 86' lang='lat' dir='ltr'>deduxit.</span> <span class='ocrx_word' id='word_1_92' title='bbox 2039 966 2108 1023; x_wconf 87' lang='lat' dir='ltr'>In</span> <span class='ocrx_word' id='word_1_93' title='bbox 2153 983 2278 1042; x_wconf 91' lang='lat' dir='ltr'>quo</span> <span class='ocrx_word' id='word_1_94' title='bbox 2325 965 2460 1025; x_wconf 89' lang='lat' dir='ltr'>loco</span> <span class='ocrx_word' id='word_1_95' title='bbox 2505 966 2562 1025; x_wconf 91' lang='lat' dir='ltr'>ei</span> <span class='ocrx_word' id='word_1_96' title='bbox 2593 965 2730 1026; x_wconf 85' lang='lat' dir='ltr'>vale</span> <span class='ocrx_word' id='word_1_97' title='bbox 2757 965 2994 1026; x_wconf 82' lang='lat' dir='ltr'>faciens</span> <span class='ocrx_word' id='word_1_98' title='bbox 3037 985 3180 1026; x_wconf 91' lang='lat' dir='ltr'>cum</span> <span class='ocrx_word' id='word_1_99' title='bbox 3211 966 3406 1044; x_wconf 87' lang='lat' dir='ltr'>digna</span> <span class='ocrx_word' id='word_1_100' title='bbox 3432 967 3778 1030; x_wconf 81' lang='lat' dir='ltr'>ordinatione</span> 
     </span>
    </p>
   </div>
   <div class='ocr_carea' id='block_1_10' title="bbox 587 1064 3780 1151">
    <p class='ocr_par' dir='ltr' id='par_1_10' title="bbox 587 1064 3780 1151">
     <span class='ocr_line' id='line_1_10' title="bbox 587 1064 3780 1151; baseline 0.002 -22"><span class='ocrx_word' id='word_1_101' title='bbox 587 1087 732 1129; x_wconf 89' lang='lat' dir='ltr'>eum</span> <span class='ocrx_word' id='word_1_102' title='bbox 780 1064 851 1147; x_wconf 88' lang='lat' dir='ltr'>(c)</span> <span class='ocrx_word' id='word_1_103' title='bbox 900 1067 1328 1145; x_wconf 88' lang='lat' dir='ltr'>repedandum</span> <span class='ocrx_word' id='word_1_104' title='bbox 1373 1067 1662 1149; x_wconf 77' lang='lat' dir='ltr'>absolvit,</span> <span class='ocrx_word' id='word_1_105' title='bbox 1711 1069 1868 1128; x_wconf 90' lang='lat' dir='ltr'>dans</span> <span class='ocrx_word' id='word_1_106' title='bbox 1924 1069 1986 1128; x_wconf 91' lang='lat' dir='ltr'>in</span> <span class='ocrx_word' id='word_1_107' title='bbox 2050 1070 2420 1150; x_wconf 88' lang='lat' dir='ltr'>obsequium</span> <span class='ocrx_word' id='word_1_108' title='bbox 2483 1071 2618 1150; x_wconf 83' lang='lat' dir='ltr'>ejus</span> <span class='ocrx_word' id='word_1_109' title='bbox 2680 1072 2870 1132; x_wconf 91' lang='lat' dir='ltr'>duces</span> <span class='ocrx_word' id='word_1_110' title='bbox 2927 1077 2988 1132; x_wconf 92' lang='lat' dir='ltr'>et</span> <span class='ocrx_word' id='word_1_111' title='bbox 3051 1072 3346 1151; x_wconf 85' lang='lat' dir='ltr'>primates</span> <span class='ocrx_word' id='word_1_112' title='bbox 3405 1091 3566 1147; x_wconf 85' lang='lat' dir='ltr'>suos,</span> <span class='ocrx_word' id='word_1_113' title='bbox 3603 1073 3696 1134; x_wconf 87' lang='lat' dir='ltr'>sed</span> <span class='ocrx_word' id='word_1_114' title='bbox 3731 1081 3780 1134; x_wconf 91' lang='lat' dir='ltr'>et</span> 
     </span>
    </p>
   </div>
   <div class='ocr_carea' id='block_1_11' title="bbox 589 1173 3780 1254">
    <p class='ocr_par' dir='ltr' id='par_1_11' title="bbox 589 1173 3780 1254">
     <span class='ocr_line' id='line_1_11' title="bbox 589 1173 3780 1254; baseline 0.001 -18"><span class='ocrx_word' id='word_1_115' title='bbox 589 1175 745 1236; x_wconf 88' lang='lat' dir='ltr'>alios</span> <span class='ocrx_word' id='word_1_116' title='bbox 787 1173 975 1248; x_wconf 84' lang='lat' dir='ltr'>viros,</span> <span class='ocrx_word' id='word_1_117' title='bbox 1024 1173 1132 1252; x_wconf 87' lang='lat' dir='ltr'>qui</span> <span class='ocrx_word' id='word_1_118' title='bbox 1175 1192 1340 1254; x_wconf 68' lang='lat' dir='ltr'>saepe</span> <span class='ocrx_word' id='word_1_119' title='bbox 1395 1173 1560 1234; x_wconf 87' lang='lat' dir='ltr'>dicta</span> <span class='ocrx_word' id='word_1_120' title='bbox 1621 1177 2081 1236; x_wconf 84' lang='lat' dir='ltr'>Ravennatium</span> <span class='ocrx_word' id='word_1_121' title='bbox 2127 1178 2444 1238; x_wconf 87' lang='lat' dir='ltr'>territoria</span> <span class='ocrx_word' id='word_1_122' title='bbox 2501 1185 2562 1240; x_wconf 91' lang='lat' dir='ltr'>et</span> <span class='ocrx_word' id='word_1_123' title='bbox 2623 1179 2942 1241; x_wconf 86' lang='lat' dir='ltr'>Caesenate</span> <span class='ocrx_word' id='word_1_124' title='bbox 3003 1184 3278 1240; x_wconf 90' lang='lat' dir='ltr'>castrum</span> <span class='ocrx_word' id='word_1_125' title='bbox 3338 1179 3693 1251; x_wconf 84' lang='lat' dir='ltr'>redderent;</span> <span class='ocrx_word' id='word_1_126' title='bbox 3731 1185 3780 1242; x_wconf 88' lang='lat' dir='ltr'>et</span> 
     </span>
    </p>
   </div>
   <div class='ocr_carea' id='block_1_12' title="bbox 471 1283 1114 1344">
    <p class='ocr_par' dir='ltr' id='par_1_12' title="bbox 471 1283 1114 1344">
     <span class='ocr_line' id='line_1_12' title="bbox 471 1283 1114 1344; baseline -0.006 0"><span class='ocrx_word' id='word_1_127' title='bbox 471 1284 548 1344; x_wconf 84' lang='grc'>10</span> <span class='ocrx_word' id='word_1_128' title='bbox 589 1283 679 1344; x_wconf 91' lang='lat' dir='ltr'>ita</span> <span class='ocrx_word' id='word_1_129' title='bbox 719 1283 954 1342; x_wconf 84' lang='lat' dir='ltr'>factum</span> <span class='ocrx_word' id='word_1_130' title='bbox 1000 1285 1114 1342; x_wconf 90' lang='lat' dir='ltr'>est.</span> 
     </span>
    </p>
   </div>
   <div class='ocr_carea' id='block_1_13' title="bbox 671 1415 3780 1499">
    <p class='ocr_par' dir='ltr' id='par_1_13' title="bbox 671 1415 3780 1499">
     <span class='ocr_line' id='line_1_13' title="bbox 671 1415 3780 1499; baseline 0 -22"><span class='ocrx_word' id='word_1_131' title='bbox 671 1423 830 1478; x_wconf 69' lang='lat' dir='ltr'>2M</span> <span class='ocrx_word' id='word_1_132' title='bbox 892 1416 1199 1494; x_wconf 88' lang='lat' dir='ltr'>Operatus</span> <span class='ocrx_word' id='word_1_133' title='bbox 1268 1419 1363 1475; x_wconf 89' lang='lat' dir='ltr'>est</span> <span class='ocrx_word' id='word_1_134' title='bbox 1433 1419 1642 1476; x_wconf 87' lang='lat' dir='ltr'>autem</span> <span class='ocrx_word' id='word_1_135' title='bbox 1700 1416 1864 1476; x_wconf 91' lang='lat' dir='ltr'>Deus</span> <span class='ocrx_word' id='word_1_136' title='bbox 1921 1415 2312 1489; x_wconf 87' lang='lat' dir='ltr'>mirabiliter,</span> <span class='ocrx_word' id='word_1_137' title='bbox 2379 1425 2439 1478; x_wconf 88' lang='lat' dir='ltr'>et</span> <span class='ocrx_word' id='word_1_138' title='bbox 2509 1419 2965 1480; x_wconf 87' lang='lat' dir='ltr'>Ravennatium</span> <span class='ocrx_word' id='word_1_139' title='bbox 3030 1423 3218 1499; x_wconf 90' lang='lat' dir='ltr'>atque</span> <span class='ocrx_word' id='word_1_140' title='bbox 3275 1419 3780 1498; x_wconf 88' lang='lat' dir='ltr'>Pentapolensium</span> 
     </span>
    </p>
   </div>
   <div class='ocr_carea' id='block_1_14' title="bbox 591 1523 3785 1605">
    <p class='ocr_par' dir='ltr' id='par_1_14' title="bbox 591 1523 3785 1605">
     <span class='ocr_line' id='line_1_14' title="bbox 591 1523 3785 1605; baseline 0.001 -21"><span class='ocrx_word' id='word_1_141' title='bbox 591 1523 858 1605; x_wconf 84' lang='lat' dir='ltr'>populus</span> <span class='ocrx_word' id='word_1_142' title='bbox 901 1523 978 1582; x_wconf 83' lang='lat' dir='ltr'>al)</span> <span class='ocrx_word' id='word_1_143' title='bbox 1023 1523 1429 1601; x_wconf 88' lang='lat' dir='ltr'>oppressione</span> <span class='ocrx_word' id='word_1_144' title='bbox 1473 1530 1536 1582; x_wconf 94' lang='lat' dir='ltr'>et</span> <span class='ocrx_word' id='word_1_145' title='bbox 1579 1523 1936 1583; x_wconf 89' lang='lat' dir='ltr'>calamitate</span> <span class='ocrx_word' id='word_1_146' title='bbox 1980 1543 2106 1603; x_wconf 90' lang='lat' dir='ltr'>qua</span> <span class='ocrx_word' id='word_1_147' title='bbox 2148 1524 2225 1584; x_wconf 90' lang='lat' dir='ltr'>de</span> <span class='ocrx_word' id='word_1_148' title='bbox 2278 1525 2634 1598; x_wconf 90' lang='lat' dir='ltr'>inebantur,</span> <span class='ocrx_word' id='word_1_149' title='bbox 2685 1526 2997 1599; x_wconf 84' lang='lat' dir='ltr'>liberavit,</span> <span class='ocrx_word' id='word_1_150' title='bbox 3044 1533 3108 1586; x_wconf 90' lang='lat' dir='ltr'>et</span> <span class='ocrx_word' id='word_1_151' title='bbox 3168 1525 3435 1586; x_wconf 90' lang='lat' dir='ltr'>saturati</span> <span class='ocrx_word' id='word_1_152' title='bbox 3491 1531 3628 1585; x_wconf 89' lang='lat' dir='ltr'>sunt</span> <span class='ocrx_word' id='word_1_153' title='bbox 3678 1527 3785 1586; x_wconf 87' lang='lat' dir='ltr'>fru-</span> 
     </span>
    </p>
   </div>
   <div class='ocr_carea' id='block_1_15' title="bbox 593 1629 3788 1712">
    <p class='ocr_par' dir='ltr' id='par_1_15' title="bbox 593 1629 3788 1712">
     <span class='ocr_line' id='line_1_15' title="bbox 593 1629 3788 1712; baseline 0 -20"><span class='ocrx_word' id='word_1_154' title='bbox 593 1637 824 1704; x_wconf 89' lang='lat' dir='ltr'>mento,</span> <span class='ocrx_word' id='word_1_155' title='bbox 851 1629 988 1690; x_wconf 91' lang='lat' dir='ltr'>oleo</span> <span class='ocrx_word' id='word_1_156' title='bbox 1020 1637 1082 1690; x_wconf 91' lang='lat' dir='ltr'>et</span> <span class='ocrx_word' id='word_1_157' title='bbox 1123 1631 1292 1690; x_wconf 92' lang='lat' dir='ltr'>vino.</span> <span class='ocrx_word' id='word_1_158' title='bbox 1320 1632 1656 1707; x_wconf 80' lang='lat' dir='ltr'>Regressus</span> <span class='ocrx_word' id='word_1_159' title='bbox 1701 1637 1910 1690; x_wconf 88' lang='lat' dir='ltr'>autem</span> <span class='ocrx_word' id='word_1_160' title='bbox 1960 1631 2018 1690; x_wconf 92' lang='lat' dir='ltr'>in</span> <span class='ocrx_word' id='word_1_161' title='bbox 2067 1633 2284 1692; x_wconf 87' lang='lat' dir='ltr'>urbem</span> <span class='ocrx_word' id='word_1_162' title='bbox 2335 1635 2866 1706; x_wconf 87' lang='lat' dir='ltr'>Romanam,cum</span> <span class='ocrx_word' id='word_1_163' title='bbox 2913 1633 3204 1693; x_wconf 89' lang='lat' dir='ltr'>omnibus</span> <span class='ocrx_word' id='word_1_164' title='bbox 3247 1633 3358 1712; x_wconf 90' lang='lat' dir='ltr'>qui</span> <span class='ocrx_word' id='word_1_165' title='bbox 3399 1651 3602 1694; x_wconf 88' lang='lat' dir='ltr'>secum</span> <span class='ocrx_word' id='word_1_166' title='bbox 3641 1637 3788 1692; x_wconf 86' lang='lat' dir='ltr'>erant</span> 
     </span>
    </p>
   </div>
   <div class='ocr_carea' id='block_1_16' title="bbox 593 1736 3786 1819">
    <p class='ocr_par' dir='ltr' id='par_1_16' title="bbox 593 1736 3786 1819">
     <span class='ocr_line' id='line_1_16' title="bbox 593 1736 3786 1819; baseline -0 -20"><span class='ocrx_word' id='word_1_167' title='bbox 593 1739 825 1819; x_wconf 81' lang='lat' dir='ltr'>gratias</span> <span class='ocrx_word' id='word_1_168' title='bbox 867 1744 1126 1815; x_wconf 82' lang='lat' dir='ltr'>agentes</span> <span class='ocrx_word' id='word_1_169' title='bbox 1171 1736 1256 1816; x_wconf 75' lang='grc' dir='ltr'>(ά)</span> <span class='ocrx_word' id='word_1_170' title='bbox 1295 1738 1444 1807; x_wconf 89' lang='lat' dir='ltr'>Deo,</span> <span class='ocrx_word' id='word_1_171' title='bbox 1495 1737 1702 1797; x_wconf 92' lang='lat' dir='ltr'>denuo</span> <span class='ocrx_word' id='word_1_172' title='bbox 1748 1737 1956 1797; x_wconf 85' lang='lat' dir='ltr'>natale</span> <span class='ocrx_word' id='word_1_173' title='bbox 2003 1739 2332 1798; x_wconf 84' lang='lat' dir='ltr'>beatorum</span> <span class='ocrx_word' id='word_1_174' title='bbox 2391 1739 2745 1818; x_wconf 85' lang='lat' dir='ltr'>principum</span> <span class='ocrx_word' id='word_1_175' title='bbox 2809 1740 3238 1818; x_wconf 86' lang='lat' dir='ltr'>apostolorum</span> <span class='ocrx_word' id='word_1_176' title='bbox 3301 1739 3471 1800; x_wconf 88' lang='lat' dir='ltr'>Petri</span> <span class='ocrx_word' id='word_1_177' title='bbox 3529 1745 3586 1799; x_wconf 91' lang='lat' dir='ltr'>et</span> <span class='ocrx_word' id='word_1_178' title='bbox 3637 1737 3786 1798; x_wconf 83' lang='lat' dir='ltr'>Pauli</span> 
     </span>
    </p>
   </div>
   <div class='ocr_carea' id='block_1_17' title="bbox 511 1842 3787 1934">
    <p class='ocr_par' dir='ltr' id='par_1_17' title="bbox 511 1842 3787 1934">
     <span class='ocr_line' id='line_1_17' title="bbox 511 1842 3787 1934; baseline -0.001 -26"><span class='ocrx_word' id='word_1_179' title='bbox 511 1851 548 1908; x_wconf 82' lang='lat'><strong>5</strong></span> <span class='ocrx_word' id='word_1_180' title='bbox 593 1843 952 1934; x_wconf 67' lang='lat' dir='ltr'>cumpmni</span> <span class='ocrx_word' id='word_1_181' title='bbox 997 1843 1230 1922; x_wconf 89' lang='lat' dir='ltr'>populo</span> <span class='ocrx_word' id='word_1_182' title='bbox 1275 1842 1634 1914; x_wconf 84' lang='lat' dir='ltr'>celebravit,</span> <span class='ocrx_word' id='word_1_183' title='bbox 1686 1849 1749 1903; x_wconf 91' lang='lat' dir='ltr'>et</span> <span class='ocrx_word' id='word_1_184' title='bbox 1791 1863 1923 1904; x_wconf 90' lang='lat' dir='ltr'>sese</span> <span class='ocrx_word' id='word_1_185' title='bbox 1985 1845 2050 1904; x_wconf 89' lang='lat' dir='ltr'>in</span> <span class='ocrx_word' id='word_1_186' title='bbox 2113 1845 2504 1906; x_wconf 87' lang='lat' dir='ltr'>orationibus</span> <span class='ocrx_word' id='word_1_187' title='bbox 2548 1845 2736 1920; x_wconf 85' lang='lat' dir='ltr'>dedit,</span> <span class='ocrx_word' id='word_1_188' title='bbox 2805 1853 3025 1923; x_wconf 87' lang='lat' dir='ltr'>petens</span> <span class='ocrx_word' id='word_1_189' title='bbox 3086 1845 3165 1905; x_wconf 90' lang='lat' dir='ltr'>ab</span> <span class='ocrx_word' id='word_1_190' title='bbox 3229 1845 3636 1925; x_wconf 87' lang='lat' dir='ltr'>omnipotenti</span> <span class='ocrx_word' id='word_1_191' title='bbox 3686 1845 3787 1905; x_wconf 89' lang='lat' dir='ltr'>Deo</span> 
     </span>
    </p>
   </div>
   <div class='ocr_carea' id='block_1_18' title="bbox 593 1949 3790 2031">
    <p class='ocr_par' dir='ltr' id='par_1_18' title="bbox 593 1949 3790 2031">
     <span class='ocr_line' id='line_1_18' title="bbox 593 1949 3790 2031; baseline -0 -20"><span class='ocrx_word' id='word_1_192' title='bbox 593 1950 1084 2012; x_wconf 81' lang='lat' dir='ltr'>misericordiam</span> <span class='ocrx_word' id='word_1_193' title='bbox 1132 1953 1192 2009; x_wconf 87' lang='lat' dir='ltr'>et</span> <span class='ocrx_word' id='word_1_194' title='bbox 1235 1949 1728 2010; x_wconf 86' lang='lat' dir='ltr'>consolationem</span> <span class='ocrx_word' id='word_1_195' title='bbox 1772 1951 1908 2012; x_wconf 79' lang='lat' dir='ltr'>ﬁeri</span> <span class='ocrx_word' id='word_1_196' title='bbox 1951 1953 2187 2031; x_wconf 91' lang='lat' dir='ltr'>populo</span> <span class='ocrx_word' id='word_1_197' title='bbox 2234 1951 2692 2012; x_wconf 86' lang='lat' dir='ltr'>Ravennatium</span> <span class='ocrx_word' id='word_1_198' title='bbox 2757 1958 2820 2013; x_wconf 92' lang='lat' dir='ltr'>et</span> <span class='ocrx_word' id='word_1_199' title='bbox 2883 1955 3165 2012; x_wconf 87' lang='lat' dir='ltr'>Romano</span> <span class='ocrx_word' id='word_1_200' title='bbox 3227 1953 3308 2013; x_wconf 88' lang='lat' dir='ltr'>ab</span> <span class='ocrx_word' id='word_1_201' title='bbox 3369 1952 3706 2012; x_wconf 88' lang='lat' dir='ltr'>insidiatore</span> <span class='ocrx_word' id='word_1_202' title='bbox 3741 1956 3790 2010; x_wconf 88' lang='lat' dir='ltr'>et</span> 
     </span>
    </p>
   </div>
   <div class='ocr_carea' id='block_1_19' title="bbox 595 2055 3790 2139">
    <p class='ocr_par' dir='ltr' id='par_1_19' title="bbox 595 2055 3790 2139">
     <span class='ocr_line' id='line_1_19' title="bbox 595 2055 3790 2139; baseline -0.001 -19"><span class='ocrx_word' id='word_1_203' title='bbox 595 2062 991 2139; x_wconf 88' lang='lat' dir='ltr'>persecutore</span> <span class='ocrx_word' id='word_1_204' title='bbox 1035 2055 1144 2116; x_wconf 88' lang='lat' dir='ltr'>illo</span> <span class='ocrx_word' id='word_1_205' title='bbox 1188 2056 1577 2135; x_wconf 87' lang='lat' dir='ltr'>Luitprando</span> <span class='ocrx_word' id='word_1_206' title='bbox 1623 2076 1792 2136; x_wconf 87' lang='lat' dir='ltr'>rege.</span> <span class='ocrx_word' id='word_1_207' title='bbox 1839 2057 2032 2136; x_wconf 85' lang='lat' dir='ltr'>Cujus</span> <span class='ocrx_word' id='word_1_208' title='bbox 2075 2077 2293 2138; x_wconf 87' lang='lat' dir='ltr'>preces</span> <span class='ocrx_word' id='word_1_209' title='bbox 2337 2078 2460 2120; x_wconf 92' lang='lat' dir='ltr'>non</span> <span class='ocrx_word' id='word_1_210' title='bbox 2508 2059 2857 2137; x_wconf 86' lang='lat' dir='ltr'>despiciens</span> <span class='ocrx_word' id='word_1_211' title='bbox 2899 2059 3114 2118; x_wconf 87' lang='lat' dir='ltr'>divina</span> <span class='ocrx_word' id='word_1_212' title='bbox 3143 2059 3499 2132; x_wconf 87' lang='lat' dir='ltr'>clementia,</span> <span class='ocrx_word' id='word_1_213' title='bbox 3545 2057 3790 2119; x_wconf 87' lang='lat' dir='ltr'>eumdem</span> 
     </span>
    </p>
   </div>
   <div class='ocr_carea' id='block_1_20' title="bbox 592 2162 3792 2245">
    <p class='ocr_par' dir='ltr' id='par_1_20' title="bbox 592 2162 3792 2245">
     <span class='ocr_line' id='line_1_20' title="bbox 592 2162 3792 2245; baseline -0.001 -19"><span class='ocrx_word' id='word_1_214' title='bbox 592 2183 802 2244; x_wconf 89' lang='lat' dir='ltr'>regem</span> <span class='ocrx_word' id='word_1_215' title='bbox 849 2167 996 2224; x_wconf 89' lang='lat' dir='ltr'>ante</span> <span class='ocrx_word' id='word_1_216' title='bbox 1039 2162 1204 2223; x_wconf 91' lang='lat' dir='ltr'>diem</span> <span class='ocrx_word' id='word_1_217' title='bbox 1249 2163 1538 2242; x_wconf 88' lang='lat' dir='ltr'>superius</span> <span class='ocrx_word' id='word_1_218' title='bbox 1582 2164 1995 2225; x_wconf 90' lang='lat' dir='ltr'>constitutum</span> <span class='ocrx_word' id='word_1_219' title='bbox 2041 2166 2119 2226; x_wconf 91' lang='lat' dir='ltr'>de</span> <span class='ocrx_word' id='word_1_220' title='bbox 2163 2165 2282 2226; x_wconf 89' lang='lat' dir='ltr'>hac</span> <span class='ocrx_word' id='word_1_221' title='bbox 2325 2166 2638 2226; x_wconf 84' lang='lat' dir='ltr'>subtraxit</span> <span class='ocrx_word' id='word_1_222' title='bbox 2680 2165 2842 2238; x_wconf 89' lang='lat' dir='ltr'>luce,</span> <span class='ocrx_word' id='word_1_223' title='bbox 2889 2170 2951 2226; x_wconf 88' lang='lat' dir='ltr'>et</span> <span class='ocrx_word' id='word_1_224' title='bbox 3013 2166 3250 2245; x_wconf 87' lang='lat' dir='ltr'>quievit</span> <span class='ocrx_word' id='word_1_225' title='bbox 3299 2166 3504 2226; x_wconf 88' lang='lat' dir='ltr'>omnis</span> <span class='ocrx_word' id='word_1_226' title='bbox 3545 2183 3792 2244; x_wconf 86' lang='lat' dir='ltr'>persecu-</span> 
     </span>
    </p>
   </div>
   <div class='ocr_carea' id='block_1_21' title="bbox 591 2270 3794 2351">
    <p class='ocr_par' dir='ltr' id='par_1_21' title="bbox 591 2270 3794 2351">
     <span class='ocr_line' id='line_1_21' title="bbox 591 2270 3794 2351; baseline 0 -21"><span class='ocrx_word' id='word_1_227' title='bbox 591 2272 701 2332; x_wconf 92' lang='lat' dir='ltr'>tio.</span> <span class='ocrx_word' id='word_1_228' title='bbox 749 2273 1138 2347; x_wconf 87' lang='lat' dir='ltr'>Factumque</span> <span class='ocrx_word' id='word_1_229' title='bbox 1181 2273 1276 2328; x_wconf 92' lang='lat' dir='ltr'>est</span> <span class='ocrx_word' id='word_1_230' title='bbox 1317 2270 1616 2346; x_wconf 82' lang='lat' dir='ltr'>gaudium</span> <span class='ocrx_word' id='word_1_231' title='bbox 1665 2289 1792 2329; x_wconf 91' lang='lat' dir='ltr'>non</span> <span class='ocrx_word' id='word_1_232' title='bbox 1837 2271 2042 2331; x_wconf 89' lang='lat' dir='ltr'>solum</span> <span class='ocrx_word' id='word_1_233' title='bbox 2088 2273 2390 2332; x_wconf 81' lang='lat' dir='ltr'>Romanis</span> <span class='ocrx_word' id='word_1_234' title='bbox 2433 2281 2493 2332; x_wconf 91' lang='lat' dir='ltr'>et</span> <span class='ocrx_word' id='word_1_235' title='bbox 2541 2273 3028 2346; x_wconf 82' lang='lat' dir='ltr'>Ravennatibus,</span> <span class='ocrx_word' id='word_1_236' title='bbox 3079 2272 3186 2332; x_wconf 87' lang='lat' dir='ltr'>sed</span> <span class='ocrx_word' id='word_1_237' title='bbox 3229 2273 3422 2333; x_wconf 88' lang='lat' dir='ltr'>etiam</span> <span class='ocrx_word' id='word_1_238' title='bbox 3467 2272 3628 2351; x_wconf 84' lang='lat' dir='ltr'>genti</span> <span class='ocrx_word' id='word_1_239' title='bbox 3663 2273 3794 2332; x_wconf 90' lang='lat' dir='ltr'>Lon-</span> 
     </span>
    </p>
   </div>
   <div class='ocr_carea' id='block_1_22' title="bbox 475 2365 3794 2460">
    <p class='ocr_par' dir='ltr' id='par_1_22' title="bbox 475 2365 3794 2460">
     <span class='ocr_line' id='line_1_22' title="bbox 475 2365 3794 2460; baseline -0.001 -20"><span class='ocrx_word' id='word_1_240' title='bbox 475 2382 550 2442; x_wconf 80' lang='grc'>10</span> <span class='ocrx_word' id='word_1_241' title='bbox 591 2365 1042 2458; x_wconf 80' lang='lat' dir='ltr'>gobardorum,</span> <span class='ocrx_word' id='word_1_242' title='bbox 1107 2375 1408 2454; x_wconf 90' lang='lat' dir='ltr'>quoniam</span> <span class='ocrx_word' id='word_1_243' title='bbox 1475 2381 1537 2436; x_wconf 91' lang='lat' dir='ltr'>et</span> <span class='ocrx_word' id='word_1_244' title='bbox 1593 2375 2075 2454; x_wconf 89' lang='lat' dir='ltr'>Aldeprandum</span> <span class='ocrx_word' id='word_1_245' title='bbox 2138 2384 2430 2457; x_wconf 88' lang='lat' dir='ltr'>nepotem</span> <span class='ocrx_word' id='word_1_246' title='bbox 2491 2397 2696 2454; x_wconf 89' lang='lat' dir='ltr'>suum,</span> <span class='ocrx_word' id='word_1_247' title='bbox 2761 2397 2948 2459; x_wconf 90' lang='lat' dir='ltr'>quem</span> <span class='ocrx_word' id='word_1_248' title='bbox 3011 2379 3146 2459; x_wconf 90' lang='lat' dir='ltr'>ipse</span> <span class='ocrx_word' id='word_1_249' title='bbox 3209 2380 3549 2460; x_wconf 87' lang='lat' dir='ltr'>reliquerat</span> <span class='ocrx_word' id='word_1_250' title='bbox 3602 2395 3794 2457; x_wconf 83' lang='lat' dir='ltr'>regem,</span> 
     </span>
    </p>
   </div>
   <div class='ocr_carea' id='block_1_23' title="bbox 593 2481 3795 2565">
    <p class='ocr_par' dir='ltr' id='par_1_23' title="bbox 593 2481 3795 2565">
     <span class='ocr_line' id='line_1_23' title="bbox 593 2481 3795 2565; baseline -0 -19"><span class='ocrx_word' id='word_1_251' title='bbox 593 2483 960 2546; x_wconf 87' lang='lat' dir='ltr'>malivolum</span> <span class='ocrx_word' id='word_1_252' title='bbox 1005 2481 1409 2563; x_wconf 90' lang='lat' dir='ltr'>projecerunt</span> <span class='ocrx_word' id='word_1_253' title='bbox 1451 2482 1530 2543; x_wconf 91' lang='lat' dir='ltr'>de</span> <span class='ocrx_word' id='word_1_254' title='bbox 1575 2501 1792 2561; x_wconf 89' lang='lat' dir='ltr'>regno,</span> <span class='ocrx_word' id='word_1_255' title='bbox 1840 2489 1902 2544; x_wconf 92' lang='lat' dir='ltr'>et</span> <span class='ocrx_word' id='word_1_256' title='bbox 1961 2484 2326 2557; x_wconf 86' lang='lat' dir='ltr'>Rachisum,</span> <span class='ocrx_word' id='word_1_257' title='bbox 2371 2485 2481 2564; x_wconf 89' lang='lat' dir='ltr'>qui</span> <span class='ocrx_word' id='word_1_258' title='bbox 2525 2487 2730 2546; x_wconf 90' lang='lat' dir='ltr'>fueret</span> <span class='ocrx_word' id='word_1_259' title='bbox 2790 2487 2936 2560; x_wconf 84' lang='lat' dir='ltr'>dux,</span> <span class='ocrx_word' id='word_1_260' title='bbox 3000 2487 3118 2546; x_wconf 87' lang='lat' dir='ltr'>sibi</span> <span class='ocrx_word' id='word_1_261' title='bbox 3177 2487 3576 2565; x_wconf 80' lang='lat' dir='ltr'>Langobardi</span> <span class='ocrx_word' id='word_1_262' title='bbox 3629 2487 3795 2564; x_wconf 84' lang='lat' dir='ltr'>elege-</span> 
     </span>
    </p>
   </div>
   <div class='ocr_carea' id='block_1_24' title="bbox 594 2589 3795 2672">
    <p class='ocr_par' dir='ltr' id='par_1_24' title="bbox 594 2589 3795 2672">
     <span class='ocr_line' id='line_1_24' title="bbox 594 2589 3795 2672; baseline -0.001 -20"><span class='ocrx_word' id='word_1_263' title='bbox 594 2597 743 2652; x_wconf 89' lang='lat' dir='ltr'>runt</span> <span class='ocrx_word' id='word_1_264' title='bbox 785 2591 848 2651; x_wconf 91' lang='lat' dir='ltr'>in</span> <span class='ocrx_word' id='word_1_265' title='bbox 895 2608 1129 2668; x_wconf 82' lang='lat' dir='ltr'>regem.</span> <span class='ocrx_word' id='word_1_266' title='bbox 1175 2589 1268 2648; x_wconf 88' lang='lat' dir='ltr'>Ad</span> <span class='ocrx_word' id='word_1_267' title='bbox 1314 2608 1500 2668; x_wconf 92' lang='lat' dir='ltr'>quem</span> <span class='ocrx_word' id='word_1_268' title='bbox 1549 2589 1739 2650; x_wconf 89' lang='lat' dir='ltr'>missa</span> <span class='ocrx_word' id='word_1_269' title='bbox 1783 2591 2085 2651; x_wconf 86' lang='lat' dir='ltr'>relatione</span> <span class='ocrx_word' id='word_1_270' title='bbox 2129 2591 2204 2671; x_wconf 87' lang='lat' dir='ltr'>(e)</span> <span class='ocrx_word' id='word_1_271' title='bbox 2249 2591 2382 2670; x_wconf 89' lang='lat' dir='ltr'>ipse</span> <span class='ocrx_word' id='word_1_272' title='bbox 2428 2592 2823 2653; x_wconf 89' lang='lat' dir='ltr'>beatissimus</span> <span class='ocrx_word' id='word_1_273' title='bbox 2869 2593 3150 2672; x_wconf 85' lang='lat' dir='ltr'>pontifex</span> <span class='ocrx_word' id='word_1_274' title='bbox 3195 2593 3500 2655; x_wconf 89' lang='lat' dir='ltr'>continuo</span> <span class='ocrx_word' id='word_1_275' title='bbox 3543 2592 3617 2653; x_wconf 91' lang='lat' dir='ltr'>ob</span> <span class='ocrx_word' id='word_1_276' title='bbox 3657 2609 3795 2651; x_wconf 82' lang='lat' dir='ltr'>reve-</span> 
     </span>
    </p>
   </div>
   <div class='ocr_carea' id='block_1_25' title="bbox 594 2695 3792 2780">
    <p class='ocr_par' dir='ltr' id='par_1_25' title="bbox 594 2695 3792 2780">
     <span class='ocr_line' id='line_1_25' title="bbox 594 2695 3792 2780; baseline -0.001 -21"><span class='ocrx_word' id='word_1_277' title='bbox 594 2698 860 2760; x_wconf 90' lang='lat' dir='ltr'>rentiam</span> <span class='ocrx_word' id='word_1_278' title='bbox 907 2696 1210 2778; x_wconf 88' lang='lat' dir='ltr'>principis</span> <span class='ocrx_word' id='word_1_279' title='bbox 1253 2697 1704 2776; x_wconf 90' lang='lat' dir='ltr'>apostolorum,</span> <span class='ocrx_word' id='word_1_280' title='bbox 1755 2703 1819 2758; x_wconf 92' lang='lat' dir='ltr'>et</span> <span class='ocrx_word' id='word_1_281' title='bbox 1858 2695 1993 2776; x_wconf 87' lang='lat' dir='ltr'>ejus</span> <span class='ocrx_word' id='word_1_282' title='bbox 2036 2699 2328 2778; x_wconf 88' lang='lat' dir='ltr'>precibus</span> <span class='ocrx_word' id='word_1_283' title='bbox 2369 2699 2709 2760; x_wconf 87' lang='lat' dir='ltr'>inclinatus</span> <span class='ocrx_word' id='word_1_284' title='bbox 2757 2698 2860 2780; x_wconf 80' lang='lat' dir='ltr'>(f),</span> <span class='ocrx_word' id='word_1_285' title='bbox 2913 2719 3108 2779; x_wconf 90' lang='lat' dir='ltr'>usque</span> <span class='ocrx_word' id='word_1_286' title='bbox 3151 2701 3233 2761; x_wconf 84' lang='lat' dir='ltr'>ad</span> <span class='ocrx_word' id='word_1_287' title='bbox 3278 2701 3504 2780; x_wconf 79' lang='lat' dir='ltr'>viginti</span> <span class='ocrx_word' id='word_1_288' title='bbox 3531 2715 3792 2760; x_wconf 83' lang='lat' dir='ltr'>annorum</span> 
     </span>
    </p>
   </div>
   <div class='ocr_carea' id='block_1_26' title="bbox 593 2804 2501 2886">
    <p class='ocr_par' dir='ltr' id='par_1_26' title="bbox 593 2804 2501 2886">
     <span class='ocr_line' id='line_1_26' title="bbox 593 2804 2501 2886; baseline -0.001 -19"><span class='ocrx_word' id='word_1_289' title='bbox 593 2805 866 2886; x_wconf 90' lang='lat' dir='ltr'>spatium</span> <span class='ocrx_word' id='word_1_290' title='bbox 909 2804 1068 2864; x_wconf 89' lang='lat' dir='ltr'>inita</span> <span class='ocrx_word' id='word_1_291' title='bbox 1112 2821 1266 2883; x_wconf 89' lang='lat' dir='ltr'>pace</span> <span class='ocrx_word' id='word_1_292' title='bbox 1310 2805 1639 2864; x_wconf 91' lang='lat' dir='ltr'>universus</span> <span class='ocrx_word' id='word_1_293' title='bbox 1681 2804 1877 2865; x_wconf 62' lang='lat' dir='ltr'>Italia:</span> <span class='ocrx_word' id='word_1_294' title='bbox 1921 2805 2162 2884; x_wconf 89' lang='lat' dir='ltr'>quievit</span> <span class='ocrx_word' id='word_1_295' title='bbox 2203 2805 2501 2884; x_wconf 90' lang='lat' dir='ltr'>populus.</span> 
     </span>
    </p>
   </div>
   <div class='ocr_carea' id='block_1_27' title="bbox 677 2937 3792 3020">
    <p class='ocr_par' dir='ltr' id='par_1_27' title="bbox 677 2937 3792 3020">
     <span class='ocr_line' id='line_1_27' title="bbox 677 2937 3792 3020; baseline -0.001 -21"><span class='ocrx_word' id='word_1_296' title='bbox 677 2945 840 2999; x_wconf 63' lang='lat'>218</span> <span class='ocrx_word' id='word_1_297' title='bbox 885 2937 996 2998; x_wconf 88' lang='lat' dir='ltr'>Hic</span> <span class='ocrx_word' id='word_1_298' title='bbox 1038 2937 1101 2997; x_wconf 91' lang='lat' dir='ltr'>in</span> <span class='ocrx_word' id='word_1_299' title='bbox 1147 2937 1554 2998; x_wconf 87' lang='lat' dir='ltr'>Lateranensi</span> <span class='ocrx_word' id='word_1_300' title='bbox 1599 2937 1982 3015; x_wconf 89' lang='lat' dir='ltr'>patriarchio</span> <span class='ocrx_word' id='word_1_301' title='bbox 2026 2943 2173 3000; x_wconf 87' lang='lat' dir='ltr'>ante</span> <span class='ocrx_word' id='word_1_302' title='bbox 2230 2938 2556 2999; x_wconf 87' lang='lat' dir='ltr'>basilicam</span> <span class='ocrx_word' id='word_1_303' title='bbox 2601 2940 2806 3002; x_wconf 70' lang='lat' dir='ltr'>beatae</span> <span class='ocrx_word' id='word_1_304' title='bbox 2851 2941 3174 3001; x_wconf 76' lang='lat' dir='ltr'>memoria:</span> <span class='ocrx_word' id='word_1_305' title='bbox 3215 2941 3537 3003; x_wconf 85' lang='lat' dir='ltr'>Theodori</span> <span class='ocrx_word' id='word_1_306' title='bbox 3579 2957 3732 3020; x_wconf 67' lang='lat' dir='ltr'>papae</span> <span class='ocrx_word' id='word_1_307' title='bbox 3765 2955 3792 2996; x_wconf 88' lang='lat' dir='ltr'>a</span> 
     </span>
    </p>
   </div>
   <div class='ocr_carea' id='block_1_28' title="bbox 595 3043 3792 3128">
    <p class='ocr_par' dir='ltr' id='par_1_28' title="bbox 595 3043 3792 3128">
     <span class='ocr_line' id='line_1_28' title="bbox 595 3043 3792 3128; baseline -0.002 -20"><span class='ocrx_word' id='word_1_308' title='bbox 595 3064 759 3108; x_wconf 89' lang='lat' dir='ltr'>novo</span> <span class='ocrx_word' id='word_1_309' title='bbox 803 3044 952 3105; x_wconf 89' lang='lat' dir='ltr'>fecit</span> <span class='ocrx_word' id='word_1_310' title='bbox 989 3043 1079 3124; x_wconf 85' lang='lat' dir='ltr'>(g)</span> <span class='ocrx_word' id='word_1_311' title='bbox 1125 3044 1489 3110; x_wconf 82' lang='lat' dir='ltr'>triclinium.</span> <span class='ocrx_word' id='word_1_312' title='bbox 1537 3043 1705 3122; x_wconf 89' lang='lat' dir='ltr'>quod</span> <span class='ocrx_word' id='word_1_313' title='bbox 1770 3045 2032 3105; x_wconf 84' lang='lat' dir='ltr'>diversis</span> <span class='ocrx_word' id='word_1_314' title='bbox 2093 3047 2512 3107; x_wconf 89' lang='lat' dir='ltr'>marmoribus</span> <span class='ocrx_word' id='word_1_315' title='bbox 2555 3051 2618 3107; x_wconf 92' lang='lat' dir='ltr'>et</span> <span class='ocrx_word' id='word_1_316' title='bbox 2660 3048 2838 3118; x_wconf 86' lang='lat' dir='ltr'>vitio,</span> <span class='ocrx_word' id='word_1_317' title='bbox 2887 3048 3156 3109; x_wconf 88' lang='lat' dir='ltr'>metallis</span> <span class='ocrx_word' id='word_1_318' title='bbox 3212 3055 3410 3128; x_wconf 87' lang='lat' dir='ltr'>atque</span> <span class='ocrx_word' id='word_1_319' title='bbox 3473 3048 3692 3110; x_wconf 86' lang='lat' dir='ltr'>musivo</span> <span class='ocrx_word' id='word_1_320' title='bbox 3745 3049 3792 3104; x_wconf 88' lang='lat' dir='ltr'>et</span> 
     </span>
    </p>
   </div>
   <div class='ocr_carea' id='block_1_29' title="bbox 594 3150 3793 3235">
    <p class='ocr_par' dir='ltr' id='par_1_29' title="bbox 594 3150 3793 3235">
     <span class='ocr_line' id='line_1_29' title="bbox 594 3150 3793 3235; baseline 0 -23"><span class='ocrx_word' id='word_1_321' title='bbox 594 3153 844 3233; x_wconf 85' lang='lat' dir='ltr'>pictura</span> <span class='ocrx_word' id='word_1_322' title='bbox 886 3150 1159 3223; x_wconf 88' lang='lat' dir='ltr'>ornavit,</span> <span class='ocrx_word' id='word_1_323' title='bbox 1205 3151 1314 3210; x_wconf 89' lang='lat' dir='ltr'>sed</span> <span class='ocrx_word' id='word_1_324' title='bbox 1358 3155 1418 3210; x_wconf 91' lang='lat' dir='ltr'>et</span> <span class='ocrx_word' id='word_1_325' title='bbox 1461 3150 1654 3210; x_wconf 88' lang='lat' dir='ltr'>sacris</span> <span class='ocrx_word' id='word_1_326' title='bbox 1697 3150 2079 3230; x_wconf 87' lang='lat' dir='ltr'>imaginibus</span> <span class='ocrx_word' id='word_1_327' title='bbox 2123 3157 2252 3211; x_wconf 86' lang='lat' dir='ltr'>tam</span> <span class='ocrx_word' id='word_1_328' title='bbox 2296 3154 2642 3214; x_wconf 89' lang='lat' dir='ltr'>oratorium</span> <span class='ocrx_word' id='word_1_329' title='bbox 2689 3155 2857 3214; x_wconf 90' lang='lat' dir='ltr'>beati</span> <span class='ocrx_word' id='word_1_330' title='bbox 2901 3155 3184 3216; x_wconf 87' lang='lat' dir='ltr'>Silvestri</span> <span class='ocrx_word' id='word_1_331' title='bbox 3225 3173 3546 3235; x_wconf 89' lang='lat' dir='ltr'>quamque</span> <span class='ocrx_word' id='word_1_332' title='bbox 3587 3159 3642 3215; x_wconf 89' lang='lat' dir='ltr'>et</span> <span class='ocrx_word' id='word_1_333' title='bbox 3679 3168 3793 3232; x_wconf 89' lang='lat' dir='ltr'>por-</span> 
     </span>
    </p>
   </div>
   <div class='ocr_carea' id='block_1_30' title="bbox 595 3255 3798 3342">
    <p class='ocr_par' dir='ltr' id='par_1_30' title="bbox 595 3255 3798 3342">
     <span class='ocr_line' id='line_1_30' title="bbox 595 3255 3798 3342; baseline -0.001 -23"><span class='ocrx_word' id='word_1_334' title='bbox 595 3259 789 3319; x_wconf 89' lang='lat' dir='ltr'>ticum</span> <span class='ocrx_word' id='word_1_335' title='bbox 833 3257 1174 3318; x_wconf 86' lang='lat' dir='ltr'>decoravit.</span> <span class='ocrx_word' id='word_1_336' title='bbox 1222 3256 1344 3319; x_wconf 93' lang='lat' dir='ltr'>Ubi</span> <span class='ocrx_word' id='word_1_337' title='bbox 1385 3256 1574 3317; x_wconf 88' lang='lat' dir='ltr'>etiam</span> <span class='ocrx_word' id='word_1_338' title='bbox 1621 3263 1684 3318; x_wconf 90' lang='lat' dir='ltr'>et</span> <span class='ocrx_word' id='word_1_339' title='bbox 1725 3277 1976 3318; x_wconf 90' lang='lat' dir='ltr'>omnem</span> <span class='ocrx_word' id='word_1_340' title='bbox 2023 3258 2442 3320; x_wconf 88' lang='lat' dir='ltr'>substantiam</span> <span class='ocrx_word' id='word_1_341' title='bbox 2487 3279 2666 3321; x_wconf 88' lang='lat' dir='ltr'>suam</span> <span class='ocrx_word' id='word_1_342' title='bbox 2713 3279 2824 3340; x_wconf 89' lang='lat' dir='ltr'>per</span> <span class='ocrx_word' id='word_1_343' title='bbox 2868 3280 3094 3322; x_wconf 89' lang='lat' dir='ltr'>manus</span> <span class='ocrx_word' id='word_1_344' title='bbox 3137 3262 3458 3323; x_wconf 86' lang='lat' dir='ltr'>Ambrosii</span> <span class='ocrx_word' id='word_1_345' title='bbox 3511 3255 3798 3342; x_wconf 83' lang='lat' dir='ltr'>primicerii</span> 
     </span>
    </p>
   </div>
   <div class='ocr_carea' id='block_1_31' title="bbox 515 3363 3794 3430">
    <p class='ocr_par' dir='ltr' id='par_1_31' title="bbox 515 3363 3794 3430">
     <span class='ocr_line' id='line_1_31' title="bbox 515 3363 3794 3430; baseline -0.002 -2"><span class='ocrx_word' id='word_1_346' title='bbox 515 3368 552 3428; x_wconf 83' lang='lat'><strong>5</strong></span> <span class='ocrx_word' id='word_1_347' title='bbox 593 3365 986 3428; x_wconf 87' lang='lat' dir='ltr'>notariorum</span> <span class='ocrx_word' id='word_1_348' title='bbox 1048 3363 1372 3425; x_wconf 91' lang='lat' dir='ltr'>introduci</span> <span class='ocrx_word' id='word_1_349' title='bbox 1433 3364 1778 3424; x_wconf 88' lang='lat' dir='ltr'>mandavit.</span> <span class='ocrx_word' id='word_1_350' title='bbox 1827 3365 2002 3426; x_wconf 90' lang='lat' dir='ltr'>Fecit</span> <span class='ocrx_word' id='word_1_351' title='bbox 2043 3371 2252 3426; x_wconf 90' lang='lat' dir='ltr'>autem</span> <span class='ocrx_word' id='word_1_352' title='bbox 2299 3385 2337 3425; x_wconf 90' lang='lat' dir='ltr'>a</span> <span class='ocrx_word' id='word_1_353' title='bbox 2379 3368 2808 3428; x_wconf 88' lang='lat' dir='ltr'>fundamentis</span> <span class='ocrx_word' id='word_1_354' title='bbox 2870 3375 3014 3428; x_wconf 87' lang='lat' dir='ltr'>ante</span> <span class='ocrx_word' id='word_1_355' title='bbox 3059 3369 3362 3430; x_wconf 90' lang='lat' dir='ltr'>scrinium</span> <span class='ocrx_word' id='word_1_356' title='bbox 3431 3372 3794 3430; x_wconf 85' lang='lat' dir='ltr'>Lateranense</span> 
     </span>
    </p>
   </div>
   <div class='ocr_carea' id='block_1_32' title="bbox 595 3469 3796 3556">
    <p class='ocr_par' dir='ltr' id='par_1_32' title="bbox 595 3469 3796 3556">
     <span class='ocr_line' id='line_1_32' title="bbox 595 3469 3796 3556; baseline -0.001 -23"><span class='ocrx_word' id='word_1_357' title='bbox 595 3473 908 3552; x_wconf 89' lang='lat' dir='ltr'>porticum</span> <span class='ocrx_word' id='word_1_358' title='bbox 953 3477 1144 3549; x_wconf 88' lang='lat' dir='ltr'>atque</span> <span class='ocrx_word' id='word_1_359' title='bbox 1187 3475 1444 3542; x_wconf 90' lang='lat' dir='ltr'>turrem,</span> <span class='ocrx_word' id='word_1_360' title='bbox 1494 3469 1604 3529; x_wconf 91' lang='lat' dir='ltr'>ubi</span> <span class='ocrx_word' id='word_1_361' title='bbox 1663 3475 1726 3530; x_wconf 91' lang='lat' dir='ltr'>et</span> <span class='ocrx_word' id='word_1_362' title='bbox 1786 3477 2002 3549; x_wconf 88' lang='lat' dir='ltr'>portas</span> <span class='ocrx_word' id='word_1_363' title='bbox 2047 3489 2240 3532; x_wconf 67' lang='lat' dir='ltr'>aereas</span> <span class='ocrx_word' id='word_1_364' title='bbox 2293 3479 2482 3552; x_wconf 90' lang='lat' dir='ltr'>atque</span> <span class='ocrx_word' id='word_1_365' title='bbox 2545 3474 2856 3536; x_wconf 88' lang='lat' dir='ltr'>cancellos</span> <span class='ocrx_word' id='word_1_366' title='bbox 2915 3475 3210 3548; x_wconf 89' lang='lat' dir='ltr'>instituit,</span> <span class='ocrx_word' id='word_1_367' title='bbox 3279 3482 3348 3538; x_wconf 91' lang='lat' dir='ltr'>et</span> <span class='ocrx_word' id='word_1_368' title='bbox 3409 3495 3520 3556; x_wconf 90' lang='lat' dir='ltr'>per</span> <span class='ocrx_word' id='word_1_369' title='bbox 3579 3475 3796 3552; x_wconf 81' lang='lat' dir='ltr'>figuram</span> 
     </span>
    </p>
   </div>
   <div class='ocr_carea' id='block_1_33' title="bbox 593 3575 3796 3662">
    <p class='ocr_par' dir='ltr' id='par_1_33' title="bbox 593 3575 3796 3662">
     <span class='ocr_line' id='line_1_33' title="bbox 593 3575 3796 3662; baseline -0.001 -26"><span class='ocrx_word' id='word_1_370' title='bbox 593 3577 937 3644; x_wconf 84' lang='lat' dir='ltr'>Salvatoris</span> <span class='ocrx_word' id='word_1_371' title='bbox 981 3576 1066 3656; x_wconf 77' lang='lat' dir='ltr'>(l2)</span> <span class='ocrx_word' id='word_1_372' title='bbox 1109 3581 1254 3636; x_wconf 88' lang='lat' dir='ltr'>ante</span> <span class='ocrx_word' id='word_1_373' title='bbox 1299 3577 1463 3636; x_wconf 90' lang='lat' dir='ltr'>fores</span> <span class='ocrx_word' id='word_1_374' title='bbox 1511 3575 1779 3636; x_wconf 86' lang='lat' dir='ltr'>ornavit.</span> <span class='ocrx_word' id='word_1_375' title='bbox 1828 3580 1904 3637; x_wconf 87' lang='lat' dir='ltr'>Et</span> <span class='ocrx_word' id='word_1_376' title='bbox 1952 3597 2062 3656; x_wconf 87' lang='lat' dir='ltr'>per</span> <span class='ocrx_word' id='word_1_377' title='bbox 2109 3579 2518 3640; x_wconf 89' lang='lat' dir='ltr'>ascendentes</span> <span class='ocrx_word' id='word_1_378' title='bbox 2561 3581 2762 3640; x_wconf 85' lang='lat' dir='ltr'>scalas</span> <span class='ocrx_word' id='word_1_379' title='bbox 2791 3581 2852 3640; x_wconf 89' lang='lat' dir='ltr'>in</span> <span class='ocrx_word' id='word_1_380' title='bbox 2885 3581 3320 3661; x_wconf 87' lang='lat' dir='ltr'>superioribus</span> <span class='ocrx_word' id='word_1_381' title='bbox 3349 3601 3535 3662; x_wconf 90' lang='lat' dir='ltr'>super</span> <span class='ocrx_word' id='word_1_382' title='bbox 3561 3577 3796 3642; x_wconf 88' lang='lat' dir='ltr'>eamdem</span> 
     </span>
    </p>
   </div>
   <div class='ocr_carea' id='block_1_34' title="bbox 597 3681 3793 3768">
    <p class='ocr_par' dir='ltr' id='par_1_34' title="bbox 597 3681 3793 3768">
     <span class='ocr_line' id='line_1_34' title="bbox 597 3681 3793 3768; baseline -0.001 -25"><span class='ocrx_word' id='word_1_383' title='bbox 597 3690 834 3744; x_wconf 89' lang='lat' dir='ltr'>turrem</span> <span class='ocrx_word' id='word_1_384' title='bbox 879 3681 1244 3754; x_wconf 90' lang='lat' dir='ltr'>triclinium,</span> <span class='ocrx_word' id='word_1_385' title='bbox 1291 3687 1355 3741; x_wconf 90' lang='lat' dir='ltr'>et</span> <span class='ocrx_word' id='word_1_386' title='bbox 1397 3681 1709 3742; x_wconf 89' lang='lat' dir='ltr'>cancellos</span> <span class='ocrx_word' id='word_1_387' title='bbox 1767 3701 1963 3743; x_wconf 67' lang='lat' dir='ltr'>aereos</span> <span class='ocrx_word' id='word_1_388' title='bbox 2019 3685 2390 3745; x_wconf 88' lang='lat' dir='ltr'>construxit.</span> <span class='ocrx_word' id='word_1_389' title='bbox 2439 3685 2560 3748; x_wconf 90' lang='lat' dir='ltr'>Ubi</span> <span class='ocrx_word' id='word_1_390' title='bbox 2620 3693 2684 3747; x_wconf 91' lang='lat' dir='ltr'>et</span> <span class='ocrx_word' id='word_1_391' title='bbox 2743 3687 2914 3748; x_wconf 89' lang='lat' dir='ltr'>orbis</span> <span class='ocrx_word' id='word_1_392' title='bbox 2983 3693 3300 3750; x_wconf 88' lang='lat' dir='ltr'>terrarum</span> <span class='ocrx_word' id='word_1_393' title='bbox 3365 3687 3793 3768; x_wconf 86' lang='lat' dir='ltr'>descriptionem</span> 
     </span>
    </p>
   </div>
   <div class='ocr_carea' id='block_1_35' title="bbox 600 3787 3795 3874">
    <p class='ocr_par' dir='ltr' id='par_1_35' title="bbox 600 3787 3795 3874">
     <span class='ocr_line' id='line_1_35' title="bbox 600 3787 3795 3874; baseline -0 -24"><span class='ocrx_word' id='word_1_394' title='bbox 600 3788 906 3870; x_wconf 84' lang='lat' dir='ltr'>depinxit,</span> <span class='ocrx_word' id='word_1_395' title='bbox 955 3793 1142 3867; x_wconf 90' lang='lat' dir='ltr'>atque</span> <span class='ocrx_word' id='word_1_396' title='bbox 1185 3788 1445 3848; x_wconf 85' lang='lat' dir='ltr'>diversis</span> <span class='ocrx_word' id='word_1_397' title='bbox 1487 3787 1808 3849; x_wconf 89' lang='lat' dir='ltr'>versiculis</span> <span class='ocrx_word' id='word_1_398' title='bbox 1851 3791 2121 3865; x_wconf 89' lang='lat' dir='ltr'>ornavit,</span> <span class='ocrx_word' id='word_1_399' title='bbox 2169 3797 2230 3851; x_wconf 92' lang='lat' dir='ltr'>et</span> <span class='ocrx_word' id='word_1_400' title='bbox 2273 3811 2461 3853; x_wconf 89' lang='lat' dir='ltr'>omne</span> <span class='ocrx_word' id='word_1_401' title='bbox 2505 3793 2958 3872; x_wconf 88' lang='lat' dir='ltr'>patriarchium</span> <span class='ocrx_word' id='word_1_402' title='bbox 3027 3813 3188 3874; x_wconf 90' lang='lat' dir='ltr'>pene</span> <span class='ocrx_word' id='word_1_403' title='bbox 3231 3813 3270 3857; x_wconf 88' lang='lat' dir='ltr'>a</span> <span class='ocrx_word' id='word_1_404' title='bbox 3315 3813 3479 3856; x_wconf 84' lang='lat' dir='ltr'>novo</span> <span class='ocrx_word' id='word_1_405' title='bbox 3533 3799 3795 3855; x_wconf 84' lang='lat' dir='ltr'>restaura-</span> 
     </span>
    </p>
   </div>
   <div class='ocr_carea' id='block_1_36' title="bbox 475 3895 3794 3982">
    <p class='ocr_par' dir='ltr' id='par_1_36' title="bbox 475 3895 3794 3982">
     <span class='ocr_line' id='line_1_36' title="bbox 475 3895 3794 3982; baseline -0.001 -25"><span class='ocrx_word' id='word_1_406' title='bbox 475 3897 558 3958; x_wconf 77' lang='grc'>10</span> <span class='ocrx_word' id='word_1_407' title='bbox 601 3897 725 3970; x_wconf 87' lang='lat' dir='ltr'>vit;</span> <span class='ocrx_word' id='word_1_408' title='bbox 775 3895 837 3956; x_wconf 91' lang='lat' dir='ltr'>in</span> <span class='ocrx_word' id='word_1_409' title='bbox 901 3913 1130 3974; x_wconf 88' lang='lat' dir='ltr'>magna</span> <span class='ocrx_word' id='word_1_410' title='bbox 1195 3895 1363 3955; x_wconf 89' lang='lat' dir='ltr'>enim</span> <span class='ocrx_word' id='word_1_411' title='bbox 1435 3895 1702 3974; x_wconf 89' lang='lat' dir='ltr'>penuria</span> <span class='ocrx_word' id='word_1_412' title='bbox 1761 3897 2051 3958; x_wconf 90' lang='lat' dir='ltr'>eumdem</span> <span class='ocrx_word' id='word_1_413' title='bbox 2115 3897 2322 3958; x_wconf 90' lang='lat' dir='ltr'>locum</span> <span class='ocrx_word' id='word_1_414' title='bbox 2385 3899 2734 3961; x_wconf 89' lang='lat' dir='ltr'>invenerat.</span> <span class='ocrx_word' id='word_1_415' title='bbox 2795 3901 2906 3961; x_wconf 89' lang='lat' dir='ltr'>Hic</span> <span class='ocrx_word' id='word_1_416' title='bbox 2967 3901 3034 3961; x_wconf 91' lang='lat' dir='ltr'>in</span> <span class='ocrx_word' id='word_1_417' title='bbox 3097 3903 3366 3964; x_wconf 89' lang='lat' dir='ltr'>ecclesia</span> <span class='ocrx_word' id='word_1_418' title='bbox 3421 3899 3794 3982; x_wconf 88' lang='lat' dir='ltr'>apostolorum</span> 
     </span>
    </p>
   </div>
   <div class='ocr_carea' id='block_1_37' title="bbox 597 3999 3798 4089">
    <p class='ocr_par' dir='ltr' id='par_1_37' title="bbox 597 3999 3798 4089">
     <span class='ocr_line' id='line_1_37' title="bbox 597 3999 3798 4089; baseline -0.001 -25"><span class='ocrx_word' id='word_1_419' title='bbox 597 4002 954 4083; x_wconf 87' lang='lat' dir='ltr'>principum</span> <span class='ocrx_word' id='word_1_420' title='bbox 998 4003 1172 4063; x_wconf 89' lang='lat' dir='ltr'>Petri</span> <span class='ocrx_word' id='word_1_421' title='bbox 1213 4007 1276 4063; x_wconf 90' lang='lat' dir='ltr'>et</span> <span class='ocrx_word' id='word_1_422' title='bbox 1317 4002 1496 4063; x_wconf 90' lang='lat' dir='ltr'>Pauli</span> <span class='ocrx_word' id='word_1_423' title='bbox 1543 4001 1882 4082; x_wconf 90' lang='lat' dir='ltr'>pendentia</span> <span class='ocrx_word' id='word_1_424' title='bbox 1925 4005 2064 4064; x_wconf 90' lang='lat' dir='ltr'>vela</span> <span class='ocrx_word' id='word_1_425' title='bbox 2103 4003 2271 4066; x_wconf 90' lang='lat' dir='ltr'>inter</span> <span class='ocrx_word' id='word_1_426' title='bbox 2312 4009 2638 4066; x_wconf 83' lang='lat' dir='ltr'>columnas</span> <span class='ocrx_word' id='word_1_427' title='bbox 2701 4025 2777 4067; x_wconf 85' lang='lat' dir='ltr'>ex</span> <span class='ocrx_word' id='word_1_428' title='bbox 2835 4008 3059 4087; x_wconf 87' lang='lat' dir='ltr'>palleis</span> <span class='ocrx_word' id='word_1_429' title='bbox 3117 4009 3353 4088; x_wconf 86' lang='lat' dir='ltr'>Syricis</span> <span class='ocrx_word' id='word_1_430' title='bbox 3399 4009 3474 4089; x_wconf 75' lang='grc' dir='ltr'>(τ’)</span> <span class='ocrx_word' id='word_1_431' title='bbox 3523 4006 3674 4069; x_wconf 82' lang='lat' dir='ltr'>fecit.</span> <span class='ocrx_word' id='word_1_432' title='bbox 3713 3999 3798 4062; x_wconf 87' lang='lat' dir='ltr'>Hic</span> 
     </span>
    </p>
   </div>
   <div class='ocr_carea' id='block_1_38' title="bbox 592 4105 3794 4196">
    <p class='ocr_par' dir='ltr' id='par_1_38' title="bbox 592 4105 3794 4196">
     <span class='ocr_line' id='line_1_38' title="bbox 592 4105 3794 4196; baseline -0 -25"><span class='ocrx_word' id='word_1_433' title='bbox 592 4109 658 4172; x_wconf 88' lang='lat' dir='ltr'>in</span> <span class='ocrx_word' id='word_1_434' title='bbox 701 4109 966 4171; x_wconf 89' lang='lat' dir='ltr'>ecclesia</span> <span class='ocrx_word' id='word_1_435' title='bbox 1009 4109 1294 4190; x_wconf 66' lang='lat' dir='ltr'>praedicti</span> <span class='ocrx_word' id='word_1_436' title='bbox 1335 4108 1639 4188; x_wconf 88' lang='lat' dir='ltr'>principis</span> <span class='ocrx_word' id='word_1_437' title='bbox 1679 4109 2110 4188; x_wconf 82' lang='lat' dir='ltr'>apostolorum</span> <span class='ocrx_word' id='word_1_438' title='bbox 2175 4130 2395 4172; x_wconf 89' lang='lat' dir='ltr'>omnes</span> <span class='ocrx_word' id='word_1_439' title='bbox 2456 4111 2702 4173; x_wconf 89' lang='lat' dir='ltr'>codices</span> <span class='ocrx_word' id='word_1_440' title='bbox 2761 4113 2988 4174; x_wconf 89' lang='lat' dir='ltr'>domus</span> <span class='ocrx_word' id='word_1_441' title='bbox 3043 4133 3172 4176; x_wconf 64' lang='lat' dir='ltr'>sua:</span> <span class='ocrx_word' id='word_1_442' title='bbox 3233 4115 3548 4196; x_wconf 86' lang='lat' dir='ltr'>proprios,</span> <span class='ocrx_word' id='word_1_443' title='bbox 3609 4108 3702 4192; x_wconf 90' lang='lat' dir='ltr'>qui</span> <span class='ocrx_word' id='word_1_444' title='bbox 3747 4105 3794 4165; x_wconf 82' lang='lat' dir='ltr'>in</span> 
     </span>
    </p>
   </div>
   <div class='ocr_carea' id='block_1_39' title="bbox 595 4215 3792 4296">
    <p class='ocr_par' dir='ltr' id='par_1_39' title="bbox 595 4215 3792 4296">
     <span class='ocr_line' id='line_1_39' title="bbox 595 4215 3792 4296; baseline -0.002 -18"><span class='ocrx_word' id='word_1_445' title='bbox 595 4217 828 4278; x_wconf 90' lang='lat' dir='ltr'>circulo</span> <span class='ocrx_word' id='word_1_446' title='bbox 873 4215 1024 4278; x_wconf 88' lang='lat' dir='ltr'>anni</span> <span class='ocrx_word' id='word_1_447' title='bbox 1065 4217 1362 4296; x_wconf 89' lang='lat' dir='ltr'>leguntur</span> <span class='ocrx_word' id='word_1_448' title='bbox 1404 4215 1484 4276; x_wconf 87' lang='lat' dir='ltr'>ad</span> <span class='ocrx_word' id='word_1_449' title='bbox 1529 4217 1898 4292; x_wconf 89' lang='lat' dir='ltr'>matutinos,</span> <span class='ocrx_word' id='word_1_450' title='bbox 1929 4217 1992 4278; x_wconf 92' lang='lat' dir='ltr'>in</span> <span class='ocrx_word' id='word_1_451' title='bbox 2043 4217 2301 4276; x_wconf 89' lang='lat' dir='ltr'>armarii</span> <span class='ocrx_word' id='word_1_452' title='bbox 2345 4237 2533 4296; x_wconf 89' lang='lat' dir='ltr'>opere</span> <span class='ocrx_word' id='word_1_453' title='bbox 2577 4219 2915 4282; x_wconf 85' lang='lat' dir='ltr'>ordinavit.</span> <span class='ocrx_word' id='word_1_454' title='bbox 2939 4221 3052 4283; x_wconf 86' lang='lat' dir='ltr'>Hic</span> <span class='ocrx_word' id='word_1_455' title='bbox 3091 4221 3354 4284; x_wconf 85' lang='lat' dir='ltr'>domum</span> <span class='ocrx_word' id='word_1_456' title='bbox 3401 4223 3626 4284; x_wconf 83' lang='lat' dir='ltr'>cultam</span> <span class='ocrx_word' id='word_1_457' title='bbox 3662 4220 3792 4277; x_wconf 87' lang='lat' dir='ltr'>Lau-</span> 
     </span>
    </p>
   </div>
   <div class='ocr_carea' id='block_1_40' title="bbox 595 4323 3788 4410">
    <p class='ocr_par' dir='ltr' id='par_1_40' title="bbox 595 4323 3788 4410">
     <span class='ocr_line' id='line_1_40' title="bbox 595 4323 3788 4410; baseline -0.003 -24"><span class='ocrx_word' id='word_1_458' title='bbox 595 4331 802 4386; x_wconf 90' lang='lat' dir='ltr'>retum</span> <span class='ocrx_word' id='word_1_459' title='bbox 843 4323 932 4406; x_wconf 63' lang='grc' dir='ltr'>(λ’)</span> <span class='ocrx_word' id='word_1_460' title='bbox 979 4323 1224 4384; x_wconf 90' lang='lat' dir='ltr'>noviter</span> <span class='ocrx_word' id='word_1_461' title='bbox 1281 4323 1620 4398; x_wconf 84' lang='lat' dir='ltr'>ordinavit,</span> <span class='ocrx_word' id='word_1_462' title='bbox 1685 4323 1988 4402; x_wconf 88' lang='lat' dir='ltr'>adjiciens</span> <span class='ocrx_word' id='word_1_463' title='bbox 2047 4330 2110 4384; x_wconf 90' lang='lat' dir='ltr'>et</span> <span class='ocrx_word' id='word_1_464' title='bbox 2169 4342 2441 4385; x_wconf 88' lang='lat' dir='ltr'>massam</span> <span class='ocrx_word' id='word_1_465' title='bbox 2499 4327 2912 4388; x_wconf 88' lang='lat' dir='ltr'>Fonteianam</span> <span class='ocrx_word' id='word_1_466' title='bbox 2971 4328 3080 4410; x_wconf 84' lang='lat' dir='ltr'>(k),</span> <span class='ocrx_word' id='word_1_467' title='bbox 3143 4349 3289 4409; x_wconf 67' lang='lat' dir='ltr'>quas</span> <span class='ocrx_word' id='word_1_468' title='bbox 3352 4324 3788 4408; x_wconf 85' lang='lat' dir='ltr'>cognominatur</span> 
     </span>
    </p>
   </div>
   <div class='ocr_carea' id='block_1_41' title="bbox 478 4429 1050 4511">
    <p class='ocr_par' dir='ltr' id='par_1_41' title="bbox 478 4429 1050 4511">
     <span class='ocr_line' id='line_1_41' title="bbox 478 4429 1050 4511; baseline -0.003 -19"><span class='ocrx_word' id='word_1_469' title='bbox 478 4433 553 4492; x_wconf 86' lang='grc'>15</span> <span class='ocrx_word' id='word_1_470' title='bbox 593 4430 914 4492; x_wconf 88' lang='lat' dir='ltr'>Paunaria</span> <span class='ocrx_word' id='word_1_471' title='bbox 957 4429 1050 4511; x_wconf 82' lang='grc' dir='ltr'>(ἰ).</span> 
     </span>
    </p>
   </div>
   <div class='ocr_carea' id='block_1_42' title="bbox 681 4557 3796 4642">
    <p class='ocr_par' dir='ltr' id='par_1_42' title="bbox 681 4557 3796 4642">
     <span class='ocr_line' id='line_1_42' title="bbox 681 4557 3796 4642; baseline -0.003 -17"><span class='ocrx_word' id='word_1_472' title='bbox 681 4571 850 4625; x_wconf 64' lang='grc'>919</span> <span class='ocrx_word' id='word_1_473' title='bbox 892 4563 1005 4624; x_wconf 88' lang='lat' dir='ltr'>Hic</span> <span class='ocrx_word' id='word_1_474' title='bbox 1045 4561 1268 4642; x_wconf 89' lang='lat' dir='ltr'>viginti</span> <span class='ocrx_word' id='word_1_475' title='bbox 1310 4563 1448 4622; x_wconf 87' lang='lat' dir='ltr'>auri</span> <span class='ocrx_word' id='word_1_476' title='bbox 1489 4561 1684 4623; x_wconf 89' lang='lat' dir='ltr'>libras</span> <span class='ocrx_word' id='word_1_477' title='bbox 1733 4581 1842 4642; x_wconf 90' lang='lat' dir='ltr'>pro</span> <span class='ocrx_word' id='word_1_478' title='bbox 1886 4561 2152 4624; x_wconf 87' lang='lat' dir='ltr'>emendo</span> <span class='ocrx_word' id='word_1_479' title='bbox 2197 4563 2336 4624; x_wconf 91' lang='lat' dir='ltr'>oleo</span> <span class='ocrx_word' id='word_1_480' title='bbox 2379 4582 2612 4641; x_wconf 88' lang='lat' dir='ltr'>annue,</span> <span class='ocrx_word' id='word_1_481' title='bbox 2657 4571 2730 4626; x_wconf 91' lang='lat' dir='ltr'>ut</span> <span class='ocrx_word' id='word_1_482' title='bbox 2769 4567 2848 4628; x_wconf 90' lang='lat' dir='ltr'>de</span> <span class='ocrx_word' id='word_1_483' title='bbox 2891 4567 3067 4629; x_wconf 89' lang='lat' dir='ltr'>lucro</span> <span class='ocrx_word' id='word_1_484' title='bbox 3111 4586 3332 4629; x_wconf 90' lang='lat' dir='ltr'>eorum</span> <span class='ocrx_word' id='word_1_485' title='bbox 3387 4569 3454 4630; x_wconf 91' lang='lat' dir='ltr'>in</span> <span class='ocrx_word' id='word_1_486' title='bbox 3497 4557 3796 4628; x_wconf 81' lang='lat' dir='ltr'>luminariis</span> 
     </span>
    </p>
   </div>
   <div class='ocr_carea' id='block_1_43' title="bbox 593 4663 3790 4753">
    <p class='ocr_par' dir='ltr' id='par_1_43' title="bbox 593 4663 3790 4753">
     <span class='ocr_line' id='line_1_43' title="bbox 593 4663 3790 4753; baseline -0.001 -23"><span class='ocrx_word' id='word_1_487' title='bbox 593 4669 702 4751; x_wconf 86' lang='lat' dir='ltr'>(m)</span> <span class='ocrx_word' id='word_1_488' title='bbox 749 4669 1110 4749; x_wconf 88' lang='lat' dir='ltr'>apostolicis</span> <span class='ocrx_word' id='word_1_489' title='bbox 1153 4669 1464 4749; x_wconf 84' lang='lat' dir='ltr'>proﬁciat,</span> <span class='ocrx_word' id='word_1_490' title='bbox 1509 4669 1800 4742; x_wconf 88' lang='lat' dir='ltr'>instituit,</span> <span class='ocrx_word' id='word_1_491' title='bbox 1852 4675 1914 4730; x_wconf 92' lang='lat' dir='ltr'>et</span> <span class='ocrx_word' id='word_1_492' title='bbox 1955 4670 2370 4730; x_wconf 87' lang='lat' dir='ltr'>constitutum</span> <span class='ocrx_word' id='word_1_493' title='bbox 2415 4671 2531 4731; x_wconf 89' lang='lat' dir='ltr'>sub</span> <span class='ocrx_word' id='word_1_494' title='bbox 2575 4673 2999 4735; x_wconf 85' lang='lat' dir='ltr'>anathematis</span> <span class='ocrx_word' id='word_1_495' title='bbox 3042 4675 3293 4737; x_wconf 90' lang='lat' dir='ltr'>vinculo</span> <span class='ocrx_word' id='word_1_496' title='bbox 3353 4672 3662 4753; x_wconf 86' lang='lat' dir='ltr'>obligavit.</span> <span class='ocrx_word' id='word_1_497' title='bbox 3702 4663 3790 4727; x_wconf 81' lang='lat' dir='ltr'>Hic</span> 
     </span>
    </p>
   </div>
   <div class='ocr_carea' id='block_1_44' title="bbox 600 4769 3796 4856">
    <p class='ocr_par' dir='ltr' id='par_1_44' title="bbox 600 4769 3796 4856">
     <span class='ocr_line' id='line_1_44' title="bbox 600 4769 3796 4856; baseline -0.001 -20"><span class='ocrx_word' id='word_1_498' title='bbox 600 4777 748 4838; x_wconf 86' lang='lat' dir='ltr'>fecit</span> <span class='ocrx_word' id='word_1_499' title='bbox 787 4781 1024 4838; x_wconf 90' lang='lat' dir='ltr'>vestem</span> <span class='ocrx_word' id='word_1_500' title='bbox 1067 4795 1258 4856; x_wconf 88' lang='lat' dir='ltr'>super</span> <span class='ocrx_word' id='word_1_501' title='bbox 1297 4777 1494 4837; x_wconf 87' lang='lat' dir='ltr'>altare</span> <span class='ocrx_word' id='word_1_502' title='bbox 1537 4776 1706 4836; x_wconf 89' lang='lat' dir='ltr'>beati</span> <span class='ocrx_word' id='word_1_503' title='bbox 1749 4777 1917 4836; x_wconf 89' lang='lat' dir='ltr'>Petri</span> <span class='ocrx_word' id='word_1_504' title='bbox 1959 4795 2038 4837; x_wconf 89' lang='lat' dir='ltr'>ex</span> <span class='ocrx_word' id='word_1_505' title='bbox 2081 4795 2236 4838; x_wconf 88' lang='lat' dir='ltr'>auro</span> <span class='ocrx_word' id='word_1_506' title='bbox 2282 4783 2544 4856; x_wconf 85' lang='lat' dir='ltr'>textam,</span> <span class='ocrx_word' id='word_1_507' title='bbox 2590 4779 2933 4842; x_wconf 88' lang='lat' dir='ltr'>habentem</span> <span class='ocrx_word' id='word_1_508' title='bbox 2977 4783 3384 4844; x_wconf 88' lang='lat' dir='ltr'>Nativitatem</span> <span class='ocrx_word' id='word_1_509' title='bbox 3445 4777 3674 4842; x_wconf 88' lang='lat' dir='ltr'>Domini</span> <span class='ocrx_word' id='word_1_510' title='bbox 3707 4769 3796 4833; x_wconf 87' lang='lat' dir='ltr'>Dei</span> 
     </span>
    </p>
   </div>
   <div class='ocr_carea' id='block_1_45' title="bbox 599 4877 3792 4969">
    <p class='ocr_par' dir='ltr' id='par_1_45' title="bbox 599 4877 3792 4969">
     <span class='ocr_line' id='line_1_45' title="bbox 599 4877 3792 4969; baseline -0.003 -25"><span class='ocrx_word' id='word_1_511' title='bbox 599 4887 664 4945; x_wconf 89' lang='lat' dir='ltr'>et</span> <span class='ocrx_word' id='word_1_512' title='bbox 705 4883 1048 4945; x_wconf 87' lang='lat' dir='ltr'>Salvatoris</span> <span class='ocrx_word' id='word_1_513' title='bbox 1092 4883 1292 4944; x_wconf 88' lang='lat' dir='ltr'>nostri</span> <span class='ocrx_word' id='word_1_514' title='bbox 1331 4885 1478 4944; x_wconf 91' lang='lat' dir='ltr'>Jesu</span> <span class='ocrx_word' id='word_1_515' title='bbox 1531 4883 1783 4956; x_wconf 88' lang='lat' dir='ltr'>Christi,</span> <span class='ocrx_word' id='word_1_516' title='bbox 1847 4884 2222 4963; x_wconf 89' lang='lat' dir='ltr'>ornavitque</span> <span class='ocrx_word' id='word_1_517' title='bbox 2280 4903 2419 4945; x_wconf 88' lang='lat' dir='ltr'>eam</span> <span class='ocrx_word' id='word_1_518' title='bbox 2480 4887 2748 4964; x_wconf 85' lang='lat' dir='ltr'>gemmis</span> <span class='ocrx_word' id='word_1_519' title='bbox 2817 4889 3123 4968; x_wconf 89' lang='lat' dir='ltr'>pretiosis.</span> <span class='ocrx_word' id='word_1_520' title='bbox 3189 4890 3518 4969; x_wconf 85' lang='lat' dir='ltr'>Simulque</span> <span class='ocrx_word' id='word_1_521' title='bbox 3573 4889 3632 4946; x_wconf 88' lang='lat' dir='ltr'>et</span> <span class='ocrx_word' id='word_1_522' title='bbox 3684 4877 3792 4940; x_wconf 78' lang='lat' dir='ltr'>vela</span> 
     </span>
    </p>
   </div>
   <div class='ocr_carea' id='block_1_46' title="bbox 519 4985 3792 5074">
    <p class='ocr_par' dir='ltr' id='par_1_46' title="bbox 519 4985 3792 5074">
     <span class='ocr_line' id='line_1_46' title="bbox 519 4985 3792 5074; baseline -0.002 -22"><span class='ocrx_word' id='word_1_523' title='bbox 519 4991 556 5052; x_wconf 83' lang='grc'><strong>5</strong></span> <span class='ocrx_word' id='word_1_524' title='bbox 599 4989 800 5052; x_wconf 86' lang='lat' dir='ltr'>serica</span> <span class='ocrx_word' id='word_1_525' title='bbox 839 4990 1124 5071; x_wconf 86' lang='lat' dir='ltr'>alithyna</span> <span class='ocrx_word' id='word_1_526' title='bbox 1165 4996 1460 5071; x_wconf 88' lang='lat' dir='ltr'>quatuor,</span> <span class='ocrx_word' id='word_1_527' title='bbox 1507 5009 1649 5070; x_wconf 84' lang='lat' dir='ltr'>quae</span> <span class='ocrx_word' id='word_1_528' title='bbox 1691 4995 1754 5052; x_wconf 91' lang='lat' dir='ltr'>et</span> <span class='ocrx_word' id='word_1_529' title='bbox 1797 4991 2046 5050; x_wconf 84' lang='lat' dir='ltr'>ornavit</span> <span class='ocrx_word' id='word_1_530' title='bbox 2087 5008 2229 5051; x_wconf 92' lang='lat' dir='ltr'>cum</span> <span class='ocrx_word' id='word_1_531' title='bbox 2293 4993 2447 5054; x_wconf 91' lang='lat' dir='ltr'>rotis</span> <span class='ocrx_word' id='word_1_532' title='bbox 2487 4991 2575 5074; x_wconf 86' lang='grc' dir='ltr'>(η)</span> <span class='ocrx_word' id='word_1_533' title='bbox 2619 4999 2683 5056; x_wconf 90' lang='lat' dir='ltr'>et</span> <span class='ocrx_word' id='word_1_534' title='bbox 2723 4997 3113 5058; x_wconf 88' lang='lat' dir='ltr'>ornamentis</span> <span class='ocrx_word' id='word_1_535' title='bbox 3157 4997 3347 5058; x_wconf 87' lang='lat' dir='ltr'>variis</span> <span class='ocrx_word' id='word_1_536' title='bbox 3413 5013 3561 5058; x_wconf 88' lang='lat' dir='ltr'>auro</span> <span class='ocrx_word' id='word_1_537' title='bbox 3621 4985 3792 5051; x_wconf 82' lang='lat' dir='ltr'>textis.</span> 
     </span>
    </p>
   </div>
   <div class='ocr_carea' id='block_1_47' title="bbox 1630 5325 2674 5386">
    <p class='ocr_par' dir='ltr' id='par_1_47' title="bbox 1630 5325 2674 5386">
     <span class='ocr_line' id='line_1_47' title="bbox 1630 5325 2674 5386; baseline 0.001 -12"><span class='ocrx_word' id='word_1_538' title='bbox 1630 5326 1878 5374; x_wconf 74' lang='lat' dir='ltr'>NOTULE</span> <span class='ocrx_word' id='word_1_539' title='bbox 1919 5325 2307 5374; x_wconf 69' lang='lat' dir='ltr'>NARGINALES</span> <span class='ocrx_word' id='word_1_540' title='bbox 2347 5328 2674 5386; x_wconf 73' lang='lat' dir='ltr'>FABROTTI.</span> 
     </span>
    </p>
   </div>
   <div class='ocr_carea' id='block_1_48' title="bbox 521 5599 3794 5732">
    <p class='ocr_par' dir='ltr' id='par_1_48' title="bbox 521 5599 3794 5732">
     <span class='ocr_line' id='line_1_48' title="bbox 521 5599 3794 5732; baseline 0.001 -70"><span class='ocrx_word' id='word_1_541' title='bbox 521 5608 598 5676; x_wconf 90' lang='lat' dir='ltr'>(a)</span> <span class='ocrx_word' id='word_1_542' title='bbox 625 5623 776 5732; x_wconf 60' lang='lat' dir='ltr'>gues</span> <span class='ocrx_word' id='word_1_543' title='bbox 807 5603 1081 5678; x_wconf 87' lang='lat' dir='ltr'>primitus</span> <span class='ocrx_word' id='word_1_544' title='bbox 1112 5603 1427 5658; x_wconf 88' lang='lat' dir='ltr'>detinebat.</span> <span class='ocrx_word' id='word_1_545' title='bbox 1505 5603 1582 5670; x_wconf 76' lang='grc' dir='ltr'>(ὁ)</span> <span class='ocrx_word' id='word_1_546' title='bbox 1603 5601 1876 5656; x_wconf 88' lang='lat' dir='ltr'>eumdem</span> <span class='ocrx_word' id='word_1_547' title='bbox 1907 5607 2176 5658; x_wconf 88' lang='lat' dir='ltr'>sanctum</span> <span class='ocrx_word' id='word_1_548' title='bbox 2197 5603 2386 5658; x_wconf 89' lang='lat' dir='ltr'>virum</span> <span class='ocrx_word' id='word_1_549' title='bbox 2411 5604 3133 5674; x_wconf 86' lang='lat' dir='ltr'>convians,B.comitatus.</span> <span class='ocrx_word' id='word_1_550' title='bbox 3211 5609 3280 5676; x_wconf 90' lang='lat' dir='ltr'>(c)</span> <span class='ocrx_word' id='word_1_551' title='bbox 3301 5608 3360 5661; x_wconf 81' lang='lat' dir='ltr'>C.</span> <span class='ocrx_word' id='word_1_552' title='bbox 3375 5605 3468 5660; x_wconf 87' lang='lat' dir='ltr'>ad.</span> <span class='ocrx_word' id='word_1_553' title='bbox 3540 5599 3612 5669; x_wconf 75' lang='grc' dir='ltr'>(ά)</span> <span class='ocrx_word' id='word_1_554' title='bbox 3631 5605 3794 5666; x_wconf 65' lang='grc'>88⁸³⁸·</span> 
     </span>
     <span class='ocr_line' id='line_1_49' title="bbox 521 5669 3794 5732; baseline -0.003 0"><span class='ocrx_word' id='word_1_555' title='bbox 521 5681 594 5732; x_wconf 76' lang='grc' dir='ltr'>(ε)</span> <span class='ocrx_word' id='word_1_556' title='bbox 669 5719 684 5732; x_wconf 87' lang='grc'>.</span> <span class='ocrx_word' id='word_1_557' title='bbox 715 5676 1025 5732; x_wconf 66' lang='lat' dir='ltr'>legatione.</span> <span class='ocrx_word' id='word_1_558' title='bbox 1103 5675 1173 5732; x_wconf 75' lang='grc' dir='ltr'>(Γ)</span> <span class='ocrx_word' id='word_1_559' title='bbox 1205 5689 1320 5730; x_wconf 84' lang='lat' dir='ltr'>rex.</span> <span class='ocrx_word' id='word_1_560' title='bbox 1397 5672 1475 5732; x_wconf 81' lang='lat' dir='ltr'>(al</span> <span class='ocrx_word' id='word_1_561' title='bbox 1515 5672 1573 5732; x_wconf 82' lang='lat' dir='ltr'>C.</span> <span class='ocrx_word' id='word_1_562' title='bbox 1607 5673 1918 5728; x_wconf 82' lang='lat' dir='ltr'>renovavit.</span> <span class='ocrx_word' id='word_1_563' title='bbox 1995 5677 2074 5732; x_wconf 69' lang='grc' dir='ltr'>(ἡ)</span> <span class='ocrx_word' id='word_1_564' title='bbox 2107 5673 2486 5732; x_wconf 67' lang='lat' dir='ltr'>(Locruulam</span> <span class='ocrx_word' id='word_1_565' title='bbox 2509 5676 2661 5732; x_wconf 87' lang='lat' dir='ltr'>Salv.</span> <span class='ocrx_word' id='word_1_566' title='bbox 2739 5679 2806 5732; x_wconf 77' lang='grc' dir='ltr'>(ἱ)</span> <span class='ocrx_word' id='word_1_567' title='bbox 2826 5679 3044 5732; x_wconf 87' lang='lat' dir='ltr'>sericis.</span> <span class='ocrx_word' id='word_1_568' title='bbox 3121 5675 3560 5732; x_wconf 77' lang='lat' dir='ltr'>(ilc.oecultam</span> <span class='ocrx_word' id='word_1_569' title='bbox 3583 5669 3794 5725; x_wconf 82' lang='lat' dir='ltr'>Lauren-</span> 
     </span>
    </p>
   </div>
   <div class='ocr_carea' id='block_1_49' title="bbox 517 5669 3796 5759">
    <p class='ocr_par' dir='ltr' id='par_1_49' title="bbox 517 5669 3796 5759">
     <span class='ocr_line' id='line_1_50' title="bbox 517 5669 3796 5759; baseline -0.001 -25"><span class='ocrx_word' id='word_1_570' title='bbox 517 5669 594 5745; x_wconf 69' lang='grc' dir='ltr'>(ε)</span> <span class='ocrx_word' id='word_1_571' title='bbox 625 5669 1042 5759; x_wconf 32' lang='grc' dir='ltr'>6,,Ἰρεέθιζρηολ..</span> <span class='ocrx_word' id='word_1_572' title='bbox 1097 5675 1173 5756; x_wconf 44' lang='grc'>,(1⁸)</span> <span class='ocrx_word' id='word_1_573' title='bbox 1205 5689 1320 5730; x_wconf 83' lang='lat' dir='ltr'>rex.</span> <span class='ocrx_word' id='word_1_574' title='bbox 1391 5672 1918 5759; x_wconf 45' lang='lat' dir='ltr'>l(g)ﬂ0,nrenovavit.</span> <span class='ocrx_word' id='word_1_575' title='bbox 1973 5677 2074 5759; x_wconf 35' lang='lat' dir='ltr'>&#39;(h‘)</span> <span class='ocrx_word' id='word_1_576' title='bbox 2097 5677 2167 5759; x_wconf 64' lang='lat'>9,</span> <span class='ocrx_word' id='word_1_577' title='bbox 2183 5673 2486 5759; x_wconf 68' lang='lat' dir='ltr'>pergulam</span> <span class='ocrx_word' id='word_1_578' title='bbox 2509 5676 2661 5759; x_wconf 58' lang='lat' dir='ltr'>Salv.</span> <span class='ocrx_word' id='word_1_579' title='bbox 2695 5669 2703 5674; x_wconf 46' lang='grc'><strong><em>⁷</em></strong></span> <span class='ocrx_word' id='word_1_580' title='bbox 2739 5679 2806 5759; x_wconf 54' lang='lat'>(2:)</span> <span class='ocrx_word' id='word_1_581' title='bbox 2826 5679 3189 5759; x_wconf 47' lang='lat' dir='ltr'>sericis.“_(j)</span> <span class='ocrx_word' id='word_1_582' title='bbox 3205 5669 3560 5759; x_wconf 71' lang='lat' dir='ltr'>occultam</span> <span class='ocrx_word' id='word_1_583' title='bbox 3583 5669 3796 5759; x_wconf 51' lang='lat' dir='ltr'>Lglfl&#39;en&#39;</span> 
     </span>
    </p>
   </div>
   <div class='ocr_carea' id='block_1_50' title="bbox 453 5743 3705 5822">
    <p class='ocr_par' dir='ltr' id='par_1_50' title="bbox 453 5743 3705 5822">
     <span class='ocr_line' id='line_1_51' title="bbox 453 5743 3705 5822; baseline -0.001 -18"><span class='ocrx_word' id='word_1_584' title='bbox 453 5743 600 5816; x_wconf 73' lang='lat' dir='ltr'>tum.</span> <span class='ocrx_word' id='word_1_585' title='bbox 672 5743 751 5822; x_wconf 27' lang='lat' dir='ltr'>&#39;(k)</span> <span class='ocrx_word' id='word_1_586' title='bbox 773 5743 846 5815; x_wconf 66' lang='grc' dir='ltr'>Β,</span> <span class='ocrx_word' id='word_1_587' title='bbox 880 5743 1308 5804; x_wconf 85' lang='lat' dir='ltr'>Fontinianam.</span> <span class='ocrx_word' id='word_1_588' title='bbox 1387 5745 1449 5816; x_wconf 83' lang='grc' dir='ltr'>(ι)</span> <span class='ocrx_word' id='word_1_589' title='bbox 1479 5745 1544 5814; x_wconf 87' lang='grc' dir='ltr'>Β,</span> <span class='ocrx_word' id='word_1_590' title='bbox 1579 5743 1886 5810; x_wconf 85' lang='lat' dir='ltr'>Paunasia.</span> <span class='ocrx_word' id='word_1_591' title='bbox 1964 5743 2059 5820; x_wconf 84' lang='lat' dir='ltr'>(m)</span> <span class='ocrx_word' id='word_1_592' title='bbox 2089 5749 2154 5818; x_wconf 82' lang='grc' dir='ltr'>ϐ,</span> <span class='ocrx_word' id='word_1_593' title='bbox 2183 5743 2244 5801; x_wconf 83' lang='lat' dir='ltr'>in</span> <span class='ocrx_word' id='word_1_594' title='bbox 2275 5743 2688 5807; x_wconf 70' lang='lat' dir='ltr'>luminaribus.</span> <span class='ocrx_word' id='word_1_595' title='bbox 2747 5743 2850 5821; x_wconf 79' lang='grc' dir='ltr'>’(ἠ)</span> <span class='ocrx_word' id='word_1_596' title='bbox 2883 5753 2949 5820; x_wconf 83' lang='lat' dir='ltr'>C,</span> <span class='ocrx_word' id='word_1_597' title='bbox 2971 5749 3031 5806; x_wconf 90' lang='lat' dir='ltr'>in</span> <span class='ocrx_word' id='word_1_598' title='bbox 3058 5743 3353 5808; x_wconf 76' lang='lat' dir='ltr'>RHodieis.</span> <span class='ocrx_word' id='word_1_599' title='bbox 3384 5746 3528 5812; x_wconf 82' lang='lat' dir='ltr'>B,.in</span> <span class='ocrx_word' id='word_1_600' title='bbox 3549 5743 3705 5798; x_wconf 69' lang='lat' dir='ltr'>votis.</span> 
     </span>
    </p>
   </div>
  </div>
