4050 6172
280 188 449 263 i057
951 200 1315 264 HISTORIA
1356 200 1459 263 DE
1500 199 1705 265 vrrIs
1749 198 1939 264 ROM.
1984 192 2214 266 PON'l‘.
2246 237 2322 248 -
2353 204 2416 265 s.
2462 168 2920 269 ZACHARIAS.
3533 202 3687 278 1058

450 335 606 397 Item
654 333 800 396 fecit
840 348 1137 395 coronam
1180 335 1259 397 de
1322 341 1584 415 argento
1647 335 1983 416 purissimo
2041 356 2181 397 cum
2246 337 2561 417 delphinis
2622 358 2700 401 ex
2761 342 3014 421 proprio
3075 350 3212 418 sco,
3261 360 3436 425 pens.
3496 346 3689 409 libras

447 446 703 503 centum
744 441 991 520 viginti.
1035 442 1149 503 Hie
1190 442 1593 505 beatissimus
1648 443 1744 503 vir
1777 442 1966 521 juxta
2008 444 2194 504 ritum
2242 446 2727 507 ecclesiasticum
2775 453 2838 506 et
2882 448 3025 511 ﬁdei
3092 468 3220 510 suae
3287 453 3687 530 sponsionem

443 547 890 624 orthodoxam,
939 550 1303 629 synodicam
1349 550 1627 611 ecclesiae
1673 550 1841 611 misit
1882 552 2620 632 Constantinopolitanae,
2671 552 2983 634 simulque
3053 560 3114 616 et
3169 557 3357 618 aliam
3431 577 3688 638 sugges-

442 655 681 717 tionem
725 655 1005 734 dirigens
1065 656 1464 718 serenissimo
1525 658 1941 719 Constantino
2001 659 2295 738 principi.
2340 661 2420 721 Et
2461 660 2868 739 pergentibus
2936 662 3297 740 apostolicae
3350 666 3515 725 sedis
3558 684 3690 727 res-

317 764 402 824 10
441 761 806 842 ponsalibus
877 762 953 823 ad
1028 763 1266 841 regiam
1330 763 1552 824 urbem
1621 750 2002 825 invenerunt
2060 765 2231 826 intra
2300 766 2605 845 palatium
2672 766 2862 844 regia:
2943 771 3266 846 potestatis
3335 770 3688 832 invasorem

441 867 783 948 quemdam
827 875 892 931 et
932 869 1252 943 rebellem,
1298 871 1662 933 Artaustum
1710 869 1795 951 (α)
1841 871 2098 933 nomine
2146 890 2159 932 :
2208 873 2358 934 dum
2404 872 2570 934 enim
2614 872 2812 934 isdem
2859 873 3208 951 imperator
3256 875 3336 935 ad
3381 876 3689 937 dimican-

444 974 596 1037 dum
641 979 861 1037 contra
919 977 1352 1055 Agarenorum
1418 983 1818 1057 properasset
1878 984 2156 1057 gentem,
2230 980 2397 1046 illico
2459 980 2760 1059 praefatus
2831 981 3164 1040 Artaustus
3232 980 3396 1041 datis
3455 982 3690 1063 populo

445 1082 559 1163 qui
597 1081 665 1142 in
723 1082 899 1160 regia
965 1089 1406 1145 remanserunt
1476 1084 1656 1153 urbe,
1718 1084 2015 1163 praemiis,
2086 1086 2411 1164 imperiale
2480 1086 2749 1166 arripuit
2817 1085 3070 1147 solium.
3144 1088 3222 1149 Et
3291 1088 3692 1166 postmodum

449 1205 803 1267 aggregans
862 1188 1276 1250 Orientalium
1340 1191 1726 1251 exercituum
1802 1191 2265 1251 multitudinem
2329 1191 2643 1253 antelatus
2714 1190 2796 1272 (ὑ)
2867 1193 3316 1253 Constantinus
3377 1193 3689 1275 princeps,

327 1296 403 1357 15
449 1312 844 1374 pergensque
926 1295 1561 1375 Constantinopolim,
1635 1297 1924 1358 eamdem
2009 1297 2273 1359 viriliter
2354 1317 2752 1378 expugnans,
2819 1304 3010 1378 atque
3106 1299 3492 1361 extrinsecus
3572 1301 3693 1363 cir-

449 1401 859 1474 cumvallans,
946 1401 1428 1482 comprehendit
1498 1402 1840 1480 civitatem,
1927 1409 1992 1466 et
2072 1404 2411 1484 pristinum
2495 1405 2675 1484 regni
2757 1405 2855 1466 sui
2938 1405 3203 1487 adeptus
3309 1411 3404 1469 est
3510 1405 3695 1468 fasti-

445 1523 645 1586 gnum.

529 1644 706 1702 υς)
750 1641 1103 1721 Statimque
1157 1639 1291 1720 jam
1350 1641 1467 1702 fati
1525 1642 1806 1702 Artausti
1862 1641 2126 1722 ejusque
2189 1642 2461 1703 ﬁliorum
2532 1643 2697 1705 eruit
2750 1643 2984 1719 oculos,
3035 1649 3096 1704 et
3159 1644 3370 1724 plures
3433 1662 3511 1706 ex
3566 1643 3693 1705 suis

447 1747 783 1808 rebellibus
828 1748 1073 1808 exsules
1117 1765 1155 1807 a
1198 1747 1469 1828 propriis
1511 1748 1654 1809 fecit
1702 1748 2099 1809 habitaculis.
2144 1750 2295 1810 Post
2344 1749 2480 1810 haec
2523 1750 2849 1829 requirens
2908 1750 3165 1811 missum
3212 1750 3288 1831 (c)
3333 1750 3694 1830 apostolicae

441 1855 628 1928 sedis,
675 1854 784 1934 qni
826 1854 1061 1914 ibidem
1125 1854 1190 1914 in
1258 1860 1542 1934 tempore
1608 1855 2104 1935 perturbationis
2148 1856 2499 1933 contigerat
2542 1856 2891 1931 advenisse,
2937 1876 3207 1937 eumque
3251 1862 3567 1937 repertum
3614 1856 3696 1918 ad

443 1962 655 2022 sedem
700 1960 972 2021 absolvit
1014 1960 1448 2041 apostolicam,
1497 1967 1561 2022 et
1619 1961 1805 2040 juxta
1862 1962 2032 2040 quod
2095 1962 2494 2023 beatissimus
2564 1963 2844 2047 pontifex
2905 1965 3358 2043 postulaverat,
3405 1963 3696 2023 donatio-

356 2073 399 2130 5
448 2086 592 2129 nem
634 2069 699 2130 in
743 2067 992 2148 scriptis
1033 2067 1112 2130 de
1157 2067 1402 2129 duabus
1453 2068 1688 2129 mensis
1730 2067 1818 2148 (d)
1864 2088 2006 2149 qua:
2046 2068 2371 2149 Nymphas
2415 2074 2477 2128 et
2521 2071 2807 2130 Normias
2850 2070 3272 2150 appellantur,
3314 2068 3477 2148 juris
3529 2069 3695 2130 exis-

452 2181 652 2236 tentes
720 2175 982 2254 publici,
1030 2174 1234 2235 eidem
1297 2176 1691 2235 sanctissimo
1754 2193 1827 2236 ac
1885 2176 2246 2237 beatissimo
2311 2194 2493 2256 papae
2555 2184 2787 2237 sancta:
2862 2179 3162 2238 Romanae
3225 2177 3502 2239 ecclesia:
3555 2177 3700 2256 jure

454 2287 760 2362 perpetuo
802 2281 1034 2343 direxit
1075 2281 1506 2362 possidendas.

535 2422 695 2480 221
746 2414 815 2496 (e)
860 2415 1062 2495 Ilujus
1108 2415 1497 2495 temporibus
1539 2414 2014 2491 Carolomauus,
2061 2415 2227 2475 filius
2272 2414 2477 2477 Caroli
2522 2418 2903 2478 Francorum
2952 2418 3133 2497 regis,
3183 2417 3509 2497 praesentis
3555 2417 3696 2478 vitae

450 2523 811 2603 relinquens
855 2521 1120 2602 gloriam
1167 2528 1357 2602 atque
1402 2528 1777 2602 potestatem
1826 2528 2166 2595 terrenam,
2214 2523 2297 2583 ad
2340 2523 2596 2584 beatum
2644 2526 2896 2585 Petrum
2968 2524 3397 2604 apostolorum
3464 2524 3697 2604 princi-

453 2649 595 2712 pem
639 2630 903 2691 devotus
946 2648 1087 2689 cum
1129 2629 1471 2709 aliquantis
1514 2628 1641 2690 suis
1685 2629 1942 2690 advenit
1983 2628 2298 2704 ﬁdelibus,
2344 2648 2606 2709 seseque
2649 2630 2852 2691 eidem
2896 2631 3008 2692 Dei
3051 2630 3319 2691 contulit
3381 2630 3692 2710 apostolo,

451 2743 644 2817 atque
686 2736 751 2796 in
795 2735 1051 2815 speciali
1095 2735 1180 2815 (f)
1232 2735 1453 2795 habitu
1497 2755 1562 2796 se
1606 2736 1738 2795 fore
1783 2734 2101 2814 spondens
2146 2754 2654 2814 permansurum,
2713 2737 3043 2796 clericatus
3078 2735 3305 2814 jugum
3351 2735 3432 2795 ab
3475 2736 3697 2796 eodem

366 2846 409 2904 5
454 2842 846 2905 sanctissimo
889 2841 1163 2921 suscepit
1224 2841 1543 2922 pontiﬁce.
1587 2842 1667 2902 Et
1734 2841 1900 2902 inter
1954 2840 2082 2901 alia
2149 2842 2348 2901 multa
2408 2841 2577 2902 dona
2637 2841 2869 2903 obtulit
2928 2841 3113 2904 beato
3156 2843 3344 2902 Petro
3405 2840 3697 2921 apostolo

448 2956 597 3012 ante
641 2949 1093 3010 confessionem
1159 2967 1373 3009 arcum
1426 2954 1794 3027 argenteum
1858 2947 2190 3027 majorem,
2237 2954 2606 3028 pensantem
2679 2949 2871 3009 libras
2931 2948 3356 3029 septuaginta.
3407 2950 3483 3009 Et
3554 2953 3696 3027 post

448 3057 843 3136 aliquantum
890 3054 1192 3135 temporis
1236 3055 1313 3115 ad
1358 3055 1528 3116 beati
1571 3054 1912 3126 Benedicti,
1962 3055 2133 3134 quod
2177 3055 2241 3114 in
2291 3055 2744 3134 Aquinensium
2794 3055 3026 3117 ﬁnibus
3069 3055 3257 3116 situm
3300 3059 3394 3117 est
3439 3072 3692 3115 monas-

449 3167 704 3235 terium,
749 3162 813 3222 in
856 3179 984 3241 quo
1029 3167 1093 3222 et
1133 3180 1311 3223 suam
1355 3161 1536 3255 upire
1584 3162 1773 3222 vitam
1811 3161 1957 3239 jure
2002 3162 2320 3241 professus
2362 3168 2457 3223 est
2491 3161 2800 3241 jurando.

534 3303 699 3359 πη
747 3296 942 3356 Porro
986 3294 1207 3355 eodem
1254 3298 1538 3374 tempore
1582 3293 1845 3372 contigit
1887 3293 2099 3372 plures
2143 3294 2585 3354 Veneticorum
2632 3293 2797 3355 hanc
2842 3296 3188 3355 ltomanam
3262 3293 3590 3355 advenisse
3636 3294 3700 3353 in

452 3403 673 3465 urbem
719 3401 1167 3481 negotiatores,
1215 3407 1277 3461 ct
1350 3400 1743 3461 mercimonii
1804 3399 2119 3460 nundinas
2181 3407 2630 3480 propagantes,
2682 3401 3147 3461 multitudinem
3213 3400 3698 3480 mancipiorum,

450 3509 651 3570 virilis
691 3508 929 3569 scilicet
970 3514 1033 3568 et
1073 3507 1291 3569 femini
1334 3509 1581 3585 generis
1624 3525 1833 3568 emere
1875 3506 1991 3566 visi
2033 3511 2203 3580 sunt,
2250 3526 2408 3585 quos
2452 3514 2515 3567 et
2569 3507 2633 3567 in
2676 3507 2950 3568 Africam
3012 3508 3093 3568 ad
3164 3525 3478 3588 paganam
3544 3525 3693 3585 gen-

447 3621 576 3678 tem
652 3615 1021 3676 nitebantur
1083 3614 1414 3685 deducere,
1464 3615 1599 3686 Quo
1642 3613 1895 3692 cognito
1965 3612 2163 3674 isdem
2236 3614 2666 3674 sanctissimus
2723 3616 2915 3675 Pater
2976 3614 3112 3674 fieri
3181 3612 3528 3694 prohibuit,
3576 3612 3699 3673 hoc

364 3723 409 3781 5
445 3721 742 3801 judicans
784 3719 955 3800 quod
990 3719 1236 3798 justum
1282 3737 1408 3780 non
1480 3725 1642 3779 esset
1684 3724 1755 3779 ut
1817 3718 2049 3779 Christi
2108 3718 2309 3779 abluti
2371 3719 2686 3799 baptismo
2751 3720 3015 3799 paganis
3073 3721 3366 3798 gentibus
3437 3719 3707 3780 deservi-

446 3834 613 3890 rent.
675 3830 962 3906 Datoque
1026 3826 1258 3887 eisdem
1326 3825 1642 3887 Veneticis
1704 3825 1928 3905 pretio,
1978 3825 2150 3905 quod
2210 3826 2276 3886 in
2350 3845 2568 3888 eorum
2636 3827 2955 3906 emptione
3018 3846 3084 3887 se
3154 3826 3397 3887 dedisse
3457 3825 3705 3906 probati

446 3941 617 4009 sunt,
664 3938 923 3996 cunctos
965 3951 1005 3994 a
1045 3932 1203 4012 jugo
1247 3932 1566 3994 servitutis
1610 3932 1878 3994 redemit
1921 3938 2111 4012 atque
2158 3950 2331 3993 more
2378 3933 2723 3994 liberorum
2767 3933 3088 4012 degendos
3131 3932 3422 3993 absolvit.

534 4075 701 4130 εει
750 4067 909 4148 Ipsis
951 4067 1166 4147 itaque
1222 4066 1617 4145 temporibus
1660 4065 1916 4127 Ratchis
1978 4065 2058 4147 (g)
2104 4066 2669 4146 Longobardorum
2743 4086 2873 4140 rex,
2922 4065 3002 4126 ad
3049 4065 3421 4145 capiendam
3485 4064 3706 4126 civita-

457 4180 583 4237 tem
626 4174 1023 4248 Perusinam,
1069 4173 1231 4235 sicut
1273 4178 1501 4234 caetera
1540 4173 1961 4253 Pentapoleos
2004 4172 2262 4252 oppida,
2308 4174 2666 4234 vehementi
2708 4175 3027 4254 profectus
3070 4179 3164 4233 est
3218 4191 3359 4233 cum
3406 4172 3701 4251 indigna-

458 4281 654 4355 tione,
701 4299 894 4361 quam
937 4279 995 4341 ei
1039 4278 1437 4340 circumdans
1480 4277 1725 4339 fortiter
1767 4279 2199 4358 expugnabat.
2248 4281 2381 4339 Iloc
2443 4278 2704 4340 audiens
2765 4278 3194 4339 sanctissimus
3252 4296 3443 4357 papa,
3504 4277 3705 4337 conti-

459 4407 588 4449 nuo
632 4406 742 4468 spe
786 4386 1001 4447 divina
1043 4387 1263 4458 fretus,
1311 4384 1649 4465 assumptis
1693 4385 2034 4465 aliquantis
2078 4404 2154 4445 ex
2200 4403 2312 4446 suo
2358 4385 2523 4445 clero
2568 4404 2710 4446 cum
2783 4384 3216 4465 optimatibus,
3265 4389 3504 4464 quanto
3548 4402 3707 4464 opus

377 4496 418 4555 5
464 4493 940 4576 (quantocius?)
981 4492 1061 4553 ad
1104 4490 1391 4553 eamdem
1438 4492 1725 4572 pervenit
1766 4491 2108 4564 civitatem,
2154 4492 2582 4571 impensisque
2627 4491 2828 4553 eidem
2891 4492 3027 4570 regi
3087 4491 3374 4572 plurimis
3426 4492 3704 4554 muneri-

463 4602 599 4675 bus,
649 4606 837 4681 atque
880 4598 1116 4680 Oppido
1161 4617 1303 4659 eum
1349 4598 1719 4679 deprecans,
1765 4597 2119 4678 opitulante
2162 4599 2454 4672 Domino,
2510 4600 2590 4659 ab
2651 4598 3111 4660 obsessessione
3171 4597 3250 4679 (Iz)
3316 4600 3508 4680 ipsius
3551 4600 3706 4661 οἰνίρ

460 4707 608 4770 tatis
675 4726 819 4769 eum
893 4706 1152 4767 amovit.
1201 4704 1314 4767 Cui
1375 4711 1438 4765 et
1498 4705 1822 4766 salutifera
1885 4704 2256 4784 praedicans,
2306 4707 2435 4767 Deo
2497 4712 2777 4777 auctore,
2825 4704 3023 4765 valuit
3089 4704 3374 4765 animum
3434 4704 3570 4782 ejus
3639 4704 3704 4765 in

459 4815 714 4895 speciali
756 4813 964 4875 studio
1008 4812 1316 4874 inclinare
1359 4810 1457 4892 (ι).
1501 4814 1580 4872 Et
1621 4818 1766 4891 post
1808 4811 2169 4890 aliquantos
2214 4812 2345 4873 dies
2388 4813 2585 4873 isdem
2636 4811 2893 4873 Ratchis
2937 4829 3067 4883 rex,
3115 4812 3478 4899 relinquens
3520 4831 3702 4892 rega-

456 4922 581 4983 lem
625 4920 1021 5000 dignitalem,
1068 4919 1293 4981 decore
1339 4937 1481 4979 cum
1531 4936 1724 4979 uxore
1768 4924 1831 4979 et
1873 4917 2018 4978 ﬁliis
2061 4918 2141 4978 ad
2184 4918 2354 4979 beati
2396 4920 2565 4979 Petri
2611 4918 2910 4998 principis
2954 4917 3385 4998 apostolorum
3432 4919 3703 4998 conjun-

306 5023 415 5091 ’10
457 5028 551 5089 xit
591 5027 834 5102 limina,
881 5032 1265 5107 acceptaque
1309 5044 1347 5085 a
1391 5025 1654 5104 praefato
1699 5024 2090 5085 sanctissimo
2134 5042 2304 5104 papa
2345 5025 2630 5085 oratione
2702 5024 3089 5105 clericusque
3150 5024 3429 5101 effectus,
3481 5043 3701 5087 mona-

459 5134 638 5196 chico
681 5134 942 5196 indutus
971 5138 1064 5196 est
1105 5132 1327 5193 habitu
1372 5150 1515 5192 cum
1563 5149 1757 5193 uxore
1801 5135 1863 5191 et
1906 5130 2074 5191 ﬁliis.

1480 5440 1724 5486 NOTULE
1764 5439 2154 5487 HARGINALES
2195 5440 2513 5488 FABROTTI.

213 5702 241 5715 ο
364 5666 868 5749 (αλΑίνςρνειξιμξρ,
904 5662 963 5749 (2ζ
994 5734 1005 5746 ⁸
1038 5663 1115 5736 (b)
1144 5662 1210 5749 Cl
1232 5662 1811 5749 ante‘fatus.m(c)‘rn

2174 5665 2409 5749 massis“.
2486 5665 2554 5738 (ε)
2741 5664 3024 5749 Baro_n.ad
3041 5662 3407 5749 apﬁPMMi
3422 5665 3553 5727 747.
3600 5665 3698 5744 ’.ω

286 5733 611 5816 ερίτίῑιιαιὶ.
686 5738 762 5815 (g)
795 5733 1136 5796 Rarohisus.
1167 5737 1233 5809 Β,
1266 5733 1502 5809 Rachis,
1578 5734 1657 5808 (ἠ)
1686 5733 1885 5793 οὺείᾶὺ

1634 5735 1657 5808 >
1686 5733 2011 5794 obsidione.
2076 5733 2173 5813 ’(ἰ).
2207 5735 2335 5796 Vide
2358 5733 2561 5796 Barea.
2593 5737 2664 5795 ad
2691 5754 2823 5796 ann.
2856 5736 3083 5796 Domini
3105 5735 3233 5793 750.
