4024 6176
451 195 608 256 1059
1590 193 2002 258 ANASTASII

2184 191 2696 256 LIOTHECARII.
3649 197 3773 259 ιωθ

691 359 855 414 984
903 350 1102 430 Hujus
1163 351 1435 432 denique
1499 354 1888 434 temporibus
1951 375 2252 434 magnum
2323 353 2688 416 thesaurum
2756 349 3058 412 Dominus
3111 349 3274 409 Deus
3333 353 3534 411 noster
3594 350 3647 412 in
3681 352 3778 418 hac

605 464 891 521 Romana
935 459 1088 520 urbe
1133 477 1246 539 per
1303 461 1593 522 eumdem
1639 463 1978 522 almificum
2045 464 2401 542 pontiﬁcem
2466 459 2800 540 propalare
2859 457 3154 535 dignatus
3213 461 3324 516 est.
3370 457 3435 516 In
3489 459 3780 520 venerabili

603 565 820 645 itaque
883 567 1266 645 patriarchio
1330 569 1820 629 sacratissimum
1885 569 2054 630 beati
2115 569 2364 648 Georgii
2424 566 2719 645 martyris
2791 563 2984 624 isdem
3058 562 3478 623 sanctissimus
3539 583 3684 644 papa
3727 565 3780 626 in

602 691 794 753 capsa
836 673 1232 734 reconditum
1279 675 1512 754 reperit
1556 682 1770 755 caput,
1815 676 1878 734 in
1925 695 2050 756 quo
2095 681 2159 736 et
2199 675 2536 755 pictacium
2581 671 2661 754 (α)
2693 672 2934 732 invenit
2975 669 3210 750 pariter
3251 669 3464 730 litteris
3503 677 3778 733 exaratum

521 782 558 840 5
605 780 854 854 Graecis,
903 781 1109 860 ipsum
1182 799 1315 842 esse
1377 781 1824 859 significantes.
1873 783 1990 854 Qui
2051 781 2478 843 sanctissimus
2541 797 2708 860 papa
2767 777 3024 839 omnino
3069 775 3287 836 hilaris
3355 781 3415 836 et
3453 777 3780 852 satisfactus,

603 887 772 948 illico
817 893 1161 966 aggregato
1208 890 1508 948 Romanae
1553 888 1726 948 urbis
1771 890 2029 969 populo,
2077 909 2217 950 cum
2265 889 2518 969 hymnis
2559 893 2622 947 et
2664 885 2921 947 canticis
2965 883 3390 964 spiritualibus
3439 883 3501 943 in
3563 901 3783 944 venera-

601 994 714 1054 bili
743 993 1046 1064 ,diaconia
1105 993 1241 1072 ejus
1301 995 1594 1068 nominis,
1644 995 1768 1056 situ
1839 995 1904 1056 in
1973 995 2093 1056 hac
2159 999 2446 1056 Romana
2507 993 2779 1067 civitate,
2829 989 3082 1069 regione
3125 990 3420 1064 secunda,
3473 989 3548 1051 ad
3599 991 3785 1054 Velum

599 1104 895 1174 Aureum,
944 1101 1098 1160 illud
1143 1100 1368 1160 deduci
1431 1101 1615 1173 fecit;
1665 1103 1768 1162 ubi
1833 1103 2140 1163 immensa
2207 1101 2510 1162 miracula
2567 1106 2629 1160 et
2697 1098 3002 1160 beneficia
3067 1097 3466 1177 omnipotens
3529 1097 3674 1158 Deus
3723 1096 3788 1158 ad

598 1208 850 1269 laudem
899 1207 1168 1268 nominis
1211 1207 1306 1266 sui
1369 1227 1481 1287 per
1543 1209 1830 1268 eumdem
1896 1199 2386 1269 sacratissimum
2451 1211 2786 1286 martyrem
2833 1203 3084 1286 operari
3133 1203 3432 1282 dignatur
3488 1201 3584 1284 (ὁ).
3626 1203 3787 1283 Hujus

481 1319 556 1378 10
598 1315 986 1394 temporibus
1037 1315 1367 1374 delunctus
1411 1315 1779 1375 Theodorus
1825 1315 2050 1394 major,
2095 1316 2262 1375 ﬁlius
2324 1315 2568 1392 Megisti
2613 1314 2690 1394 (ε)
2733 1311 3084 1385 Cataxanti,
3129 1311 3214 1371 oh
3273 1310 3516 1371 veniam
3574 1329 3787 1372 suorum

599 1421 995 1492 delictorum,
1046 1421 1354 1501 prmdium
1399 1440 1525 1501 quo
1572 1441 1646 1482 ex
1691 1422 2059 1484 haereditate
2103 1423 2430 1484 fruebatur
2474 1427 2760 1501 paterna,
2811 1419 2996 1480 situm
3042 1417 3260 1498 quinto
3305 1417 3384 1478 ab
3445 1417 3558 1478 hac
3597 1419 3786 1479 Roma-

599 1548 680 1589 na
724 1529 876 1588 urbe
923 1529 1236 1600 milliario,
1291 1529 1391 1588 via
1435 1529 1786 1598 Tiburtina,
1835 1529 1899 1588 in
1945 1549 2068 1609 quo
2114 1535 2176 1590 et
2217 1529 2564 1590 oratorium
2610 1533 2844 1588 sanctae
2887 1525 3149 1586 Caecilia:
3193 1523 3279 1604 (ά)
3323 1542 3456 1585 esse
3519 1524 3790 1602 dignosci-

602 1641 724 1708 tur,
769 1635 956 1695 beato
1021 1637 1204 1696 Petro
1268 1635 1545 1714 reliquit.
1618 1635 1798 1707 Quod
1845 1635 1980 1714 ipse
2041 1635 2438 1696 beatissimus
2499 1653 2666 1714 papa
2732 1650 2980 1712 magnae
3049 1629 3528 1692 constructionis
3583 1629 3791 1690 fabricis

599 1749 790 1822 atque
852 1741 1110 1821 picturis
1173 1741 1512 1814 decoravit,
1563 1743 2015 1822 ampliavitque
2083 1743 2147 1802 in
2216 1761 2288 1803 eo
2353 1742 2506 1802 fines
2567 1761 2642 1802 ex
2711 1740 2884 1801 omni
2945 1745 3144 1818 parte.
3203 1741 3364 1798 Data
3421 1738 3580 1798 enim
3637 1737 3790 1816 digna

479 1851 554 1909 15
597 1848 1182 1927 recompensatione
1226 1847 1322 1908 his
1367 1849 1476 1928 qui
1517 1849 1582 1909 in
1631 1849 1834 1910 vicino
1879 1848 2162 1928 ejusdem
2223 1849 2346 1910 loci
2407 1848 2828 1927 possessiones
2890 1852 3102 1907 tenere
3157 1844 3554 1916 videbantur,
3597 1841 3794 1902 nemini

595 1955 722 2015 vim
767 1955 1064 2026 inferens,
1111 1954 1218 2014 sed
1265 1955 1466 2032 magis
1511 1963 1580 2016 ut
1623 1957 1922 2016 condecet
1965 1956 2154 2034 patri,
2199 1961 2432 2016 cuncta
2475 1973 2650 2016 secus
2694 1953 2984 2014 eumdem
3029 1952 3238 2014 locum
3282 1950 3486 2012 amica
3551 1949 3794 2029 pactione

599 2061 798 2140 pretio
868 2061 1019 2120 emit
1079 2055 1338 2140 praedia.
1406 2063 1482 2120 Et
1565 2061 1823 2122 domum
1888 2063 2144 2136 cultam,
2213 2063 2400 2124 beato
2470 2064 2653 2122 Petro
2725 2060 3016 2122 eumdem
3087 2059 3296 2119 locum
3349 2057 3492 2136 jure
3535 2059 3794 2137 perpetuo

596 2169 816 2228 statuit
859 2167 1381 2248 permanendum.
1430 2169 1580 2239 Quae
1624 2169 1849 2230 domus
1881 2170 2050 2230 culta
2093 2176 2325 2230 sanctas
2379 2168 2640 2229 Gmcilim
2686 2187 2882 2246 usque
2942 2167 3005 2226 in
3069 2165 3445 2226 hodiernum
3509 2164 3660 2224 diem
3707 2181 3792 2222 vo-

597 2281 797 2334 catur.
845 2273 1209 2334 Construxit
1250 2273 1483 2352 quippe
1527 2280 1590 2334 et
1632 2274 1696 2333 in
1742 2293 1816 2334 ea
1863 2275 2206 2335 oratorium
2251 2274 2453 2335 sancti
2495 2273 2810 2353 Abbacyri
2855 2271 2954 2352 (e),
3002 2271 3110 2332 ubi
3169 2276 3232 2332 et
3293 2271 3523 2331 multas
3581 2273 3790 2330 sancto-

474 2385 552 2444 20
596 2400 734 2440 rum
781 2379 1062 2440 condidit
1107 2378 1429 2457 reliquias.
1477 2379 1674 2450 Quam
1729 2381 2019 2440 videlicet
2060 2381 2316 2440 domum
2364 2380 2596 2440 cultam
2657 2380 2796 2440 usui
2859 2380 3114 2458 proprio
3175 2377 3509 2438 dominica;
3549 2375 3792 2435 videlicet

595 2487 950 2549 traditionis
998 2485 1350 2564 descripsit.
1399 2486 1509 2546 Hic
1553 2487 1877 2547 constituit
1921 2488 2110 2547 aliam
2156 2488 2410 2548 domum
2459 2487 2694 2547 cultam
2737 2487 2802 2546 in
2847 2485 3088 2546 decimo
3133 2489 3364 2564 quarto
3423 2483 3694 2543 milliario
3731 2480 3791 2541 ab

594 2596 712 2655 hac
759 2597 1040 2655 Romana
1085 2593 1236 2653 urbe
1283 2593 1730 2671 patrimonium
1780 2592 1871 2673 (χ’)
1916 2595 2182 2664 Tusciae,
2243 2599 2306 2654 et
2372 2593 2924 2654 constitutionibus
2985 2591 3288 2670 obligavit
3353 2591 3491 2650 usui
3547 2588 3792 2649 Ecclesia

591 2701 1112 2782 permanendum,
1162 2700 1354 2760 etiam
1402 2699 1542 2760 loca
1585 2720 1725 2780 quas
1773 2701 1850 2760 ab
1896 2705 2080 2762 Anna
2124 2701 2344 2762 relicta
2385 2700 2705 2779 quondam
2752 2699 2832 2780 (g)
2878 2697 3228 2778 Agathonis
3269 2696 3603 2778 primicerii
3641 2695 3790 2754 beato

589 2813 776 2870 Petro
823 2809 1114 2868 videntur
1157 2825 1312 2880 esse,
1361 2826 1678 2868 concessa.
1727 2809 1839 2868 Hic
1885 2827 2120 2868 massas
2164 2827 2305 2887 qua:
2355 2812 2666 2868 vocantur
2728 2811 2923 2868 Antro
2987 2811 3050 2866 et
3111 2805 3398 2866 Formias
3458 2822 3566 2864 suo
3622 2799 3792 2861 studio

471 2919 547 2977 25
593 2917 728 2996 jure
773 2916 942 2975 beati
985 2914 1155 2974 Petri
1199 2913 1552 2992 acquisivit,
1601 2933 1758 2994 quas
1801 2921 1863 2976 et
1907 2915 2130 2976 domos
2176 2915 2377 2975 cultas
2421 2913 2660 2974 statuit.

677 3055 842 3108 225
889 3050 967 3107 Et
1009 3045 1086 3106 de
1129 3046 1422 3106 omnibus
1465 3046 1753 3124 superius
1795 3045 2058 3106 adnexis
2099 3047 2475 3108 domocultis
2520 3046 2601 3127 (ἠ)
2647 3046 3008 3125 apostolicae
3053 3044 3440 3108 cxarationis
3499 3042 3791 3104 constituta

589 3154 845 3222 faciens,
897 3159 1083 3230 atque
1129 3151 1514 3212 sacerdotale
1558 3152 1892 3230 collegium
1936 3171 2308 3232 aggregans,
2357 3154 2472 3214 sub
2517 3153 2942 3214 anathematis
3001 3151 3548 3213 interdictionibus
3613 3146 3791 3209 statuit

589 3257 746 3318 nulli
790 3275 1043 3336 quoquo
1091 3256 1275 3316 modo
1321 3274 1748 3316 successorum
1793 3256 1926 3336 ejus
1971 3259 2363 3336 pontiﬁcum,
2412 3258 2508 3318 vel
2569 3259 2674 3318 alii
2736 3258 2994 3318 cuilibet
3057 3275 3374 3337 personae,
3425 3256 3605 3316 licere
3657 3253 3790 3332 ipsas

587 3367 804 3427 domos
848 3365 1048 3425 cultas
1092 3363 1171 3424 ab
1219 3383 1334 3423 usu
1397 3363 1690 3424 Ecclesiae
1756 3364 2073 3444 quomodo
2136 3366 2433 3426 alienare.
2483 3366 2596 3426 Hic
2655 3365 2801 3426 fecit
2861 3371 3097 3425 vestem
3162 3382 3354 3444 super
3417 3363 3604 3423 altare
3656 3356 3790 3419 beati

585 3473 851 3534 Andreae
895 3471 1164 3551 apostoli
1208 3469 1283 3530 ad
1331 3471 1584 3531 beatum
1633 3473 1892 3531 Petrum
1940 3471 2127 3531 nimis
2171 3473 2501 3552 optimam.

502 3477 538 3534 5

667 3613 835 3667 226
880 3605 992 3663 Hic
1052 3604 1450 3664 beatissimus
1507 3623 1675 3682 papa
1746 3605 1964 3664 statuit
2010 3609 2080 3664 ut
2139 3605 2372 3667 crebris
2435 3606 2655 3665 diebus
2716 3605 3160 3665 alimentorum
3227 3610 3536 3684 sumptus,
3597 3600 3692 3681 qui
3737 3601 3786 3656 et

585 3711 984 3788 eleemosyna
1029 3729 1224 3788 usque
1269 3729 1436 3770 nunc
1480 3711 1858 3790 appellatur,
1893 3711 1970 3772 de
2013 3713 2357 3773 venerabili
2419 3712 2797 3791 patriarchio
2843 3730 2880 3771 a
2925 3711 3353 3790 paracellariis
3419 3711 3490 3791 (ἰ)
3533 3704 3784 3790 pauperi-

585 3817 700 3876 bus
745 3821 806 3875 et
851 3815 1196 3894 peregrinis
1240 3816 1349 3892 qui
1393 3816 1470 3874 ad
1515 3815 1770 3876 beatum
1821 3820 2072 3877 Petrum
2119 3823 2468 3890 morantur,
2515 3817 2833 3896 deportari
2889 3818 3104 3895 eisque
3148 3817 3426 3894 erogari.
3473 3817 3705 3876 Necnon
3741 3812 3789 3868 et

583 3922 874 3984 omnibus
919 3927 980 3982 et
1023 3922 1317 4000 inopibus
1360 3928 1423 3982 et
1466 3923 1728 3982 infirmis
1775 3943 1884 4002 per
1928 3925 2249 3984 universas
2293 3924 2580 4001 regiones
2625 3924 2800 3984 istius
2847 3925 3148 3984 Romanae
3209 3923 3385 3984 urbis
3449 3915 3785 3987 constitutis,

502 4032 538 4089 5
582 4029 868 4090 eamdem
914 4029 1200 4088 similiter
1241 4029 1531 4088 distribui
1587 4029 1724 4108 ipsa
1767 4031 2207 4090 alimentorum
2256 4030 2582 4090 constituit
2634 4030 3123 4109 eleemosynam.
3177 4029 3381 4108 Hujus
3445 4023 3786 4108 temporibus

581 4137 846 4214 contigit
888 4136 1094 4196 subito
1143 4141 1436 4213 tegumen
1483 4135 1588 4216 (λ’),
1624 4137 1786 4196 tituli
1831 4137 2000 4197 beati
2041 4137 2272 4198 Christi
2315 4137 2606 4216 martyris
2650 4135 2904 4196 Eusebii
2947 4136 3194 4197 cadere.
3239 4137 3358 4208 Qui
3405 4131 3785 4196 sanctissimus

579 4245 673 4303 vir
717 4263 860 4304 cum
907 4247 1037 4303 tota
1066 4261 1179 4302 sua
1221 4242 1548 4304 decertans
1591 4239 1846 4315 virtute,
1893 4243 2359 4323 prudenterque
2403 4244 2757 4316 elaborans,
2807 4245 2970 4303 sicut
3031 4243 3384 4322 antiquitus
3427 4242 3562 4314 fuit,
3607 4249 3785 4299 rursus

580 4351 747 4430 quod
793 4350 1102 4410 ceciderat
1146 4351 1464 4430 reparavit
1506 4355 1694 4428 atque
1751 4350 1985 4429 optime
2052 4350 2448 4410 restauravit.
2495 4350 2606 4410 Hic
2669 4350 3023 4429 praecipuus
3084 4351 3370 4430 pontifex
3433 4348 3620 4409 multa
3673 4343 3785 4403 loca

582 4464 942 4517 sanctorum
989 4457 1050 4515 in
1099 4457 1423 4516 meliorem
1475 4463 1707 4516 statum
1760 4457 2074 4536 perduxit.
2117 4459 2194 4517 Et
2237 4464 2439 4516 vestes
2483 4456 2756 4536 optimas
2800 4475 2990 4536 super
3031 4457 3260 4517 altaria
3305 4455 3654 4516 earumdem
3693 4445 3781 4510 Dei

582 4563 984 4624 ecclesiarum
1030 4563 1198 4623 fecit.
1246 4563 1360 4623 I-Iir.
1403 4562 1624 4624 dilexit
1665 4563 1904 4623 clerum
1948 4582 2130 4623 suum
2178 4563 2358 4623 valde
2431 4568 2621 4642 atque
2685 4562 3076 4642 presbyteria
3137 4563 3226 4623 eis
3271 4580 3482 4623 annue
3521 4561 3585 4622 in
3624 4551 3782 4634 duplo

459 4672 535 4729 lO
577 4676 639 4730 et
682 4670 953 4749 amplius
999 4669 1222 4729 tribuit
1268 4687 1280 4728 :
1330 4688 1550 4730 omnes
1597 4675 1814 4749 utpote
1859 4675 2038 4748 pater
2081 4675 2143 4730 et
2183 4669 2388 4730 bonus
2458 4675 2676 4748 pastor
2743 4670 3132 4750 amplectens
3195 4675 3254 4728 et
3299 4670 3537 4730 utiliter
3575 4668 3778 4734 fovens,

580 4782 642 4835 et
687 4776 934 4855 penitus
986 4775 1346 4854 quempiam
1397 4775 1656 4835 minime
1701 4774 1992 4835 tribulari
2038 4775 2428 4854 permittens.
2477 4774 2677 4854 Hujus
2747 4775 2960 4854 itaque
3032 4775 3424 4854 temporibus
3485 4775 3546 4834 in
3591 4779 3783 4845 magna

579 4883 911 4943 securitate
960 4889 1022 4942 et
1066 4881 1282 4941 lmtitia
1326 4884 1598 4962 populus
1642 4901 1678 4942 a
1721 4885 1848 4943 Deo
1912 4883 2004 4942 illi
2069 4883 2439 4942 commissus
2483 4881 2714 4960 degens
2771 4883 2951 4942 vixit.
3021 4883 3134 4942 llic
3196 4882 3588 4944 beatissimus
3642 4888 3780 4955 papa

576 5007 689 5049 suo
737 4987 1226 5068 prudentissimo
1271 4987 1500 5064 studio,
1549 5008 1707 5068 quos
1749 4989 1952 5050 beata:
1999 4988 2454 5050 recordationis
2499 4988 2834 5066 Gregorius
2876 5007 3042 5068 papa
3085 4989 3254 5062 fecit,
3300 4993 3570 5068 quatuor
3606 4979 3781 5045 Diale.

1680 5316 1926 5362 NOTULJE
1968 5313 2353 5361 MARGINALES
2395 5313 2712 5360 FABROTTI.

486 5582 561 5661 (a)
595 5581 930 5666 pittacium.
975 5583 1075 5664 '(b)
1108 5585 1383 5666 dignatus
1400 5587 1522 5666 ‘est.
1547 5652 1560 5666 ‘
1601 5583 1670 5652 (ί)
1705 5583 1764 5648 C,
1799 5583 1974 5655 regis.
2007 5588 2070 5650 Β,
2104 5583 2398 5666 magniﬁci
2432 5579 2910 5666 Cataxanti.__(d)
2943 5579 3318 5666 CLEcclesim.
3387 5579 3461 5666 (ρλ
3485 5577 3557 5666 6η
3573 5567 3776 5666 abigi-19

415 5643 566 5722 Cyri.
595 5643 614 5652 ’
643 5654 716 5724 (f)
746 5652 806 5706 in
839 5643 1210 5724 patrimonio:
1287 5659 1366 5725 (g)
1395 5657 1516 5708 tam
1547 5643 1692 5721 loca,
1718 5643 1897 5730 quam,
1917 5671 2004 5711 am

449 5723 551 5797 "(1')
579 5722 1007 5796 tegumentum.

2184 5643 2345 5712 alicta
2375 5651 2663 5724 quaedam.
2739 5651 2818 5724 (ἡ)
2839 5643 3115 5711 domibus
3136 5653 3328 5712 cultis.
3395 5643 3464 5724 ζί)
3485 5643 3773 5706 εοθιιαινϋε.
