  <div class='ocr_page' id='page_1' title='image "/cluster/home/n/w/nwhite01/storage/ocr_20150623/128/hvd.32044054759899/548.png"; bbox 0 0 4050 6172; ppageno 0'>
   <div class='ocr_carea' id='block_1_1' title="bbox 293 138 3714 217">
    <p class='ocr_par' dir='ltr' id='par_1_1' title="bbox 293 138 3714 217">
     <span class='ocr_line' id='line_1_1' title="bbox 293 138 3714 217; baseline 0.004 -14"><span class='ocrx_word' id='word_1_1' title='bbox 293 138 457 204; x_wconf 76' lang='grc'>1085</span> <span class='ocrx_word' id='word_1_2' title='bbox 998 144 1375 209; x_wconf 73' lang='lat' dir='ltr'>HISTORIA</span> <span class='ocrx_word' id='word_1_3' title='bbox 1415 144 1520 208; x_wconf 86' lang='lat' dir='ltr'>DE</span> <span class='ocrx_word' id='word_1_4' title='bbox 1561 145 1766 209; x_wconf 83' lang='lat' dir='ltr'>VITIS</span> <span class='ocrx_word' id='word_1_5' title='bbox 1811 145 2002 209; x_wconf 81' lang='lat' dir='ltr'>ROM.</span> <span class='ocrx_word' id='word_1_6' title='bbox 2047 147 2281 210; x_wconf 87' lang='lat' dir='ltr'>PONT.</span> <span class='ocrx_word' id='word_1_7' title='bbox 2313 181 2394 193; x_wconf 92' lang='lat'><strong><em>—</em></strong></span> <span class='ocrx_word' id='word_1_8' title='bbox 2421 148 2884 214; x_wconf 84' lang='lat' dir='ltr'>STEPHANUS</span> <span class='ocrx_word' id='word_1_9' title='bbox 2926 149 3004 212; x_wconf 90' lang='lat' dir='ltr'>II.</span> <span class='ocrx_word' id='word_1_10' title='bbox 3052 142 3065 152; x_wconf 78' lang='grc'><em>’</em></span> <span class='ocrx_word' id='word_1_11' title='bbox 3557 146 3714 217; x_wconf 74' lang='grc' dir='ltr'>ιωδ</span> 
     </span>
    </p>
   </div>
   <div class='ocr_carea' id='block_1_2' title="bbox 459 274 3712 367">
    <p class='ocr_par' dir='ltr' id='par_1_2' title="bbox 459 274 3712 367">
     <span class='ocr_line' id='line_1_2' title="bbox 459 274 3712 367; baseline 0.004 -31"><span class='ocrx_word' id='word_1_12' title='bbox 459 274 959 338; x_wconf 87' lang='lat' dir='ltr'>misericordiam</span> <span class='ocrx_word' id='word_1_13' title='bbox 1002 278 1253 339; x_wconf 85' lang='lat' dir='ltr'>Domini</span> <span class='ocrx_word' id='word_1_14' title='bbox 1294 279 1407 340; x_wconf 86' lang='lat' dir='ltr'>Dei</span> <span class='ocrx_word' id='word_1_15' title='bbox 1450 280 1649 341; x_wconf 91' lang='lat' dir='ltr'>nostri</span> <span class='ocrx_word' id='word_1_16' title='bbox 1697 287 2004 361; x_wconf 77' lang='lat' dir='ltr'>petentes,</span> <span class='ocrx_word' id='word_1_17' title='bbox 2051 287 2113 343; x_wconf 90' lang='lat' dir='ltr'>et</span> <span class='ocrx_word' id='word_1_18' title='bbox 2172 282 2366 363; x_wconf 85' lang='lat' dir='ltr'>ipsius</span> <span class='ocrx_word' id='word_1_19' title='bbox 2420 282 2693 344; x_wconf 83' lang='lat' dir='ltr'>dominae</span> <span class='ocrx_word' id='word_1_20' title='bbox 2755 287 2985 345; x_wconf 73' lang='lat' dir='ltr'>nostrae</span> <span class='ocrx_word' id='word_1_21' title='bbox 3044 288 3276 346; x_wconf 71' lang='lat' dir='ltr'>sancta:</span> <span class='ocrx_word' id='word_1_22' title='bbox 3335 302 3712 367; x_wconf 81' lang='lat' dir='ltr'>semperque</span> 
     </span>
    </p>
   </div>
   <div class='ocr_carea' id='block_1_3' title="bbox 456 382 3709 469">
    <p class='ocr_par' dir='ltr' id='par_1_3' title="bbox 456 382 3709 469">
     <span class='ocr_line' id='line_1_3' title="bbox 456 382 3709 469; baseline 0.004 -25"><span class='ocrx_word' id='word_1_23' title='bbox 456 382 723 463; x_wconf 80' lang='lat' dir='ltr'>virginis</span> <span class='ocrx_word' id='word_1_24' title='bbox 764 383 878 444; x_wconf 90' lang='lat' dir='ltr'>Dei</span> <span class='ocrx_word' id='word_1_25' title='bbox 922 383 1191 446; x_wconf 87' lang='lat' dir='ltr'>Genitris</span> <span class='ocrx_word' id='word_1_26' title='bbox 1232 384 1470 461; x_wconf 66' lang='lat' dir='ltr'>Marias,</span> <span class='ocrx_word' id='word_1_27' title='bbox 1515 386 1687 449; x_wconf 94' lang='lat' dir='ltr'>bono</span> <span class='ocrx_word' id='word_1_28' title='bbox 1733 387 1945 450; x_wconf 90' lang='lat' dir='ltr'>animo</span> <span class='ocrx_word' id='word_1_29' title='bbox 1988 393 2052 449; x_wconf 92' lang='lat' dir='ltr'>et</span> <span class='ocrx_word' id='word_1_30' title='bbox 2091 407 2368 450; x_wconf 90' lang='lat' dir='ltr'>consona</span> <span class='ocrx_word' id='word_1_31' title='bbox 2409 407 2562 450; x_wconf 89' lang='lat' dir='ltr'>voce</span> <span class='ocrx_word' id='word_1_32' title='bbox 2605 389 2976 469; x_wconf 69' lang='lat' dir='ltr'>praadictum</span> <span class='ocrx_word' id='word_1_33' title='bbox 3019 390 3448 453; x_wconf 88' lang='lat' dir='ltr'>beatissimum</span> <span class='ocrx_word' id='word_1_34' title='bbox 3504 394 3709 457; x_wconf 90' lang='lat' dir='ltr'>virum</span> 
     </span>
    </p>
   </div>
   <div class='ocr_carea' id='block_1_4' title="bbox 457 489 3710 576">
    <p class='ocr_par' dir='ltr' id='par_1_4' title="bbox 457 489 3710 576">
     <span class='ocr_line' id='line_1_4' title="bbox 457 489 3710 576; baseline 0.003 -25"><span class='ocrx_word' id='word_1_35' title='bbox 457 489 577 552; x_wconf 90' lang='lat' dir='ltr'>sibi</span> <span class='ocrx_word' id='word_1_36' title='bbox 618 490 864 570; x_wconf 91' lang='lat' dir='ltr'>eligunt</span> <span class='ocrx_word' id='word_1_37' title='bbox 907 490 1301 570; x_wconf 82' lang='lat' dir='ltr'>pontiﬁcem.</span> <span class='ocrx_word' id='word_1_38' title='bbox 1341 494 1553 573; x_wconf 64' lang='lat' dir='ltr'>Quen;</span> <span class='ocrx_word' id='word_1_39' title='bbox 1586 513 1809 556; x_wconf 91' lang='lat' dir='ltr'>omnes</span> <span class='ocrx_word' id='word_1_40' title='bbox 1849 495 2094 557; x_wconf 91' lang='lat' dir='ltr'>sincera</span> <span class='ocrx_word' id='word_1_41' title='bbox 2137 501 2346 557; x_wconf 82' lang='lat' dir='ltr'><strong>mente</strong></span> <span class='ocrx_word' id='word_1_42' title='bbox 2408 514 2551 556; x_wconf 89' lang='lat' dir='ltr'>cum</span> <span class='ocrx_word' id='word_1_43' title='bbox 2609 495 2813 557; x_wconf 83' lang='lat' dir='ltr'>laudis</span> <span class='ocrx_word' id='word_1_44' title='bbox 2878 497 3208 576; x_wconf 66' lang='lat' dir='ltr'>praeconiis</span> <span class='ocrx_word' id='word_1_45' title='bbox 3262 497 3329 558; x_wconf 92' lang='lat' dir='ltr'>in</span> <span class='ocrx_word' id='word_1_46' title='bbox 3384 498 3710 561; x_wconf 85' lang='lat' dir='ltr'>basilicam</span> 
     </span>
    </p>
   </div>
   <div class='ocr_carea' id='block_1_5' title="bbox 454 596 3704 683">
    <p class='ocr_par' dir='ltr' id='par_1_5' title="bbox 454 596 3704 683">
     <span class='ocr_line' id='line_1_5' title="bbox 454 596 3704 683; baseline 0.002 -24"><span class='ocrx_word' id='word_1_47' title='bbox 454 596 824 670; x_wconf 87' lang='lat' dir='ltr'>Salvatoris,</span> <span class='ocrx_word' id='word_1_48' title='bbox 885 616 1028 678; x_wconf 66' lang='lat' dir='ltr'>quas</span> <span class='ocrx_word' id='word_1_49' title='bbox 1084 600 1445 680; x_wconf 84' lang='lat' dir='ltr'>appellatur</span> <span class='ocrx_word' id='word_1_50' title='bbox 1524 602 2070 676; x_wconf 90' lang='lat' dir='ltr'>Constantiniana,</span> <span class='ocrx_word' id='word_1_51' title='bbox 2128 603 2645 683; x_wconf 82' lang='lat' dir='ltr'>deportaverunt,</span> <span class='ocrx_word' id='word_1_52' title='bbox 2700 608 2764 663; x_wconf 92' lang='lat' dir='ltr'>et</span> <span class='ocrx_word' id='word_1_53' title='bbox 2837 603 3063 663; x_wconf 84' lang='lat' dir='ltr'><strong>exinde</strong></span> <span class='ocrx_word' id='word_1_54' title='bbox 3137 604 3307 665; x_wconf 90' lang='lat' dir='ltr'>intus</span> <span class='ocrx_word' id='word_1_55' title='bbox 3374 612 3704 681; x_wconf 90' lang='lat' dir='ltr'>venerunt,</span> 
     </span>
    </p>
   </div>
   <div class='ocr_carea' id='block_1_6' title="bbox 331 702 2248 786">
    <p class='ocr_par' dir='ltr' id='par_1_6' title="bbox 331 702 2248 786">
     <span class='ocr_line' id='line_1_6' title="bbox 331 702 2248 786; baseline 0.004 -22"><span class='ocrx_word' id='word_1_56' title='bbox 331 704 410 765; x_wconf 82' lang='grc'><strong>15</strong></span> <span class='ocrx_word' id='word_1_57' title='bbox 456 709 522 765; x_wconf 94' lang='lat' dir='ltr'>et</span> <span class='ocrx_word' id='word_1_58' title='bbox 575 702 640 764; x_wconf 89' lang='lat' dir='ltr'>in</span> <span class='ocrx_word' id='word_1_59' title='bbox 698 703 1154 784; x_wconf 90' lang='lat' dir='ltr'>patriarchium</span> <span class='ocrx_word' id='word_1_60' title='bbox 1203 705 1392 786; x_wconf 83' lang='lat' dir='ltr'>juxta</span> <span class='ocrx_word' id='word_1_61' title='bbox 1447 726 1688 770; x_wconf 91' lang='lat' dir='ltr'>morem</span> <span class='ocrx_word' id='word_1_62' title='bbox 1744 708 2248 771; x_wconf 91' lang='lat' dir='ltr'>intromiserunt.</span> 
     </span>
    </p>
   </div>
   <div class='ocr_carea' id='block_1_7' title="bbox 539 848 3705 934">
    <p class='ocr_par' dir='ltr' id='par_1_7' title="bbox 539 848 3705 934">
     <span class='ocr_line' id='line_1_7' title="bbox 539 848 3705 934; baseline 0.003 -26"><span class='ocrx_word' id='word_1_63' title='bbox 539 854 705 908; x_wconf 66' lang='grc' dir='ltr'>ηε</span> <span class='ocrx_word' id='word_1_64' title='bbox 764 848 920 910; x_wconf 86' lang='lat' dir='ltr'><strong>Erat</strong></span> <span class='ocrx_word' id='word_1_65' title='bbox 974 848 1141 911; x_wconf 89' lang='lat' dir='ltr'>enim</span> <span class='ocrx_word' id='word_1_66' title='bbox 1200 849 1397 912; x_wconf 87' lang='lat' dir='ltr'>isdem</span> <span class='ocrx_word' id='word_1_67' title='bbox 1455 849 1859 913; x_wconf 86' lang='lat' dir='ltr'>beatissimus</span> <span class='ocrx_word' id='word_1_68' title='bbox 1916 871 2085 934; x_wconf 91' lang='lat' dir='ltr'>papa</span> <span class='ocrx_word' id='word_1_69' title='bbox 2131 856 2378 915; x_wconf 85' lang='lat' dir='ltr'>amator</span> <span class='ocrx_word' id='word_1_70' title='bbox 2428 852 2845 914; x_wconf 86' lang='lat' dir='ltr'>Ecclesiarum</span> <span class='ocrx_word' id='word_1_71' title='bbox 2895 850 3028 926; x_wconf 90' lang='lat' dir='ltr'>Dei,</span> <span class='ocrx_word' id='word_1_72' title='bbox 3082 852 3483 916; x_wconf 78' lang='lat' dir='ltr'>traditionem</span> <span class='ocrx_word' id='word_1_73' title='bbox 3515 855 3705 917; x_wconf 90' lang='lat' dir='ltr'>etiam</span> 
     </span>
    </p>
   </div>
   <div class='ocr_carea' id='block_1_8' title="bbox 451 953 3701 1040">
    <p class='ocr_par' dir='ltr' id='par_1_8' title="bbox 451 953 3701 1040">
     <span class='ocr_line' id='line_1_8' title="bbox 451 953 3701 1040; baseline 0.003 -25"><span class='ocrx_word' id='word_1_74' title='bbox 451 953 938 1016; x_wconf 86' lang='lat' dir='ltr'>ecclesiasticam</span> <span class='ocrx_word' id='word_1_75' title='bbox 1009 957 1197 1017; x_wconf 82' lang='lat' dir='ltr'>ﬁrma</span> <span class='ocrx_word' id='word_1_76' title='bbox 1270 957 1615 1019; x_wconf 88' lang='lat' dir='ltr'>stabilitate</span> <span class='ocrx_word' id='word_1_77' title='bbox 1687 976 2067 1021; x_wconf 87' lang='lat' dir='ltr'>conservans</span> <span class='ocrx_word' id='word_1_78' title='bbox 2142 958 2253 1040; x_wconf 89' lang='lat' dir='ltr'>(a).</span> <span class='ocrx_word' id='word_1_79' title='bbox 2323 961 2683 1040; x_wconf 92' lang='lat' dir='ltr'>Pauperum</span> <span class='ocrx_word' id='word_1_80' title='bbox 2761 958 2991 1020; x_wconf 83' lang='lat' dir='ltr'>Christi</span> <span class='ocrx_word' id='word_1_81' title='bbox 3064 958 3245 1020; x_wconf 90' lang='lat' dir='ltr'>velox</span> <span class='ocrx_word' id='word_1_82' title='bbox 3336 960 3701 1026; x_wconf 65' lang='lat' dir='ltr'>subventor:</span> 
     </span>
    </p>
   </div>
   <div class='ocr_carea' id='block_1_9' title="bbox 450 1061 3701 1147">
    <p class='ocr_par' dir='ltr' id='par_1_9' title="bbox 450 1061 3701 1147">
     <span class='ocr_line' id='line_1_9' title="bbox 450 1061 3701 1147; baseline 0.003 -26"><span class='ocrx_word' id='word_1_83' title='bbox 450 1061 628 1123; x_wconf 90' lang='lat' dir='ltr'>verbi</span> <span class='ocrx_word' id='word_1_84' title='bbox 681 1061 794 1122; x_wconf 91' lang='lat' dir='ltr'>Dei</span> <span class='ocrx_word' id='word_1_85' title='bbox 850 1062 915 1122; x_wconf 93' lang='lat' dir='ltr'>in</span> <span class='ocrx_word' id='word_1_86' title='bbox 973 1080 1208 1143; x_wconf 86' lang='lat' dir='ltr'>magna</span> <span class='ocrx_word' id='word_1_87' title='bbox 1264 1064 1622 1126; x_wconf 88' lang='lat' dir='ltr'>constantia</span> <span class='ocrx_word' id='word_1_88' title='bbox 1678 1065 2054 1147; x_wconf 62' lang='lat' dir='ltr'>praedicator</span> <span class='ocrx_word' id='word_1_89' title='bbox 2113 1083 2129 1126; x_wconf 91' lang='lat'><strong>:</strong></span> <span class='ocrx_word' id='word_1_90' title='bbox 2189 1066 2427 1129; x_wconf 80' lang='lat' dir='ltr'>Viduas</span> <span class='ocrx_word' id='word_1_91' title='bbox 2491 1072 2555 1127; x_wconf 89' lang='lat' dir='ltr'>et</span> <span class='ocrx_word' id='word_1_92' title='bbox 2626 1066 2901 1147; x_wconf 92' lang='lat' dir='ltr'>pupillos</span> <span class='ocrx_word' id='word_1_93' title='bbox 2980 1066 3178 1127; x_wconf 92' lang='lat' dir='ltr'>multo</span> <span class='ocrx_word' id='word_1_94' title='bbox 3253 1067 3477 1129; x_wconf 93' lang='lat' dir='ltr'>melius</span> <span class='ocrx_word' id='word_1_95' title='bbox 3549 1069 3701 1130; x_wconf 84' lang='lat' dir='ltr'>visi-</span> 
     </span>
    </p>
   </div>
   <div class='ocr_carea' id='block_1_10' title="bbox 448 1167 3707 1256">
    <p class='ocr_par' dir='ltr' id='par_1_10' title="bbox 448 1167 3707 1256">
     <span class='ocr_line' id='line_1_10' title="bbox 448 1167 3707 1256; baseline 0.003 -26"><span class='ocrx_word' id='word_1_96' title='bbox 448 1172 593 1230; x_wconf 90' lang='lat' dir='ltr'>tans</span> <span class='ocrx_word' id='word_1_97' title='bbox 632 1167 738 1249; x_wconf 79' lang='lat' dir='ltr'>(b),</span> <span class='ocrx_word' id='word_1_98' title='bbox 799 1169 1182 1256; x_wconf 85' lang='lat' dir='ltr'>fortissimus</span> <span class='ocrx_word' id='word_1_99' title='bbox 1234 1171 1425 1232; x_wconf 90' lang='lat' dir='ltr'>etiam</span> <span class='ocrx_word' id='word_1_100' title='bbox 1483 1172 1663 1233; x_wconf 90' lang='lat' dir='ltr'>ovilis</span> <span class='ocrx_word' id='word_1_101' title='bbox 1710 1172 1806 1234; x_wconf 90' lang='lat' dir='ltr'>sui</span> <span class='ocrx_word' id='word_1_102' title='bbox 1862 1190 2004 1234; x_wconf 93' lang='lat' dir='ltr'>cum</span> <span class='ocrx_word' id='word_1_103' title='bbox 2059 1172 2174 1235; x_wconf 93' lang='lat' dir='ltr'>Dei</span> <span class='ocrx_word' id='word_1_104' title='bbox 2230 1173 2461 1234; x_wconf 85' lang='lat' dir='ltr'>virtute</span> <span class='ocrx_word' id='word_1_105' title='bbox 2535 1172 2845 1234; x_wconf 90' lang='lat' dir='ltr'>defensor.</span> <span class='ocrx_word' id='word_1_106' title='bbox 2909 1174 3051 1235; x_wconf 85' lang='lat' dir='ltr'>Mox</span> <span class='ocrx_word' id='word_1_107' title='bbox 3119 1192 3269 1235; x_wconf 92' lang='lat' dir='ltr'>vero</span> <span class='ocrx_word' id='word_1_108' title='bbox 3326 1176 3707 1240; x_wconf 85' lang='lat' dir='ltr'>restauravit</span> 
     </span>
    </p>
   </div>
   <div class='ocr_carea' id='block_1_11' title="bbox 362 1275 3701 1361">
    <p class='ocr_par' dir='ltr' id='par_1_11' title="bbox 362 1275 3701 1361">
     <span class='ocr_line' id='line_1_11' title="bbox 362 1275 3701 1361; baseline 0.003 -26"><span class='ocrx_word' id='word_1_109' title='bbox 362 1275 403 1335; x_wconf 80' lang='grc'><strong>5</strong></span> <span class='ocrx_word' id='word_1_110' title='bbox 449 1279 515 1337; x_wconf 92' lang='lat' dir='ltr'>et</span> <span class='ocrx_word' id='word_1_111' title='bbox 568 1280 846 1356; x_wconf 85' lang='lat' dir='ltr'>quatuor</span> <span class='ocrx_word' id='word_1_112' title='bbox 901 1276 966 1337; x_wconf 92' lang='lat' dir='ltr'>in</span> <span class='ocrx_word' id='word_1_113' title='bbox 1023 1276 1143 1339; x_wconf 91' lang='lat' dir='ltr'>hac</span> <span class='ocrx_word' id='word_1_114' title='bbox 1200 1279 1487 1339; x_wconf 85' lang='lat' dir='ltr'>Romana</span> <span class='ocrx_word' id='word_1_115' title='bbox 1546 1278 1702 1341; x_wconf 91' lang='lat' dir='ltr'>urbe</span> <span class='ocrx_word' id='word_1_116' title='bbox 1760 1280 1880 1342; x_wconf 87' lang='lat' dir='ltr'>sita</span> <span class='ocrx_word' id='word_1_117' title='bbox 1910 1278 2261 1361; x_wconf 89' lang='lat' dir='ltr'>antiquitus</span> <span class='ocrx_word' id='word_1_118' title='bbox 2315 1279 2731 1353; x_wconf 84' lang='lat' dir='ltr'>xenodoehia,</span> <span class='ocrx_word' id='word_1_119' title='bbox 2793 1300 2933 1361; x_wconf 65' lang='lat' dir='ltr'>quae</span> <span class='ocrx_word' id='word_1_120' title='bbox 2990 1299 3028 1341; x_wconf 90' lang='lat' dir='ltr'>a</span> <span class='ocrx_word' id='word_1_121' title='bbox 3082 1280 3398 1343; x_wconf 89' lang='lat' dir='ltr'>diuturnis</span> <span class='ocrx_word' id='word_1_122' title='bbox 3450 1287 3513 1344; x_wconf 94' lang='lat' dir='ltr'>et</span> <span class='ocrx_word' id='word_1_123' title='bbox 3560 1283 3701 1346; x_wconf 92' lang='lat' dir='ltr'>lon-</span> 
     </span>
    </p>
   </div>
   <div class='ocr_carea' id='block_1_12' title="bbox 447 1382 3695 1463">
    <p class='ocr_par' dir='ltr' id='par_1_12' title="bbox 447 1382 3695 1463">
     <span class='ocr_line' id='line_1_12' title="bbox 447 1382 3695 1463; baseline 0.002 -20"><span class='ocrx_word' id='word_1_124' title='bbox 447 1382 703 1463; x_wconf 89' lang='lat' dir='ltr'>ginquis</span> <span class='ocrx_word' id='word_1_125' title='bbox 761 1383 1159 1463; x_wconf 88' lang='lat' dir='ltr'>temporibus</span> <span class='ocrx_word' id='word_1_126' title='bbox 1214 1384 1518 1447; x_wconf 89' lang='lat' dir='ltr'>destituta</span> <span class='ocrx_word' id='word_1_127' title='bbox 1576 1386 1940 1459; x_wconf 91' lang='lat' dir='ltr'>manebant,</span> <span class='ocrx_word' id='word_1_128' title='bbox 2000 1393 2064 1448; x_wconf 93' lang='lat' dir='ltr'>et</span> <span class='ocrx_word' id='word_1_129' title='bbox 2116 1387 2181 1447; x_wconf 92' lang='lat' dir='ltr'>in</span> <span class='ocrx_word' id='word_1_130' title='bbox 2237 1388 2325 1449; x_wconf 90' lang='lat' dir='ltr'>eis</span> <span class='ocrx_word' id='word_1_131' title='bbox 2407 1387 2725 1449; x_wconf 88' lang='lat' dir='ltr'>ordinavit</span> <span class='ocrx_word' id='word_1_132' title='bbox 2777 1405 3029 1449; x_wconf 90' lang='lat' dir='ltr'>omnem</span> <span class='ocrx_word' id='word_1_133' title='bbox 3090 1388 3423 1449; x_wconf 90' lang='lat' dir='ltr'>utilitatem</span> <span class='ocrx_word' id='word_1_134' title='bbox 3478 1388 3543 1449; x_wconf 93' lang='lat' dir='ltr'>in</span> <span class='ocrx_word' id='word_1_135' title='bbox 3597 1388 3695 1449; x_wconf 91' lang='lat' dir='ltr'>di-</span> 
     </span>
    </p>
   </div>
   <div class='ocr_carea' id='block_1_13' title="bbox 444 1490 3699 1575">
    <p class='ocr_par' dir='ltr' id='par_1_13' title="bbox 444 1490 3699 1575">
     <span class='ocr_line' id='line_1_13' title="bbox 444 1490 3699 1575; baseline 0.002 -24"><span class='ocrx_word' id='word_1_136' title='bbox 444 1490 643 1552; x_wconf 90' lang='lat' dir='ltr'>versis</span> <span class='ocrx_word' id='word_1_137' title='bbox 701 1507 921 1551; x_wconf 91' lang='lat' dir='ltr'>eorum</span> <span class='ocrx_word' id='word_1_138' title='bbox 978 1490 1135 1552; x_wconf 91' lang='lat' dir='ltr'>locis</span> <span class='ocrx_word' id='word_1_139' title='bbox 1193 1491 1536 1572; x_wconf 88' lang='lat' dir='ltr'>disponens</span> <span class='ocrx_word' id='word_1_140' title='bbox 1589 1492 1760 1554; x_wconf 90' lang='lat' dir='ltr'>intus</span> <span class='ocrx_word' id='word_1_141' title='bbox 1816 1493 2006 1555; x_wconf 91' lang='lat' dir='ltr'>etiam</span> <span class='ocrx_word' id='word_1_142' title='bbox 2065 1500 2127 1555; x_wconf 92' lang='lat' dir='ltr'>et</span> <span class='ocrx_word' id='word_1_143' title='bbox 2181 1494 2353 1568; x_wconf 89' lang='lat' dir='ltr'>foris,</span> <span class='ocrx_word' id='word_1_144' title='bbox 2413 1495 2477 1555; x_wconf 92' lang='lat' dir='ltr'>in</span> <span class='ocrx_word' id='word_1_145' title='bbox 2536 1494 2764 1575; x_wconf 91' lang='lat' dir='ltr'>quibus</span> <span class='ocrx_word' id='word_1_146' title='bbox 2819 1500 2882 1555; x_wconf 92' lang='lat' dir='ltr'>et</span> <span class='ocrx_word' id='word_1_147' title='bbox 2938 1494 3137 1555; x_wconf 90' lang='lat' dir='ltr'>multa</span> <span class='ocrx_word' id='word_1_148' title='bbox 3192 1495 3460 1557; x_wconf 91' lang='lat' dir='ltr'>contulit</span> <span class='ocrx_word' id='word_1_149' title='bbox 3504 1495 3699 1570; x_wconf 89' lang='lat' dir='ltr'>dona,</span> 
     </span>
    </p>
   </div>
   <div class='ocr_carea' id='block_1_14' title="bbox 443 1599 3694 1680">
    <p class='ocr_par' dir='ltr' id='par_1_14' title="bbox 443 1599 3694 1680">
     <span class='ocr_line' id='line_1_14' title="bbox 443 1599 3694 1680; baseline 0.002 -21"><span class='ocrx_word' id='word_1_150' title='bbox 443 1616 588 1678; x_wconf 67' lang='lat' dir='ltr'>qum</span> <span class='ocrx_word' id='word_1_151' title='bbox 644 1602 708 1659; x_wconf 88' lang='lat' dir='ltr'>et</span> <span class='ocrx_word' id='word_1_152' title='bbox 763 1616 877 1678; x_wconf 93' lang='lat' dir='ltr'>per</span> <span class='ocrx_word' id='word_1_153' title='bbox 936 1599 1255 1679; x_wconf 86' lang='lat' dir='ltr'>privilegii</span> <span class='ocrx_word' id='word_1_154' title='bbox 1308 1600 1606 1680; x_wconf 82' lang='lat' dir='ltr'>paginam</span> <span class='ocrx_word' id='word_1_155' title='bbox 1670 1600 1788 1661; x_wconf 92' lang='lat' dir='ltr'>sub</span> <span class='ocrx_word' id='word_1_156' title='bbox 1848 1601 2268 1664; x_wconf 85' lang='lat' dir='ltr'>anathematis</span> <span class='ocrx_word' id='word_1_157' title='bbox 2324 1602 2658 1664; x_wconf 88' lang='lat' dir='ltr'>interdicto</span> <span class='ocrx_word' id='word_1_158' title='bbox 2733 1602 3151 1663; x_wconf 85' lang='lat' dir='ltr'>confirmavit.</span> <span class='ocrx_word' id='word_1_159' title='bbox 3213 1602 3358 1663; x_wconf 89' lang='lat' dir='ltr'>Pari</span> <span class='ocrx_word' id='word_1_160' title='bbox 3409 1602 3595 1665; x_wconf 88' lang='lat' dir='ltr'>modo</span> <span class='ocrx_word' id='word_1_161' title='bbox 3654 1622 3694 1664; x_wconf 88' lang='lat' dir='ltr'>a</span> 
     </span>
    </p>
   </div>
   <div class='ocr_carea' id='block_1_15' title="bbox 443 1705 3699 1793">
    <p class='ocr_par' dir='ltr' id='par_1_15' title="bbox 443 1705 3699 1793">
     <span class='ocr_line' id='line_1_15' title="bbox 443 1705 3699 1793; baseline 0.002 -28"><span class='ocrx_word' id='word_1_162' title='bbox 443 1723 609 1767; x_wconf 92' lang='lat' dir='ltr'>novo</span> <span class='ocrx_word' id='word_1_163' title='bbox 664 1705 963 1767; x_wconf 82' lang='lat' dir='ltr'>fundasse</span> <span class='ocrx_word' id='word_1_164' title='bbox 1020 1706 1410 1793; x_wconf 83' lang='lat' dir='ltr'>dignoscitur</span> <span class='ocrx_word' id='word_1_165' title='bbox 1470 1711 1532 1769; x_wconf 92' lang='lat' dir='ltr'>et</span> <span class='ocrx_word' id='word_1_166' title='bbox 1593 1707 2054 1770; x_wconf 85' lang='lat' dir='ltr'>xenodochium</span> <span class='ocrx_word' id='word_1_167' title='bbox 2110 1709 2174 1771; x_wconf 91' lang='lat' dir='ltr'>in</span> <span class='ocrx_word' id='word_1_168' title='bbox 2232 1709 2543 1771; x_wconf 86' lang='lat' dir='ltr'>Plantana</span> <span class='ocrx_word' id='word_1_169' title='bbox 2598 1709 2695 1791; x_wconf 77' lang='grc' dir='ltr'>(ε),</span> <span class='ocrx_word' id='word_1_170' title='bbox 2757 1714 3008 1770; x_wconf 91' lang='lat' dir='ltr'>centum</span> <span class='ocrx_word' id='word_1_171' title='bbox 3066 1727 3416 1789; x_wconf 89' lang='lat' dir='ltr'>pauperum</span> <span class='ocrx_word' id='word_1_172' title='bbox 3463 1708 3699 1774; x_wconf 84' lang='lat' dir='ltr'>Christi</span> 
     </span>
    </p>
   </div>
   <div class='ocr_carea' id='block_1_16' title="bbox 316 1812 3373 1895">
    <p class='ocr_par' dir='ltr' id='par_1_16' title="bbox 316 1812 3373 1895">
     <span class='ocr_line' id='line_1_16' title="bbox 316 1812 3373 1895; baseline 0.001 -23"><span class='ocrx_word' id='word_1_173' title='bbox 316 1813 400 1872; x_wconf 72' lang='grc'>10</span> <span class='ocrx_word' id='word_1_174' title='bbox 444 1812 801 1893; x_wconf 90' lang='lat' dir='ltr'>depositum</span> <span class='ocrx_word' id='word_1_175' title='bbox 859 1813 989 1875; x_wconf 90' lang='lat' dir='ltr'>illic</span> <span class='ocrx_word' id='word_1_176' title='bbox 1036 1813 1293 1889; x_wconf 81' lang='lat' dir='ltr'>faciens,</span> <span class='ocrx_word' id='word_1_177' title='bbox 1356 1813 1794 1895; x_wconf 90' lang='lat' dir='ltr'>quotidianum</span> <span class='ocrx_word' id='word_1_178' title='bbox 1855 1816 2144 1879; x_wconf 91' lang='lat' dir='ltr'>videlicet</span> <span class='ocrx_word' id='word_1_179' title='bbox 2196 1817 2427 1877; x_wconf 89' lang='lat' dir='ltr'>victum</span> <span class='ocrx_word' id='word_1_180' title='bbox 2485 1835 2703 1878; x_wconf 85' lang='lat' dir='ltr'>eorum</span> <span class='ocrx_word' id='word_1_181' title='bbox 2761 1817 3105 1878; x_wconf 89' lang='lat' dir='ltr'>decernens</span> <span class='ocrx_word' id='word_1_182' title='bbox 3160 1816 3373 1877; x_wconf 86' lang='lat' dir='ltr'>tribui.</span> 
     </span>
    </p>
   </div>
   <div class='ocr_carea' id='block_1_17' title="bbox 525 1956 3661 2039">
    <p class='ocr_par' dir='ltr' id='par_1_17' title="bbox 525 1956 3661 2039">
     <span class='ocr_line' id='line_1_17' title="bbox 525 1956 3661 2039; baseline -0.001 -18"><span class='ocrx_word' id='word_1_183' title='bbox 525 1963 694 2021; x_wconf 65' lang='grc' dir='ltr'>υ,</span> <span class='ocrx_word' id='word_1_184' title='bbox 751 1957 909 2017; x_wconf 89' lang='lat' dir='ltr'>Nam</span> <span class='ocrx_word' id='word_1_185' title='bbox 966 1961 1030 2018; x_wconf 91' lang='lat' dir='ltr'>et</span> <span class='ocrx_word' id='word_1_186' title='bbox 1085 1957 1237 2018; x_wconf 85' lang='lat' dir='ltr'>foris</span> <span class='ocrx_word' id='word_1_187' title='bbox 1294 1975 1510 2019; x_wconf 90' lang='lat' dir='ltr'>muros</span> <span class='ocrx_word' id='word_1_188' title='bbox 1566 1956 1757 2037; x_wconf 90' lang='lat' dir='ltr'>hujus</span> <span class='ocrx_word' id='word_1_189' title='bbox 1811 1958 2080 2020; x_wconf 88' lang='lat' dir='ltr'>civitatis</span> <span class='ocrx_word' id='word_1_190' title='bbox 2133 1962 2434 2021; x_wconf 64' lang='lat' dir='ltr'>Romanas</span> <span class='ocrx_word' id='word_1_191' title='bbox 2488 1977 2666 2021; x_wconf 89' lang='lat' dir='ltr'>secus</span> <span class='ocrx_word' id='word_1_192' title='bbox 2718 1959 3042 2020; x_wconf 87' lang='lat' dir='ltr'>basilicam</span> <span class='ocrx_word' id='word_1_193' title='bbox 3100 1959 3267 2020; x_wconf 91' lang='lat' dir='ltr'>beati</span> <span class='ocrx_word' id='word_1_194' title='bbox 3318 1958 3483 2021; x_wconf 88' lang='lat' dir='ltr'>Petri</span> <span class='ocrx_word' id='word_1_195' title='bbox 3504 1976 3661 2039; x_wconf 91' lang='lat' dir='ltr'>apos</span> 
     </span>
    </p>
   </div>
   <div class='ocr_carea' id='block_1_18' title="bbox 441 2061 3688 2146">
    <p class='ocr_par' dir='ltr' id='par_1_18' title="bbox 441 2061 3688 2146">
     <span class='ocr_line' id='line_1_18' title="bbox 441 2061 3688 2146; baseline 0.001 -23"><span class='ocrx_word' id='word_1_196' title='bbox 441 2061 554 2123; x_wconf 88' lang='lat' dir='ltr'>toli</span> <span class='ocrx_word' id='word_1_197' title='bbox 612 2062 737 2124; x_wconf 91' lang='lat' dir='ltr'>duo</span> <span class='ocrx_word' id='word_1_198' title='bbox 792 2062 943 2124; x_wconf 88' lang='lat' dir='ltr'>fecit</span> <span class='ocrx_word' id='word_1_199' title='bbox 998 2063 1418 2141; x_wconf 84' lang='lat' dir='ltr'>xenodochia,</span> <span class='ocrx_word' id='word_1_200' title='bbox 1479 2064 1544 2125; x_wconf 93' lang='lat' dir='ltr'>in</span> <span class='ocrx_word' id='word_1_201' title='bbox 1604 2065 1833 2145; x_wconf 89' lang='lat' dir='ltr'>quibus</span> <span class='ocrx_word' id='word_1_202' title='bbox 1889 2070 1950 2126; x_wconf 89' lang='lat' dir='ltr'>et</span> <span class='ocrx_word' id='word_1_203' title='bbox 1992 2065 2177 2145; x_wconf 89' lang='lat' dir='ltr'>plura</span> <span class='ocrx_word' id='word_1_204' title='bbox 2232 2066 2501 2128; x_wconf 90' lang='lat' dir='ltr'>contulit</span> <span class='ocrx_word' id='word_1_205' title='bbox 2555 2066 2746 2140; x_wconf 92' lang='lat' dir='ltr'>bona,</span> <span class='ocrx_word' id='word_1_206' title='bbox 2807 2085 2947 2146; x_wconf 72' lang='lat' dir='ltr'>quae</span> <span class='ocrx_word' id='word_1_207' title='bbox 3003 2071 3066 2126; x_wconf 88' lang='lat' dir='ltr'>et</span> <span class='ocrx_word' id='word_1_208' title='bbox 3120 2065 3382 2127; x_wconf 88' lang='lat' dir='ltr'>sociavit</span> <span class='ocrx_word' id='word_1_209' title='bbox 3434 2084 3688 2127; x_wconf 89' lang='lat' dir='ltr'>venera-</span> 
     </span>
    </p>
   </div>
   <div class='ocr_carea' id='block_1_19' title="bbox 436 2167 3668 2253">
    <p class='ocr_par' dir='ltr' id='par_1_19' title="bbox 436 2167 3668 2253">
     <span class='ocr_line' id='line_1_19' title="bbox 436 2167 3668 2253; baseline 0.001 -24"><span class='ocrx_word' id='word_1_210' title='bbox 436 2167 670 2231; x_wconf 88' lang='lat' dir='ltr'>bilibus</span> <span class='ocrx_word' id='word_1_211' title='bbox 744 2169 1050 2231; x_wconf 86' lang='lat' dir='ltr'>diaconiis</span> <span class='ocrx_word' id='word_1_212' title='bbox 1124 2170 1253 2231; x_wconf 90' lang='lat' dir='ltr'>illic</span> <span class='ocrx_word' id='word_1_213' title='bbox 1325 2170 1477 2231; x_wconf 85' lang='lat' dir='ltr'>foris</span> <span class='ocrx_word' id='word_1_214' title='bbox 1549 2172 1959 2234; x_wconf 88' lang='lat' dir='ltr'>existentibus</span> <span class='ocrx_word' id='word_1_215' title='bbox 2036 2174 2399 2253; x_wconf 91' lang='lat' dir='ltr'>perenniter</span> <span class='ocrx_word' id='word_1_216' title='bbox 2475 2191 2845 2253; x_wconf 89' lang='lat' dir='ltr'>permanere</span> <span class='ocrx_word' id='word_1_217' title='bbox 2919 2170 3029 2252; x_wconf 84' lang='lat' dir='ltr'>(d),</span> <span class='ocrx_word' id='word_1_218' title='bbox 3087 2171 3152 2231; x_wconf 93' lang='lat' dir='ltr'>id</span> <span class='ocrx_word' id='word_1_219' title='bbox 3217 2176 3312 2234; x_wconf 87' lang='lat' dir='ltr'>est</span> <span class='ocrx_word' id='word_1_220' title='bbox 3362 2171 3668 2233; x_wconf 71' lang='lat' dir='ltr'>diaconize</span> 
     </span>
    </p>
   </div>
   <div class='ocr_carea' id='block_1_20' title="bbox 436 2276 3689 2360">
    <p class='ocr_par' dir='ltr' id='par_1_20' title="bbox 436 2276 3689 2360">
     <span class='ocr_line' id='line_1_20' title="bbox 436 2276 3689 2360; baseline 0 -23"><span class='ocrx_word' id='word_1_221' title='bbox 436 2282 673 2338; x_wconf 66' lang='lat' dir='ltr'>sanctas</span> <span class='ocrx_word' id='word_1_222' title='bbox 727 2277 840 2339; x_wconf 92' lang='lat' dir='ltr'>Dei</span> <span class='ocrx_word' id='word_1_223' title='bbox 883 2277 1235 2351; x_wconf 89' lang='lat' dir='ltr'>Genitricis,</span> <span class='ocrx_word' id='word_1_224' title='bbox 1295 2281 1357 2338; x_wconf 90' lang='lat' dir='ltr'><strong>et</strong></span> <span class='ocrx_word' id='word_1_225' title='bbox 1413 2276 1581 2339; x_wconf 89' lang='lat' dir='ltr'>beati</span> <span class='ocrx_word' id='word_1_226' title='bbox 1636 2278 1915 2340; x_wconf 89' lang='lat' dir='ltr'>Silvestri</span> <span class='ocrx_word' id='word_1_227' title='bbox 1970 2279 2136 2358; x_wconf 71' lang='lat' dir='ltr'>duas,</span> <span class='ocrx_word' id='word_1_228' title='bbox 2198 2286 2260 2341; x_wconf 91' lang='lat' dir='ltr'>et</span> <span class='ocrx_word' id='word_1_229' title='bbox 2311 2279 2654 2360; x_wconf 83' lang='lat' dir='ltr'>privilegiis</span> <span class='ocrx_word' id='word_1_230' title='bbox 2704 2277 3063 2358; x_wconf 88' lang='lat' dir='ltr'>apostolicis</span> <span class='ocrx_word' id='word_1_231' title='bbox 3122 2277 3481 2358; x_wconf 88' lang='lat' dir='ltr'>perenniter</span> <span class='ocrx_word' id='word_1_232' title='bbox 3542 2296 3689 2360; x_wconf 91' lang='lat' dir='ltr'>per-</span> 
     </span>
    </p>
   </div>
   <div class='ocr_carea' id='block_1_21' title="bbox 346 2383 1097 2463">
    <p class='ocr_par' dir='ltr' id='par_1_21' title="bbox 346 2383 1097 2463">
     <span class='ocr_line' id='line_1_21' title="bbox 346 2383 1097 2463; baseline 0 -20"><span class='ocrx_word' id='word_1_233' title='bbox 346 2384 388 2443; x_wconf 86' lang='lat'><strong>5</strong></span> <span class='ocrx_word' id='word_1_234' title='bbox 437 2383 755 2445; x_wconf 87' lang='lat' dir='ltr'>manenda</span> <span class='ocrx_word' id='word_1_235' title='bbox 809 2383 1097 2463; x_wconf 78' lang='lat' dir='ltr'>munivit.</span> 
     </span>
    </p>
   </div>
   <div class='ocr_carea' id='block_1_22' title="bbox 520 2516 3696 2600">
    <p class='ocr_par' dir='ltr' id='par_1_22' title="bbox 520 2516 3696 2600">
     <span class='ocr_line' id='line_1_22' title="bbox 520 2516 3696 2600; baseline 0 -21"><span class='ocrx_word' id='word_1_236' title='bbox 520 2525 690 2579; x_wconf 65' lang='lat'>280</span> <span class='ocrx_word' id='word_1_237' title='bbox 742 2516 820 2597; x_wconf 88' lang='lat' dir='ltr'>(e)</span> <span class='ocrx_word' id='word_1_238' title='bbox 877 2518 1050 2579; x_wconf 90' lang='lat' dir='ltr'>Inter</span> <span class='ocrx_word' id='word_1_239' title='bbox 1102 2517 1239 2579; x_wconf 62' lang='lat' dir='ltr'>haec</span> <span class='ocrx_word' id='word_1_240' title='bbox 1297 2535 1447 2579; x_wconf 90' lang='lat' dir='ltr'>vero</span> <span class='ocrx_word' id='word_1_241' title='bbox 1502 2517 1652 2578; x_wconf 90' lang='lat' dir='ltr'>dum</span> <span class='ocrx_word' id='word_1_242' title='bbox 1705 2536 1939 2598; x_wconf 90' lang='lat' dir='ltr'>magna</span> <span class='ocrx_word' id='word_1_243' title='bbox 1986 2520 2337 2599; x_wconf 89' lang='lat' dir='ltr'>persecutio</span> <span class='ocrx_word' id='word_1_244' title='bbox 2396 2538 2435 2581; x_wconf 89' lang='lat' dir='ltr'>a</span> <span class='ocrx_word' id='word_1_245' title='bbox 2485 2518 3044 2598; x_wconf 87' lang='lat' dir='ltr'>Longobardorum</span> <span class='ocrx_word' id='word_1_246' title='bbox 3088 2535 3237 2596; x_wconf 88' lang='lat' dir='ltr'>rege</span> <span class='ocrx_word' id='word_1_247' title='bbox 3284 2517 3554 2580; x_wconf 82' lang='lat' dir='ltr'>Aistullo</span> <span class='ocrx_word' id='word_1_248' title='bbox 3616 2516 3696 2600; x_wconf 79' lang='lat' dir='ltr'>(f)</span> 
     </span>
    </p>
   </div>
   <div class='ocr_carea' id='block_1_23' title="bbox 428 2623 3697 2705">
    <p class='ocr_par' dir='ltr' id='par_1_23' title="bbox 428 2623 3697 2705">
     <span class='ocr_line' id='line_1_23' title="bbox 428 2623 3697 2705; baseline 0 -19"><span class='ocrx_word' id='word_1_249' title='bbox 428 2624 495 2686; x_wconf 92' lang='lat' dir='ltr'>in</span> <span class='ocrx_word' id='word_1_250' title='bbox 546 2624 665 2686; x_wconf 89' lang='lat' dir='ltr'>hac</span> <span class='ocrx_word' id='word_1_251' title='bbox 725 2626 1011 2686; x_wconf 78' lang='lat' dir='ltr'>Romana</span> <span class='ocrx_word' id='word_1_252' title='bbox 1066 2624 1222 2686; x_wconf 87' lang='lat' dir='ltr'>urbe</span> <span class='ocrx_word' id='word_1_253' title='bbox 1280 2625 1380 2686; x_wconf 89' lang='lat' dir='ltr'>vel</span> <span class='ocrx_word' id='word_1_254' title='bbox 1429 2624 1904 2704; x_wconf 87' lang='lat' dir='ltr'>subjacentibus</span> <span class='ocrx_word' id='word_1_255' title='bbox 1955 2626 2009 2686; x_wconf 92' lang='lat' dir='ltr'>ei</span> <span class='ocrx_word' id='word_1_256' title='bbox 2079 2626 2438 2687; x_wconf 88' lang='lat' dir='ltr'>civitatibus</span> <span class='ocrx_word' id='word_1_257' title='bbox 2487 2624 2853 2701; x_wconf 82' lang='lat' dir='ltr'>exstitisset,</span> <span class='ocrx_word' id='word_1_258' title='bbox 2914 2628 2980 2686; x_wconf 91' lang='lat' dir='ltr'>et</span> <span class='ocrx_word' id='word_1_259' title='bbox 3028 2623 3367 2686; x_wconf 89' lang='lat' dir='ltr'>vehemens</span> <span class='ocrx_word' id='word_1_260' title='bbox 3413 2624 3697 2705; x_wconf 89' lang='lat' dir='ltr'>ejusdem</span> 
     </span>
    </p>
   </div>
   <div class='ocr_carea' id='block_1_24' title="bbox 433 2730 3696 2813">
    <p class='ocr_par' dir='ltr' id='par_1_24' title="bbox 433 2730 3696 2813">
     <span class='ocr_line' id='line_1_24' title="bbox 433 2730 3696 2813; baseline 0 -20"><span class='ocrx_word' id='word_1_261' title='bbox 433 2731 601 2812; x_wconf 86' lang='lat' dir='ltr'>regis</span> <span class='ocrx_word' id='word_1_262' title='bbox 656 2730 901 2793; x_wconf 66' lang='lat' dir='ltr'>smvitia</span> <span class='ocrx_word' id='word_1_263' title='bbox 955 2730 1335 2805; x_wconf 88' lang='lat' dir='ltr'>immineret,</span> <span class='ocrx_word' id='word_1_264' title='bbox 1395 2731 1563 2793; x_wconf 92' lang='lat' dir='ltr'>illico</span> <span class='ocrx_word' id='word_1_265' title='bbox 1619 2730 1818 2793; x_wconf 91' lang='lat' dir='ltr'>isdem</span> <span class='ocrx_word' id='word_1_266' title='bbox 1870 2732 2271 2794; x_wconf 89' lang='lat' dir='ltr'>beatissimus</span> <span class='ocrx_word' id='word_1_267' title='bbox 2330 2751 2498 2813; x_wconf 87' lang='lat' dir='ltr'>papa</span> <span class='ocrx_word' id='word_1_268' title='bbox 2568 2732 2755 2794; x_wconf 91' lang='lat' dir='ltr'>tertio</span> <span class='ocrx_word' id='word_1_269' title='bbox 2814 2730 3212 2811; x_wconf 85' lang='lat' dir='ltr'>apostolatus</span> <span class='ocrx_word' id='word_1_270' title='bbox 3279 2730 3696 2793; x_wconf 83' lang='lat' dir='ltr'>ordinationis</span> 
     </span>
    </p>
   </div>
   <div class='ocr_carea' id='block_1_25' title="bbox 431 2836 3694 2919">
    <p class='ocr_par' dir='ltr' id='par_1_25' title="bbox 431 2836 3694 2919">
     <span class='ocr_line' id='line_1_25' title="bbox 431 2836 3694 2919; baseline 0 -19"><span class='ocrx_word' id='word_1_271' title='bbox 431 2857 562 2901; x_wconf 70' lang='lat' dir='ltr'>sua:</span> <span class='ocrx_word' id='word_1_272' title='bbox 618 2857 833 2901; x_wconf 90' lang='lat' dir='ltr'>mense</span> <span class='ocrx_word' id='word_1_273' title='bbox 889 2837 1230 2919; x_wconf 87' lang='lat' dir='ltr'>disponens</span> <span class='ocrx_word' id='word_1_274' title='bbox 1286 2855 1469 2899; x_wconf 90' lang='lat' dir='ltr'>suum</span> <span class='ocrx_word' id='word_1_275' title='bbox 1522 2855 1897 2917; x_wconf 89' lang='lat' dir='ltr'>germanum</span> <span class='ocrx_word' id='word_1_276' title='bbox 1956 2838 2442 2912; x_wconf 90' lang='lat' dir='ltr'>sanctissimum,</span> <span class='ocrx_word' id='word_1_277' title='bbox 2503 2837 2741 2900; x_wconf 89' lang='lat' dir='ltr'>scilicet</span> <span class='ocrx_word' id='word_1_278' title='bbox 2794 2837 3062 2899; x_wconf 86' lang='lat' dir='ltr'>Paulum</span> <span class='ocrx_word' id='word_1_279' title='bbox 3115 2836 3451 2898; x_wconf 90' lang='lat' dir='ltr'>diaconum</span> <span class='ocrx_word' id='word_1_280' title='bbox 3501 2842 3694 2919; x_wconf 89' lang='lat' dir='ltr'>atque</span> 
     </span>
    </p>
   </div>
   <div class='ocr_carea' id='block_1_26' title="bbox 344 2943 3693 3026">
    <p class='ocr_par' dir='ltr' id='par_1_26' title="bbox 344 2943 3693 3026">
     <span class='ocr_line' id='line_1_26' title="bbox 344 2943 3693 3026; baseline -0.001 -19"><span class='ocrx_word' id='word_1_281' title='bbox 344 2948 388 3007; x_wconf 85' lang='lat'><strong>5</strong></span> <span class='ocrx_word' id='word_1_282' title='bbox 448 2945 848 3007; x_wconf 86' lang='lat' dir='ltr'>Ambrosium</span> <span class='ocrx_word' id='word_1_283' title='bbox 906 2943 1359 3026; x_wconf 90' lang='lat' dir='ltr'>primicerium,</span> <span class='ocrx_word' id='word_1_284' title='bbox 1419 2944 1707 3024; x_wconf 88' lang='lat' dir='ltr'>plurimis</span> <span class='ocrx_word' id='word_1_285' title='bbox 1780 2944 1863 3025; x_wconf 89' lang='lat' dir='ltr'>(g)</span> <span class='ocrx_word' id='word_1_286' title='bbox 1923 2963 2067 3006; x_wconf 90' lang='lat' dir='ltr'>cum</span> <span class='ocrx_word' id='word_1_287' title='bbox 2156 2945 2523 3007; x_wconf 90' lang='lat' dir='ltr'>muneribus</span> <span class='ocrx_word' id='word_1_288' title='bbox 2596 2943 2678 3005; x_wconf 92' lang='lat' dir='ltr'>ad</span> <span class='ocrx_word' id='word_1_289' title='bbox 2758 2945 3050 3005; x_wconf 92' lang='lat' dir='ltr'>eumdem</span> <span class='ocrx_word' id='word_1_290' title='bbox 3125 2943 3693 3023; x_wconf 84' lang='lat' dir='ltr'>Langobardorum</span> 
     </span>
    </p>
   </div>
   <div class='ocr_carea' id='block_1_27' title="bbox 435 3049 3695 3133">
    <p class='ocr_par' dir='ltr' id='par_1_27' title="bbox 435 3049 3695 3133">
     <span class='ocr_line' id='line_1_27' title="bbox 435 3049 3695 3133; baseline -0.001 -19"><span class='ocrx_word' id='word_1_291' title='bbox 435 3070 651 3132; x_wconf 83' lang='lat' dir='ltr'>regem</span> <span class='ocrx_word' id='word_1_292' title='bbox 705 3051 1041 3113; x_wconf 84' lang='lat' dir='ltr'>Aistulfum</span> <span class='ocrx_word' id='word_1_293' title='bbox 1100 3051 1181 3112; x_wconf 88' lang='lat' dir='ltr'>ad</span> <span class='ocrx_word' id='word_1_294' title='bbox 1237 3050 1412 3131; x_wconf 92' lang='lat' dir='ltr'>pacis</span> <span class='ocrx_word' id='word_1_295' title='bbox 1468 3050 1889 3133; x_wconf 86' lang='lat' dir='ltr'>ordinandum</span> <span class='ocrx_word' id='word_1_296' title='bbox 1967 3055 2159 3131; x_wconf 90' lang='lat' dir='ltr'>atque</span> <span class='ocrx_word' id='word_1_297' title='bbox 2214 3050 2722 3113; x_wconf 82' lang='lat' dir='ltr'>conﬁrmandum</span> <span class='ocrx_word' id='word_1_298' title='bbox 2778 3050 3024 3113; x_wconf 75' lang='lat' dir='ltr'>foedera</span> <span class='ocrx_word' id='word_1_299' title='bbox 3094 3049 3286 3111; x_wconf 89' lang='lat' dir='ltr'>misit.</span> <span class='ocrx_word' id='word_1_300' title='bbox 3349 3049 3465 3123; x_wconf 88' lang='lat' dir='ltr'>Qui</span> <span class='ocrx_word' id='word_1_301' title='bbox 3536 3068 3695 3131; x_wconf 62' lang='lat' dir='ltr'>pras-</span> 
     </span>
    </p>
   </div>
   <div class='ocr_carea' id='block_1_28' title="bbox 438 3156 3693 3238">
    <p class='ocr_par' dir='ltr' id='par_1_28' title="bbox 438 3156 3693 3238">
     <span class='ocr_line' id='line_1_28' title="bbox 438 3156 3693 3238; baseline -0.001 -18"><span class='ocrx_word' id='word_1_302' title='bbox 438 3159 553 3220; x_wconf 89' lang='lat' dir='ltr'>fati</span> <span class='ocrx_word' id='word_1_303' title='bbox 607 3158 725 3221; x_wconf 92' lang='lat' dir='ltr'>viri</span> <span class='ocrx_word' id='word_1_304' title='bbox 778 3158 859 3220; x_wconf 91' lang='lat' dir='ltr'>ad</span> <span class='ocrx_word' id='word_1_305' title='bbox 926 3177 1070 3221; x_wconf 92' lang='lat' dir='ltr'>eum</span> <span class='ocrx_word' id='word_1_306' title='bbox 1127 3157 1591 3231; x_wconf 90' lang='lat' dir='ltr'>convenientes,</span> <span class='ocrx_word' id='word_1_307' title='bbox 1649 3156 1987 3238; x_wconf 91' lang='lat' dir='ltr'>impartitis</span> <span class='ocrx_word' id='word_1_308' title='bbox 2037 3156 2426 3231; x_wconf 90' lang='lat' dir='ltr'>muneribus,</span> <span class='ocrx_word' id='word_1_309' title='bbox 2488 3175 2616 3237; x_wconf 90' lang='lat' dir='ltr'>quo</span> <span class='ocrx_word' id='word_1_310' title='bbox 2669 3156 2915 3217; x_wconf 82' lang='lat' dir='ltr'>facilius</span> <span class='ocrx_word' id='word_1_311' title='bbox 2965 3156 3185 3217; x_wconf 90' lang='lat' dir='ltr'>eadem</span> <span class='ocrx_word' id='word_1_312' title='bbox 3234 3174 3349 3236; x_wconf 94' lang='lat' dir='ltr'>pro</span> <span class='ocrx_word' id='word_1_313' title='bbox 3407 3174 3474 3218; x_wconf 91' lang='lat' dir='ltr'>re</span> <span class='ocrx_word' id='word_1_314' title='bbox 3520 3156 3693 3236; x_wconf 91' lang='lat' dir='ltr'>apud</span> 
     </span>
    </p>
   </div>
   <div class='ocr_carea' id='block_1_29' title="bbox 436 3262 3691 3346">
    <p class='ocr_par' dir='ltr' id='par_1_29' title="bbox 436 3262 3691 3346">
     <span class='ocr_line' id='line_1_29' title="bbox 436 3262 3691 3346; baseline -0.001 -19"><span class='ocrx_word' id='word_1_315' title='bbox 436 3284 583 3327; x_wconf 91' lang='lat' dir='ltr'>eum</span> <span class='ocrx_word' id='word_1_316' title='bbox 639 3265 1076 3346; x_wconf 90' lang='lat' dir='ltr'>impetrarent,</span> <span class='ocrx_word' id='word_1_317' title='bbox 1132 3264 1199 3326; x_wconf 90' lang='lat' dir='ltr'>in</span> <span class='ocrx_word' id='word_1_318' title='bbox 1258 3264 1682 3344; x_wconf 87' lang='lat' dir='ltr'>quadraginta</span> <span class='ocrx_word' id='word_1_319' title='bbox 1752 3281 2065 3325; x_wconf 92' lang='lat' dir='ltr'>annorum</span> <span class='ocrx_word' id='word_1_320' title='bbox 2144 3264 2352 3345; x_wconf 89' lang='lat' dir='ltr'>spatia</span> <span class='ocrx_word' id='word_1_321' title='bbox 2423 3263 2598 3344; x_wconf 90' lang='lat' dir='ltr'>pacis</span> <span class='ocrx_word' id='word_1_322' title='bbox 2675 3262 2883 3324; x_wconf 74' lang='lat' dir='ltr'>foedus</span> <span class='ocrx_word' id='word_1_323' title='bbox 2959 3281 3102 3324; x_wconf 90' lang='lat' dir='ltr'>cum</span> <span class='ocrx_word' id='word_1_324' title='bbox 3175 3280 3250 3323; x_wconf 92' lang='lat' dir='ltr'>eo</span> <span class='ocrx_word' id='word_1_325' title='bbox 3327 3262 3691 3325; x_wconf 88' lang='lat' dir='ltr'>ordinantes</span> 
     </span>
    </p>
   </div>
   <div class='ocr_carea' id='block_1_30' title="bbox 436 3368 3690 3451">
    <p class='ocr_par' dir='ltr' id='par_1_30' title="bbox 436 3368 3690 3451">
     <span class='ocr_line' id='line_1_30' title="bbox 436 3368 3690 3451; baseline -0.001 -17"><span class='ocrx_word' id='word_1_326' title='bbox 436 3372 996 3435; x_wconf 86' lang='lat' dir='ltr'>conﬁrmaverunt.</span> <span class='ocrx_word' id='word_1_327' title='bbox 1054 3374 1135 3433; x_wconf 88' lang='lat' dir='ltr'>At</span> <span class='ocrx_word' id='word_1_328' title='bbox 1191 3389 1343 3432; x_wconf 91' lang='lat' dir='ltr'>vero</span> <span class='ocrx_word' id='word_1_329' title='bbox 1401 3370 1599 3431; x_wconf 91' lang='lat' dir='ltr'>isdem</span> <span class='ocrx_word' id='word_1_330' title='bbox 1659 3376 1990 3451; x_wconf 86' lang='lat' dir='ltr'>protervus</span> <span class='ocrx_word' id='word_1_331' title='bbox 2046 3370 2614 3449; x_wconf 90' lang='lat' dir='ltr'>Longobardorum</span> <span class='ocrx_word' id='word_1_332' title='bbox 2674 3388 2804 3445; x_wconf 90' lang='lat' dir='ltr'>rex,</span> <span class='ocrx_word' id='word_1_333' title='bbox 2866 3369 3113 3450; x_wconf 88' lang='lat' dir='ltr'>antiqui</span> <span class='ocrx_word' id='word_1_334' title='bbox 3179 3368 3378 3430; x_wconf 89' lang='lat' dir='ltr'>hostis</span> <span class='ocrx_word' id='word_1_335' title='bbox 3432 3369 3690 3431; x_wconf 87' lang='lat' dir='ltr'>invasus</span> 
     </span>
    </p>
   </div>
   <div class='ocr_carea' id='block_1_31' title="bbox 309 3475 3685 3560">
    <p class='ocr_par' dir='ltr' id='par_1_31' title="bbox 309 3475 3685 3560">
     <span class='ocr_line' id='line_1_31' title="bbox 309 3475 3685 3560; baseline -0.001 -20"><span class='ocrx_word' id='word_1_336' title='bbox 309 3480 394 3540; x_wconf 79' lang='grc'>10</span> <span class='ocrx_word' id='word_1_337' title='bbox 434 3479 731 3552; x_wconf 90' lang='lat' dir='ltr'>versutia,</span> <span class='ocrx_word' id='word_1_338' title='bbox 788 3480 928 3560; x_wconf 85' lang='lat' dir='ltr'>ipsa</span> <span class='ocrx_word' id='word_1_339' title='bbox 982 3479 1223 3541; x_wconf 62' lang='lat' dir='ltr'>hedera</span> <span class='ocrx_word' id='word_1_340' title='bbox 1278 3478 1450 3558; x_wconf 91' lang='lat' dir='ltr'>pacis</span> <span class='ocrx_word' id='word_1_341' title='bbox 1508 3484 1650 3557; x_wconf 90' lang='lat' dir='ltr'>post</span> <span class='ocrx_word' id='word_1_342' title='bbox 1700 3497 1861 3557; x_wconf 91' lang='lat' dir='ltr'>pene</span> <span class='ocrx_word' id='word_1_343' title='bbox 1918 3483 2192 3558; x_wconf 88' lang='lat' dir='ltr'>quatuor</span> <span class='ocrx_word' id='word_1_344' title='bbox 2251 3495 2514 3552; x_wconf 90' lang='lat' dir='ltr'>menses,</span> <span class='ocrx_word' id='word_1_345' title='bbox 2594 3476 2659 3537; x_wconf 92' lang='lat' dir='ltr'>in</span> <span class='ocrx_word' id='word_1_346' title='bbox 2735 3475 2997 3557; x_wconf 88' lang='lat' dir='ltr'>perjurii</span> <span class='ocrx_word' id='word_1_347' title='bbox 3069 3476 3352 3537; x_wconf 91' lang='lat' dir='ltr'>incidens</span> <span class='ocrx_word' id='word_1_348' title='bbox 3413 3480 3685 3552; x_wconf 89' lang='lat' dir='ltr'>reatum,</span> 
     </span>
    </p>
   </div>
   <div class='ocr_carea' id='block_1_32' title="bbox 431 3583 3687 3667">
    <p class='ocr_par' dir='ltr' id='par_1_32' title="bbox 431 3583 3687 3667">
     <span class='ocr_line' id='line_1_32' title="bbox 431 3583 3687 3667; baseline -0.001 -19"><span class='ocrx_word' id='word_1_349' title='bbox 431 3586 726 3667; x_wconf 90' lang='lat' dir='ltr'>disrupit,</span> <span class='ocrx_word' id='word_1_350' title='bbox 787 3586 1017 3647; x_wconf 84' lang='lat' dir='ltr'>multas</span> <span class='ocrx_word' id='word_1_351' title='bbox 1065 3585 1203 3666; x_wconf 89' lang='lat' dir='ltr'>jam</span> <span class='ocrx_word' id='word_1_352' title='bbox 1262 3586 1393 3645; x_wconf 86' lang='lat' dir='ltr'>fato</span> <span class='ocrx_word' id='word_1_353' title='bbox 1451 3584 1839 3647; x_wconf 90' lang='lat' dir='ltr'>saectissimo</span> <span class='ocrx_word' id='word_1_354' title='bbox 1896 3584 2030 3645; x_wconf 90' lang='lat' dir='ltr'>viro</span> <span class='ocrx_word' id='word_1_355' title='bbox 2106 3586 2203 3646; x_wconf 94' lang='lat' dir='ltr'>vel</span> <span class='ocrx_word' id='word_1_356' title='bbox 2262 3591 2490 3646; x_wconf 91' lang='lat' dir='ltr'>cuncto</span> <span class='ocrx_word' id='word_1_357' title='bbox 2549 3584 2786 3665; x_wconf 86' lang='lat' dir='ltr'>pOpulo</span> <span class='ocrx_word' id='word_1_358' title='bbox 2843 3586 3128 3644; x_wconf 82' lang='lat' dir='ltr'>Romano</span> <span class='ocrx_word' id='word_1_359' title='bbox 3186 3583 3481 3661; x_wconf 88' lang='lat' dir='ltr'>ingerens</span> <span class='ocrx_word' id='word_1_360' title='bbox 3533 3602 3687 3645; x_wconf 82' lang='lat' dir='ltr'>con-</span> 
     </span>
    </p>
   </div>
   <div class='ocr_carea' id='block_1_33' title="bbox 430 3689 3688 3772">
    <p class='ocr_par' dir='ltr' id='par_1_33' title="bbox 430 3689 3688 3772">
     <span class='ocr_line' id='line_1_33' title="bbox 430 3689 3688 3772; baseline -0.002 -16"><span class='ocrx_word' id='word_1_361' title='bbox 430 3692 747 3767; x_wconf 87' lang='lat' dir='ltr'>tumelias,</span> <span class='ocrx_word' id='word_1_362' title='bbox 808 3692 1016 3754; x_wconf 90' lang='lat' dir='ltr'>varias</span> <span class='ocrx_word' id='word_1_363' title='bbox 1071 3691 1163 3752; x_wconf 92' lang='lat' dir='ltr'>illi</span> <span class='ocrx_word' id='word_1_364' title='bbox 1219 3691 1423 3752; x_wconf 91' lang='lat' dir='ltr'>minas</span> <span class='ocrx_word' id='word_1_365' title='bbox 1480 3690 1780 3770; x_wconf 90' lang='lat' dir='ltr'>dirigens.</span> <span class='ocrx_word' id='word_1_366' title='bbox 1831 3690 2105 3771; x_wconf 91' lang='lat' dir='ltr'>Cupiens</span> <span class='ocrx_word' id='word_1_367' title='bbox 2151 3691 2395 3772; x_wconf 89' lang='lat' dir='ltr'>quippe</span> <span class='ocrx_word' id='word_1_368' title='bbox 2450 3693 2582 3752; x_wconf 89' lang='lat' dir='ltr'>Deo</span> <span class='ocrx_word' id='word_1_369' title='bbox 2630 3690 2750 3752; x_wconf 90' lang='lat' dir='ltr'>sibi</span> <span class='ocrx_word' id='word_1_370' title='bbox 2797 3689 3115 3752; x_wconf 85' lang='lat' dir='ltr'>contrario</span> <span class='ocrx_word' id='word_1_371' title='bbox 3172 3694 3467 3751; x_wconf 77' lang='lat' dir='ltr'>cunctam</span> <span class='ocrx_word' id='word_1_372' title='bbox 3522 3690 3688 3752; x_wconf 89' lang='lat' dir='ltr'>hanc</span> 
     </span>
    </p>
   </div>
   <div class='ocr_carea' id='block_1_34' title="bbox 430 3795 3684 3880">
    <p class='ocr_par' dir='ltr' id='par_1_34' title="bbox 430 3795 3684 3880">
     <span class='ocr_line' id='line_1_34' title="bbox 430 3795 3684 3880; baseline -0.001 -20"><span class='ocrx_word' id='word_1_373' title='bbox 430 3798 825 3880; x_wconf 90' lang='lat' dir='ltr'>provinciam</span> <span class='ocrx_word' id='word_1_374' title='bbox 880 3798 1201 3872; x_wconf 88' lang='lat' dir='ltr'>invadere,</span> <span class='ocrx_word' id='word_1_375' title='bbox 1263 3816 1600 3860; x_wconf 88' lang='lat' dir='ltr'>onerosum</span> <span class='ocrx_word' id='word_1_376' title='bbox 1657 3797 1966 3858; x_wconf 88' lang='lat' dir='ltr'>tributum</span> <span class='ocrx_word' id='word_1_377' title='bbox 2014 3796 2206 3876; x_wconf 89' lang='lat' dir='ltr'>hujus</span> <span class='ocrx_word' id='word_1_378' title='bbox 2282 3799 2582 3859; x_wconf 56' lang='lat' dir='ltr'>Romanas</span> <span class='ocrx_word' id='word_1_379' title='bbox 2654 3796 2825 3857; x_wconf 92' lang='lat' dir='ltr'>urbis</span> <span class='ocrx_word' id='word_1_380' title='bbox 2897 3796 3402 3858; x_wconf 89' lang='lat' dir='ltr'>inhabitantibus</span> <span class='ocrx_word' id='word_1_381' title='bbox 3456 3795 3684 3858; x_wconf 89' lang='lat' dir='ltr'>addhi—</span> 
     </span>
    </p>
   </div>
   <div class='ocr_carea' id='block_1_35' title="bbox 429 3901 3685 3987">
    <p class='ocr_par' dir='ltr' id='par_1_35' title="bbox 429 3901 3685 3987">
     <span class='ocr_line' id='line_1_35' title="bbox 429 3901 3685 3987; baseline -0.001 -20"><span class='ocrx_word' id='word_1_382' title='bbox 429 3905 586 3967; x_wconf 91' lang='lat' dir='ltr'>bere</span> <span class='ocrx_word' id='word_1_383' title='bbox 643 3902 728 3987; x_wconf 81' lang='grc' dir='ltr'>(Ιι)</span> <span class='ocrx_word' id='word_1_384' title='bbox 784 3904 1177 3967; x_wconf 86' lang='lat' dir='ltr'>innitebatur</span> <span class='ocrx_word' id='word_1_385' title='bbox 1229 3921 1243 3964; x_wconf 90' lang='lat'>:</span> <span class='ocrx_word' id='word_1_386' title='bbox 1308 3922 1423 3985; x_wconf 89' lang='lat' dir='ltr'>per</span> <span class='ocrx_word' id='word_1_387' title='bbox 1480 3902 1978 3983; x_wconf 89' lang='lat' dir='ltr'>unumquodque</span> <span class='ocrx_word' id='word_1_388' title='bbox 2044 3903 2285 3965; x_wconf 88' lang='lat' dir='ltr'>scilicet</span> <span class='ocrx_word' id='word_1_389' title='bbox 2350 3908 2543 3984; x_wconf 89' lang='lat' dir='ltr'>caput</span> <span class='ocrx_word' id='word_1_390' title='bbox 2607 3901 2890 3983; x_wconf 90' lang='lat' dir='ltr'>singulos</span> <span class='ocrx_word' id='word_1_391' title='bbox 2956 3902 3097 3964; x_wconf 90' lang='lat' dir='ltr'>auri</span> <span class='ocrx_word' id='word_1_392' title='bbox 3170 3901 3404 3963; x_wconf 88' lang='lat' dir='ltr'>solidos</span> <span class='ocrx_word' id='word_1_393' title='bbox 3475 3920 3685 3964; x_wconf 88' lang='lat' dir='ltr'>annue</span> 
     </span>
    </p>
   </div>
   <div class='ocr_carea' id='block_1_36' title="bbox 304 4006 3686 4093">
    <p class='ocr_par' dir='ltr' id='par_1_36' title="bbox 304 4006 3686 4093">
     <span class='ocr_line' id='line_1_36' title="bbox 304 4006 3686 4093; baseline -0.002 -17"><span class='ocrx_word' id='word_1_394' title='bbox 304 4015 386 4076; x_wconf 76' lang='grc'>15</span> <span class='ocrx_word' id='word_1_395' title='bbox 428 4012 663 4074; x_wconf 89' lang='lat' dir='ltr'>inferre</span> <span class='ocrx_word' id='word_1_396' title='bbox 720 4011 793 4093; x_wconf 74' lang='grc' dir='ltr'>(ε’)</span> <span class='ocrx_word' id='word_1_397' title='bbox 846 4010 1159 4073; x_wconf 89' lang='lat' dir='ltr'>inhiabat.</span> <span class='ocrx_word' id='word_1_398' title='bbox 1215 4012 1295 4072; x_wconf 87' lang='lat' dir='ltr'>Et</span> <span class='ocrx_word' id='word_1_399' title='bbox 1346 4028 1476 4072; x_wconf 71' lang='lat' dir='ltr'>sua:</span> <span class='ocrx_word' id='word_1_400' title='bbox 1525 4008 1955 4089; x_wconf 90' lang='lat' dir='ltr'>jurisdictioni</span> <span class='ocrx_word' id='word_1_401' title='bbox 2009 4008 2327 4071; x_wconf 90' lang='lat' dir='ltr'>civitatem</span> <span class='ocrx_word' id='word_1_402' title='bbox 2389 4009 2554 4070; x_wconf 91' lang='lat' dir='ltr'>hanc</span> <span class='ocrx_word' id='word_1_403' title='bbox 2611 4011 2962 4070; x_wconf 78' lang='lat' dir='ltr'>Romanam</span> <span class='ocrx_word' id='word_1_404' title='bbox 3020 4007 3121 4070; x_wconf 91' lang='lat' dir='ltr'>vel</span> <span class='ocrx_word' id='word_1_405' title='bbox 3177 4006 3571 4088; x_wconf 90' lang='lat' dir='ltr'>subjacentia</span> <span class='ocrx_word' id='word_1_406' title='bbox 3625 4008 3686 4070; x_wconf 92' lang='lat' dir='ltr'>ei</span> 
     </span>
    </p>
   </div>
   <div class='ocr_carea' id='block_1_37' title="bbox 430 4115 1802 4199">
    <p class='ocr_par' dir='ltr' id='par_1_37' title="bbox 430 4115 1802 4199">
     <span class='ocr_line' id='line_1_37' title="bbox 430 4115 1802 4199; baseline -0.004 -18"><span class='ocrx_word' id='word_1_407' title='bbox 430 4124 639 4182; x_wconf 90' lang='lat' dir='ltr'>castra</span> <span class='ocrx_word' id='word_1_408' title='bbox 692 4117 961 4181; x_wconf 90' lang='lat' dir='ltr'>subdere</span> <span class='ocrx_word' id='word_1_409' title='bbox 1017 4116 1424 4199; x_wconf 90' lang='lat' dir='ltr'>indignanter</span> <span class='ocrx_word' id='word_1_410' title='bbox 1476 4115 1802 4179; x_wconf 78' lang='lat' dir='ltr'>afferebat.</span> 
     </span>
    </p>
   </div>
   <div class='ocr_carea' id='block_1_38' title="bbox 515 4245 3679 4331">
    <p class='ocr_par' dir='ltr' id='par_1_38' title="bbox 515 4245 3679 4331">
     <span class='ocr_line' id='line_1_38' title="bbox 515 4245 3679 4331; baseline -0.003 -15"><span class='ocrx_word' id='word_1_411' title='bbox 515 4260 677 4316; x_wconf 64' lang='lat' dir='ltr'>an</span> <span class='ocrx_word' id='word_1_412' title='bbox 739 4252 1017 4315; x_wconf 90' lang='lat' dir='ltr'>Cernens</span> <span class='ocrx_word' id='word_1_413' title='bbox 1070 4269 1219 4314; x_wconf 92' lang='lat' dir='ltr'>vero</span> <span class='ocrx_word' id='word_1_414' title='bbox 1272 4250 1439 4312; x_wconf 92' lang='lat' dir='ltr'>idem</span> <span class='ocrx_word' id='word_1_415' title='bbox 1493 4249 1923 4312; x_wconf 89' lang='lat' dir='ltr'>sanctissimus</span> <span class='ocrx_word' id='word_1_416' title='bbox 1977 4268 2145 4331; x_wconf 88' lang='lat' dir='ltr'>papa</span> <span class='ocrx_word' id='word_1_417' title='bbox 2208 4249 2416 4312; x_wconf 91' lang='lat' dir='ltr'>valide</span> <span class='ocrx_word' id='word_1_418' title='bbox 2472 4248 2719 4329; x_wconf 62' lang='lat' dir='ltr'>praefati</span> <span class='ocrx_word' id='word_1_419' title='bbox 2776 4247 2942 4328; x_wconf 91' lang='lat' dir='ltr'>regis</span> <span class='ocrx_word' id='word_1_420' title='bbox 3000 4246 3415 4328; x_wconf 89' lang='lat' dir='ltr'>perniciosam</span> <span class='ocrx_word' id='word_1_421' title='bbox 3468 4245 3679 4308; x_wconf 89' lang='lat' dir='ltr'>immi-</span> 
     </span>
    </p>
   </div>
   <div class='ocr_carea' id='block_1_39' title="bbox 430 4353 3679 4439">
    <p class='ocr_par' dir='ltr' id='par_1_39' title="bbox 430 4353 3679 4439">
     <span class='ocr_line' id='line_1_39' title="bbox 430 4353 3679 4439; baseline -0.002 -19"><span class='ocrx_word' id='word_1_422' title='bbox 430 4377 583 4421; x_wconf 89' lang='lat' dir='ltr'>nere</span> <span class='ocrx_word' id='word_1_423' title='bbox 648 4357 979 4434; x_wconf 71' lang='lat' dir='ltr'>swvitiam,</span> <span class='ocrx_word' id='word_1_424' title='bbox 1056 4375 1439 4439; x_wconf 87' lang='lat' dir='ltr'>magnopere</span> <span class='ocrx_word' id='word_1_425' title='bbox 1511 4357 1593 4418; x_wconf 90' lang='lat' dir='ltr'>ad</span> <span class='ocrx_word' id='word_1_426' title='bbox 1668 4375 1734 4419; x_wconf 91' lang='lat' dir='ltr'>se</span> <span class='ocrx_word' id='word_1_427' title='bbox 1794 4357 2110 4420; x_wconf 88' lang='lat' dir='ltr'>accersitis</span> <span class='ocrx_word' id='word_1_428' title='bbox 2182 4355 2643 4419; x_wconf 91' lang='lat' dir='ltr'>venerabilium</span> <span class='ocrx_word' id='word_1_429' title='bbox 2714 4353 3244 4417; x_wconf 90' lang='lat' dir='ltr'>monasteriorum</span> <span class='ocrx_word' id='word_1_430' title='bbox 3316 4356 3679 4416; x_wconf 89' lang='lat' dir='ltr'>sanctorum</span> 
     </span>
    </p>
   </div>
   <div class='ocr_carea' id='block_1_40' title="bbox 429 4459 3675 4544">
    <p class='ocr_par' dir='ltr' id='par_1_40' title="bbox 429 4459 3675 4544">
     <span class='ocr_line' id='line_1_40' title="bbox 429 4459 3675 4544; baseline -0.002 -18"><span class='ocrx_word' id='word_1_431' title='bbox 429 4465 742 4527; x_wconf 80' lang='lat' dir='ltr'>Vincenlii</span> <span class='ocrx_word' id='word_1_432' title='bbox 815 4470 877 4526; x_wconf 91' lang='lat' dir='ltr'>et</span> <span class='ocrx_word' id='word_1_433' title='bbox 952 4465 1274 4528; x_wconf 89' lang='lat' dir='ltr'>Benedicti</span> <span class='ocrx_word' id='word_1_434' title='bbox 1351 4464 1660 4544; x_wconf 86' lang='lat' dir='ltr'>religiosis</span> <span class='ocrx_word' id='word_1_435' title='bbox 1717 4463 2073 4539; x_wconf 89' lang='lat' dir='ltr'>abbatibus,</span> <span class='ocrx_word' id='word_1_436' title='bbox 2152 4481 2269 4525; x_wconf 90' lang='lat' dir='ltr'>sua</span> <span class='ocrx_word' id='word_1_437' title='bbox 2339 4463 2473 4525; x_wconf 92' lang='lat' dir='ltr'>vice</span> <span class='ocrx_word' id='word_1_438' title='bbox 2547 4463 2752 4525; x_wconf 91' lang='lat' dir='ltr'>eidem</span> <span class='ocrx_word' id='word_1_439' title='bbox 2808 4459 3240 4523; x_wconf 90' lang='lat' dir='ltr'>crudelissimo</span> <span class='ocrx_word' id='word_1_440' title='bbox 3298 4459 3467 4521; x_wconf 92' lang='lat' dir='ltr'>misit</span> <span class='ocrx_word' id='word_1_441' title='bbox 3521 4460 3675 4540; x_wconf 89' lang='lat' dir='ltr'>regi,</span> 
     </span>
    </p>
   </div>
   <div class='ocr_carea' id='block_1_41' title="bbox 430 4566 3680 4652">
    <p class='ocr_par' dir='ltr' id='par_1_41' title="bbox 430 4566 3680 4652">
     <span class='ocr_line' id='line_1_41' title="bbox 430 4566 3680 4652; baseline -0.002 -16"><span class='ocrx_word' id='word_1_442' title='bbox 430 4571 662 4636; x_wconf 79' lang='lat' dir='ltr'>obnixe</span> <span class='ocrx_word' id='word_1_443' title='bbox 716 4591 831 4652; x_wconf 90' lang='lat' dir='ltr'>per</span> <span class='ocrx_word' id='word_1_444' title='bbox 885 4591 996 4634; x_wconf 92' lang='lat' dir='ltr'>eos</span> <span class='ocrx_word' id='word_1_445' title='bbox 1052 4571 1380 4652; x_wconf 88' lang='lat' dir='ltr'>postulans</span> <span class='ocrx_word' id='word_1_446' title='bbox 1434 4570 1606 4651; x_wconf 89' lang='lat' dir='ltr'>pacis</span> <span class='ocrx_word' id='word_1_447' title='bbox 1661 4571 1923 4645; x_wconf 63' lang='lat' dir='ltr'>foedera,</span> <span class='ocrx_word' id='word_1_448' title='bbox 1983 4577 2047 4632; x_wconf 91' lang='lat' dir='ltr'>et</span> <span class='ocrx_word' id='word_1_449' title='bbox 2112 4570 2389 4651; x_wconf 88' lang='lat' dir='ltr'>quietem</span> <span class='ocrx_word' id='word_1_450' title='bbox 2448 4574 2859 4650; x_wconf 91' lang='lat' dir='ltr'>utrarumque</span> <span class='ocrx_word' id='word_1_451' title='bbox 2930 4567 3206 4648; x_wconf 91' lang='lat' dir='ltr'>partium</span> <span class='ocrx_word' id='word_1_452' title='bbox 3273 4567 3494 4647; x_wconf 89' lang='lat' dir='ltr'>populi</span> <span class='ocrx_word' id='word_1_453' title='bbox 3565 4566 3680 4630; x_wconf 86' lang='lat' dir='ltr'>Dei</span> 
     </span>
    </p>
   </div>
   <div class='ocr_carea' id='block_1_42' title="bbox 344 4672 3680 4758">
    <p class='ocr_par' dir='ltr' id='par_1_42' title="bbox 344 4672 3680 4758">
     <span class='ocr_line' id='line_1_42' title="bbox 344 4672 3680 4758; baseline -0.001 -18"><span class='ocrx_word' id='word_1_454' title='bbox 344 4681 385 4740; x_wconf 84' lang='grc'><strong>5</strong></span> <span class='ocrx_word' id='word_1_455' title='bbox 428 4678 712 4742; x_wconf 79' lang='lat' dir='ltr'>obtinere</span> <span class='ocrx_word' id='word_1_456' title='bbox 768 4678 1292 4741; x_wconf 85' lang='lat' dir='ltr'>confirmandam.</span> <span class='ocrx_word' id='word_1_457' title='bbox 1349 4678 1517 4751; x_wconf 87' lang='lat' dir='ltr'>Quos</span> <span class='ocrx_word' id='word_1_458' title='bbox 1572 4696 1800 4758; x_wconf 90' lang='lat' dir='ltr'>nempe</span> <span class='ocrx_word' id='word_1_459' title='bbox 1853 4677 2225 4758; x_wconf 75' lang='lat' dir='ltr'>suscipiens,</span> <span class='ocrx_word' id='word_1_460' title='bbox 2284 4681 2348 4738; x_wconf 90' lang='lat' dir='ltr'>et</span> <span class='ocrx_word' id='word_1_461' title='bbox 2393 4676 2653 4739; x_wconf 92' lang='lat' dir='ltr'>omnino</span> <span class='ocrx_word' id='word_1_462' title='bbox 2703 4673 3096 4756; x_wconf 89' lang='lat' dir='ltr'>contemptui</span> <span class='ocrx_word' id='word_1_463' title='bbox 3143 4672 3410 4749; x_wconf 91' lang='lat' dir='ltr'>habens,</span> <span class='ocrx_word' id='word_1_464' title='bbox 3442 4673 3680 4755; x_wconf 87' lang='lat' dir='ltr'>sprevit</span> 
     </span>
    </p>
   </div>
   <div class='ocr_carea' id='block_1_43' title="bbox 427 4780 3677 4866">
    <p class='ocr_par' dir='ltr' id='par_1_43' title="bbox 427 4780 3677 4866">
     <span class='ocr_line' id='line_1_43' title="bbox 427 4780 3677 4866; baseline -0.002 -18"><span class='ocrx_word' id='word_1_465' title='bbox 427 4804 649 4849; x_wconf 91' lang='lat' dir='ltr'>eorum</span> <span class='ocrx_word' id='word_1_466' title='bbox 708 4785 953 4848; x_wconf 89' lang='lat' dir='ltr'>monita</span> <span class='ocrx_word' id='word_1_467' title='bbox 1008 4784 1088 4866; x_wconf 71' lang='lat' dir='ltr'>(ﬂ</span> <span class='ocrx_word' id='word_1_468' title='bbox 1151 4789 1215 4846; x_wconf 93' lang='lat' dir='ltr'>et</span> <span class='ocrx_word' id='word_1_469' title='bbox 1268 4785 1347 4846; x_wconf 89' lang='lat' dir='ltr'>ad</span> <span class='ocrx_word' id='word_1_470' title='bbox 1422 4804 1553 4846; x_wconf 67' lang='lat' dir='ltr'>sua:</span> <span class='ocrx_word' id='word_1_471' title='bbox 1629 4785 1868 4846; x_wconf 64' lang='lat' dir='ltr'>anima:</span> <span class='ocrx_word' id='word_1_472' title='bbox 1944 4783 2396 4845; x_wconf 88' lang='lat' dir='ltr'>detrimentum</span> <span class='ocrx_word' id='word_1_473' title='bbox 2451 4784 2585 4845; x_wconf 90' lang='lat' dir='ltr'>sine</span> <span class='ocrx_word' id='word_1_474' title='bbox 2655 4783 2883 4846; x_wconf 74' lang='lat' dir='ltr'>effectu</span> <span class='ocrx_word' id='word_1_475' title='bbox 2961 4799 3167 4845; x_wconf 77' lang='lat' dir='ltr'>causae</span> <span class='ocrx_word' id='word_1_476' title='bbox 3228 4781 3540 4844; x_wconf 86' lang='lat' dir='ltr'>confusos</span> <span class='ocrx_word' id='word_1_477' title='bbox 3594 4780 3677 4843; x_wconf 91' lang='lat' dir='ltr'>ad</span> 
     </span>
    </p>
   </div>
   <div class='ocr_carea' id='block_1_44' title="bbox 426 4888 3672 4974">
    <p class='ocr_par' dir='ltr' id='par_1_44' title="bbox 426 4888 3672 4974">
     <span class='ocr_line' id='line_1_44' title="bbox 426 4888 3672 4974; baseline -0.002 -19"><span class='ocrx_word' id='word_1_478' title='bbox 426 4893 688 4974; x_wconf 91' lang='lat' dir='ltr'>propria</span> <span class='ocrx_word' id='word_1_479' title='bbox 744 4892 1016 4955; x_wconf 81' lang='lat' dir='ltr'>absolvit</span> <span class='ocrx_word' id='word_1_480' title='bbox 1072 4891 1476 4965; x_wconf 87' lang='lat' dir='ltr'>monasteria,</span> <span class='ocrx_word' id='word_1_481' title='bbox 1542 4889 1867 4952; x_wconf 88' lang='lat' dir='ltr'>obtestans</span> <span class='ocrx_word' id='word_1_482' title='bbox 1923 4909 2030 4953; x_wconf 93' lang='lat' dir='ltr'>eos</span> <span class='ocrx_word' id='word_1_483' title='bbox 2086 4890 2344 4952; x_wconf 91' lang='lat' dir='ltr'>minime</span> <span class='ocrx_word' id='word_1_484' title='bbox 2402 4890 2482 4952; x_wconf 89' lang='lat' dir='ltr'>ad</span> <span class='ocrx_word' id='word_1_485' title='bbox 2539 4890 3002 4953; x_wconf 86' lang='lat' dir='ltr'>sanctissimum</span> <span class='ocrx_word' id='word_1_486' title='bbox 3052 4906 3286 4971; x_wconf 85' lang='lat' dir='ltr'>papam</span> <span class='ocrx_word' id='word_1_487' title='bbox 3333 4888 3672 4951; x_wconf 89' lang='lat' dir='ltr'>declinare.</span> 
     </span>
    </p>
   </div>
   <div class='ocr_carea' id='block_1_45' title="bbox 428 4996 3675 5080">
    <p class='ocr_par' dir='ltr' id='par_1_45' title="bbox 428 4996 3675 5080">
     <span class='ocr_line' id='line_1_45' title="bbox 428 4996 3675 5080; baseline -0.001 -18"><span class='ocrx_word' id='word_1_488' title='bbox 428 4999 609 5072; x_wconf 84' lang='lat' dir='ltr'>Quod</span> <span class='ocrx_word' id='word_1_489' title='bbox 666 4999 932 5062; x_wconf 90' lang='lat' dir='ltr'>audiens</span> <span class='ocrx_word' id='word_1_490' title='bbox 987 4999 1121 5080; x_wconf 90' lang='lat' dir='ltr'>ipse</span> <span class='ocrx_word' id='word_1_491' title='bbox 1173 4998 1531 5080; x_wconf 67' lang='lat' dir='ltr'>praecipuus</span> <span class='ocrx_word' id='word_1_492' title='bbox 1585 4999 1774 5060; x_wconf 91' lang='lat' dir='ltr'>Pater</span> <span class='ocrx_word' id='word_1_493' title='bbox 1828 4998 2145 5079; x_wconf 86' lang='lat' dir='ltr'>extemplo</span> <span class='ocrx_word' id='word_1_494' title='bbox 2204 4997 2409 5079; x_wconf 87' lang='lat' dir='ltr'>(juxta</span> <span class='ocrx_word' id='word_1_495' title='bbox 2464 5002 2534 5058; x_wconf 93' lang='lat' dir='ltr'>ut</span> <span class='ocrx_word' id='word_1_496' title='bbox 2589 4997 2812 5060; x_wconf 90' lang='lat' dir='ltr'>crebro</span> <span class='ocrx_word' id='word_1_497' title='bbox 2886 4996 3322 5077; x_wconf 90' lang='lat' dir='ltr'>consueverat)</span> <span class='ocrx_word' id='word_1_498' title='bbox 3378 4996 3675 5076; x_wconf 88' lang='lat' dir='ltr'>omnipo-</span> 
     </span>
    </p>
   </div>
   <div class='ocr_carea' id='block_1_46' title="bbox 1445 5295 2491 5346">
    <p class='ocr_par' dir='ltr' id='par_1_46' title="bbox 1445 5295 2491 5346">
     <span class='ocr_line' id='line_1_46' title="bbox 1445 5295 2491 5346; baseline 0 -2"><span class='ocrx_word' id='word_1_499' title='bbox 1445 5296 1704 5346; x_wconf 61' lang='grc' dir='ltr'>μοι-σω</span> <span class='ocrx_word' id='word_1_500' title='bbox 1744 5295 2125 5345; x_wconf 67' lang='lat' dir='ltr'>KARGINALES</span> <span class='ocrx_word' id='word_1_501' title='bbox 2167 5295 2491 5345; x_wconf 70' lang='lat' dir='ltr'>FABROTTI.</span> 
     </span>
    </p>
   </div>
   <div class='ocr_carea' id='block_1_47' title="bbox 329 5544 3667 5622">
    <p class='ocr_par' dir='ltr' id='par_1_47' title="bbox 329 5544 3667 5622">
     <span class='ocr_line' id='line_1_47' title="bbox 329 5544 3667 5622; baseline 0 -17"><span class='ocrx_word' id='word_1_502' title='bbox 329 5549 427 5622; x_wconf 33' lang='grc' dir='ltr'>(α)-</span> <span class='ocrx_word' id='word_1_503' title='bbox 444 5548 842 5606; x_wconf 85' lang='lat' dir='ltr'>conservabat.</span> <span class='ocrx_word' id='word_1_504' title='bbox 901 5550 981 5619; x_wconf 89' lang='lat' dir='ltr'>(b)</span> <span class='ocrx_word' id='word_1_505' title='bbox 1010 5550 1192 5606; x_wconf 88' lang='lat' dir='ltr'>Baron</span> <span class='ocrx_word' id='word_1_506' title='bbox 1236 5548 1594 5621; x_wconf 73' lang='lat' dir='ltr'>elemosynis</span> <span class='ocrx_word' id='word_1_507' title='bbox 1639 5549 1866 5622; x_wconf 76' lang='lat' dir='ltr'>scilicet,</span> <span class='ocrx_word' id='word_1_508' title='bbox 1917 5565 2082 5622; x_wconf 86' lang='lat' dir='ltr'>quam</span> <span class='ocrx_word' id='word_1_509' title='bbox 2128 5549 2400 5622; x_wconf 70' lang='lat' dir='ltr'>corporei:</span> <span class='ocrx_word' id='word_1_510' title='bbox 2419 5621 2422 5622; x_wconf 17' lang='grc' dir='ltr'><em>ν</em></span> <span class='ocrx_word' id='word_1_511' title='bbox 2444 5551 2759 5622; x_wconf 73' lang='grc' dir='ltr'>ρνιεδεηιία.</span> <span class='ocrx_word' id='word_1_512' title='bbox 2818 5549 2891 5620; x_wconf 83' lang='lat' dir='ltr'>(c)</span> <span class='ocrx_word' id='word_1_513' title='bbox 2924 5545 3324 5622; x_wconf 28' lang='lat' dir='ltr'>BLPlataria.“</span> <span class='ocrx_word' id='word_1_514' title='bbox 3345 5544 3422 5622; x_wconf 82' lang='lat' dir='ltr'>(d)</span> <span class='ocrx_word' id='word_1_515' title='bbox 3454 5549 3523 5622; x_wconf 75' lang='lat' dir='ltr'>ut</span> <span class='ocrx_word' id='word_1_516' title='bbox 3568 5563 3667 5621; x_wconf 86' lang='lat' dir='ltr'>pe-</span> 
     </span>
    </p>
   </div>
   <div class='ocr_carea' id='block_1_48' title="bbox 251 5617 3664 5766">
    <p class='ocr_par' dir='ltr' id='par_1_48' title="bbox 251 5617 3664 5766">
     <span class='ocr_line' id='line_1_48' title="bbox 251 5617 3664 5766; baseline 0.001 -90"><span class='ocrx_word' id='word_1_517' title='bbox 251 5617 978 5766; x_wconf 45' lang='lat' dir='ltr'>arinrintelgpgmanerent.</span> <span class='ocrx_word' id='word_1_518' title='bbox 1034 5623 1107 5692; x_wconf 77' lang='grc' dir='ltr'>(θ)</span> <span class='ocrx_word' id='word_1_519' title='bbox 1135 5621 1337 5679; x_wconf 82' lang='lat' dir='ltr'>Baron.</span> <span class='ocrx_word' id='word_1_520' title='bbox 1392 5617 1525 5678; x_wconf 62' lang='lat' dir='ltr'>anis.</span> <span class='ocrx_word' id='word_1_521' title='bbox 1582 5621 1709 5677; x_wconf 84' lang='lat'>752.</span> <span class='ocrx_word' id='word_1_522' title='bbox 1769 5623 1843 5693; x_wconf 82' lang='lat' dir='ltr'>(f)</span> <span class='ocrx_word' id='word_1_523' title='bbox 1870 5617 1942 5692; x_wconf 69' lang='lat' dir='ltr'>B,</span> <span class='ocrx_word' id='word_1_524' title='bbox 1968 5617 2293 5697; x_wconf 86' lang='lat' dir='ltr'>Aistulplio.</span> <span class='ocrx_word' id='word_1_525' title='bbox 2360 5617 2522 5695; x_wconf 65' lang='lat' dir='ltr'>(g)&#39;et</span> <span class='ocrx_word' id='word_1_526' title='bbox 2550 5622 2769 5697; x_wconf 88' lang='lat' dir='ltr'>plures.</span> <span class='ocrx_word' id='word_1_527' title='bbox 2828 5617 2909 5691; x_wconf 67' lang='lat' dir='ltr'>(Ii)</span> <span class='ocrx_word' id='word_1_528' title='bbox 2938 5617 3208 5691; x_wconf 81' lang='lat' dir='ltr'>adjicere.</span> <span class='ocrx_word' id='word_1_529' title='bbox 3267 5617 3333 5691; x_wconf 79' lang='grc' dir='ltr'>(ἰ)</span> <span class='ocrx_word' id='word_1_530' title='bbox 3363 5617 3664 5679; x_wconf 80' lang='lat' dir='ltr'>*auferre.</span> 
     </span>
    </p>
   </div>
  </div>
