4024 6176
405 131 560 194 i087
1568 139 1977 206 ANASTASII

2168 143 2640 208 JIOTHEGARII
3621 143 3757 206 ωδε

513 271 724 332 'tenti
779 269 1048 334 Domino
1106 273 1232 334 Deo
1291 276 1506 338 nostro
1580 296 1758 338 suam
1835 279 2180 360 populique
2239 279 2358 340 sibi
2433 279 2754 342 commissi
2827 275 3276 340 commendans
3344 277 3753 341 contulit-cau-

448 379 524 436 10
564 396 722 450 sam,
778 383 839 438 et
899 379 1064 440 hanc
1120 381 1450 460 lugubrem
1512 385 1646 464 ejus
1702 387 1928 447 divinae
1989 387 2305 466 majestati
2363 388 2706 448 insinuavit
2759 385 3294 447 lamentationem.

648 493 811 546 283
873 488 950 547 Et
1005 489 1155 548 dum
1214 489 1349 550 haec
1405 499 1744 569 agerentur
1799 493 2130 572 conjunxit
2181 493 2266 574 (α)
2329 497 2590 556 Romam
2663 496 2940 555 Joannes
2999 492 3346 572 imperialis
3404 491 3756 567 silentiarius,

565 592 852 654 deferens
906 595 1105 655 eidem
1166 598 1558 658 sanctissimo
1619 599 1902 678 pontiﬁci
1959 602 2196 678 regiam
2257 600 2630 675 iussionem,
2708 601 3020 679 simulque
3090 604 3152 660 et
3203 599 3387 659 aliam
3445 599 3518 658 ad
3573 617 3762 662 nomen

567 699 854 778 praedicti
927 701 1090 780 regis
1161 703 1339 783 impii
1411 705 1634 766 detulit
1710 706 2176 768 adhortationis
2252 727 2566 768 annexam
2645 708 3016 787 iussionem,
3075 711 3146 766 ut.
3221 705 3586 784 Reipublicae
3653 707 3764 768 loca

567 805 880 868 diabolico
939 808 1018 870 ab
1075 829 1147 870 eo
1207 816 1507 890 usurpata
1563 813 1840 891 ingenio,
1899 815 2154 893 proprio
2233 816 2594 876 restitueret
2662 815 2943 876 domino.
3005 815 3200 886 Quem
3279 811 3560 872 videlicet.
3609 813 3768 893 impe-

489 916 524 974 5
585 912 807 974 rialem
869 915 1125 976 missum
1185 919 1512 979 confestim
1545 923 1878 1000 szepefalus
1935 921 2361 982 sanctissimus
2419 942 2584 1002 papa
2643 941 2786 984 cum
2819 941 2932 983 suo
2964 938 3266 1000 germano
3299 919 3588 999 praedicto
3625 939 3767 980 sanc-

571 1019 810 1082 tissimo
868 1023 1064 1084 Paulo
1121 1024 1395 1086 Diacono
1455 1027 1534 1086 ad
1589 1027 1880 1087 eumdem
1941 1029 2110 1089 misit
2185 1030 2640 1110 nequissimum
2713 1029 3052 1090 Aistulfum
3123 1029 3505 1087 Ravennam.
3571 1025 3770 1098 Quibus

569 1127 874 1207 susceptis
935 1148 1074 1190 cum
1128 1131 1301 1192 inani
1359 1151 1464 1192 eos
1523 1133 1793 1194 absolvit
1851 1153 2172 1214 responso,
2234 1136 2567 1198 adhaerens
2623 1135 2709 1218 (ὑ)
2755 1135 2955 1198 eidem
3010 1133 3326 1214 imperiali
3373 1133 3551 1194 misso
3595 1151 3770 1212 quem-

569 1232 713 1294 dam
768 1236 1040 1314 proprias
1097 1239 1303 1316 gentis
1360 1240 1672 1300 nefarium
1730 1240 1932 1300 virum
1991 1241 2320 1302 diabolicis
2381 1243 2698 1304 imbutum
2778 1242 3054 1304 consiliis
3129 1241 3208 1302 ad
3277 1239 3514 1319 regiam
3581 1257 3770 1319 prope-

571 1340 838 1402 randum
895 1341 968 1424 (e)
1029 1344 1272 1414 urbem,
1331 1347 1687 1426 reversique
1747 1348 1937 1427 legati
1993 1352 2259 1409 Romam
2317 1369 2390 1410 ac
2449 1349 2812 1429 praesentati
2877 1349 3080 1410 eidem
3147 1347 3537 1408 sanctissimo
3605 1363 3769 1424 papae,

453 1446 530 1505 10
575 1457 1039 1511 enarraverunt
1095 1452 1151 1513 ei
1207 1453 1366 1514 nihil
1423 1473 1487 1514 se
1560 1455 1781 1531 egisse.
1839 1457 2014 1516 Tunc
2085 1458 2393 1536 praefatus
2465 1457 2895 1517 sanctissimus
2953 1455 3069 1528 vir,
3130 1454 3347 1533 agnito
3409 1451 3651 1530 maligni
3696 1471 3771 1512 re-

572 1555 666 1634 gis
723 1557 1011 1631 consilio,
1074 1559 1242 1620 misit
1298 1560 1359 1619 in
1427 1561 1660 1639 regiam
1717 1563 1936 1622 urbem
1996 1581 2138 1624 suos
2199 1564 2419 1624 missos
2477 1570 2537 1624 et
2591 1563 2970 1643 apostolicos
3027 1563 3256 1622 affatus
3309 1579 3450 1620 eum
3506 1557 3774 1638 imperiali

571 1663 833 1742 praefato
895 1666 1102 1738 misso,
1167 1667 1512 1747 deprecans
1571 1669 1962 1748 imperialem
2021 1671 2418 1731 clementiam
2475 1676 2544 1730 ut
2593 1671 2778 1748 juxta
2836 1669 3004 1749 quod
3063 1669 3120 1728 ei
3177 1668 3407 1748 saepius
3461 1666 3768 1746 scripserat,

571 1788 710 1829 cum
773 1773 1046 1834 exercitu
1108 1775 1186 1834 ad
1244 1775 1511 1836 tuendas
1569 1777 1682 1836 bas
1737 1777 1932 1838 Italia;
1991 1781 2204 1857 partes
2263 1776 2464 1838 modis
2521 1777 2814 1838 omnibus
2871 1776 3218 1848 adveniret,
3279 1781 3344 1834 et
3397 1775 3473 1834 de
3527 1771 3774 1850 iniquita-

571 1876 651 1936 tis
727 1877 842 1938 ﬁlii
914 1880 1226 1940 morsibus
1299 1885 1648 1943 Romanam
1729 1883 1894 1943 hanc
1949 1885 2170 1944 urbem
2227 1885 2322 1944 vei
2367 1889 2656 1945 cunctam
2722 1883 2966 1944 Italiam
3037 1881 3432 1962 provinciam
3499 1879 3772 1939 liberaret.

655 2017 818 2072 288
879 2012 1051 2072 Inter
1107 2012 1242 2074 haec
1303 2035 1452 2076 vero
1511 2036 1888 2098 permanens
1945 2018 2011 2077 in
2077 2037 2191 2078 sua
2257 2018 2532 2096 pernicie
2595 2017 2677 2098 ((1)
2737 2017 3037 2097 praefatus
3092 2015 3519 2076 atrocissimus
3570 2014 3776 2088 Longo-

573 2114 915 2177 bardorum
976 2137 1116 2192 rex,
1177 2123 1410 2183 exarsit
1485 2125 1697 2185 furore
1759 2123 2142 2199 vehementi,
2203 2129 2264 2184 et
2341 2126 2613 2186 fremens
2687 2130 2757 2184 ut
2831 2124 2954 2198 leo,
3019 2123 3350 2201 pestiferas
3423 2120 3618 2180 minas
3681 2119 3778 2176 Ito-

575 2221 778 2280 manis
853 2223 1124 2303 dirigere
1203 2247 1328 2288 non
1413 2229 1762 2304 desinebat,
1843 2249 2126 2291 asserens
2198 2250 2420 2292 omnes
2480 2249 2608 2292 uno
2679 2230 2891 2310 gladio
2965 2228 3269 2308 jugulari,
3353 2226 3468 2286 nisi
3541 2243 3676 2297 suae,
3727 2227 3780 2282 ut

575 2329 910 2406 praefatum
979 2336 1094 2404 est,
1179 2352 1312 2396 sese
1389 2335 1729 2396 subderent
1805 2337 2052 2397 ditioni.
2115 2340 2513 2418 Rursumque
2573 2337 2646 2419 (e)
2717 2338 3030 2398 antefatus
3109 2335 3537 2395 sanctissimus
3602 2334 3773 2402 Pater,

495 2434 532 2492 5
577 2441 960 2515 congregato
1018 2439 1310 2502 universo
1373 2446 1658 2504 Romano
1713 2448 1900 2516 coetu,
1963 2443 2174 2504 taliter
2227 2463 2333 2504 eos
2391 2450 2655 2522 paterno
2731 2462 2942 2504 amore
3021 2441 3378 2514 admonuit,
3455 2438 3770 2519 inquiens:

578 2544 800 2615 Quzeso
859 2564 988 2618 vos,
1051 2547 1165 2626 filii
1219 2549 1592 2624 charissimi,
1655 2569 1769 2628 pro
1819 2556 2176 2612 nostrorum
2232 2551 2603 2612 delictorum
2663 2549 2828 2611 mole
2905 2549 3157 2611 Domini
3223 2547 3628 2627 imploremus
3675 2544 3772 2604 cle-

579 2651 903 2728 mentiam,
958 2660 1020 2714 et
1075 2655 1210 2736 ipse
1265 2662 1478 2718 noster
1533 2658 1650 2719 erit
1709 2657 1980 2736 adjutor,
2044 2657 2464 2738 liberabitque
2525 2677 2637 2718 nos
2694 2676 2807 2717 sua
2867 2655 3419 2736 providentissima
3473 2653 3774 2712 misericor-

579 2757 682 2818 dia
759 2777 797 2820 a
881 2764 1392 2841 persequentium
1476 2765 1767 2825 manibus
1829 2782 1842 2824 :
1905 2764 2083 2843 cujus
2156 2765 2494 2826 salutiferis
2566 2761 3103 2825 admonitionibus
3181 2767 3449 2822 cunctus
3521 2755 3778 2820 obediens

579 2865 851 2945 populus
908 2871 1273 2949 congregati
1338 2871 1723 2932 unanimiter
1796 2891 2015 2932 omnes
2087 2872 2381 2952 lacrymis
2455 2872 2608 2931 fusis
2675 2871 3175 2949 omnipotentem
3255 2865 3589 2928 Dominum
3659 2881 3777 2921 nos-

463 2971 540 3032 10
583 2977 748 3033 trum
808 2973 1127 3054 deprecati
1183 2981 1350 3037 sunt.
1411 2979 1480 3037 In
1537 2996 1666 3038 una
1725 2996 1873 3039 vero
1917 2977 2160 3039 dierum
2237 2997 2377 3038 cum
2439 2978 2637 3037 multa
2713 2975 3070 3036 humilitate
3143 2973 3415 3036 sollicite
3487 2969 3780 3053 procedens

580 3080 646 3140 in
705 3081 936 3142 letania
993 3101 1134 3143 cum
1206 3083 1627 3146 sacratissimo
1701 3084 1976 3166 imagine
2031 3085 2282 3146 Domini
2341 3085 2452 3146 Dei
2536 3090 2598 3145 et
2671 3083 3018 3145 Salvatoris
3093 3081 3298 3142 nostri
3358 3083 3504 3142 Jesu
3569 3073 3776 3142 Christi,

581 3205 722 3266 quae
779 3189 1215 3269 antheropsita
1265 3189 1354 3272 (f)
1411 3196 1838 3271 nuncupatur,
1899 3192 2212 3272 simulque
2269 3195 2330 3252 et
2386 3210 2528 3252 cum
2590 3209 2666 3252 ea
2737 3189 2864 3251 alia
2931 3190 3180 3250 diversa
3247 3205 3430 3249 sacra
3485 3181 3780 3246 ministeria

583 3293 892 3374 recipiens
925 3294 1004 3378 (g)
1067 3297 1448 3378 proprioque
1505 3298 1772 3360 humero
1847 3299 2048 3379 ipsam
2124 3303 2404 3359 sanctam
2483 3298 3024 3376 imaginemlcum
3085 3295 3346 3375 reliquis
3405 3289 3780 3354 sacerdotibus

581 3400 746 3462 idem
825 3403 1252 3464 sanctissimus
1336 3423 1505 3484 papa
1590 3411 1865 3484 gestans,
1944 3406 2254 3484 nudisque
2331 3404 2617 3484 pedibus,
2702 3411 2829 3464 tam
2906 3404 3041 3482 ipse
3128 3419 3450 3482 quamque
3541 3397 3779 3459 universa

463 3509 538 3565 15
581 3507 778 3586 plebs,
839 3509 1202 3569 incedentes
1261 3511 1322 3569 in
1384 3511 1709 3572 ecclesiam
1793 3517 2027 3571 sanctae
2099 3512 2212 3571 Dei
2288 3512 2638 3584 Genitrieis,
2700 3531 2840 3590 quae
2917 3511 3000 3570 ad
3057 3511 3348 3588 Praesepe
3407 3511 3774 3582 nuncupatur.

585 3612 788 3689 posito
846 3614 911 3673 in
969 3615 1250 3674 omnium
1333 3615 1644 3694 capitibus
1719 3616 2098 3695 populorum
2175 3617 2405 3690 cinere,
2467 3635 2608 3676 cum
2685 3615 2962 3677 maximo
3037 3616 3286 3676 ululatu
3347 3613 3431 3695 (Ia)
3475 3614 3776 3693 pergentes.

584 3717 1238 3780 misericordissimum
1314 3721 1652 3782 Dominum
1739 3728 2026 3783 nostrum
2101 3723 2419 3802 deprecati
2495 3727 2663 3796 sunt,
2744 3723 3013 3802 alligans
3095 3729 3595 3798 connectensque
3658 3713 3778 3774 ado-

582 3825 799 3886 randae
882 3827 1053 3888 cruci
1137 3827 1247 3888 Dei
1333 3828 1534 3888 nostri
1619 3833 1874 3908 pactum
1959 3829 2118 3890 illud
2202 3829 2370 3909 quod
2469 3829 2780 3890 nefandus
2861 3847 2972 3888 rex
3055 3826 3608 3907 Langobardorum
3679 3818 3778 3880 dis-

581 3949 652 3991 ru
665 3932 775 4011 pit.

667 4073 830 4127 284
914 4067 1026 4126 Hic
1101 4067 1499 4128 beatissimus
1583 4088 1751 4149 papa
1834 4087 2054 4130 omnes
2136 4089 2281 4131 suos
2366 4069 2740 4144 sacerdotes,
2814 4073 2876 4130 et
2957 4069 3193 4128 elerum
3279 4067 3368 4130 in.
3431 4052 3782 4127 Lateranensi

586 4173 971 4253 patriarchio
1001 4174 1216 4235 sedule
1289 4193 1663 4254 aggregans,
1726 4175 2114 4236 admonebat
2186 4175 2464 4236 divinam
2539 4177 2687 4236 totis
2763 4175 3001 4236 nisibus
3075 4173 3348 4235 scrutari
3421 4171 3778 4250 Seripluram,

586 4285 648 4340 et
704 4279 767 4339 in
827 4280 1094 4362 lectione
1151 4299 1376 4340 vacare
1426 4281 1762 4360 spirituali,
1811 4287 1881 4342 ut
1938 4283 2222 4342 efﬁcaces
2278 4282 2712 4342 invenirentur
2766 4281 2830 4342 in
2891 4279 3068 4342 omni
3133 4299 3435 4359 responso
3507 4279 3564 4338 et
3621 4285 3780 4333 asser-

589 4385 760 4447 tione
835 4387 1339 4448 adversariorum
1415 4387 1708 4449 Ecclesize
1790 4388 1922 4448 Dei.
2009 4391 2134 4448 Nec
2210 4388 2376 4448 enim
2439 4389 2724 4449 cessabat
2799 4388 3233 4448 indesinenter
3301 4379 3680 4447 admonendo
3734 4375 3778 4431 et

505 4493 544 4552 5
586 4493 974 4553 confutando
1032 4501 1326 4555 cunctum
1386 4494 1498 4554 Dei
1555 4495 1862 4574 pppulum
1917 4494 2122 4555 sobrie
2180 4495 2405 4574 pieque
2463 4513 2669 4574 agere,
2734 4499 2926 4574 atque
2981 4495 3062 4555 ab
3119 4493 3294 4554 omni
3353 4489 3642 4572 pravitate
3675 4495 3778 4542 sese

588 4599 925 4660 custodire.
987 4599 1098 4661 Hic
1154 4601 1556 4663 beatissimus
1613 4601 1708 4660 vir
1765 4619 1878 4680 pro
1939 4601 2140 4661 salute
2189 4601 2532 4680 provinciae
2589 4605 2653 4662 et
2721 4601 3004 4662 omnium
3087 4599 3577 4662 Christianorum
3641 4583 3780 4650 omni

591 4706 1014 4766 Sabbatorum
1100 4707 1200 4767 die
1283 4709 1601 4782 letaniam,
1667 4707 1840 4767 omni
1925 4707 2275 4787 postposito
2353 4708 2664 4787 neglectu,
2745 4708 2880 4769 ﬁeri
2957 4707 3200 4768 statuit.
3280 4707 3488 4768 Unum
3571 4695 3778 4780 quidem

588 4811 937 4872 Sabbatum
999 4813 1078 4872 ad
1135 4821 1416 4875 sanctam
1477 4813 1588 4875 Dei
1663 4814 2038 4875 Genitrieem
2100 4814 2179 4874 ad
2235 4815 2548 4894 Praesepe,
2610 4815 2802 4876 alium
2881 4833 3028 4874 vero
3097 4814 3204 4873 ad'
3243 4812 3502 4873 beatum
3571 4809 3778 4865 Petrum

590 4917 968 4996 apostolum,
1031 4923 1094 4980 et
1143 4919 1338 4980 alium
1398 4920 1478 4980 ad
1525 4920 1780 4981 beatum
1837 4920 2104 4980 Paulum
2161 4921 2542 5000 apostolum.

649 5058 839 5112 '285
895 5051 968 5132 (τ’)
1025 5053 1136 5113 Hie
1191 5053 1589 5115 beatissimus
1649 5071 1815 5133 papa
1873 5054 2246 5114 restauravit
2317 5054 2640 5116 basilicam
2718 5053 2918 5115 sancti
2993 5051 3330 5125 Laurentii,
3391 5064 3571 5129 super
3634 5053 3778 5101 sanc-

593 5165 722 5220 tum
785 5157 1169 5220 Clementem
1225 5160 1432 5234 sitam,
1495 5160 1750 5239 regione
1807 5161 2014 5238 tertia,
2082 5179 2222 5239 quas
2283 5179 2320 5221 a
2377 5161 2692 5222 diuturnis
2768 5161 3155 5240 temporibus
3230 5158 3440 5218 diruta
3505 5147 3774 5251 manebat-

593 5266 986 5327 Bestauravit
1039 5272 1101 5327 et
1157 5271 1452 5346 tegumen
1509 5267 1854 5330 ccemeterii
1908 5273 2142 5328 sanctae
2197 5267 2502 5345 Sotheris,
2561 5267 2733 5348 quod
2779 5267 3110 5328 ceciderat.
3167 5267 3384 5346 Itaque
3431 5261 3571 5322 dum
3617 5251 3776 5315 isdem

1617 5451 1865 5497 NOTULE
1904 5452 1989 5496 MA
1999 5451 2288 5498 RGINALES
2328 5453 2649 5498 FABROTTI.

505 5592 578 5674 (ιε)
611 5594 897 5674 convenit.
915 5597 1010 5674 (ᾇ)
1025 5599 1106 5674 kB‘,
1139 5595 1335 5674 i_d_es_t,
1369 5596 1715 5674 copjyngens.
1749 5595 1818 5666 (c)
1850 5595 2266 5674 profecturum.
2303 5597 2380 5666 (ἀ)
2410 5597 2687 5670 nequitia.
2723 5597 2791 5670 (e)
2821 5597 3181 5670 Rursusque.
3215 5595 3282 5668 (Γ)
3307 5597 3446 5666 [orte
3467 5577 3772 5651 δοὴθτορίιδ·

434 5665 510 5732 (Ω)
541 5665 562 5687 ’
593 5665 873 5728 misteria.
904 5667 982 5744 (ἡ)
1013 5671 1080 5734 Β,
1115 5667 1356 5740 ejulatu.
1389 5665 1679 5737 (i)’Baro~n.
1716 5665 2005 5726 ama—753.
