2025 3086
132 124 218 157 ξ1089
492 124 675 155 HISTORIA
698 124 749 155 DE
770 123 872 156 VITIS
895 125 931 155 Rt

1042 124 1128 156 ONT.
1145 141 1185 148 —
1201 125 1432 158 STEPHANUS
1455 126 1492 157 ΙΙ.
1765 128 1841 159 1090

222 191 437 222 sanctissimus
479 191 526 221 vir
565 191 632 231 jam
675 192 772 221 l‘alum
817 192 998 231 pestiferum
1041 191 1320 231 Langobardorum
1364 202 1469 232 regem
1518 194 1680 224 immensis
1723 194 1843 225 vicibus

168 245 469 277 ;5~.innumerabilla
507 245 646 275 tribuens
682 255 813 275 munera
849 246 1071 285 deprecaretur
1108 255 1166 285 pro
1194 245 1342 285 gregibus
1372 246 1431 276 sibi
1460 256 1478 276 a
1506 249 1570 277 Deo
1599 248 1782 285 commissis,
1814 251 1845 278 ct

223 300 354 340 perditis
383 299 493 330 ovibus
522 299 575 339 (α),
607 299 724 329 scilicet
757 308 814 338 pro
843 299 988 329 universa
1027 299 1164 329 exercitu
1196 299 1232 339 (ὑ)
1265 301 1432 336 Ravennae,
1473 303 1566 340 atque
1605 304 1718 333 cuncto
1754 303 1844 334 istius

225 354 323 384 Italia:
353 352 525 392 provmciaa
557 352 688 392 populo,
717 361 796 392 quos
825 352 982 382 diabolica
1005 352 1114 382 fraude
1140 352 1207 392 ipse
1229 352 1346 392 impius
1373 353 1537 392 deceperat
1568 364 1622 384 rex
1650 358 1681 384 et
1709 357 1845 395 posside-

224 408 299 445 bat;
329 410 360 437 et
386 407 461 437 dum
491 406 530 437 ab
558 415 595 436 eo
624 406 702 435 nihil
731 405 791 435 hac
819 406 857 435 de
888 415 921 435 re
949 405 1118 442 obtineret,
1147 414 1278 436 cernens
1308 406 1481 446 prmsertim
1509 406 1546 447 (ο)
1572 410 1603 437 et
1626 409 1665 438 ab
1690 409 1846 448 imperiali

224 461 367 501 potentia
396 460 519 490 nullum
555 468 621 490 esse
659 459 864 489 subveniendi
899 458 1063 495 auxilium,
1095 462 1170 489 tunc
1207 460 1473 498 quemadmodum
1513 461 1758 500 praedecessores
1779 463 1846 502 ejus

155 515 203 545 :10
224 515 325 545 beatae
355 514 516 544 memoriae
545 513 678 543 domnus
709 512 888 551 Gregorius,
919 515 950 542 et
979 512 1147 551 Gregorius
1174 512 1266 549 alius,
1297 515 1329 543 et
1364 513 1499 543 domnus
1536 513 1705 545 Zacharias
1731 515 1847 546 beatis-

224 568 295 598 simi
320 567 494 607 pantiﬁces,
530 566 653 602 Carolo,
684 566 953 596 excellentissima
982 566 1143 596 memoriae
1171 566 1239 605 regi
1279 567 1484 604 Francorum,
1513 567 1705 604 direxerant,
1736 573 1848 608 peten-

225 625 271 652 tes
300 621 358 651 sibi
379 620 538 650 subveniri
568 622 696 659 propter
718 619 937 658 oppressiones
966 627 1004 648 ac
1032 619 1212 649 invasiones
1235 629 1314 658 quas
1341 622 1373 649 et
1396 619 1455 659 ipsi
1481 620 1513 650 in
1544 620 1602 651 hac
1633 622 1848 653 Romanorum

226 673 387 715 provincia
413 683 431 704 a
462 673 599 703 nefanda
626 671 907 711 Langobardorum
930 674 1023 710 gente
1053 672 1192 712 perpessi
1221 675 1319 702 sunt:
1350 672 1394 702 ita
1424 673 1517 703 modo
1546 676 1577 704 et
1614 674 1680 713 ipse
1717 684 1849 706 venera-

224 728 296 758 bilis
322 728 426 763 Pater,
456 726 563 757 divina
591 725 693 765 gratia
720 725 910 765 inspirante,
938 725 1018 755 clam
1048 734 1103 765 per
1131 725 1299 765 quemdam
1329 726 1528 765 peregrinum
1559 736 1630 757 suas
1659 727 1742 758 misit
1769 729 1850 759 litte-

161 783 203 813 15
227 791 276 812 ras
304 780 438 820 Pippino
463 780 529 819 regi
554 780 747 809 Francorum
778 779 874 809 nimio
903 778 1011 809 dolore
1037 779 1110 809 huic
1139 779 1309 818 provincia:
1332 779 1499 810 inhaerenti
1522 780 1726 820 conscriptas.

265 837 350 866 £88
378 834 425 864 Ad
467 833 551 863 hunc
591 833 685 863 etiam
723 841 807 862 nunc
852 831 895 872 (d)
937 832 1068 863 cessavit
1108 832 1257 871 dirigens,
1301 835 1336 862 ut
1383 842 1455 863 suos
1506 832 1557 863 hic
1608 835 1739 865 Romam
1782 835 1849 876 ipse

225 890 419 920 Francorum
448 897 503 917 rex
533 887 669 917 mitteret
702 886 822 922 missos,
852 895 908 925 per
935 886 1019 926 quod
1049 895 1121 916 eum
1150 886 1191 916 ad
1220 895 1252 916 se
1281 886 1426 916 accersiri
1454 887 1586 918 fecisset.
1617 889 1655 918 Et
1688 889 1763 919 dum
1795 899 1848 920 va-

225 942 288 972 lide
315 941 352 982 (c)
381 941 421 971 ab
449 940 561 971 eadem
591 939 875 978 Langobardorum
904 948 978 978 rege
1006 939 1193 969 civitateset
1223 939 1384 978 provincia
1409 939 1470 970 ista
1502 941 1716 971 Romanorum
1745 943 1851 983 appri-

227 998 398 1031 merentur,
425 993 527 1024 subito
557 992 723 1032 conjunxit
753 992 795 1032 (ί)
825 992 937 1022 missus
961 992 1028 1031 jam
1059 993 1115 1022 fati
1143 993 1224 1031 regis
1253 1002 1271 1022 a
1300 993 1492 1023 Francorum
1530 994 1655 1024 nomine
1695 996 1851 1035 Rodigan-

183 1051 207 1088 5
228 1059 286 1089 gus
315 1048 357 1089 (g)
385 1047 493 1083 abbas,
524 1056 580 1086 per
608 1055 702 1086 quem
732 1046 816 1076 misit
844 1046 875 1075 in
906 1045 1060 1085 responsis
1092 1054 1216 1076 omnem
1254 1046 1450 1076 voluntatem
1488 1056 1524 1077 ac
1560 1048 1744 1087 petitionem
1773 1059 1852 1089 pras-

227 1102 303 1132 dicti
331 1101 522 1132 sanctissimi
552 1109 642 1140 papae
671 1108 703 1129 se
733 1099 917 1139 adimplere.
948 1100 986 1129 Et
1015 1099 1215 1138 postmodum
1246 1099 1325 1129 alius
1355 1100 1467 1130 missus
1497 1101 1659 1131 familiaris
1685 1102 1752 1141 ejus
1780 1112 1852 1133 con-

223 1156 342 1195 junxit,
373 1164 411 1184 ea
439 1154 507 1194 ipsa
534 1153 738 1183 annuntians.

271 1213 352 1240 ειη
383 1210 523 1247 Cumque
552 1217 571 1236 a
609 1206 836 1245 Longobardis,
867 1208 900 1235 ut
936 1206 1100 1245 praefatum
1137 1210 1194 1242 est,
1234 1207 1366 1246 antiqua
1401 1208 1542 1238 Romana
1581 1209 1653 1238 urbs
1691 1212 1722 1239 et
1750 1213 1853 1241 castra

229 1263 376 1294 universa
404 1261 679 1299 distringerentur,
710 1260 754 1289 ita
782 1260 875 1289 etiam
908 1262 940 1289 ut
967 1260 1156 1289 Ciccanense
1193 1260 1368 1296 castellum,
1399 1261 1483 1300 quod
1520 1261 1703 1292 colonorum
1736 1266 1851 1294 sanctae

228 1316 285 1347 Dei
322 1314 468 1346 Ecclesiae
504 1313 669 1349 existebat,
709 1315 886 1352 usurparet,
916 1312 998 1343 illico
1032 1313 1072 1342 ad
1106 1313 1224 1351 regiam
1256 1314 1364 1342 urbem
1403 1313 1569 1353 conjunxit
1596 1315 1638 1354 (lc)
1666 1317 1852 1355 smpel‘actus

226 1372 366 1401 Joannes
388 1367 561 1408 imperialis
590 1366 782 1396 silentiarius
811 1375 880 1395 cum
911 1366 1012 1396 missis
1040 1366 1137 1405 ipsius
1163 1366 1351 1395 sanctissimi
1380 1367 1547 1405 pontificis,
1579 1367 1721 1398 deferens
1743 1378 1849 1399 secum

228 1427 261 1454 et
289 1431 359 1463 qum
388 1421 611 1461 deportaverat
636 1419 737 1458 iniqui
765 1419 1047 1457 Langobardorum
1076 1419 1157 1457 regis
1187 1419 1310 1455 missus,
1338 1419 1431 1449 simul
1458 1422 1489 1449 et
1509 1419 1684 1459 jussionem
1709 1422 1854 1462 imperia-

229 1477 302 1513 lem,
335 1476 366 1506 in
395 1483 459 1514 qua
483 1473 609 1504 inherat
637 1472 674 1512 (ἢ
701 1472 854 1502 insertum
894 1481 912 1501 a
941 1471 1220 1511 Langobardorum
1258 1481 1331 1512 rege
1360 1472 1412 1512 (ᾖ,
1443 1473 1588 1504 eumdem
1622 1475 1852 1508 sanctissimum

228 1538 345 1570 papam
374 1537 440 1558 esse
470 1528 675 1567 properatum
707 1525 747 1555 ob
778 1524 988 1565 recipiendam
1026 1525 1255 1554 ltavennatium
1297 1525 1406 1556 urbem
1434 1528 1465 1556 et
1492 1526 1633 1557 civitates
1663 1529 1690 1558 ei
1719 1528 1759 1570 (lc)
1787 1539 1856 1569 per-

229 1584 377 1613 tinentes.
403 1582 464 1611 Pro
493 1589 556 1620 quo
593 1582 626 1610 et
663 1579 702 1609 de
742 1578 887 1618 presenti
922 1577 1102 1618 Stephanus
1124 1587 1206 1618 papa
1236 1578 1349 1608 direxit
1376 1579 1417 1609 ad
1452 1580 1597 1611 eumdem
1633 1581 1854 1622 blasphemum

230 1645 336 1675 regem
364 1644 456 1665 suum
491 1633 622 1664 missum
651 1642 708 1672 pro
744 1641 811 1668 sua,
837 1634 868 1662 et
911 1631 965 1671 qui
1006 1641 1076 1661 cum
1117 1641 1153 1661 eo
1196 1631 1270 1661 itun'
1318 1635 1418 1669 erant,
1462 1633 1680 1665 indemnitate.
1719 1637 1854 1677 ipsoque

167 1691 208 1721 10
232 1698 355 1720 reverso
397 1687 565 1727 extemplo,
607 1689 639 1716 et
671 1685 757 1715 missi
795 1684 861 1723 jam
914 1684 970 1714 fati
1010 1684 1136 1724 Pippini
1176 1685 1258 1724 regis
1306 1686 1499 1716 Francorum
1535 1687 1779 1727 conjunxerunt,
1823 1691 1855 1721 id

229 1746 276 1773 est
305 1741 508 1780 Rodigangus
535 1740 571 1779 (Ι)
599 1739 775 1778 episcopus,
815 1741 846 1768 et
881 1737 1070 1767 Autcharius
1109 1738 1171 1768 dux
1210 1742 1365 1778 quatenus
1403 1740 1584 1779 prudictum
1623 1743 1854 1774 sanctissimum

229 1804 345 1836 papam
379 1794 481 1834 (juxta
511 1793 596 1833 quod
625 1792 762 1831 petendo
793 1791 932 1830 miserat)
961 1790 1001 1821 ad
1030 1800 1120 1820 suum
1150 1792 1290 1822 Francius
1318 1792 1372 1832 (m)
1401 1802 1505 1832 regem
1535 1794 1735 1834 deducerent,
1761 1807 1855 1837 quem

229 1850 324 1880 etiam
355 1850 500 1888 paratum
538 1847 726 1876 invenerant
763 1845 800 1875 ad
840 1844 1024 1884 praedictum
1057 1845 1337 1884 Langobardorum
1366 1856 1472 1885 regem
1512 1849 1759 1887 properandum,
1799 1861 1856 1891 pro

229 1902 451 1941 recolligendis
480 1899 635 1931 universis
663 1898 828 1929 dominicis
858 1898 988 1938 perditis
1017 1898 1152 1928 ovilibus
1182 1898 1235 1938 (η).

272 1960 353 1986 388
382 1956 471 1985 Tunc
500 1953 666 1984 consulens
694 1952 734 1992 (ο)
763 1952 845 1982 idem
875 1951 1074 1981 beatissimus
1104 1961 1187 1991 papa
1216 1952 1443 1992 omnipotentis
1472 1954 1528 1984 Dei
1555 1955 1654 1985 nostri
1684 1956 1857 1987 misericor-

229 2009 326 2045 diam,
358 2017 502 2048 egressus
529 2009 576 2038 est
604 2006 645 2036 ab
673 2005 733 2035 hac
777 2006 920 2035 Romana
960 2004 1038 2034 urbe
1081 2005 1121 2034 ad
1157 2005 1284 2035 beatum
1328 2006 1455 2036 Petrum
1499 2008 1689 2047 apostolum,
1735 2009 1856 2040 decimo

231 2065 346 2102 quarta
376 2062 426 2092 die
456 2061 570 2092 mensis
597 2058 751 2096 Octobris,
781 2057 951 2088 indictione
980 2058 1134 2097 septima;
1165 2058 1264 2088 secuti
1293 2061 1366 2089 sunt
1394 2069 1464 2090 eum
1495 2060 1601 2100 plures
1639 2063 1855 2093 Romanorum

232 2119 263 2147 et
290 2118 475 2146 casterarum
502 2114 664 2145 civitatum
694 2112 812 2152 populi,
843 2111 954 2142 ﬂentes
980 2111 1213 2151 ululantesque,
1244 2114 1275 2142 et
1303 2121 1505 2152 nequaquam
1535 2123 1606 2144 eum
1639 2116 1764 2154 penitus
1794 2126 1858 2151 am_

187 2170 206 2200 5
229 2170 339 2200 bulare
375 2168 531 2199 sinebant.
564 2167 622 2203 Qui
660 2165 805 2196 videlicet
841 2165 1056 2195 sanctissimus
1094 2165 1153 2201 vir,
1180 2175 1247 2195 sese
1282 2166 1315 2195 in
1354 2166 1409 2196 Dei
1441 2167 1559 2197 virtute
1594 2171 1626 2198 et
1661 2170 1857 2208 protectiane

231 2225 347 2254 sanctae
373 2222 430 2253 Dei
460 2220 625 2252 Genitricis
653 2222 683 2249 et
712 2219 878 2249 beatorum
908 2218 1084 2258 principum
1120 2219 1334 2258 apostolorum
1377 2220 1549 2257 conﬁdens,
1588 2225 1770 2253 constanter
1799 2233 1857 2263 pro

229 2276 331 2307 salute
360 2275 513 2311 omnium,
545 2274 619 2304 licet
650 2272 835 2303 infirmitate
862 2272 1002 2311 corporis
1030 2271 1188 2308 detentus,
1213 2272 1404 2303 laboriosum
1434 2282 1599 2313 aggressus
1628 2277 1673 2305 est
1701 2276 1771 2312 iter,
1785 2285 1858 2307 con-

235 2330 355 2361 fortans
384 2331 479 2368 atque
505 2326 731 2358 commendans
755 2328 900 2356 cunctam
930 2325 1126 2355 Dominicam
1158 2326 1280 2365 plebem
1310 2326 1392 2356 bona
1423 2327 1541 2366 pastori
1569 2328 1702 2358 Domino
1737 2333 1856 2368 nostra,

169 2384 210 2414 10
232 2385 263 2413 et
291 2383 456 2413 beatorum
480 2381 694 2421 apostolorum
723 2378 857 2419 principi
883 2379 987 2409 Petra.
1015 2379 1055 2409 Et
1084 2388 1246 2409 assumens
1270 2388 1375 2409 secum
1405 2389 1443 2409 ex
1471 2379 1531 2410 hac
1573 2385 1683 2411 sancta
1719 2383 1859 2414 Ecclesia

230 2436 275 2477 (ρ)
305 2436 457 2475 quasdam
487 2434 675 2470 sacerdotes,
706 2442 851 2472 proceres
880 2433 973 2463 etiam
1004 2436 1036 2462 et
1073 2435 1202 2462 cazteros
1231 2432 1415 2463 clericorurn
1452 2434 1581 2471 ordinis,
1611 2445 1732 2466 necnon
1761 2440 1792 2467 et
1821 2447 1860 2468 ex

232 2490 352 2521 militiae
381 2488 597 2529 optimatibus,
628 2487 750 2517 Christo
786 2486 915 2525 praevio,
947 2489 1085 2526 coeptum
1121 2489 1305 2526 prosecutus
1333 2489 1380 2517 est
1416 2488 1485 2524 iter,
1517 2497 1665 2528 magnam
1702 2490 1748 2520 illi
1786 2491 1857 2521 caeli

234 2543 433 2574 serenitatem
462 2542 597 2572 Domina
626 2541 658 2571 in
689 2540 757 2580 ipso
786 2539 897 2569 itinere
927 2539 1097 2570 tribuente.

274 2600 357 2627 £89
387 2596 486 2635 Igitur
514 2594 728 2634 conjungente
756 2602 793 2624 ea
823 2594 888 2623 fere
915 2593 1193 2633 quadragesimum
1221 2593 1402 2624 milliarium
1438 2595 1718 2634 Langobardorum
1748 2597 1858 2627 ﬁnium

236 2649 277 2691 (ᾳ)
307 2650 339 2680 in
369 2658 433 2680 una
462 2649 600 2680 noctium
633 2648 757 2687 signum
787 2647 820 2677 in
849 2646 928 2677 coelo
958 2655 1107 2686 magnum
1138 2648 1295 2687 apparuit,
1324 2648 1416 2688 quasi
1443 2649 1556 2688 globus
1584 2650 1696 2689 igneus
1725 2650 1766 2680 ad
1785 2659 1858 2690 par-

743 2744 867 2767 NOTULE
888 2743 1079 2767 MARGINALES
1101 2744 1265 2767 FABROTTI.

190 2820 231 2856 (ᾳ)
247 2819 280 2854 Β,
297 2818 409 2856 civibus
428 2817 466 2853 (b)
481 2816 646 2856 exurebatu.
665 2815 928 2856 (c)_"pr_aeterea.__(d)
940 2814 1039 2856 adhuc
1053 2815 1140 2856 etiam
1156 2824 1224 2856 n_on.
1243 2816 1414 2856 (e)B_,valde.
1425 2818 1640 2856 (γ’)ηηίενυεήίι,
1657 2817 1772 2856 scilicet.
1783 2820 1858 2856 (9)8,

155 2851 354 2891 Rodigghdns.
371 2854 410 2890 (Ιι)
426 2851 443 2881 a
458 2851 537 2888 regia
552 2853 622 2891 urbe
637 2852 726 2891 venit.
741 2852 774 2886 (ί)
786 2853 857 2891 erat.
915 2851 950 2891 ad
967 2859 1073 2891 regem.
1091 2851 1136 2891 (Ic).
1147 2852 1188 2891 ad
1199 2860 1273 2880 eam.
1288 2853 1337 2891 (1)"
1347 2853 1578 2891 lthotingandus.
1595 2854 1644 2891 (m)
1656 2853 1684 2891 in
1695 2851 1858 2891 Franci'am;

155 2892 197 2926 (η)
213 2886 326 2919 οἶτίδιιε.
343 2886 380 2926 (ο)
394 2886 528 2918 cernens.
547 2890 587 2926 (p)
602 2896 636 2916 ex
650 2888 741 2926 hujus
754 2889 860 2915 sancte:
876 2886 1010 2915 Ecclesia;
1024 2886 1110 2915 clero.
1128 2887 1166 2925 (ᾳ)
1181 2889 1191 2899 ¹¹
1207 2888 1393 2926 perveniente
1409 2896 1441 2915 co
1458 2887 1486 2916 in
1503 2888 1763 2926 Langobardorum
1774 2890 1858 2922 lines.
