4050 6172
473 229 624 293 1091
1626 225 2040 288 ANASTASII

2182 224 2744 286 BLIOTHECARII.
3663 239 3781 302 1092

637 368 761 422 tem
821 358 1163 420 australem
1221 357 1543 421 declinans
1598 378 1637 420 a
1693 359 1907 422 Galliae
1988 359 2274 440 partibus
2340 359 2406 419 in
2478 356 3038 438 Longobardorum
3111 362 3340 437 partes.
3410 362 3604 445 Itaque
3663 388 3790 434 unus

639 486 715 527 cx
773 467 1006 528 eisdem
1067 469 1452 529 Francorum
1511 466 1735 541 missis,
1798 467 2034 527 scilicet
2088 465 2470 527 Autcharius
2521 466 2673 538 dux,
2731 464 3109 545 quantocius
3156 467 3500 545 praecedens
3539 472 3791 556 Ticinum,

554 577 591 635 5
651 593 793 636 eum
854 574 1256 654 prmstolatus
1313 581 1427 636 est.
1489 575 1642 635 Cum
1701 592 1849 634 vero
1907 573 2480 654 appropinquasset
2527 572 2660 652 jam
2719 573 2882 633 fatus
2955 571 3350 634 beatissimus
3419 595 3570 658 papa
3620 581 3686 641 ad
3729 585 3794 644 ci-

633 682 896 743 vitatem
958 682 1246 761 Papiam,
1307 681 1538 742 direxit
1613 680 1692 742 ad
1768 699 1911 741 eum
1989 682 2326 760 saepefatus
2376 679 2684 740 Aislulfus
2754 678 3173 760 nequissimus
3244 699 3351 741 rex
3413 683 3609 746 missos
3666 707 3796 764 suos,

633 790 958 851 obtestans
1012 806 1157 850 eum
1217 787 1393 849 nulla
1451 787 1701 866 penitus
1759 786 2002 849 ratione
2059 787 2291 848 audere
2368 787 2626 848 verbum
2695 785 2789 847 illi
2842 785 3050 848 dicere
3105 787 3357 872 petendi
3412 791 3798 857 Ravennatium

634 897 952 958 civitatem
1012 901 1075 957 et
1130 894 1538 956 exarchatum
1601 895 1658 955 ei
1714 895 2160 974 pertinentem,
2215 894 2317 955 vel
2373 893 2451 955 de
2517 893 2774 972 reliquis
2848 893 3212 973 reipublicae
3291 894 3460 969 locis,
3516 916 3640 977 quae
3699 901 3801 981 ipse

633 1004 732 1065 vel
792 1001 929 1082 ejus
1005 1001 1500 1082 praedecessores
1571 1001 2136 1080 Longobardorum
2209 1019 2388 1079 reges
2460 999 2844 1061 invaserant.
2903 999 3015 1061 Ille
3071 1018 3219 1062 vero
3291 1001 3380 1062 ita
3445 1003 3497 1063 ei
3556 1003 3700 1066 misit
3752 1008 3802 1070 in

515 1115 592 1173 10
636 1111 951 1192 responsis
1008 1128 1294 1172 asserens
1352 1109 1516 1189 quod
1579 1108 1812 1169 nullius
1865 1107 2302 1188 trepidationis
2360 1113 2596 1168 terrore
2652 1107 2866 1168 sileret
2915 1106 3352 1188 hujuscemodi
3406 1110 3638 1188 petendi
3686 1131 3801 1174 cau-

632 1237 765 1279 sam
825 1216 927 1298 (a).

719 1333 890 1385 ιλιι»
945 1321 1385 1401 Conjungente
1440 1340 1589 1382 vero
1649 1339 1721 1382 eo
1779 1320 2039 1401 Papiam
2118 1320 2185 1381 in
2263 1320 2600 1394 civitatem,
2672 1327 2735 1381 et
2788 1319 3090 1401 praedicto
3159 1320 3429 1382 nefando
3499 1324 3620 1401 regi
3681 1344 3804 1405 pra;-

637 1437 903 1507 sentato,
965 1431 1151 1510 plura
1207 1428 1300 1488 illi
1360 1428 1578 1489 tribuit
1633 1447 1920 1502 munera,
1980 1433 2041 1489 et
2098 1427 2283 1488 nimis
2338 1446 2482 1488 eum
2541 1427 2906 1489 obsecratus
2963 1433 3058 1488 est
3120 1433 3311 1507 atque
3382 1427 3650 1510 lacrymis
3694 1450 3806 1512 pro-

633 1539 785 1600 fusis
841 1556 984 1600 eum
1045 1537 1265 1616 petivit
1320 1542 1391 1596 ut
1448 1536 1830 1608 Dominicas,
1914 1553 2071 1614 quas
2149 1535 2517 1608 abstulerat,
2577 1535 2870 1596 redderet
2924 1553 3094 1610 oves,
3141 1540 3205 1595 et
3279 1535 3528 1615 prOpria
3591 1539 3809 1617 propriis

631 1646 1010 1708 restitueret.
1073 1643 1195 1705 Sed
1239 1643 1413 1704 nullo
1470 1641 1658 1704 modo
1719 1641 1889 1722 apud
1945 1660 2088 1702 eum
2143 1641 2280 1703 haec
2335 1641 2678 1722 impetrare
2708 1641 2927 1703 valuit.
2962 1643 3118 1702 Nam
3178 1647 3241 1703 et
3284 1641 3611 1722 imperialis
3634 1644 3809 1706 missus

553 1755 590 1812 5
634 1753 824 1814 simili
881 1750 1067 1812 modo
1125 1749 1326 1830 petiit,
1388 1754 1452 1810 et
1505 1748 1865 1830 imperiales
1919 1748 2162 1810 litteras
2217 1748 2310 1809 illi
2363 1748 2607 1822 tribuit,
2665 1754 2730 1810 et
2799 1747 2889 1808 nil
2945 1748 3231 1810 obtinere
3301 1749 3523 1830 potuit.
3575 1750 3810 1812 Praedicli

633 1879 783 1921 vero
840 1862 1228 1920 Francorum
1289 1855 1462 1916 missi
1537 1855 1957 1917 imminebant
2029 1855 2276 1916 fortiter
2347 1854 2518 1934 apud
2595 1853 2885 1917 eumdem
2960 1855 3330 1930 Aistulfum,
3401 1861 3470 1917 ut
3535 1858 3811 1938 prmfatum

633 1965 1097 2029 sanctissimum
1155 1981 1387 2044 papam
1443 1963 1508 2022 in
1567 1963 1897 2023 Franciam
1958 1981 2219 2042 pergere
2285 1961 2622 2023 relaxaret.
2695 1962 2791 2023 Ad
2868 1963 3006 2024 haec
3079 1980 3434 2024 convocans
3504 1963 3812 2042 iamdictum

633 2072 1067 2133 beatissimum
1130 2070 1330 2130 virum
1390 2069 1826 2147 interrogavit,
1887 2069 1940 2130 si
1996 2068 2133 2148 ejus
2189 2067 2271 2150 (b)
2336 2068 2400 2128 in
2458 2068 2785 2130 Franciam
2846 2069 3231 2150 properandi
3309 2075 3468 2131 esset
3535 2071 3814 2132 voluntas?

634 2179 817 2252 Quod
872 2177 1164 2238 videlicet
1219 2176 1325 2237 ille
1382 2194 1785 2255 nequaquam
1842 2175 2039 2248 siluit,
2101 2174 2209 2235 sed
2263 2193 2443 2234 suam
2497 2175 2593 2235 illi
2667 2175 3025 2255 propalavit
3097 2177 3510 2238 voluntatem.
3565 2177 3723 2239 Unde
3765 2195 3816 2260 ut

515 2291 590 2349 10
633 2287 730 2348 leo
790 2285 1080 2346 dentibus
1137 2283 1467 2356 fremebat,
1526 2301 1640 2362 pro
1699 2301 1825 2362 quo
1884 2288 1946 2342 et
2004 2281 2265 2343 diversis
2294 2281 2536 2342 vicibus
2588 2301 2733 2344 suos
2790 2282 3092 2344 satellites
3149 2284 3230 2344 ad
3289 2303 3433 2346 eum
3479 2285 3628 2345 clam
3667 2284 3811 2355 misit,

630 2401 701 2454 ut
750 2411 893 2454 eum
950 2409 1204 2471 quoquo
1263 2390 1450 2451 modo
1506 2407 1543 2450 a
1594 2389 1706 2450 tali
1761 2389 2008 2450 intentu
2061 2389 2136 2469 (c)
2181 2389 2592 2450 declinarent.

716 2509 875 2561 ιιι
938 2499 1108 2560 Alias
1166 2516 1335 2572 vero,
1401 2502 1708 2577 praesente
1785 2496 2153 2575 Rodigango
2230 2496 2622 2558 sanctissimo
2700 2498 3016 2579 episcopo,
3095 2498 3513 2578 interrogavit
3580 2499 3815 2560 eumdem

631 2606 1064 2670 beatissimum
1118 2623 1348 2685 papam
1388 2603 1521 2683 jam
1581 2604 1745 2663 fatus
1801 2602 2362 2681 Longobardorum
2420 2621 2529 2664 rex
2587 2605 2639 2664 si
2693 2605 2856 2666 velle
2915 2603 3179 2666 haberet
3247 2607 3574 2668 Franciam
3641 2606 3817 2666 ambu-

628 2715 807 2777 landi
840 2714 944 2796 (ά),
1003 2719 1064 2774 et
1119 2700 1208 2773 ita
1263 2711 1491 2772 affatus
1543 2716 1637 2772 est
1695 2709 1764 2791 (e)
1831 2728 1845 2770 :
1908 2710 2087 2783 Quod
2143 2710 2196 2770 si
2244 2716 2352 2771 tua
2400 2710 2690 2772 voluntas
2736 2716 2830 2772 est
2878 2730 2977 2773 me
3026 2713 3380 2788 relaxandi,
3431 2732 3568 2775 mea
3612 2713 3818 2775 omnino

630 2828 724 2884 est
781 2819 1172 2882 ambulandi.
1233 2820 1410 2879 Tunc
1465 2817 1790 2878 absolutus
1845 2824 1938 2878 est
1994 2817 2074 2878 ab
2105 2836 2203 2879 eo.
2263 2823 2325 2878 et
2367 2837 2693 2880 assumens
2745 2838 2822 2880 ex
2877 2818 3067 2898 hujus
3123 2826 3359 2881 sanctae
3413 2821 3524 2882 Dei
3583 2819 3818 2882 Ecclesia:

551 2933 587 2989 ὅ
631 2927 1062 2991 sacerdotibus
1117 2931 1180 2986 et
1235 2925 1424 2997 clero,
1486 2925 1550 2984 id
1607 2931 1724 3000 est,
1783 2925 2116 3003 Georgium
2177 2924 2542 3004 episcopum
2617 2925 3014 3000 Ostiensiem,
3072 2927 3443 2989 Wilearium
3504 2927 3576 3008 (ί)
3626 2927 3817 3007 episco-

631 3055 780 3116 pum
838 3038 1335 3108 Numentanum,
1396 3034 1690 3106 Leonem,
1752 3031 2142 3112 Philippum,
2206 3031 2542 3110 Georgium
2608 3038 2671 3092 et
2745 3032 3141 3112 Stephanum
3196 3034 3613 3114 presbyteros,
3665 3035 3822 3095 Theo-

629 3142 999 3223 phylactum
1057 3138 1596 3212 archidiaconum,
1655 3138 1932 3198 Pardum
1990 3142 2052 3199 et
2107 3139 2504 3199 Gemmulum
2561 3138 2882 3214 diaconos,
2943 3138 3350 3200 Ambrosium
3426 3136 3820 3220 primicerium,

627 3248 1019 3311 Bonifacium
1079 3245 1445 3319 secundum,
1506 3247 1778 3307 Leonem
1837 3250 1900 3306 et
1947 3243 2470 3324 Christophorum
2520 3246 2912 3324 regionarios
2966 3264 3177 3308 secum
3225 3252 3291 3308 et
3337 3252 3612 3321 caeteros,
3647 3243 3821 3324 quinta

628 3356 874 3418 decima
928 3354 1030 3414 die
1083 3371 1294 3414 mense
1351 3351 1720 3413 Novembris
1777 3351 2094 3431 praedictae
2170 3351 2450 3432 septimae
2527 3352 2890 3414 indictionis
2947 3372 2985 3414 a
3041 3353 3298 3414 civitate
3353 3353 3549 3434 Papia
3615 3367 3821 3412 movens

511 3465 588 3524 10
631 3482 814 3525 suum
855 3462 922 3522 in
981 3461 1307 3522 Franciam
1369 3460 1684 3538 profectus
1741 3464 1832 3519 est
1886 3458 2029 3520 iter.

712 3576 876 3629 8-19
951 3569 1033 3628 Et
1111 3572 1253 3645 post
1334 3563 1471 3643 ejus
1546 3563 2009 3625 absolutionem
2095 3564 2304 3626 adhuc
2390 3565 2711 3628 nitebatur
2765 3565 3230 3648 suprascriptus
3314 3565 3821 3646 Langobardorum

630 3694 742 3736 rex
799 3692 836 3734 a
891 3672 1192 3752 praedicto
1249 3671 1473 3731 itinere
1529 3689 1672 3731 eum
1734 3670 2006 3744 deviare,
2068 3671 2238 3751 quod
2299 3673 2554 3734 minime
2611 3675 2814 3753 ipsum
2879 3674 3348 3734 sanctissimum
3406 3675 3604 3735 virum
3657 3669 3820 3732 latuit.

631 3781 813 3843 Unde
869 3785 930 3841 et
991 3796 1130 3838 cum
1207 3777 1403 3837 nimia
1479 3777 1795 3838 celeritate
1870 3779 2000 3838 Deo
2063 3777 2298 3858 praevio
2357 3779 2442 3840 ad
2513 3782 2896 3840 Francorum
2974 3779 3309 3860 conjunxit
3368 3780 3450 3862 (g)
3511 3781 3697 3842 clusas
3744 3774 3820 3856 (II).

632 3887 799 3959 Quas
852 3886 1172 3964 ingressus
1230 3902 1370 3949 cum
1427 3882 1524 3943 his
1581 3883 1690 3962 qui
1747 3903 1890 3944 cum
1950 3902 2024 3944 eo
2085 3890 2289 3959 erant,
2350 3886 2677 3946 confestim
2737 3885 2956 3947 laudes
3008 3887 3440 3967 omnipotenti
3497 3889 3620 3948 Deo
3661 3879 3824 3945 reddi-

552 3997 588 4055 5
631 3995 743 4055 dit.
805 3995 884 4054 Et
937 3996 1213 4072 coeptum
1292 3990 1587 4069 gradiens
1661 3991 1806 4065 iter,
1881 3990 1960 4052 ad
2035 3991 2395 4054 venerabile
2477 3992 2927 4054 monasterium
3004 3993 3207 4054 sancti
3283 3994 3517 4054 Christi
3587 3987 3826 4067 martyris

631 4099 915 4164 Mauricii
971 4098 1279 4178 pervenit,
1335 4097 1402 4157 in
1456 4116 1581 4177 quo
1639 4102 1704 4158 et
1753 4097 2160 4159 constitutum
2219 4105 2356 4160 erat
2410 4099 2647 4179 pariter
2705 4118 2916 4161 secum
2993 4102 3383 4161 Francorum
3462 4117 3660 4180 regem
3711 4112 3826 4156 con-

629 4207 869 4281 veniri;
929 4210 1248 4267 annuente
1304 4203 1573 4265 Domino
1627 4223 1842 4286 sospes
1897 4204 2094 4266 isdem
2152 4205 2550 4267 beatissimus
2620 4206 2902 4286 pontifex
2960 4225 3102 4268 cum
3179 4207 3478 4268 omnibus
3550 4204 3651 4286 qui
3717 4215 3823 4261 cum

630 4335 704 4378 eo
764 4318 968 4386 erant,
1015 4311 1291 4374 advenit.
1343 4313 1414 4372 In
1473 4329 1599 4391 quo
1655 4317 1720 4372 et
1775 4311 2118 4390 aliquantis
2175 4312 2574 4374 demorantes
2630 4313 2875 4388 diebus,
2934 4313 3409 4393 conjunxerunt
3463 4313 3532 4394 (ι)
3584 4313 3643 4373 in
3699 4323 3824 4389 pre-

631 4422 798 4484 dicto
853 4419 1200 4483 venerabili
1254 4419 1638 4480 monasterio
1697 4419 2007 4480 Fulradus
2065 4419 2261 4480 abbas
2319 4425 2382 4482 et
2433 4420 2794 4482 Rothardus
2853 4420 2932 4503 (ﬂ
2995 4421 3147 4495 dux,
3205 4421 3433 4483 directi
3489 4439 3528 4482 a
3575 4415 3824 4498 saepefato

508 4533 587 4591 10
627 4530 899 4611 Pippino
955 4524 1478 4589 excellentissimo
1553 4527 1940 4586 Francorum
2007 4544 2178 4605 rege,
2240 4531 2524 4606 petentes
2600 4527 2892 4589 eumdem
2970 4529 3441 4590 sanctissimum
3521 4523 3824 4609 pontiﬁcem

632 4638 712 4699 ad
769 4654 950 4698 suum
1009 4633 1306 4715 progredi
1361 4651 1597 4712 regem.
1655 4633 1852 4705 Quem
1910 4637 1972 4694 et
2018 4651 2160 4694 cum
2221 4652 2452 4713 magno
2511 4633 2754 4698 honore
2836 4653 2978 4696 cum
3051 4637 3344 4698 omnibus
3423 4635 3533 4718 qui
3601 4649 3724 4695 cum
3769 4642 3824 4687 eo

631 4749 814 4806 erant
864 4743 945 4804 ad
1002 4759 1146 4802 eum
1200 4740 1619 4802 deduxerunt.
3367 4722 3374 4731 ’

713 4858 877 4910 248
935 4847 1213 4910 Audiens
1268 4867 1416 4909 vero
1471 4847 1670 4909 isdem
1731 4865 1841 4908 rex
1894 4846 2172 4928 ejusdem
2232 4849 2577 4911 beatissimi
2634 4850 2952 4930 pontiﬁcis
3019 4851 3390 4927 adventum,
3459 4849 3638 4912 nimis
3687 4840 3824 4906 festi—

633 4961 858 5017 nanter
911 4955 977 5015 in
1035 4954 1172 5034 ejus
1229 4955 1484 5016 advenit
1539 4973 1890 5030 occursum,
1957 4974 2083 5016 una
2137 4975 2278 5016 cum
2337 4956 2632 5036 conjuge,
2693 4957 2838 5018 filiis
2911 4959 3101 5019 etiam
3175 4965 3240 5019 et
3302 4956 3686 5038 primatibus,
3736 4964 3823 5028 pro

631 5082 756 5145 quo
815 5067 877 5122 et
933 5062 1201 5122 atierens
1259 5067 1510 5122 centum
1568 5061 1646 5143 (Ic)
1708 5061 1905 5122 millia
1959 5063 2158 5123 filium
2217 5082 2400 5125 suum
2449 5063 2706 5125 nomine
2762 5065 3056 5127 Carolum
3134 5065 3200 5125 in
3272 5082 3602 5128 occursum
3671 5055 3826 5140 ipsius

636 5168 983 5250 coangelici
1039 5187 1222 5248 papa
1281 5168 1510 5229 direxit
1565 5186 1708 5229 cum
1765 5169 2082 5250 aliquibus
2137 5188 2210 5231 ex
2269 5170 2400 5231 suis
2471 5170 2903 5250 Optimatibus.
2962 5173 3227 5252 Ipseque
3284 5172 3350 5232 in
3429 5169 3654 5252 palatio
3717 5177 3821 5230 suo,

555 5281 592 5341 5
647 5279 713 5342 in
769 5279 908 5340 loco
967 5275 1077 5357 qui
1136 5280 1399 5337 vocatur
1453 5277 1821 5352 Ponticone,
1885 5277 1966 5339 ad
2021 5278 2152 5339 fere
2225 5277 2415 5338 trium
2476 5277 2743 5340 millium
2803 5278 3076 5359 spatium
3134 5277 3523 5341 descendens
3576 5276 3650 5337 de
3698 5284 3825 5350 equo

1647 5479 1900 5526 NOTULE
1942 5480 2328 5527 MARGINALES
2370 5481 2686 5527 FABBOTTI.

544 5628 620 5699 (α)
651 5644 754 5698 pro
786 5625 1007 5699 nullius
1036 5623 1423 5699 trepidatione
1453 5624 1690 5699 terroris
1720 5623 1919 5699 sileret
1945 5625 2018 5699 ab
2070 5626 2428 5699 ejuscemodi
2487 5625 2720 5699 petendi
2776 5642 2973 5699 causa.
3005 5624 3082 5698 (b)
3112 5624 3164 5681 ei
3182 5627 3268 5699 _(c)
3296 5614 3765 5699 intentione.‘(‘d).'
3785 5607 3825 5699 νξί

474 5689 755 5755 νεῙΙόῐἾι-«ε
781 5697 841 5752 in
874 5689 1200 5770 Franciam:
1228 5697 1300 5770 (e)
1329 5699 1351 5720 "
1385 5695 1702 5770 respondit.
1739 5698 1808 5768 (Γ)
1842 5701 1862 5721 ⁶
1891 5689 2217 5770 Yillarium.
2253 5697 2329 5770 (g)
2361 5689 2638 5770 pervenit.
2672 5699 2752 5766 (h)
2782 5698 2845 5766 Β,
2871 5689 3295 5769 οιαυὲάε,ἰὰ’θξςι
3319 5696 3601 5769 angustias
3625 5689 3822 5764 Αἰγέαίηι

471 5771 538 5847 (ί)
566 5772 866 5830 venerunt.
898 5770 966 5844 (ᾗ
998 5768 1340 5829 Rothaldus.
1374 5768 1448 5847 (lc)
1481 5768 1505 5794 θ’
1535 5784 1639 5844 pro
1671 5783 1785 5842 quo
1816 5772 1874 5827 et
1903 5768 2021 5827 fere
2052 5769 2124 5826 ad
2157 5768 2413 5827 centum.
2445 5774 2512 5842 B,
2544 5769 2810 5828 offerens.
