4024 6176
243 234 400 299 1093
945 235 1311 300 HISTORIA
1355 232 1456 299 DE
1500 234 1703 302 VITIS
1751 233 1938 301 ROM.
1989 237 2214 301 PONT.
2248 271 2327 284 —-
2357 237 2822 304 STEPHANUS
2867 240 2942 302 Il.
3488 238 3642 303 1094

402 388 514 431 suo
578 385 718 432 cum
780 387 1009 449 magna
1063 370 1420 432 humilitate
1479 377 1662 432 terra:
1719 377 2096 454 prostratus,
2158 392 2284 434 una
2342 391 2483 434 cum
2545 392 2658 435 sua
2737 371 3027 453 conjuge,
3087 371 3200 434 filii
3252 378 3315 434 et
3370 373 3643 453 optima-

401 478 591 552 tibus,
653 477 944 538 eumdem
1005 478 1468 539 sanctissimum
1529 497 1758 559 papam
1818 479 2110 561 suscepit.
2173 480 2285 541 Cui
2340 486 2403 541 et
2459 480 2879 541 vicestratoris
2939 499 3135 560 usque
3207 481 3272 540 in
3347 480 3644 560 aliquan-

400 591 533 646 tum
594 585 803 646 locum
852 583 1042 665 juxta
1097 584 1232 664 ejus
1284 586 1573 647 sellarem
1634 587 2016 667 properavit.
2076 590 2252 649 Tunc
2295 587 2631 668 praedictus
2688 587 2994 649 almiﬁcus
3069 588 3164 649 vir
3231 606 3372 649 cum
3432 587 3639 649 omni-

271 695 355 755 10
398 694 512 753 bus
568 693 695 753 suis
747 698 1004 753 extensa
1065 691 1145 772 (α)
1209 712 1357 754 voce
1416 693 1680 772 gloriam
1758 697 1821 754 et
1893 693 2298 755 incessabiles
2372 694 2590 756 laudes
2665 694 3084 774 omnipotenti
3157 698 3285 755 Deo
3364 695 3642 755 referens

400 818 540 861 cum
602 799 856 879 hymnis
913 805 976 860 et
1030 799 1290 860 canticis
1346 799 1775 879 spiritualibus
1853 818 2054 880 usque
2130 800 2210 861 ad
2283 802 2618 882 praefatum
2694 801 2999 881 palatium
3079 801 3314 880 pariter
3383 806 3445 862 et
3499 820 3640 862 curn

399 925 544 986 rege
601 925 822 968 omnes
878 906 1142 986 profecti
1197 912 1363 980 sunt,
1418 910 1594 967 sexta
1647 907 1932 968 Januarii
1989 909 2221 969 mensis
2296 908 2396 968 die
2471 908 2537 968 in
2589 908 3019 988 Apparitionis
3076 907 3328 968 Domini
3384 914 3447 968 et
3503 908 3643 970 Sal-

399 1014 631 1076 vatoris
706 1014 905 1075 nostri
957 1015 1106 1076 Jesu
1159 1013 1387 1074 Christi
1443 1014 1864 1075 sacratissima
1939 1014 2364 1089 solemnitate,
2447 1014 2659 1094 ibique
2735 1014 2906 1076 intus
2984 1014 3330 1077 oratorium
3408 1014 3645 1094 pariter

399 1120 831 1194 consedentes,
896 1139 1043 1181 mox
1097 1120 1264 1181 idem
1322 1119 1718 1181 beatissimus
1777 1139 1942 1201 papa
1996 1120 2372 1200 praedictum
2427 1120 3030 1182 Christianissimum
3088 1140 3298 1200 regem
3342 1121 3647 1200 lacryma—

270 1233 354 1291 i5
399 1228 611 1289 biliter
664 1228 1036 1308 deprecatus
1089 1233 1184 1288 est
1239 1231 1308 1286 ut
1363 1245 1476 1307 per
1531 1227 1702 1306 pacis
1757 1227 1999 1288 foedera
2053 1246 2306 1289 causam
2367 1227 2536 1289 beati
2592 1228 2763 1289 Petri
2806 1232 2867 1288 et
2910 1228 3291 1308 Reipublicae
3336 1231 3649 1290 Romano-

397 1355 536 1396 rum
581 1335 966 1415 disponeret.
1015 1334 1132 1407 Qui
1173 1333 1252 1395 de
1293 1335 1589 1414 praesenti
1624 1333 2043 1413 jurejurando
2089 1335 2292 1396 eidem
2335 1333 2699 1395 beatissimo
2743 1353 2925 1414 papae
2986 1335 3305 1407 satisfecit,
3353 1336 3647 1397 omnibus

395 1441 712 1503 mandatis
755 1439 891 1520 ejus
934 1447 997 1502 et
1038 1441 1575 1502 admonitionibus
1618 1459 1752 1501 sese
1797 1441 1942 1502 totis
1987 1441 2228 1501 nisibus
2275 1439 2353 1521 (b)
2399 1441 2681 1514 obedire,
2729 1446 2791 1502 et
2833 1447 2901 1502 ut
2941 1441 3035 1502 illi
3079 1442 3379 1522 placitum
3432 1442 3643 1517 fuerit,

398 1547 810 1612 exarchatum
858 1550 1173 1608 Ravenna:
1219 1553 1282 1608 et
1325 1546 1709 1627 Reipublicae
1747 1546 1897 1626 jura
1939 1567 2048 1608 seu
2091 1547 2232 1608 loca
2276 1547 2536 1608 reddere
2583 1546 2784 1608 modis
2846 1548 3138 1609 omnibus
3186 1548 3289 1628 (ι’).
3333 1549 3455 1609 Sed
3499 1547 3649 1628 quia

400 1661 648 1736 tempus
691 1654 1064 1716 imminebat
1106 1653 1378 1716 hiemale
1422 1653 1712 1715 eumdem
1758 1654 2217 1716 sanctissimum
2263 1672 2494 1735 papam
2540 1673 2683 1716 cum
2730 1654 2857 1716 suis
2901 1654 3193 1716 omnibus
3245 1654 3517 1716 Parisios
3561 1651 3644 1735 (d)

265 1764 353 1824 20
398 1763 568 1844 apud
609 1762 973 1825 venerabile
1016 1762 1467 1823 monasterium
1509 1761 1678 1823 beati
1719 1761 2000 1842 Dionysii
2043 1763 2122 1823 ad
2166 1762 2581 1823 habitandum
2629 1761 2701 1843 (e)
2747 1780 3008 1842 pergere
3059 1762 3322 1823 curavit.

480 1905 642 1958 244
691 1899 824 1970 Quo
870 1901 1124 1976 peracto
1169 1902 1230 1957 et
1272 1915 1345 1958 eo
1388 1897 1453 1956 in
1499 1896 1718 1957 eodem
1762 1895 2108 1958 venerabili
2153 1896 2534 1958 monasterio
2579 1915 2722 1957 cum
2760 1895 2896 1976 jam
2940 1897 3070 1958 fato
3115 1895 3647 1958 Christianissimo

396 2004 664 2085 Pippino
709 2003 1136 2083 conjungente
1181 2002 1266 2083 (f)
1309 2003 1577 2064 Domino
1621 2007 1958 2076 annuente,
2009 2002 2093 2083 (g)
2139 2008 2282 2082 post
2325 2003 2686 2082 aliquantos
2737 2003 2870 2065 dies
2931 2003 3129 2064 isdem
3192 2002 3648 2064 Christianissi-

401 2130 539 2172 mus
581 2111 888 2191 Pippinus
933 2129 1042 2171 rex
1085 2109 1166 2170 ab
1211 2109 1430 2170 eodem
1475 2109 1870 2170 sanctissimo
1916 2127 2082 2189 papa
2124 2109 2352 2170 Christi
2394 2109 2601 2187 gratia
2643 2128 2787 2170 cum
2832 2110 3082 2172 duobus
3124 2110 3273 2172 filiis
3302 2110 3429 2172 suis
3473 2127 3650 2188 reges

401 2218 575 2278 uncti
616 2223 764 2278 sunt
805 2220 1218 2278 Francorum.
1279 2217 1508 2277 Postea
1565 2234 1713 2276 vero
1767 2215 2166 2276 beatissimus
2211 2234 2378 2295 papa
2439 2235 2569 2296 prae
2633 2217 2828 2277 nimio
2882 2216 3097 2278 labore
3159 2217 3404 2278 itineris
3461 2225 3651 2295 atque

311 2330 351 2387 5
403 2325 703 2406 temporis
745 2323 1178 2404 inaequalitate
1221 2322 1470 2384 fortiter
1510 2322 1865 2383 infirmatus
1908 2327 2024 2396 est,
2073 2328 2143 2383 ut
2205 2322 2393 2383 etiam
2456 2341 2677 2384 omnes
2740 2329 2866 2384 tam
2926 2324 3023 2384 sui
3083 2344 3400 2405 quamque
3460 2325 3650 2386 etiam

401 2435 785 2493 Francorum
831 2431 1065 2492 ibidem
1111 2430 1512 2491 existentium
1557 2447 1777 2490 omnes
1820 2449 1960 2490 eum
2009 2429 2416 2510 desperarent
2459 2429 2564 2509 (Ιι).
2614 2430 2732 2492 Sed
2779 2431 3032 2493 Domini
3074 2431 3185 2491 Dei
3230 2433 3429 2493 nostri
3488 2433 3651 2494 inef-

401 2539 608 2600 fabilis
651 2539 1007 2611 clementia,
1055 2537 1161 2618 qui
1207 2557 1333 2612 non
1378 2537 1609 2598 deserit
1651 2541 1976 2616 sperantes
2019 2537 2080 2596 in
2127 2556 2215 2612 se,
2263 2537 2503 2596 salvum
2562 2537 2822 2615 cupiens
2883 2537 3185 2598 domuum
3248 2539 3649 2601 Christianis-

403 2649 656 2723 simum,
702 2647 848 2706 dum
897 2664 1038 2705 eum
1083 2644 1154 2724 (ἢ
1200 2663 1382 2705 mane
1429 2649 1742 2703 mortuum
1791 2644 2073 2703 invenire
2119 2643 2481 2722 sperabant,
2528 2643 2733 2702 subito
2779 2644 2903 2704 alio
2961 2645 3061 2704 die
3122 2664 3312 2705 sanus
3369 2653 3653 2726 repertus

405 2761 520 2817 est.
565 2753 870 2834 Pippinus
911 2771 1060 2813 vero
1105 2771 1212 2812 rex
1256 2770 1397 2811 cum
1443 2750 1896 2823 admonitione,
1943 2749 2147 2828 gratia
2189 2755 2252 2809 et
2306 2743 2592 2809 oratione
2649 2749 2844 2828 ipsius
2905 2752 3281 2811 venerabilis
3338 2752 3652 2832 pontiﬁcis

274 2866 362 2926 10
407 2861 753 2933 absolutus,
802 2860 866 2920 in
913 2860 1047 2920 loco
1093 2857 1175 2940 (j)
1220 2858 1328 2938 qui
1371 2857 1719 2918 Carisiacus
1763 2856 1851 2938 (k)
1891 2856 2269 2936 appellatur,
2317 2874 2607 2935 pergens,
2657 2856 2873 2937 ibique
2934 2876 3328 2938 congregans
3390 2866 3655 2921 cunctos

404 2986 698 3049 proceres
743 2967 931 3045 regiae
975 2985 1104 3026 sum
1151 2964 1498 3045 potestatis,
1549 2967 1612 3024 et
1655 2982 1762 3024 eos
1804 2963 1964 3023 tanti
2009 2961 2213 3023 Patris
2255 2962 2685 3023 admonitione
2726 2964 3038 3040 imbuens,
3085 2966 3304 3028 statuit
3361 2984 3504 3027 cum
3567 2967 3654 3028 eis

406 3093 549 3156 quae
594 3074 806 3147 semel,
855 3073 1101 3134 Christo
1145 3072 1420 3149 favente,
1469 3089 1596 3132 una
1638 3088 1781 3132 cum
1826 3069 2046 3130 eodem
2091 3069 2452 3132 beatissimo
2500 3088 2667 3152 papa
2723 3071 3106 3148 decreverat,
3164 3074 3490 3154 perficere.

487 3215 654 3269 245
702 3208 951 3268 Interea
993 3205 1478 3268 nefandissimus
1535 3203 1840 3265 Aistulfus
1895 3203 2448 3278 Carolomannum,
2506 3205 2764 3265 fratrem
2811 3205 2879 3286 (Ι)
2924 3207 3360 3287 benignissimi
3401 3210 3657 3292 Pippini

404 3315 570 3394 regis
613 3334 650 3375 a
694 3313 1075 3375 monasterio
1118 3311 1287 3374 beati
1329 3311 1672 3384 Benedicti,
1721 3310 1786 3370 in
1831 3328 1956 3390 quo
2001 3309 2224 3371 devote
2287 3329 2398 3390 per
2453 3310 2807 3372 revolutum
2859 3315 3156 3393 temporis
3198 3315 3472 3395 spatium
3520 3337 3654 3380 mo-

406 3421 669 3483 nachice
716 3419 816 3501 (m)
862 3419 1152 3498 degebat,
1201 3417 1528 3478 diabolicis
1570 3417 1628 3478 ei
1670 3416 2068 3478 suasionibus
2112 3417 2384 3477 suadens
2429 3417 2759 3478 Franciam
2821 3419 3208 3499 provinciam
3271 3424 3351 3484 ad
3409 3424 3657 3488 obicen-

407 3529 561 3590 dum
608 3528 694 3609 (η)
737 3532 928 3607 atque
971 3525 1432 3588 adversandum
1477 3543 1684 3586 causae
1727 3523 2180 3604 redemptionis
2241 3528 2476 3585 sanctae
2519 3524 2631 3586 Dei
2672 3525 2964 3588 Ecclesiae
3009 3527 3392 3608 Reipublicae
3437 3533 3659 3596 Roma-

323 3641 364 3698 5
407 3654 658 3710 norum,
719 3634 970 3695 direxit.
1017 3636 1307 3712 Dumque
1361 3632 1512 3693 illuc
1555 3630 1986 3711 conjunxisset
2045 3631 2149 3712 (0),
2196 3631 2518 3693 nitebatur
2559 3633 2816 3695 omnino
2871 3639 2932 3695 et
2973 3635 3409 3700 vehementius
3451 3639 3662 3710 deceﬁ

408 3742 585 3803 tebat
643 3746 876 3802 sanctae
931 3740 1045 3800 Dei
1114 3739 1408 3801 Ecclesim
1484 3757 1738 3800 causam
1818 3738 2204 3811 subvertere,
2257 3737 2445 3816 juxta
2529 3739 2698 3818 quod
2760 3759 2798 3801 a
2867 3743 3131 3821 praefato
3205 3764 3321 3806 nec
3390 3747 3657 3811 dicendo

409 3847 678 3910 Aistulfo
741 3853 1012 3927 tyranno
1070 3848 1277 3906 fuerat
1329 3845 1628 3906 directus.
1691 3844 1816 3906 Sed
1871 3844 2258 3924 propitiante
2316 3843 2585 3904 Domino
2638 3845 2897 3908 minime
2952 3849 3150 3910 valuit
3222 3852 3318 3912 sui
3373 3855 3658 3931 germani

411 3953 928 4016 Christianissimi
979 3952 1230 4033 Pippini
1285 3951 1452 4031 regis
1508 3954 1894 4013 Francorum
1952 3951 2017 4012 in
2078 3951 2197 4012 hoc
2245 3951 2581 4012 firmissum
2631 3970 2739 4013 cor
2784 3953 3108 4029 inclinare,
3158 3957 3375 4018 Potius
3417 3967 3653 4039 autem,

276 4067 369 4125 10
411 4066 735 4141 comperta
778 4059 1146 4139 nequissimi
1200 4058 1449 4120 Aistulﬁ
1506 4059 1808 4132 versutia,
1870 4063 2006 4120 tota
2080 4076 2144 4119 se
2192 4057 2423 4119 virtute
2491 4058 2656 4120 idem
2735 4061 3292 4124 excellentissimus
3354 4065 3660 4146 Pippinus

412 4170 800 4228 Francorum
859 4184 968 4226 rex
1025 4165 1343 4244 professus
1400 4168 1494 4225 est
1534 4163 1856 4226 decertare
1909 4183 2024 4244 pro
2082 4181 2274 4224 causa
2329 4169 2563 4225 sanctae
2614 4165 2726 4226 Dei
2804 4166 3120 4236 Ecclesiae,
3180 4168 3342 4231 sicut
3415 4173 3657 4251 pridem

405 4268 540 4353 jam
599 4275 728 4334 fato
772 4271 1135 4332 beatissimo
1191 4270 1618 4351 spoponderat
1676 4270 1980 4350 pontiﬁci.

495 4414 662 4468 840
716 4409 895 4469 Tunc
953 4405 1091 4485 pari
1147 4404 1407 4466 consilio
1463 4404 1661 4465 isdem
1720 4403 2152 4466 sanctissimus
2207 4423 2376 4484 papa
2425 4423 2568 4466 cum
2618 4405 3024 4470 denominato
3070 4411 3454 4473 Francorum
3513 4431 3659 4492 rege

412 4514 675 4575 consilio
726 4512 882 4575 inito
933 4511 1119 4592 juxta
1173 4511 1238 4572 id
1305 4511 1476 4591 quod
1550 4511 1854 4592 prmfatus
1925 4511 2426 4573 Carolomannus
2498 4512 2628 4573 Deo
2686 4531 2752 4574 se
2809 4513 3149 4578 devoverat
3221 4519 3657 4581 monachicam

416 4621 644 4699 degere
716 4619 937 4694 vitam,
1015 4619 1080 4680 in
1156 4617 1537 4679 monasterio
1617 4636 1763 4679 eum
1843 4616 1974 4679 illic
2045 4618 2111 4678 in
2200 4619 2463 4680 Francia
2523 4618 2611 4700 (ρ)
2672 4619 3162 4684 collocaverunt.
3221 4624 3342 4687 Ubi
3403 4632 3465 4687 et
3518 4632 3663 4708 post

410 4727 772 4808 aliquantos
829 4727 962 4788 dies
1014 4725 1234 4787 divina
1275 4724 1605 4787 vocatione
1663 4725 1742 4786 de
1797 4724 1916 4786 hac
1989 4724 2128 4786 luce
2211 4725 2506 4805 migravit
2571 4744 2738 4787 anno
2809 4728 3063 4789 Domini
3118 4732 3236 4791 735
3288 4730 3398 4813 (q).
3463 4734 3661 4796 Porro

327 4837 368 4896 5
414 4833 984 4897 Christianissimus
1038 4832 1346 4912 Pippinus
1401 4835 1789 4893 Francorum
1849 4850 1984 4907 rex,
2039 4836 2109 4892 ut
2163 4850 2308 4892 vere
2364 4831 2531 4892 beati
2585 4833 2756 4893 Petri
2809 4833 3033 4911 fidelis,
3099 4841 3288 4918 atque
3355 4837 3491 4918 jam
3548 4840 3662 4902 fati

413 4940 800 5002 sanctissimi
857 4939 1170 5021 pontificis
1213 4938 1555 5000 salutiferis
1611 4938 2059 5018 obtemperans
2133 4938 2389 4999 monitis
2450 4937 2524 5020 (ν)
2583 4939 2812 5002 direxit
2884 4960 3036 5003 suos
3104 4945 3326 5008 missos
3393 4946 3660 5009 Aistulfo

1439 5233 1692 5279 NOTULE
1732 5232 2114 5280 MARGINALES
2160 5231 2482 5279 FABROTTI.

320 5483 403 5558 (a)_
429 5482 677 5558 excelsa.
712 5483 1253 5558 (b)viribus._(c)sgeu
1281 5487 1489 5539 caetera
1508 5482 1636 5558 loca
1657 5483 1779 5554 juri
1797 5482 2044 5558 reipubl.
2062 5484 2253 5558 modis
2279 5483 2556 5558 omnibus
2588 5483 2845 5558 reddere.
2868 5484 3369 5558 (d)*Parisiacu_m.
3387 5483 3659 5558 (e)hiber-

320 5500 397 5555 ια)
429 5500 677 5539 excelsa.
712 5500 1032 5556 (own-inus.
1066 5500 1136 5557 (ο)
1151 5501 1253 5540 seu
1281 5500 1489 5539 caetera
1509 5500 1636 5539 1008.
1657 5500 2253 5610 jurirezpuni.moois
2279 5500 2556 5540 omnibus
2588 5500 2845 5542 reddere.
2868 5500 3658 5558 (a)'1’ar131acum.(e)nmer-

235 5554 537 5630 nandum.
573 5556 644 5625 (Π
666 5555 1004 5630 comitante.
1035 5556 1111 5627 (g)
1148 5556 1274 5630 Vide
1301 5559 1506 5611 Baron.
1529 5555 1600 5630 ad
1630 5573 1760 5630 an_n_.
1795 5557 1860 5609 75
1902 5599 1914 5612 .
1949 5557 2031 5630 (ἡ)
2049 5559 2076 5630 _"
2087 5555 2296 5630 Franci
2321 5556 2537 5630 ibidem
2555 5554 2866 5630 existentes
2881 5557 2954 5630 de
2976 5559 3102 5627 ejus
3123 5556 3238 5630 vita
3257 5556 3658 5630 desperarent.

236 5627 351 5700 (ᾤ’
385 5641 623 5681 omnem
656 5625 1131 5700 fierihogiinem,
1166 5627 1490 5700 dum_eu_m.
1523 5626 2502 5700 (j)fadilocum.(k)3,Parisiacus.
2535 5627 2846 5699 (l)'Carolo
2878 5625 3087 5700 Magno
3119 5625 3661 5700 fratri.(n2)*mona-

235 5696 588 5795 pausam);
621 5713 756 5795 eum
785 5696 845 5752 in
880 5697 1141 5795 Frgpcilae‘
1163 5697 1521 5795 provinciam
1540 5696 1626 5755 ad
1660 5698 1774 5756 sibi
1806 5696 2216 5756 obediendum.
2252 5700 2355 5773 (0)·
2387 5696 2764 5774 pervenisset.
2797 5701 2913 5772 (p)"
2944 5696 3179 5754 Vienna:
3211 5696 3658 5762 collecaverunt.

237 5768 330 5848 (ᾳ)
363 5767 492 5830 Vide
514 5769 715 5827 Βανοη.
749 5785 884 5828 ann.
913 5769 1037 5828 754.
1069 5767 1192 5846 (1')"
1217 5769 1424 5846 jussis.
