  <div class='ocr_page' id='page_1' title='image "/cluster/home/n/w/nwhite01/storage/ocr_20150623/128/hvd.32044054759899/553.png"; bbox 0 0 4050 6172; ppageno 0'>
   <div class='ocr_carea' id='block_1_1' title="bbox 505 203 3828 282">
    <p class='ocr_par' dir='ltr' id='par_1_1' title="bbox 505 203 3828 282">
     <span class='ocr_line' id='line_1_1' title="bbox 505 203 3828 282; baseline -0.001 -9"><span class='ocrx_word' id='word_1_1' title='bbox 505 211 662 274; x_wconf 78' lang='grc'><strong>1095</strong></span> <span class='ocrx_word' id='word_1_2' title='bbox 1647 205 2067 270; x_wconf 84' lang='lat' dir='ltr'>ANASTASII</span> <span class='ocrx_word' id='word_1_3' title='bbox 2111 203 2764 270; x_wconf 80' lang='lat' dir='ltr'>BIBLIOTHECARII.</span> <span class='ocrx_word' id='word_1_4' title='bbox 3704 219 3828 282; x_wconf 73' lang='lat'>1096</span> 
     </span>
    </p>
   </div>
   <div class='ocr_carea' id='block_1_2' title="bbox 663 339 3830 430">
    <p class='ocr_par' dir='ltr' id='par_1_2' title="bbox 663 339 3830 430">
     <span class='ocr_line' id='line_1_2' title="bbox 663 339 3830 430; baseline 0.002 -27"><span class='ocrx_word' id='word_1_5' title='bbox 663 341 1048 422; x_wconf 86' lang='lat' dir='ltr'>nequissimo</span> <span class='ocrx_word' id='word_1_6' title='bbox 1092 339 1654 420; x_wconf 87' lang='lat' dir='ltr'>Longobardorum</span> <span class='ocrx_word' id='word_1_7' title='bbox 1723 339 1854 420; x_wconf 90' lang='lat' dir='ltr'>regi</span> <span class='ocrx_word' id='word_1_8' title='bbox 1918 345 2176 420; x_wconf 81' lang='lat' dir='ltr'>propter</span> <span class='ocrx_word' id='word_1_9' title='bbox 2235 339 2409 420; x_wconf 85' lang='lat' dir='ltr'>pacis</span> <span class='ocrx_word' id='word_1_10' title='bbox 2465 340 2726 414; x_wconf 80' lang='lat' dir='ltr'>foedera,</span> <span class='ocrx_word' id='word_1_11' title='bbox 2775 345 2836 402; x_wconf 89' lang='lat' dir='ltr'>et</span> <span class='ocrx_word' id='word_1_12' title='bbox 2897 340 3301 420; x_wconf 81' lang='lat' dir='ltr'>proprietatis</span> <span class='ocrx_word' id='word_1_13' title='bbox 3353 351 3573 407; x_wconf 73' lang='lat' dir='ltr'>sancta:</span> <span class='ocrx_word' id='word_1_14' title='bbox 3629 348 3697 430; x_wconf 89' lang='lat' dir='ltr'>(a)</span> <span class='ocrx_word' id='word_1_15' title='bbox 3742 355 3830 416; x_wconf 84' lang='lat' dir='ltr'>Dei</span> 
     </span>
    </p>
   </div>
   <div class='ocr_carea' id='block_1_3' title="bbox 662 445 3828 528">
    <p class='ocr_par' dir='ltr' id='par_1_3' title="bbox 662 445 3828 528">
     <span class='ocr_line' id='line_1_3' title="bbox 662 445 3828 528; baseline 0.003 -20"><span class='ocrx_word' id='word_1_16' title='bbox 662 447 975 520; x_wconf 71' lang='lat' dir='ltr'>Ecclesiae,</span> <span class='ocrx_word' id='word_1_17' title='bbox 1023 465 1096 506; x_wconf 91' lang='lat' dir='ltr'>ac</span> <span class='ocrx_word' id='word_1_18' title='bbox 1141 446 1520 526; x_wconf 76' lang='lat' dir='ltr'>Reipublieze</span> <span class='ocrx_word' id='word_1_19' title='bbox 1573 445 1960 506; x_wconf 81' lang='lat' dir='ltr'>restituenda</span> <span class='ocrx_word' id='word_1_20' title='bbox 2015 446 2184 526; x_wconf 82' lang='lat' dir='ltr'>jura,</span> <span class='ocrx_word' id='word_1_21' title='bbox 2232 453 2421 524; x_wconf 88' lang='lat' dir='ltr'>atque</span> <span class='ocrx_word' id='word_1_22' title='bbox 2473 446 2566 506; x_wconf 87' lang='lat' dir='ltr'>bis</span> <span class='ocrx_word' id='word_1_23' title='bbox 2610 452 2672 505; x_wconf 91' lang='lat' dir='ltr'>et</span> <span class='ocrx_word' id='word_1_24' title='bbox 2735 446 2915 507; x_wconf 89' lang='lat' dir='ltr'>tertio</span> <span class='ocrx_word' id='word_1_25' title='bbox 2971 446 3158 524; x_wconf 88' lang='lat' dir='ltr'>juxta</span> <span class='ocrx_word' id='word_1_26' title='bbox 3218 449 3491 528; x_wconf 71' lang='lat' dir='ltr'>saepefati</span> <span class='ocrx_word' id='word_1_27' title='bbox 3545 452 3828 520; x_wconf 87' lang='lat' dir='ltr'>beatissimi</span> 
     </span>
    </p>
   </div>
   <div class='ocr_carea' id='block_1_4' title="bbox 661 531 3832 636">
    <p class='ocr_par' dir='ltr' id='par_1_4' title="bbox 661 531 3832 636">
     <span class='ocr_line' id='line_1_4' title="bbox 661 531 3832 636; baseline 0.003 -22"><span class='ocrx_word' id='word_1_28' title='bbox 661 575 842 636; x_wconf 65' lang='lat' dir='ltr'>papa:</span> <span class='ocrx_word' id='word_1_29' title='bbox 887 554 1378 616; x_wconf 72' lang='lat' dir='ltr'>admonitionem</span> <span class='ocrx_word' id='word_1_30' title='bbox 1425 572 1568 614; x_wconf 89' lang='lat' dir='ltr'>eum</span> <span class='ocrx_word' id='word_1_31' title='bbox 1613 553 1986 633; x_wconf 75' lang='lat' dir='ltr'>deprecatus</span> <span class='ocrx_word' id='word_1_32' title='bbox 2029 558 2142 626; x_wconf 88' lang='lat' dir='ltr'>est,</span> <span class='ocrx_word' id='word_1_33' title='bbox 2191 559 2253 614; x_wconf 88' lang='lat' dir='ltr'>et</span> <span class='ocrx_word' id='word_1_34' title='bbox 2298 554 2484 632; x_wconf 89' lang='lat' dir='ltr'>plura</span> <span class='ocrx_word' id='word_1_35' title='bbox 2535 553 2590 612; x_wconf 90' lang='lat' dir='ltr'>ei</span> <span class='ocrx_word' id='word_1_36' title='bbox 2633 531 2948 633; x_wconf 76' lang='lat' dir='ltr'>pollicitus</span> <span class='ocrx_word' id='word_1_37' title='bbox 2991 561 3088 614; x_wconf 87' lang='lat' dir='ltr'>est</span> <span class='ocrx_word' id='word_1_38' title='bbox 3162 574 3440 630; x_wconf 90' lang='lat' dir='ltr'>munera,</span> <span class='ocrx_word' id='word_1_39' title='bbox 3491 563 3556 618; x_wconf 90' lang='lat' dir='ltr'>ut</span> <span class='ocrx_word' id='word_1_40' title='bbox 3605 565 3832 624; x_wconf 83' lang='lat' dir='ltr'>tantum-</span> 
     </span>
    </p>
   </div>
   <div class='ocr_carea' id='block_1_5' title="bbox 539 659 3830 742">
    <p class='ocr_par' dir='ltr' id='par_1_5' title="bbox 539 659 3830 742">
     <span class='ocr_line' id='line_1_5' title="bbox 539 659 3830 742; baseline 0.003 -18"><span class='ocrx_word' id='word_1_41' title='bbox 539 663 618 724; x_wconf 90' lang='grc'>10</span> <span class='ocrx_word' id='word_1_42' title='bbox 661 663 850 724; x_wconf 91' lang='lat' dir='ltr'>modo</span> <span class='ocrx_word' id='word_1_43' title='bbox 893 661 1152 742; x_wconf 84' lang='lat' dir='ltr'>paciﬁce</span> <span class='ocrx_word' id='word_1_44' title='bbox 1197 660 1456 740; x_wconf 89' lang='lat' dir='ltr'>propria</span> <span class='ocrx_word' id='word_1_45' title='bbox 1500 661 1856 720; x_wconf 75' lang='lat' dir='ltr'>restitueret</span> <span class='ocrx_word' id='word_1_46' title='bbox 1901 660 2212 739; x_wconf 86' lang='lat' dir='ltr'>propriis;</span> <span class='ocrx_word' id='word_1_47' title='bbox 2260 660 2366 720; x_wconf 92' lang='lat' dir='ltr'>sed</span> <span class='ocrx_word' id='word_1_48' title='bbox 2411 659 2541 732; x_wconf 91' lang='lat' dir='ltr'>ille,</span> <span class='ocrx_word' id='word_1_49' title='bbox 2589 665 2844 739; x_wconf 89' lang='lat' dir='ltr'>peccato</span> <span class='ocrx_word' id='word_1_50' title='bbox 2889 659 3282 736; x_wconf 85' lang='lat' dir='ltr'>imminente,</span> <span class='ocrx_word' id='word_1_51' title='bbox 3328 661 3570 725; x_wconf 88' lang='lat' dir='ltr'>obedire</span> <span class='ocrx_word' id='word_1_52' title='bbox 3613 665 3830 732; x_wconf 82' lang='lat' dir='ltr'>distulit.</span> 
     </span>
    </p>
   </div>
   <div class='ocr_carea' id='block_1_6' title="bbox 656 767 3830 852">
    <p class='ocr_par' dir='ltr' id='par_1_6' title="bbox 656 767 3830 852">
     <span class='ocr_line' id='line_1_6' title="bbox 656 767 3830 852; baseline 0.002 -22"><span class='ocrx_word' id='word_1_53' title='bbox 656 769 752 830; x_wconf 85' lang='lat' dir='ltr'>Ad</span> <span class='ocrx_word' id='word_1_54' title='bbox 797 769 921 830; x_wconf 88' lang='lat' dir='ltr'>hoc</span> <span class='ocrx_word' id='word_1_55' title='bbox 987 768 1184 829; x_wconf 84' lang='lat' dir='ltr'>isdem</span> <span class='ocrx_word' id='word_1_56' title='bbox 1229 767 1497 827; x_wconf 85' lang='lat' dir='ltr'>eximius</span> <span class='ocrx_word' id='word_1_57' title='bbox 1555 769 1942 828; x_wconf 87' lang='lat' dir='ltr'>Francorum</span> <span class='ocrx_word' id='word_1_58' title='bbox 2005 785 2136 840; x_wconf 88' lang='lat' dir='ltr'>rex,</span> <span class='ocrx_word' id='word_1_59' title='bbox 2202 784 2464 828; x_wconf 87' lang='lat' dir='ltr'>cernens</span> <span class='ocrx_word' id='word_1_60' title='bbox 2526 767 2696 846; x_wconf 91' lang='lat' dir='ltr'>quod</span> <span class='ocrx_word' id='word_1_61' title='bbox 2744 767 3116 827; x_wconf 89' lang='lat' dir='ltr'>atrocissimi</span> <span class='ocrx_word' id='word_1_62' title='bbox 3175 767 3418 828; x_wconf 79' lang='lat' dir='ltr'>Aistulfi</span> <span class='ocrx_word' id='word_1_63' title='bbox 3485 789 3830 852; x_wconf 85' lang='lat' dir='ltr'>nequaquam</span> 
     </span>
    </p>
   </div>
   <div class='ocr_carea' id='block_1_7' title="bbox 655 873 3830 956">
    <p class='ocr_par' dir='ltr' id='par_1_7' title="bbox 655 873 3830 956">
     <span class='ocr_line' id='line_1_7' title="bbox 655 873 3830 956; baseline 0.003 -20"><span class='ocrx_word' id='word_1_64' title='bbox 655 877 892 938; x_wconf 90' lang='lat' dir='ltr'>valeret</span> <span class='ocrx_word' id='word_1_65' title='bbox 935 893 1190 956; x_wconf 89' lang='lat' dir='ltr'>quoquo</span> <span class='ocrx_word' id='word_1_66' title='bbox 1237 873 1422 934; x_wconf 91' lang='lat' dir='ltr'>modo</span> <span class='ocrx_word' id='word_1_67' title='bbox 1467 892 1726 934; x_wconf 88' lang='lat' dir='ltr'>saxeum</span> <span class='ocrx_word' id='word_1_68' title='bbox 1771 873 2016 934; x_wconf 90' lang='lat' dir='ltr'>mollire</span> <span class='ocrx_word' id='word_1_69' title='bbox 2059 891 2186 946; x_wconf 88' lang='lat' dir='ltr'>cor,</span> <span class='ocrx_word' id='word_1_70' title='bbox 2241 873 2598 950; x_wconf 80' lang='lat' dir='ltr'>generalem</span> <span class='ocrx_word' id='word_1_71' title='bbox 2641 879 2864 934; x_wconf 89' lang='lat' dir='ltr'>contra</span> <span class='ocrx_word' id='word_1_72' title='bbox 2913 893 3058 936; x_wconf 88' lang='lat' dir='ltr'>eum</span> <span class='ocrx_word' id='word_1_73' title='bbox 3101 874 3379 935; x_wconf 86' lang='lat' dir='ltr'>decrevit</span> <span class='ocrx_word' id='word_1_74' title='bbox 3419 876 3609 938; x_wconf 87' lang='lat' dir='ltr'>facere</span> <span class='ocrx_word' id='word_1_75' title='bbox 3649 882 3830 944; x_wconf 90' lang='lat' dir='ltr'>motio-</span> 
     </span>
    </p>
   </div>
   <div class='ocr_carea' id='block_1_8' title="bbox 657 979 3830 1061">
    <p class='ocr_par' dir='ltr' id='par_1_8' title="bbox 657 979 3830 1061">
     <span class='ocr_line' id='line_1_8' title="bbox 657 979 3830 1061; baseline 0.001 -15"><span class='ocrx_word' id='word_1_76' title='bbox 657 1004 824 1046; x_wconf 88' lang='lat' dir='ltr'>nem.</span> <span class='ocrx_word' id='word_1_77' title='bbox 866 985 943 1044; x_wconf 84' lang='lat' dir='ltr'>Et</span> <span class='ocrx_word' id='word_1_78' title='bbox 981 983 1131 1044; x_wconf 85' lang='lat' dir='ltr'>dum</span> <span class='ocrx_word' id='word_1_79' title='bbox 1185 979 1320 1060; x_wconf 90' lang='lat' dir='ltr'>jam</span> <span class='ocrx_word' id='word_1_80' title='bbox 1395 981 1524 1041; x_wconf 90' lang='lat' dir='ltr'>fere</span> <span class='ocrx_word' id='word_1_81' title='bbox 1607 980 1882 1040; x_wconf 89' lang='lat' dir='ltr'>medium</span> <span class='ocrx_word' id='word_1_82' title='bbox 1945 980 2184 1041; x_wconf 87' lang='lat' dir='ltr'>itineris</span> <span class='ocrx_word' id='word_1_83' title='bbox 2237 981 2510 1060; x_wconf 82' lang='lat' dir='ltr'>spatium</span> <span class='ocrx_word' id='word_1_84' title='bbox 2589 982 2979 1040; x_wconf 88' lang='lat' dir='ltr'>Francorum</span> <span class='ocrx_word' id='word_1_85' title='bbox 3053 980 3392 1042; x_wconf 90' lang='lat' dir='ltr'>exercitum</span> <span class='ocrx_word' id='word_1_86' title='bbox 3477 985 3830 1061; x_wconf 81' lang='lat' dir='ltr'>graderentur</span> 
     </span>
    </p>
   </div>
   <div class='ocr_carea' id='block_1_9' title="bbox 655 1087 3828 1174">
    <p class='ocr_par' dir='ltr' id='par_1_9' title="bbox 655 1087 3828 1174">
     <span class='ocr_line' id='line_1_9' title="bbox 655 1087 3828 1174; baseline 0 -20"><span class='ocrx_word' id='word_1_87' title='bbox 655 1092 858 1164; x_wconf 86' lang='lat' dir='ltr'>cunei,</span> <span class='ocrx_word' id='word_1_88' title='bbox 906 1107 1154 1150; x_wconf 89' lang='lat' dir='ltr'>rursum</span> <span class='ocrx_word' id='word_1_89' title='bbox 1199 1089 1334 1167; x_wconf 90' lang='lat' dir='ltr'>ipse</span> <span class='ocrx_word' id='word_1_90' title='bbox 1377 1087 1808 1148; x_wconf 89' lang='lat' dir='ltr'>sanctissimus</span> <span class='ocrx_word' id='word_1_91' title='bbox 1851 1088 1945 1146; x_wconf 90' lang='lat' dir='ltr'>vir</span> <span class='ocrx_word' id='word_1_92' title='bbox 1990 1088 2322 1166; x_wconf 65' lang='lat' dir='ltr'>praefatum</span> <span class='ocrx_word' id='word_1_93' title='bbox 2380 1087 2908 1166; x_wconf 75' lang='lat' dir='ltr'>benignissimum</span> <span class='ocrx_word' id='word_1_94' title='bbox 2971 1087 3343 1167; x_wconf 87' lang='lat' dir='ltr'>deprecatus</span> <span class='ocrx_word' id='word_1_95' title='bbox 3403 1097 3493 1150; x_wconf 85' lang='lat' dir='ltr'>est</span> <span class='ocrx_word' id='word_1_96' title='bbox 3545 1091 3828 1174; x_wconf 87' lang='lat' dir='ltr'>Pippinum</span> 
     </span>
    </p>
   </div>
   <div class='ocr_carea' id='block_1_10' title="bbox 533 1193 3830 1278">
    <p class='ocr_par' dir='ltr' id='par_1_10' title="bbox 533 1193 3830 1278">
     <span class='ocr_line' id='line_1_10' title="bbox 533 1193 3830 1278; baseline 0 -17"><span class='ocrx_word' id='word_1_97' title='bbox 533 1203 610 1261; x_wconf 86' lang='grc'><strong>15</strong></span> <span class='ocrx_word' id='word_1_98' title='bbox 654 1216 884 1278; x_wconf 85' lang='lat' dir='ltr'>regem,</span> <span class='ocrx_word' id='word_1_99' title='bbox 937 1196 1191 1258; x_wconf 87' lang='lat' dir='ltr'>demum</span> <span class='ocrx_word' id='word_1_100' title='bbox 1237 1194 1318 1275; x_wconf 73' lang='grc' dir='ltr'>(ὁ)</span> <span class='ocrx_word' id='word_1_101' title='bbox 1365 1195 1704 1256; x_wconf 71' lang='grc' dir='ltr'>εξενίεείωο</span> <span class='ocrx_word' id='word_1_102' title='bbox 1753 1193 2022 1255; x_wconf 88' lang='lat' dir='ltr'>Aistulfo</span> <span class='ocrx_word' id='word_1_103' title='bbox 2067 1193 2256 1274; x_wconf 83' lang='lat' dir='ltr'>dirigi</span> <span class='ocrx_word' id='word_1_104' title='bbox 2297 1194 2862 1273; x_wconf 85' lang='lat' dir='ltr'>Longobardorum</span> <span class='ocrx_word' id='word_1_105' title='bbox 2899 1195 3059 1274; x_wconf 89' lang='lat' dir='ltr'>regi,</span> <span class='ocrx_word' id='word_1_106' title='bbox 3091 1195 3144 1254; x_wconf 91' lang='lat' dir='ltr'>si</span> <span class='ocrx_word' id='word_1_107' title='bbox 3187 1213 3312 1274; x_wconf 89' lang='lat' dir='ltr'>quo</span> <span class='ocrx_word' id='word_1_108' title='bbox 3357 1197 3538 1257; x_wconf 90' lang='lat' dir='ltr'>modo</span> <span class='ocrx_word' id='word_1_109' title='bbox 3580 1200 3830 1278; x_wconf 85' lang='lat' dir='ltr'>potuisset</span> 
     </span>
    </p>
   </div>
   <div class='ocr_carea' id='block_1_11' title="bbox 653 1301 3828 1382">
    <p class='ocr_par' dir='ltr' id='par_1_11' title="bbox 653 1301 3828 1382">
     <span class='ocr_line' id='line_1_11' title="bbox 653 1301 3828 1382; baseline 0 -15"><span class='ocrx_word' id='word_1_110' title='bbox 653 1307 750 1367; x_wconf 93' lang='lat' dir='ltr'>vel</span> <span class='ocrx_word' id='word_1_111' title='bbox 794 1323 932 1365; x_wconf 90' lang='lat' dir='ltr'>sero</span> <span class='ocrx_word' id='word_1_112' title='bbox 991 1303 1242 1364; x_wconf 86' lang='lat' dir='ltr'>tandem</span> <span class='ocrx_word' id='word_1_113' title='bbox 1305 1301 1441 1380; x_wconf 89' lang='lat' dir='ltr'>ejus</span> <span class='ocrx_word' id='word_1_114' title='bbox 1488 1301 1706 1362; x_wconf 90' lang='lat' dir='ltr'>sedare</span> <span class='ocrx_word' id='word_1_115' title='bbox 1763 1301 2090 1374; x_wconf 68' lang='lat' dir='ltr'>saevitiam,</span> <span class='ocrx_word' id='word_1_116' title='bbox 2153 1307 2216 1360; x_wconf 91' lang='lat' dir='ltr'>et</span> <span class='ocrx_word' id='word_1_117' title='bbox 2272 1301 2529 1380; x_wconf 88' lang='lat' dir='ltr'>propria</span> <span class='ocrx_word' id='word_1_118' title='bbox 2587 1301 2858 1382; x_wconf 88' lang='lat' dir='ltr'>propriis</span> <span class='ocrx_word' id='word_1_119' title='bbox 2913 1301 3329 1362; x_wconf 86' lang='lat' dir='ltr'>saluberrime</span> <span class='ocrx_word' id='word_1_120' title='bbox 3397 1303 3668 1364; x_wconf 89' lang='lat' dir='ltr'>suaderet</span> <span class='ocrx_word' id='word_1_121' title='bbox 3717 1307 3828 1367; x_wconf 88' lang='lat' dir='ltr'>red-</span> 
     </span>
    </p>
   </div>
   <div class='ocr_carea' id='block_1_12' title="bbox 649 1408 3824 1490">
    <p class='ocr_par' dir='ltr' id='par_1_12' title="bbox 649 1408 3824 1490">
     <span class='ocr_line' id='line_1_12' title="bbox 649 1408 3824 1490; baseline 0 -17"><span class='ocrx_word' id='word_1_122' title='bbox 649 1415 797 1474; x_wconf 86' lang='lat' dir='ltr'>dere</span> <span class='ocrx_word' id='word_1_123' title='bbox 853 1411 1090 1489; x_wconf 86' lang='lat' dir='ltr'>absque</span> <span class='ocrx_word' id='word_1_124' title='bbox 1147 1409 1414 1470; x_wconf 85' lang='lat' dir='ltr'>humani</span> <span class='ocrx_word' id='word_1_125' title='bbox 1461 1408 1764 1470; x_wconf 83' lang='lat' dir='ltr'>eﬂusione</span> <span class='ocrx_word' id='word_1_126' title='bbox 1819 1409 2165 1487; x_wconf 82' lang='lat' dir='ltr'>sanguinis.</span> <span class='ocrx_word' id='word_1_127' title='bbox 2227 1410 2304 1470; x_wconf 89' lang='lat' dir='ltr'>Et</span> <span class='ocrx_word' id='word_1_128' title='bbox 2359 1408 2446 1468; x_wconf 89' lang='lat' dir='ltr'>ita</span> <span class='ocrx_word' id='word_1_129' title='bbox 2502 1409 2735 1468; x_wconf 89' lang='lat' dir='ltr'>factum</span> <span class='ocrx_word' id='word_1_130' title='bbox 2783 1413 2897 1482; x_wconf 88' lang='lat' dir='ltr'>est,</span> <span class='ocrx_word' id='word_1_131' title='bbox 2951 1413 3140 1488; x_wconf 87' lang='lat' dir='ltr'>atque</span> <span class='ocrx_word' id='word_1_132' title='bbox 3203 1409 3411 1470; x_wconf 88' lang='lat' dir='ltr'>denuo</span> <span class='ocrx_word' id='word_1_133' title='bbox 3483 1410 3609 1490; x_wconf 88' lang='lat' dir='ltr'>ipse</span> <span class='ocrx_word' id='word_1_134' title='bbox 3681 1411 3824 1474; x_wconf 82' lang='lat' dir='ltr'>beni-</span> 
     </span>
    </p>
   </div>
   <div class='ocr_carea' id='block_1_13' title="bbox 651 1495 3660 1601">
    <p class='ocr_par' dir='ltr' id='par_1_13' title="bbox 651 1514 2925 1601">
     <span class='ocr_line' id='line_1_13' title="bbox 651 1514 2925 1601; baseline -0.003 -20"><span class='ocrx_word' id='word_1_135' title='bbox 651 1519 988 1601; x_wconf 86' lang='lat' dir='ltr'>gnissimus</span> <span class='ocrx_word' id='word_1_136' title='bbox 1049 1521 1432 1576; x_wconf 75' lang='lat' dir='ltr'>Francorum</span> <span class='ocrx_word' id='word_1_137' title='bbox 1497 1535 1606 1576; x_wconf 77' lang='lat' dir='ltr'>rex</span> <span class='ocrx_word' id='word_1_138' title='bbox 1665 1534 1810 1575; x_wconf 89' lang='lat' dir='ltr'>suos</span> <span class='ocrx_word' id='word_1_139' title='bbox 1867 1516 2069 1576; x_wconf 92' lang='lat' dir='ltr'>eidem</span> <span class='ocrx_word' id='word_1_140' title='bbox 2125 1514 2395 1576; x_wconf 81' lang='lat' dir='ltr'>Aistulfo</span> <span class='ocrx_word' id='word_1_141' title='bbox 2453 1515 2623 1575; x_wconf 88' lang='lat' dir='ltr'>misit</span> <span class='ocrx_word' id='word_1_142' title='bbox 2680 1514 2925 1576; x_wconf 91' lang='lat' dir='ltr'>missos.</span> 
     </span>
    </p>
   </div>
   <div class='ocr_carea' id='block_1_14' title="bbox 730 1621 3828 1702">
    <p class='ocr_par' dir='ltr' id='par_1_14' title="bbox 730 1621 3828 1702">
     <span class='ocr_line' id='line_1_14' title="bbox 730 1621 3828 1702; baseline -0.001 -15"><span class='ocrx_word' id='word_1_143' title='bbox 730 1633 890 1687; x_wconf 64' lang='lat'>947</span> <span class='ocrx_word' id='word_1_144' title='bbox 957 1623 1076 1684; x_wconf 84' lang='lat' dir='ltr'>Sed</span> <span class='ocrx_word' id='word_1_145' title='bbox 1149 1621 1544 1683; x_wconf 83' lang='lat' dir='ltr'>beatissimus</span> <span class='ocrx_word' id='word_1_146' title='bbox 1617 1621 1814 1684; x_wconf 89' lang='lat' dir='ltr'>isdem</span> <span class='ocrx_word' id='word_1_147' title='bbox 1895 1640 2082 1702; x_wconf 90' lang='lat' dir='ltr'>papa,</span> <span class='ocrx_word' id='word_1_148' title='bbox 2159 1626 2230 1682; x_wconf 87' lang='lat' dir='ltr'>ut</span> <span class='ocrx_word' id='word_1_149' title='bbox 2293 1640 2436 1682; x_wconf 89' lang='lat' dir='ltr'>vere</span> <span class='ocrx_word' id='word_1_150' title='bbox 2510 1625 2693 1700; x_wconf 86' lang='lat' dir='ltr'>pater</span> <span class='ocrx_word' id='word_1_151' title='bbox 2767 1625 2829 1682; x_wconf 91' lang='lat' dir='ltr'>et</span> <span class='ocrx_word' id='word_1_152' title='bbox 2900 1622 3106 1684; x_wconf 88' lang='lat' dir='ltr'>bonus</span> <span class='ocrx_word' id='word_1_153' title='bbox 3173 1627 3408 1702; x_wconf 88' lang='lat' dir='ltr'>pastor,</span> <span class='ocrx_word' id='word_1_154' title='bbox 3485 1641 3559 1682; x_wconf 92' lang='lat' dir='ltr'>ne</span> <span class='ocrx_word' id='word_1_155' title='bbox 3625 1623 3828 1702; x_wconf 82' lang='lat' dir='ltr'>sanguis</span> 
     </span>
    </p>
   </div>
   <div class='ocr_carea' id='block_1_15' title="bbox 645 1727 3825 1808">
    <p class='ocr_par' dir='ltr' id='par_1_15' title="bbox 645 1727 3825 1808">
     <span class='ocr_line' id='line_1_15' title="bbox 645 1727 3825 1808; baseline -0.002 -12"><span class='ocrx_word' id='word_1_156' title='bbox 645 1733 1074 1797; x_wconf 69' lang='lat' dir='ltr'>effunderetur</span> <span class='ocrx_word' id='word_1_157' title='bbox 1131 1729 1656 1802; x_wconf 88' lang='lat' dir='ltr'>Christianorum,</span> <span class='ocrx_word' id='word_1_158' title='bbox 1719 1728 2171 1790; x_wconf 83' lang='lat' dir='ltr'>admonitionis</span> <span class='ocrx_word' id='word_1_159' title='bbox 2226 1734 2290 1788; x_wconf 84' lang='lat' dir='ltr'>et</span> <span class='ocrx_word' id='word_1_160' title='bbox 2347 1727 2799 1789; x_wconf 89' lang='lat' dir='ltr'>obsecrationis</span> <span class='ocrx_word' id='word_1_161' title='bbox 2857 1729 3236 1808; x_wconf 87' lang='lat' dir='ltr'>apostolicas</span> <span class='ocrx_word' id='word_1_162' title='bbox 3312 1729 3368 1790; x_wconf 89' lang='lat' dir='ltr'>ei</span> <span class='ocrx_word' id='word_1_163' title='bbox 3441 1729 3652 1790; x_wconf 81' lang='lat' dir='ltr'>direxit</span> <span class='ocrx_word' id='word_1_164' title='bbox 3698 1729 3825 1792; x_wconf 87' lang='lat' dir='ltr'>litte-</span> 
     </span>
    </p>
   </div>
   <div class='ocr_carea' id='block_1_16' title="bbox 645 1834 3826 1918">
    <p class='ocr_par' dir='ltr' id='par_1_16' title="bbox 645 1834 3826 1918">
     <span class='ocr_line' id='line_1_16' title="bbox 645 1834 3826 1918; baseline -0.002 -16"><span class='ocrx_word' id='word_1_165' title='bbox 645 1859 768 1916; x_wconf 86' lang='lat' dir='ltr'>ras,</span> <span class='ocrx_word' id='word_1_166' title='bbox 828 1857 940 1918; x_wconf 89' lang='lat' dir='ltr'>per</span> <span class='ocrx_word' id='word_1_167' title='bbox 994 1855 1100 1898; x_wconf 87' lang='lat' dir='ltr'>eas</span> <span class='ocrx_word' id='word_1_168' title='bbox 1158 1843 1221 1897; x_wconf 86' lang='lat' dir='ltr'>et</span> <span class='ocrx_word' id='word_1_169' title='bbox 1277 1836 1524 1896; x_wconf 85' lang='lat' dir='ltr'>fortiter</span> <span class='ocrx_word' id='word_1_170' title='bbox 1583 1853 1695 1915; x_wconf 91' lang='lat' dir='ltr'>per</span> <span class='ocrx_word' id='word_1_171' title='bbox 1751 1835 1964 1896; x_wconf 88' lang='lat' dir='ltr'>omnia</span> <span class='ocrx_word' id='word_1_172' title='bbox 2019 1835 2233 1894; x_wconf 91' lang='lat' dir='ltr'>divina</span> <span class='ocrx_word' id='word_1_173' title='bbox 2293 1834 2588 1914; x_wconf 89' lang='lat' dir='ltr'>mysteria</span> <span class='ocrx_word' id='word_1_174' title='bbox 2658 1841 2721 1894; x_wconf 90' lang='lat' dir='ltr'>et</span> <span class='ocrx_word' id='word_1_175' title='bbox 2795 1835 2989 1894; x_wconf 91' lang='lat' dir='ltr'>futuri</span> <span class='ocrx_word' id='word_1_176' title='bbox 3065 1835 3377 1896; x_wconf 86' lang='lat' dir='ltr'>examinis</span> <span class='ocrx_word' id='word_1_177' title='bbox 3444 1835 3601 1896; x_wconf 90' lang='lat' dir='ltr'>diem</span> <span class='ocrx_word' id='word_1_178' title='bbox 3652 1835 3826 1915; x_wconf 87' lang='lat' dir='ltr'>conju-</span> 
     </span>
    </p>
   </div>
   <div class='ocr_carea' id='block_1_17' title="bbox 645 1941 3826 2024">
    <p class='ocr_par' dir='ltr' id='par_1_17' title="bbox 645 1941 3826 2024">
     <span class='ocr_line' id='line_1_17' title="bbox 645 1941 3826 2024; baseline -0.001 -17"><span class='ocrx_word' id='word_1_179' title='bbox 645 1967 790 2008; x_wconf 89' lang='lat' dir='ltr'>rans</span> <span class='ocrx_word' id='word_1_180' title='bbox 847 1951 1035 2024; x_wconf 89' lang='lat' dir='ltr'>atque</span> <span class='ocrx_word' id='word_1_181' title='bbox 1093 1943 1415 2003; x_wconf 86' lang='lat' dir='ltr'>obtestans</span> <span class='ocrx_word' id='word_1_182' title='bbox 1485 1947 1552 2002; x_wconf 90' lang='lat' dir='ltr'>ut</span> <span class='ocrx_word' id='word_1_183' title='bbox 1625 1941 1885 2022; x_wconf 83' lang='lat' dir='ltr'>paciﬁce</span> <span class='ocrx_word' id='word_1_184' title='bbox 1959 1942 2094 2002; x_wconf 91' lang='lat' dir='ltr'>sine</span> <span class='ocrx_word' id='word_1_185' title='bbox 2172 1941 2302 2002; x_wconf 92' lang='lat' dir='ltr'>ulla</span> <span class='ocrx_word' id='word_1_186' title='bbox 2375 1941 2698 2019; x_wconf 88' lang='lat' dir='ltr'>sanguinis</span> <span class='ocrx_word' id='word_1_187' title='bbox 2772 1941 3075 2002; x_wconf 84' lang='lat' dir='ltr'>effusione</span> <span class='ocrx_word' id='word_1_188' title='bbox 3149 1941 3412 2022; x_wconf 89' lang='lat' dir='ltr'>propria</span> <span class='ocrx_word' id='word_1_189' title='bbox 3481 1947 3692 2003; x_wconf 69' lang='lat' dir='ltr'>sancta:</span> <span class='ocrx_word' id='word_1_190' title='bbox 3744 1943 3826 2004; x_wconf 85' lang='lat' dir='ltr'>Dei</span> 
     </span>
    </p>
   </div>
   <div class='ocr_carea' id='block_1_18' title="bbox 561 2046 3820 2128">
    <p class='ocr_par' dir='ltr' id='par_1_18' title="bbox 561 2046 3820 2128">
     <span class='ocr_line' id='line_1_18' title="bbox 561 2046 3820 2128; baseline -0.002 -11"><span class='ocrx_word' id='word_1_191' title='bbox 561 2059 597 2116; x_wconf 79' lang='lat'><strong>5</strong></span> <span class='ocrx_word' id='word_1_192' title='bbox 641 2053 934 2116; x_wconf 77' lang='lat' dir='ltr'>Ecclesiae</span> <span class='ocrx_word' id='word_1_193' title='bbox 1009 2057 1069 2110; x_wconf 89' lang='lat' dir='ltr'>et</span> <span class='ocrx_word' id='word_1_194' title='bbox 1143 2049 1526 2128; x_wconf 78' lang='lat' dir='ltr'>Reipublicae</span> <span class='ocrx_word' id='word_1_195' title='bbox 1605 2051 2032 2108; x_wconf 80' lang='lat' dir='ltr'>Romanorum</span> <span class='ocrx_word' id='word_1_196' title='bbox 2109 2046 2399 2108; x_wconf 82' lang='lat' dir='ltr'>redderet</span> <span class='ocrx_word' id='word_1_197' title='bbox 2459 2047 2663 2127; x_wconf 87' lang='lat' dir='ltr'>jura;</span> <span class='ocrx_word' id='word_1_198' title='bbox 2724 2047 2832 2107; x_wconf 91' lang='lat' dir='ltr'>sed</span> <span class='ocrx_word' id='word_1_199' title='bbox 2907 2047 3241 2127; x_wconf 88' lang='lat' dir='ltr'>iniquitate</span> <span class='ocrx_word' id='word_1_200' title='bbox 3325 2048 3458 2128; x_wconf 88' lang='lat' dir='ltr'>ejus</span> <span class='ocrx_word' id='word_1_201' title='bbox 3521 2047 3820 2122; x_wconf 83' lang='lat' dir='ltr'>obsistente,</span> 
     </span>
    </p>
   </div>
   <div class='ocr_carea' id='block_1_19' title="bbox 639 2154 3824 2240">
    <p class='ocr_par' dir='ltr' id='par_1_19' title="bbox 639 2154 3824 2240">
     <span class='ocr_line' id='line_1_19' title="bbox 639 2154 3824 2240; baseline -0.002 -18"><span class='ocrx_word' id='word_1_202' title='bbox 639 2175 1036 2240; x_wconf 88' lang='lat' dir='ltr'>nequaquam</span> <span class='ocrx_word' id='word_1_203' title='bbox 1099 2156 1490 2235; x_wconf 84' lang='lat' dir='ltr'>acquiescere</span> <span class='ocrx_word' id='word_1_204' title='bbox 1551 2155 1770 2215; x_wconf 87' lang='lat' dir='ltr'>voluit.</span> <span class='ocrx_word' id='word_1_205' title='bbox 1829 2157 2048 2216; x_wconf 88' lang='lat' dir='ltr'>Potius</span> <span class='ocrx_word' id='word_1_206' title='bbox 2107 2161 2319 2215; x_wconf 88' lang='lat' dir='ltr'>autem</span> <span class='ocrx_word' id='word_1_207' title='bbox 2377 2173 2410 2215; x_wconf 94' lang='lat' dir='ltr'>e</span> <span class='ocrx_word' id='word_1_208' title='bbox 2466 2154 2782 2214; x_wconf 90' lang='lat' dir='ltr'>contrario</span> <span class='ocrx_word' id='word_1_209' title='bbox 2843 2155 3045 2215; x_wconf 88' lang='lat' dir='ltr'>minas</span> <span class='ocrx_word' id='word_1_210' title='bbox 3103 2161 3166 2216; x_wconf 87' lang='lat' dir='ltr'>et</span> <span class='ocrx_word' id='word_1_211' title='bbox 3220 2155 3670 2234; x_wconf 86' lang='lat' dir='ltr'>indignationes</span> <span class='ocrx_word' id='word_1_212' title='bbox 3711 2174 3824 2235; x_wconf 72' lang='lat' dir='ltr'>pra-</span> 
     </span>
    </p>
   </div>
   <div class='ocr_carea' id='block_1_20' title="bbox 637 2261 3822 2346">
    <p class='ocr_par' dir='ltr' id='par_1_20' title="bbox 637 2261 3822 2346">
     <span class='ocr_line' id='line_1_20' title="bbox 637 2261 3822 2346; baseline -0.002 -18"><span class='ocrx_word' id='word_1_213' title='bbox 637 2270 766 2328; x_wconf 88' lang='lat' dir='ltr'>fato</span> <span class='ocrx_word' id='word_1_214' title='bbox 823 2263 1102 2346; x_wconf 83' lang='lat' dir='ltr'>pontifici</span> <span class='ocrx_word' id='word_1_215' title='bbox 1159 2268 1216 2322; x_wconf 86' lang='lat' dir='ltr'>et</span> <span class='ocrx_word' id='word_1_216' title='bbox 1272 2262 1797 2322; x_wconf 86' lang='lat' dir='ltr'>excellentissimo</span> <span class='ocrx_word' id='word_1_217' title='bbox 1855 2263 2128 2342; x_wconf 90' lang='lat' dir='ltr'>Pippino</span> <span class='ocrx_word' id='word_1_218' title='bbox 2185 2261 2319 2340; x_wconf 90' lang='lat' dir='ltr'>regi</span> <span class='ocrx_word' id='word_1_219' title='bbox 2371 2261 2470 2322; x_wconf 87' lang='lat' dir='ltr'>vel</span> <span class='ocrx_word' id='word_1_220' title='bbox 2527 2261 2768 2322; x_wconf 90' lang='lat' dir='ltr'>cunctis</span> <span class='ocrx_word' id='word_1_221' title='bbox 2838 2264 3094 2322; x_wconf 78' lang='lat' dir='ltr'>Francis</span> <span class='ocrx_word' id='word_1_222' title='bbox 3167 2261 3419 2324; x_wconf 83' lang='lat' dir='ltr'>direxit.</span> <span class='ocrx_word' id='word_1_223' title='bbox 3479 2263 3640 2325; x_wconf 85' lang='lat' dir='ltr'>Tunc</span> <span class='ocrx_word' id='word_1_224' title='bbox 3703 2262 3822 2322; x_wconf 82' lang='lat' dir='ltr'>fixus</span> 
     </span>
    </p>
   </div>
   <div class='ocr_carea' id='block_1_21' title="bbox 635 2367 3816 2454">
    <p class='ocr_par' dir='ltr' id='par_1_21' title="bbox 635 2367 3816 2454">
     <span class='ocr_line' id='line_1_21' title="bbox 635 2367 3816 2454; baseline -0.002 -20"><span class='ocrx_word' id='word_1_225' title='bbox 635 2375 714 2454; x_wconf 75' lang='grc' dir='ltr'>(ε)</span> <span class='ocrx_word' id='word_1_226' title='bbox 775 2374 834 2432; x_wconf 90' lang='lat' dir='ltr'>in</span> <span class='ocrx_word' id='word_1_227' title='bbox 894 2368 1344 2450; x_wconf 88' lang='lat' dir='ltr'>omnipotentis</span> <span class='ocrx_word' id='word_1_228' title='bbox 1405 2368 1516 2428; x_wconf 89' lang='lat' dir='ltr'>Dei</span> <span class='ocrx_word' id='word_1_229' title='bbox 1593 2367 2021 2428; x_wconf 88' lang='lat' dir='ltr'>misericordia</span> <span class='ocrx_word' id='word_1_230' title='bbox 2100 2369 2420 2428; x_wconf 88' lang='lat' dir='ltr'>antefatus</span> <span class='ocrx_word' id='word_1_231' title='bbox 2491 2367 2798 2448; x_wconf 88' lang='lat' dir='ltr'>Pippinus</span> <span class='ocrx_word' id='word_1_232' title='bbox 2875 2369 3259 2429; x_wconf 89' lang='lat' dir='ltr'>Francorum</span> <span class='ocrx_word' id='word_1_233' title='bbox 3339 2387 3446 2430; x_wconf 86' lang='lat' dir='ltr'>rex</span> <span class='ocrx_word' id='word_1_234' title='bbox 3513 2367 3624 2430; x_wconf 89' lang='lat' dir='ltr'>iter</span> <span class='ocrx_word' id='word_1_235' title='bbox 3681 2387 3816 2430; x_wconf 89' lang='lat' dir='ltr'>suum</span> 
     </span>
    </p>
   </div>
   <div class='ocr_carea' id='block_1_22' title="bbox 633 2473 3818 2562">
    <p class='ocr_par' dir='ltr' id='par_1_22' title="bbox 633 2473 3818 2562">
     <span class='ocr_line' id='line_1_22' title="bbox 633 2473 3818 2562; baseline -0.002 -22"><span class='ocrx_word' id='word_1_236' title='bbox 633 2481 949 2562; x_wconf 88' lang='lat' dir='ltr'>profectus</span> <span class='ocrx_word' id='word_1_237' title='bbox 1005 2475 1088 2556; x_wconf 74' lang='grc' dir='ltr'>(ιι)</span> <span class='ocrx_word' id='word_1_238' title='bbox 1169 2481 1283 2550; x_wconf 86' lang='lat' dir='ltr'>est,</span> <span class='ocrx_word' id='word_1_239' title='bbox 1367 2473 1759 2556; x_wconf 64' lang='lat' dir='ltr'>praemittens</span> <span class='ocrx_word' id='word_1_240' title='bbox 1834 2481 1979 2536; x_wconf 85' lang='lat' dir='ltr'>ante</span> <span class='ocrx_word' id='word_1_241' title='bbox 2037 2493 2219 2535; x_wconf 92' lang='lat' dir='ltr'>suum</span> <span class='ocrx_word' id='word_1_242' title='bbox 2297 2493 2624 2536; x_wconf 90' lang='lat' dir='ltr'>occursum</span> <span class='ocrx_word' id='word_1_243' title='bbox 2703 2475 2950 2555; x_wconf 89' lang='lat' dir='ltr'>aliquos</span> <span class='ocrx_word' id='word_1_244' title='bbox 3023 2494 3100 2536; x_wconf 89' lang='lat' dir='ltr'>ex</span> <span class='ocrx_word' id='word_1_245' title='bbox 3175 2475 3306 2536; x_wconf 86' lang='lat' dir='ltr'>suis</span> <span class='ocrx_word' id='word_1_246' title='bbox 3379 2475 3732 2556; x_wconf 84' lang='lat' dir='ltr'>proceribus,</span> <span class='ocrx_word' id='word_1_247' title='bbox 3775 2481 3818 2535; x_wconf 87' lang='lat' dir='ltr'>et</span> 
     </span>
    </p>
   </div>
   <div class='ocr_carea' id='block_1_23' title="bbox 518 2581 3818 2663">
    <p class='ocr_par' dir='ltr' id='par_1_23' title="bbox 518 2581 3818 2663">
     <span class='ocr_line' id='line_1_23' title="bbox 518 2581 3818 2663; baseline -0.002 -13"><span class='ocrx_word' id='word_1_248' title='bbox 518 2593 590 2652; x_wconf 85' lang='grc'>10</span> <span class='ocrx_word' id='word_1_249' title='bbox 633 2607 774 2650; x_wconf 92' lang='lat' dir='ltr'>cum</span> <span class='ocrx_word' id='word_1_250' title='bbox 835 2585 924 2646; x_wconf 92' lang='lat' dir='ltr'>eis</span> <span class='ocrx_word' id='word_1_251' title='bbox 981 2583 1394 2645; x_wconf 87' lang='lat' dir='ltr'>exercitualcs</span> <span class='ocrx_word' id='word_1_252' title='bbox 1457 2584 1624 2642; x_wconf 90' lang='lat' dir='ltr'>viros</span> <span class='ocrx_word' id='word_1_253' title='bbox 1698 2581 1776 2642; x_wconf 90' lang='lat' dir='ltr'>ad</span> <span class='ocrx_word' id='word_1_254' title='bbox 1851 2581 2331 2642; x_wconf 89' lang='lat' dir='ltr'>custodiendum</span> <span class='ocrx_word' id='word_1_255' title='bbox 2410 2582 2698 2662; x_wconf 89' lang='lat' dir='ltr'>proprias</span> <span class='ocrx_word' id='word_1_256' title='bbox 2767 2581 3152 2644; x_wconf 85' lang='lat' dir='ltr'>Francorum</span> <span class='ocrx_word' id='word_1_257' title='bbox 3229 2583 3438 2644; x_wconf 88' lang='lat' dir='ltr'>clusas</span> <span class='ocrx_word' id='word_1_258' title='bbox 3493 2583 3604 2663; x_wconf 85' lang='lat' dir='ltr'>(e);</span> <span class='ocrx_word' id='word_1_259' title='bbox 3657 2582 3818 2662; x_wconf 86' lang='lat' dir='ltr'>ibique</span> 
     </span>
    </p>
   </div>
   <div class='ocr_carea' id='block_1_24' title="bbox 633 2687 3813 2774">
    <p class='ocr_par' dir='ltr' id='par_1_24' title="bbox 633 2687 3813 2774">
     <span class='ocr_line' id='line_1_24' title="bbox 633 2687 3813 2774; baseline -0.003 -18"><span class='ocrx_word' id='word_1_260' title='bbox 633 2694 1093 2774; x_wconf 87' lang='lat' dir='ltr'>conjungentcs</span> <span class='ocrx_word' id='word_1_261' title='bbox 1151 2690 1376 2750; x_wconf 90' lang='lat' dir='ltr'>remoti</span> <span class='ocrx_word' id='word_1_262' title='bbox 1427 2689 1810 2761; x_wconf 75' lang='lat' dir='ltr'>residebant,</span> <span class='ocrx_word' id='word_1_263' title='bbox 1871 2689 2108 2769; x_wconf 89' lang='lat' dir='ltr'>proprii</span> <span class='ocrx_word' id='word_1_264' title='bbox 2167 2687 2331 2768; x_wconf 88' lang='lat' dir='ltr'>regis</span> <span class='ocrx_word' id='word_1_265' title='bbox 2390 2689 2824 2768; x_wconf 64' lang='lat' dir='ltr'>praestolantes</span> <span class='ocrx_word' id='word_1_266' title='bbox 2890 2691 3256 2751; x_wconf 86' lang='lat' dir='ltr'>adventum.</span> <span class='ocrx_word' id='word_1_267' title='bbox 3319 2691 3586 2751; x_wconf 87' lang='lat' dir='ltr'>Audiens</span> <span class='ocrx_word' id='word_1_268' title='bbox 3649 2689 3813 2768; x_wconf 87' lang='lat' dir='ltr'>itaque</span> 
     </span>
    </p>
   </div>
   <div class='ocr_carea' id='block_1_25' title="bbox 631 2793 3812 2884">
    <p class='ocr_par' dir='ltr' id='par_1_25' title="bbox 631 2793 3812 2884">
     <span class='ocr_line' id='line_1_25' title="bbox 631 2793 3812 2884; baseline -0.003 -22"><span class='ocrx_word' id='word_1_269' title='bbox 631 2807 962 2884; x_wconf 90' lang='lat' dir='ltr'>protervus</span> <span class='ocrx_word' id='word_1_270' title='bbox 1018 2799 1122 2858; x_wconf 90' lang='lat' dir='ltr'>ille</span> <span class='ocrx_word' id='word_1_271' title='bbox 1177 2797 1482 2857; x_wconf 85' lang='lat' dir='ltr'>Aistulfus</span> <span class='ocrx_word' id='word_1_272' title='bbox 1539 2815 1766 2875; x_wconf 88' lang='lat' dir='ltr'>parvos</span> <span class='ocrx_word' id='word_1_273' title='bbox 1825 2796 2010 2857; x_wconf 89' lang='lat' dir='ltr'>fuisse</span> <span class='ocrx_word' id='word_1_274' title='bbox 2067 2797 2340 2856; x_wconf 87' lang='lat' dir='ltr'>Francos</span> <span class='ocrx_word' id='word_1_275' title='bbox 2399 2795 2542 2856; x_wconf 89' lang='lat' dir='ltr'>illos</span> <span class='ocrx_word' id='word_1_276' title='bbox 2599 2797 2707 2875; x_wconf 92' lang='lat' dir='ltr'>qui</span> <span class='ocrx_word' id='word_1_277' title='bbox 2764 2797 2846 2856; x_wconf 90' lang='lat' dir='ltr'>ad</span> <span class='ocrx_word' id='word_1_278' title='bbox 2913 2797 3267 2858; x_wconf 80' lang='lat' dir='ltr'>custodiam</span> <span class='ocrx_word' id='word_1_279' title='bbox 3318 2796 3690 2877; x_wconf 89' lang='lat' dir='ltr'>propriarum</span> <span class='ocrx_word' id='word_1_280' title='bbox 3729 2793 3812 2856; x_wconf 87' lang='lat' dir='ltr'>ad-</span> 
     </span>
    </p>
   </div>
   <div class='ocr_carea' id='block_1_26' title="bbox 625 2903 3812 2984">
    <p class='ocr_par' dir='ltr' id='par_1_26' title="bbox 625 2903 3812 2984">
     <span class='ocr_line' id='line_1_26' title="bbox 625 2903 3812 2984; baseline -0.003 -15"><span class='ocrx_word' id='word_1_281' title='bbox 625 2911 930 2970; x_wconf 84' lang='lat' dir='ltr'>venerant</span> <span class='ocrx_word' id='word_1_282' title='bbox 1003 2905 1344 2976; x_wconf 86' lang='lat' dir='ltr'>clusarum,</span> <span class='ocrx_word' id='word_1_283' title='bbox 1424 2903 1621 2964; x_wconf 85' lang='lat' dir='ltr'>fidens</span> <span class='ocrx_word' id='word_1_284' title='bbox 1697 2903 1760 2962; x_wconf 90' lang='lat' dir='ltr'>in</span> <span class='ocrx_word' id='word_1_285' title='bbox 1833 2921 1946 2962; x_wconf 90' lang='lat' dir='ltr'>sua</span> <span class='ocrx_word' id='word_1_286' title='bbox 2021 2903 2345 2964; x_wconf 87' lang='lat' dir='ltr'>ferocitate</span> <span class='ocrx_word' id='word_1_287' title='bbox 2401 2903 2506 2984; x_wconf 74' lang='grc' dir='ltr'>(ί),</span> <span class='ocrx_word' id='word_1_288' title='bbox 2567 2903 2775 2962; x_wconf 91' lang='lat' dir='ltr'>subito</span> <span class='ocrx_word' id='word_1_289' title='bbox 2851 2904 3140 2983; x_wconf 87' lang='lat' dir='ltr'>aperiens</span> <span class='ocrx_word' id='word_1_290' title='bbox 3214 2904 3441 2978; x_wconf 88' lang='lat' dir='ltr'>clusas,</span> <span class='ocrx_word' id='word_1_291' title='bbox 3509 2922 3680 2983; x_wconf 88' lang='lat' dir='ltr'>super</span> <span class='ocrx_word' id='word_1_292' title='bbox 3735 2919 3812 2960; x_wconf 87' lang='lat' dir='ltr'>eos</span> 
     </span>
    </p>
   </div>
   <div class='ocr_carea' id='block_1_27' title="bbox 626 3007 3813 3090">
    <p class='ocr_par' dir='ltr' id='par_1_27' title="bbox 626 3007 3813 3090">
     <span class='ocr_line' id='line_1_27' title="bbox 626 3007 3813 3090; baseline -0.003 -15"><span class='ocrx_word' id='word_1_293' title='bbox 626 3013 881 3076; x_wconf 91' lang='lat' dir='ltr'>diliculo</span> <span class='ocrx_word' id='word_1_294' title='bbox 939 3029 1078 3071; x_wconf 93' lang='lat' dir='ltr'>cum</span> <span class='ocrx_word' id='word_1_295' title='bbox 1139 3011 1430 3090; x_wconf 90' lang='lat' dir='ltr'>plurin.is</span> <span class='ocrx_word' id='word_1_296' title='bbox 1487 3008 1866 3070; x_wconf 74' lang='lat' dir='ltr'>exercitibus</span> <span class='ocrx_word' id='word_1_297' title='bbox 1923 3009 2128 3069; x_wconf 82' lang='lat' dir='ltr'>irruit.</span> <span class='ocrx_word' id='word_1_298' title='bbox 2191 3009 2310 3072; x_wconf 91' lang='lat' dir='ltr'>Sed</span> <span class='ocrx_word' id='word_1_299' title='bbox 2363 3007 2574 3088; x_wconf 87' lang='lat' dir='ltr'>justus</span> <span class='ocrx_word' id='word_1_300' title='bbox 2622 3009 2822 3088; x_wconf 87' lang='lat' dir='ltr'>judex</span> <span class='ocrx_word' id='word_1_301' title='bbox 2889 3010 3192 3072; x_wconf 89' lang='lat' dir='ltr'>Dominus</span> <span class='ocrx_word' id='word_1_302' title='bbox 3247 3013 3416 3072; x_wconf 88' lang='lat' dir='ltr'>Deus</span> <span class='ocrx_word' id='word_1_303' title='bbox 3471 3015 3532 3072; x_wconf 85' lang='lat' dir='ltr'>et</span> <span class='ocrx_word' id='word_1_304' title='bbox 3582 3009 3813 3072; x_wconf 83' lang='lat' dir='ltr'>Salvator</span> 
     </span>
    </p>
   </div>
   <div class='ocr_carea' id='block_1_28' title="bbox 505 3109 3808 3194">
    <p class='ocr_par' dir='ltr' id='par_1_28' title="bbox 505 3109 3808 3194">
     <span class='ocr_line' id='line_1_28' title="bbox 505 3109 3808 3194; baseline -0.003 -10"><span class='ocrx_word' id='word_1_305' title='bbox 505 3125 580 3184; x_wconf 82' lang='grc'><strong>15</strong></span> <span class='ocrx_word' id='word_1_306' title='bbox 625 3125 837 3182; x_wconf 91' lang='lat' dir='ltr'>noster</span> <span class='ocrx_word' id='word_1_307' title='bbox 909 3119 1092 3179; x_wconf 82' lang='lat' dir='ltr'>Jesus</span> <span class='ocrx_word' id='word_1_308' title='bbox 1189 3115 1468 3177; x_wconf 87' lang='lat' dir='ltr'>Christus</span> <span class='ocrx_word' id='word_1_309' title='bbox 1540 3113 1870 3175; x_wconf 88' lang='lat' dir='ltr'>victoriam</span> <span class='ocrx_word' id='word_1_310' title='bbox 1948 3114 2346 3194; x_wconf 90' lang='lat' dir='ltr'>paucissimis</span> <span class='ocrx_word' id='word_1_311' title='bbox 2417 3115 2542 3175; x_wconf 89' lang='lat' dir='ltr'>illis</span> <span class='ocrx_word' id='word_1_312' title='bbox 2617 3115 2838 3176; x_wconf 89' lang='lat' dir='ltr'>tribuit</span> <span class='ocrx_word' id='word_1_313' title='bbox 2899 3109 3181 3178; x_wconf 86' lang='lat' dir='ltr'>Francis.</span> <span class='ocrx_word' id='word_1_314' title='bbox 3257 3119 3340 3178; x_wconf 89' lang='lat' dir='ltr'>Et</span> <span class='ocrx_word' id='word_1_315' title='bbox 3405 3115 3808 3178; x_wconf 86' lang='lat' dir='ltr'>multitudinem</span> 
     </span>
    </p>
   </div>
   <div class='ocr_carea' id='block_1_29' title="bbox 613 3221 3806 3304">
    <p class='ocr_par' dir='ltr' id='par_1_29' title="bbox 613 3221 3806 3304">
     <span class='ocr_line' id='line_1_29' title="bbox 613 3221 3806 3304; baseline -0.003 -17"><span class='ocrx_word' id='word_1_316' title='bbox 613 3227 794 3287; x_wconf 83' lang='lat' dir='ltr'>illam</span> <span class='ocrx_word' id='word_1_317' title='bbox 849 3223 1412 3303; x_wconf 88' lang='lat' dir='ltr'>Longobardorum</span> <span class='ocrx_word' id='word_1_318' title='bbox 1471 3227 1840 3300; x_wconf 89' lang='lat' dir='ltr'>superantes</span> <span class='ocrx_word' id='word_1_319' title='bbox 1913 3221 2412 3296; x_wconf 84' lang='lat' dir='ltr'>trucidaverunt,</span> <span class='ocrx_word' id='word_1_320' title='bbox 2472 3223 2564 3282; x_wconf 90' lang='lat' dir='ltr'>ita</span> <span class='ocrx_word' id='word_1_321' title='bbox 2631 3227 2703 3282; x_wconf 89' lang='lat' dir='ltr'>ut</span> <span class='ocrx_word' id='word_1_322' title='bbox 2777 3224 2910 3303; x_wconf 88' lang='lat' dir='ltr'>ipse</span> <span class='ocrx_word' id='word_1_323' title='bbox 2977 3223 3290 3285; x_wconf 81' lang='lat' dir='ltr'>Aistulfus</span> <span class='ocrx_word' id='word_1_324' title='bbox 3362 3225 3512 3304; x_wconf 86' lang='lat' dir='ltr'>fuga</span> <span class='ocrx_word' id='word_1_325' title='bbox 3579 3227 3806 3302; x_wconf 86' lang='lat' dir='ltr'>arreptus</span> 
     </span>
    </p>
   </div>
   <div class='ocr_carea' id='block_1_30' title="bbox 619 3329 3802 3411">
    <p class='ocr_par' dir='ltr' id='par_1_30' title="bbox 619 3329 3802 3411">
     <span class='ocr_line' id='line_1_30' title="bbox 619 3329 3802 3411; baseline -0.003 -18"><span class='ocrx_word' id='word_1_326' title='bbox 619 3334 722 3394; x_wconf 84' lang='lat' dir='ltr'>vix</span> <span class='ocrx_word' id='word_1_327' title='bbox 781 3333 862 3392; x_wconf 90' lang='lat' dir='ltr'>ab</span> <span class='ocrx_word' id='word_1_328' title='bbox 919 3349 1136 3392; x_wconf 89' lang='lat' dir='ltr'>eorum</span> <span class='ocrx_word' id='word_1_329' title='bbox 1191 3329 1458 3391; x_wconf 88' lang='lat' dir='ltr'>evadere</span> <span class='ocrx_word' id='word_1_330' title='bbox 1535 3329 1840 3408; x_wconf 89' lang='lat' dir='ltr'>potuisset</span> <span class='ocrx_word' id='word_1_331' title='bbox 1916 3329 2226 3402; x_wconf 84' lang='lat' dir='ltr'>manibus,</span> <span class='ocrx_word' id='word_1_332' title='bbox 2298 3329 2418 3389; x_wconf 90' lang='lat' dir='ltr'>nisi</span> <span class='ocrx_word' id='word_1_333' title='bbox 2493 3347 2690 3408; x_wconf 90' lang='lat' dir='ltr'>usque</span> <span class='ocrx_word' id='word_1_334' title='bbox 2763 3330 2829 3390; x_wconf 93' lang='lat' dir='ltr'>in</span> <span class='ocrx_word' id='word_1_335' title='bbox 2903 3331 3170 3411; x_wconf 87' lang='lat' dir='ltr'>Papiam</span> <span class='ocrx_word' id='word_1_336' title='bbox 3239 3331 3554 3392; x_wconf 88' lang='lat' dir='ltr'>civitatem</span> <span class='ocrx_word' id='word_1_337' title='bbox 3623 3329 3802 3406; x_wconf 85' lang='lat' dir='ltr'>absque</span> 
     </span>
    </p>
   </div>
   <div class='ocr_carea' id='block_1_31' title="bbox 621 3435 3800 3516">
    <p class='ocr_par' dir='ltr' id='par_1_31' title="bbox 621 3435 3800 3516">
     <span class='ocr_line' id='line_1_31' title="bbox 621 3435 3800 3516; baseline -0.003 -16"><span class='ocrx_word' id='word_1_338' title='bbox 621 3441 810 3500; x_wconf 87' lang='lat' dir='ltr'>armis</span> <span class='ocrx_word' id='word_1_339' title='bbox 869 3440 1082 3516; x_wconf 84' lang='lat' dir='ltr'>fugam</span> <span class='ocrx_word' id='word_1_340' title='bbox 1143 3437 1548 3516; x_wconf 87' lang='lat' dir='ltr'>arripuisset;</span> <span class='ocrx_word' id='word_1_341' title='bbox 1605 3435 1668 3495; x_wconf 90' lang='lat' dir='ltr'>in</span> <span class='ocrx_word' id='word_1_342' title='bbox 1726 3454 1853 3514; x_wconf 89' lang='lat' dir='ltr'>qua</span> <span class='ocrx_word' id='word_1_343' title='bbox 1910 3441 1972 3496; x_wconf 89' lang='lat' dir='ltr'>et</span> <span class='ocrx_word' id='word_1_344' title='bbox 2029 3455 2160 3514; x_wconf 62' lang='lat' dir='ltr'>pra</span> <span class='ocrx_word' id='word_1_345' title='bbox 2215 3435 2440 3496; x_wconf 89' lang='lat' dir='ltr'>timore</span> <span class='ocrx_word' id='word_1_346' title='bbox 2498 3439 2882 3497; x_wconf 89' lang='lat' dir='ltr'>Francorum</span> <span class='ocrx_word' id='word_1_347' title='bbox 2942 3455 3086 3498; x_wconf 88' lang='lat' dir='ltr'>cum</span> <span class='ocrx_word' id='word_1_348' title='bbox 3141 3437 3488 3516; x_wconf 87' lang='lat' dir='ltr'>aliquantis</span> <span class='ocrx_word' id='word_1_349' title='bbox 3537 3455 3600 3498; x_wconf 88' lang='lat' dir='ltr'>se</span> <span class='ocrx_word' id='word_1_350' title='bbox 3655 3439 3800 3495; x_wconf 87' lang='lat' dir='ltr'>retru-</span> 
     </span>
    </p>
   </div>
   <div class='ocr_carea' id='block_1_32' title="bbox 617 3542 3798 3626">
    <p class='ocr_par' dir='ltr' id='par_1_32' title="bbox 617 3542 3798 3626">
     <span class='ocr_line' id='line_1_32' title="bbox 617 3542 3798 3626; baseline -0.002 -20"><span class='ocrx_word' id='word_1_351' title='bbox 617 3547 720 3606; x_wconf 90' lang='lat' dir='ltr'>sit.</span> <span class='ocrx_word' id='word_1_352' title='bbox 775 3546 899 3625; x_wconf 87' lang='lat' dir='ltr'>Ipsi</span> <span class='ocrx_word' id='word_1_353' title='bbox 972 3563 1120 3604; x_wconf 91' lang='lat' dir='ltr'>vero</span> <span class='ocrx_word' id='word_1_354' title='bbox 1195 3543 1422 3603; x_wconf 88' lang='lat' dir='ltr'>Franci</span> <span class='ocrx_word' id='word_1_355' title='bbox 1491 3543 1883 3604; x_wconf 87' lang='lat' dir='ltr'>introeuntes</span> <span class='ocrx_word' id='word_1_356' title='bbox 1939 3542 2164 3618; x_wconf 87' lang='lat' dir='ltr'>clusas,</span> <span class='ocrx_word' id='word_1_357' title='bbox 2225 3549 2520 3604; x_wconf 91' lang='lat' dir='ltr'>cunctum</span> <span class='ocrx_word' id='word_1_358' title='bbox 2581 3545 2884 3605; x_wconf 78' lang='lat' dir='ltr'>fossatum</span> <span class='ocrx_word' id='word_1_359' title='bbox 2939 3544 3024 3626; x_wconf 83' lang='lat' dir='ltr'>(g)</span> <span class='ocrx_word' id='word_1_360' title='bbox 3082 3545 3632 3624; x_wconf 86' lang='lat' dir='ltr'>Longobardorum</span> <span class='ocrx_word' id='word_1_361' title='bbox 3697 3543 3798 3620; x_wconf 78' lang='lat' dir='ltr'>pust</span> 
     </span>
    </p>
   </div>
   <div class='ocr_carea' id='block_1_33' title="bbox 435 3647 2660 3733">
    <p class='ocr_par' dir='ltr' id='par_1_33' title="bbox 435 3647 2660 3733">
     <span class='ocr_line' id='line_1_33' title="bbox 435 3647 2660 3733; baseline -0.002 -19"><span class='ocrx_word' id='word_1_362' title='bbox 435 3647 574 3716; x_wconf 78' lang='grc'>⁸20</span> <span class='ocrx_word' id='word_1_363' title='bbox 615 3658 933 3733; x_wconf 90' lang='lat' dir='ltr'>peractam</span> <span class='ocrx_word' id='word_1_364' title='bbox 994 3651 1228 3710; x_wconf 73' lang='lat' dir='ltr'>cmdem</span> <span class='ocrx_word' id='word_1_365' title='bbox 1286 3647 1704 3721; x_wconf 83' lang='lat' dir='ltr'>abstulerunt,</span> <span class='ocrx_word' id='word_1_366' title='bbox 1765 3649 1968 3727; x_wconf 91' lang='lat' dir='ltr'>spolia</span> <span class='ocrx_word' id='word_1_367' title='bbox 2027 3649 2226 3710; x_wconf 89' lang='lat' dir='ltr'>multa</span> <span class='ocrx_word' id='word_1_368' title='bbox 2281 3652 2660 3712; x_wconf 79' lang='lat' dir='ltr'>auferentes.</span> 
     </span>
    </p>
   </div>
   <div class='ocr_carea' id='block_1_34' title="bbox 695 3753 3790 3838">
    <p class='ocr_par' dir='ltr' id='par_1_34' title="bbox 695 3753 3790 3838">
     <span class='ocr_line' id='line_1_34' title="bbox 695 3753 3790 3838; baseline -0.002 -19"><span class='ocrx_word' id='word_1_369' title='bbox 695 3767 859 3819; x_wconf 68' lang='lat'>248</span> <span class='ocrx_word' id='word_1_370' title='bbox 919 3756 1320 3836; x_wconf 88' lang='lat' dir='ltr'>Conjungens</span> <span class='ocrx_word' id='word_1_371' title='bbox 1393 3773 1542 3816; x_wconf 88' lang='lat' dir='ltr'>vero</span> <span class='ocrx_word' id='word_1_372' title='bbox 1615 3755 2180 3816; x_wconf 87' lang='lat' dir='ltr'>Christianissimus</span> <span class='ocrx_word' id='word_1_373' title='bbox 2254 3757 2559 3838; x_wconf 89' lang='lat' dir='ltr'>Pippinus</span> <span class='ocrx_word' id='word_1_374' title='bbox 2636 3759 3023 3820; x_wconf 90' lang='lat' dir='ltr'>Francorum</span> <span class='ocrx_word' id='word_1_375' title='bbox 3095 3777 3228 3833; x_wconf 88' lang='lat' dir='ltr'>rex,</span> <span class='ocrx_word' id='word_1_376' title='bbox 3311 3757 3592 3838; x_wconf 87' lang='lat' dir='ltr'>sequipes</span> <span class='ocrx_word' id='word_1_377' title='bbox 3653 3753 3790 3814; x_wconf 87' lang='lat' dir='ltr'>etiam</span> 
     </span>
    </p>
   </div>
   <div class='ocr_carea' id='block_1_35' title="bbox 612 3859 3790 3946">
    <p class='ocr_par' dir='ltr' id='par_1_35' title="bbox 612 3859 3790 3946">
     <span class='ocr_line' id='line_1_35' title="bbox 612 3859 3790 3946; baseline -0.003 -19"><span class='ocrx_word' id='word_1_378' title='bbox 612 3867 746 3946; x_wconf 90' lang='lat' dir='ltr'>ejus</span> <span class='ocrx_word' id='word_1_379' title='bbox 805 3867 1030 3938; x_wconf 88' lang='lat' dir='ltr'>factus,</span> <span class='ocrx_word' id='word_1_380' title='bbox 1091 3869 1154 3924; x_wconf 91' lang='lat' dir='ltr'>et</span> <span class='ocrx_word' id='word_1_381' title='bbox 1211 3865 1526 3924; x_wconf 78' lang='lat' dir='ltr'>antelatus</span> <span class='ocrx_word' id='word_1_382' title='bbox 1579 3862 1977 3923; x_wconf 84' lang='lat' dir='ltr'>beatissimus</span> <span class='ocrx_word' id='word_1_383' title='bbox 2035 3881 2223 3944; x_wconf 87' lang='lat' dir='ltr'>papa,</span> <span class='ocrx_word' id='word_1_384' title='bbox 2283 3883 2480 3943; x_wconf 90' lang='lat' dir='ltr'>usque</span> <span class='ocrx_word' id='word_1_385' title='bbox 2539 3864 2618 3924; x_wconf 90' lang='lat' dir='ltr'>ad</span> <span class='ocrx_word' id='word_1_386' title='bbox 2691 3883 2908 3927; x_wconf 92' lang='lat' dir='ltr'>mueos</span> <span class='ocrx_word' id='word_1_387' title='bbox 2983 3866 3252 3926; x_wconf 89' lang='lat' dir='ltr'>civitatis</span> <span class='ocrx_word' id='word_1_388' title='bbox 3327 3863 3534 3944; x_wconf 70' lang='lat' dir='ltr'>Papiae</span> <span class='ocrx_word' id='word_1_389' title='bbox 3601 3859 3790 3936; x_wconf 86' lang='lat' dir='ltr'>utrique</span> 
     </span>
    </p>
   </div>
   <div class='ocr_carea' id='block_1_36' title="bbox 611 3961 3788 4054">
    <p class='ocr_par' dir='ltr' id='par_1_36' title="bbox 611 3961 3788 4054">
     <span class='ocr_line' id='line_1_36' title="bbox 611 3961 3788 4054; baseline -0.004 -21"><span class='ocrx_word' id='word_1_390' title='bbox 611 3977 1055 4054; x_wconf 88' lang='lat' dir='ltr'>pervenerunt.</span> <span class='ocrx_word' id='word_1_391' title='bbox 1117 3971 1315 4042; x_wconf 86' lang='lat' dir='ltr'>Quam</span> <span class='ocrx_word' id='word_1_392' title='bbox 1369 3975 1431 4031; x_wconf 89' lang='lat' dir='ltr'>et</span> <span class='ocrx_word' id='word_1_393' title='bbox 1479 3969 1840 4030; x_wconf 88' lang='lat' dir='ltr'>obsidentes</span> <span class='ocrx_word' id='word_1_394' title='bbox 1871 3989 1982 4049; x_wconf 90' lang='lat' dir='ltr'>per</span> <span class='ocrx_word' id='word_1_395' title='bbox 2037 3969 2394 4050; x_wconf 89' lang='lat' dir='ltr'>aliquantos</span> <span class='ocrx_word' id='word_1_396' title='bbox 2450 3971 2584 4032; x_wconf 90' lang='lat' dir='ltr'>dies</span> <span class='ocrx_word' id='word_1_397' title='bbox 2637 3972 2902 4033; x_wconf 87' lang='lat' dir='ltr'>viriliter</span> <span class='ocrx_word' id='word_1_398' title='bbox 2951 3991 3088 4034; x_wconf 88' lang='lat' dir='ltr'>eam</span> <span class='ocrx_word' id='word_1_399' title='bbox 3167 3971 3550 4032; x_wconf 89' lang='lat' dir='ltr'>Francorum</span> <span class='ocrx_word' id='word_1_400' title='bbox 3609 3961 3788 4027; x_wconf 83' lang='lat' dir='ltr'>exerci-</span> 
     </span>
    </p>
   </div>
   <div class='ocr_carea' id='block_1_37' title="bbox 605 4071 3786 4158">
    <p class='ocr_par' dir='ltr' id='par_1_37' title="bbox 605 4071 3786 4158">
     <span class='ocr_line' id='line_1_37' title="bbox 605 4071 3786 4158; baseline -0.004 -18"><span class='ocrx_word' id='word_1_401' title='bbox 605 4087 708 4140; x_wconf 82' lang='lat' dir='ltr'>tus</span> <span class='ocrx_word' id='word_1_402' title='bbox 763 4078 1275 4139; x_wconf 87' lang='lat' dir='ltr'>constrinxerunt</span> <span class='ocrx_word' id='word_1_403' title='bbox 1344 4075 1453 4156; x_wconf 81' lang='lat' dir='ltr'>(h).</span> <span class='ocrx_word' id='word_1_404' title='bbox 1513 4078 1690 4136; x_wconf 92' lang='lat' dir='ltr'>Tunc</span> <span class='ocrx_word' id='word_1_405' title='bbox 1750 4075 1882 4154; x_wconf 89' lang='lat' dir='ltr'>jam</span> <span class='ocrx_word' id='word_1_406' title='bbox 1963 4077 2128 4138; x_wconf 84' lang='lat' dir='ltr'>fatus</span> <span class='ocrx_word' id='word_1_407' title='bbox 2189 4077 2589 4138; x_wconf 89' lang='lat' dir='ltr'>beatissimus</span> <span class='ocrx_word' id='word_1_408' title='bbox 2665 4084 2728 4138; x_wconf 87' lang='lat' dir='ltr'>et</span> <span class='ocrx_word' id='word_1_409' title='bbox 2803 4077 3201 4157; x_wconf 84' lang='lat' dir='ltr'>coangelicus</span> <span class='ocrx_word' id='word_1_410' title='bbox 3279 4095 3448 4158; x_wconf 88' lang='lat' dir='ltr'>papa</span> <span class='ocrx_word' id='word_1_411' title='bbox 3519 4071 3786 4154; x_wconf 88' lang='lat' dir='ltr'>Pippinum</span> 
     </span>
    </p>
   </div>
   <div class='ocr_carea' id='block_1_38' title="bbox 521 4173 3781 4267">
    <p class='ocr_par' dir='ltr' id='par_1_38' title="bbox 521 4173 3781 4267">
     <span class='ocr_line' id='line_1_38' title="bbox 521 4173 3781 4267; baseline -0.003 -17"><span class='ocrx_word' id='word_1_412' title='bbox 521 4191 558 4250; x_wconf 80' lang='lat'><strong>5</strong></span> <span class='ocrx_word' id='word_1_413' title='bbox 608 4187 978 4267; x_wconf 90' lang='lat' dir='ltr'>deprecatus</span> <span class='ocrx_word' id='word_1_414' title='bbox 1034 4189 1128 4245; x_wconf 90' lang='lat' dir='ltr'>est</span> <span class='ocrx_word' id='word_1_415' title='bbox 1185 4183 1700 4261; x_wconf 89' lang='lat' dir='ltr'>benignissimum</span> <span class='ocrx_word' id='word_1_416' title='bbox 1753 4201 1986 4261; x_wconf 89' lang='lat' dir='ltr'>regem,</span> <span class='ocrx_word' id='word_1_417' title='bbox 2043 4187 2112 4243; x_wconf 91' lang='lat' dir='ltr'>ut</span> <span class='ocrx_word' id='word_1_418' title='bbox 2159 4182 2294 4262; x_wconf 89' lang='lat' dir='ltr'>jam</span> <span class='ocrx_word' id='word_1_419' title='bbox 2353 4184 2626 4263; x_wconf 90' lang='lat' dir='ltr'>amplius</span> <span class='ocrx_word' id='word_1_420' title='bbox 2681 4185 2918 4245; x_wconf 88' lang='lat' dir='ltr'>malum</span> <span class='ocrx_word' id='word_1_421' title='bbox 2969 4185 3089 4246; x_wconf 92' lang='lat' dir='ltr'>hoc</span> <span class='ocrx_word' id='word_1_422' title='bbox 3139 4201 3268 4244; x_wconf 87' lang='lat' dir='ltr'>non</span> <span class='ocrx_word' id='word_1_423' title='bbox 3317 4181 3672 4264; x_wconf 89' lang='lat' dir='ltr'>proveniret,</span> <span class='ocrx_word' id='word_1_424' title='bbox 3719 4173 3781 4252; x_wconf 71' lang='grc' dir='ltr'>(ε),</span> 
     </span>
    </p>
   </div>
   <div class='ocr_carea' id='block_1_39' title="bbox 603 4277 3780 4373">
    <p class='ocr_par' dir='ltr' id='par_1_39' title="bbox 603 4277 3780 4373">
     <span class='ocr_line' id='line_1_39' title="bbox 603 4277 3780 4373; baseline -0.005 -18"><span class='ocrx_word' id='word_1_425' title='bbox 603 4311 806 4373; x_wconf 89' lang='lat' dir='ltr'>neque</span> <span class='ocrx_word' id='word_1_426' title='bbox 863 4291 1122 4368; x_wconf 88' lang='lat' dir='ltr'>sanguis</span> <span class='ocrx_word' id='word_1_427' title='bbox 1177 4289 1607 4351; x_wconf 88' lang='lat' dir='ltr'>efl&#39;underetur</span> <span class='ocrx_word' id='word_1_428' title='bbox 1661 4289 2188 4362; x_wconf 89' lang='lat' dir='ltr'>Christianorum,</span> <span class='ocrx_word' id='word_1_429' title='bbox 2241 4291 2580 4351; x_wconf 89' lang='lat' dir='ltr'>imminens</span> <span class='ocrx_word' id='word_1_430' title='bbox 2638 4293 2959 4352; x_wconf 89' lang='lat' dir='ltr'>salutifera</span> <span class='ocrx_word' id='word_1_431' title='bbox 3015 4291 3490 4372; x_wconf 66' lang='lat' dir='ltr'>praedicatione,</span> <span class='ocrx_word' id='word_1_432' title='bbox 3547 4293 3610 4348; x_wconf 89' lang='lat' dir='ltr'>ut</span> <span class='ocrx_word' id='word_1_433' title='bbox 3657 4277 3780 4363; x_wconf 87' lang='lat' dir='ltr'>paci-</span> 
     </span>
    </p>
   </div>
   <div class='ocr_carea' id='block_1_40' title="bbox 603 4387 3778 4478">
    <p class='ocr_par' dir='ltr' id='par_1_40' title="bbox 603 4387 3778 4478">
     <span class='ocr_line' id='line_1_40' title="bbox 603 4387 3778 4478; baseline -0.002 -17"><span class='ocrx_word' id='word_1_434' title='bbox 603 4401 716 4461; x_wconf 83' lang='lat' dir='ltr'>fice</span> <span class='ocrx_word' id='word_1_435' title='bbox 785 4417 992 4460; x_wconf 70' lang='lat' dir='ltr'>causae</span> <span class='ocrx_word' id='word_1_436' title='bbox 1065 4397 1418 4457; x_wconf 72' lang='lat' dir='ltr'>(inirentur.</span> <span class='ocrx_word' id='word_1_437' title='bbox 1497 4395 1594 4456; x_wconf 82' lang='lat' dir='ltr'>Ad</span> <span class='ocrx_word' id='word_1_438' title='bbox 1665 4395 1802 4456; x_wconf 71' lang='lat' dir='ltr'>haec</span> <span class='ocrx_word' id='word_1_439' title='bbox 1873 4396 2441 4458; x_wconf 85' lang='lat' dir='ltr'>Christianissimus</span> <span class='ocrx_word' id='word_1_440' title='bbox 2514 4398 2823 4478; x_wconf 89' lang='lat' dir='ltr'>Pippinus</span> <span class='ocrx_word' id='word_1_441' title='bbox 2893 4402 3282 4460; x_wconf 90' lang='lat' dir='ltr'>Francorum</span> <span class='ocrx_word' id='word_1_442' title='bbox 3365 4415 3494 4469; x_wconf 89' lang='lat' dir='ltr'>rex,</span> <span class='ocrx_word' id='word_1_443' title='bbox 3563 4387 3778 4468; x_wconf 79' lang='lat' dir='ltr'>ejusdem</span> 
     </span>
    </p>
   </div>
   <div class='ocr_carea' id='block_1_41' title="bbox 598 4493 3780 4585">
    <p class='ocr_par' dir='ltr' id='par_1_41' title="bbox 598 4493 3780 4585">
     <span class='ocr_line' id='line_1_41' title="bbox 598 4493 3780 4585; baseline -0.004 -17"><span class='ocrx_word' id='word_1_444' title='bbox 598 4506 944 4568; x_wconf 87' lang='lat' dir='ltr'>beatissimi</span> <span class='ocrx_word' id='word_1_445' title='bbox 998 4505 1202 4565; x_wconf 85' lang='lat' dir='ltr'>Patris</span> <span class='ocrx_word' id='word_1_446' title='bbox 1258 4509 1322 4565; x_wconf 92' lang='lat' dir='ltr'>et</span> <span class='ocrx_word' id='word_1_447' title='bbox 1377 4503 1526 4564; x_wconf 90' lang='lat' dir='ltr'>boni</span> <span class='ocrx_word' id='word_1_448' title='bbox 1585 4503 1852 4582; x_wconf 88' lang='lat' dir='ltr'>pastoris</span> <span class='ocrx_word' id='word_1_449' title='bbox 1909 4504 2171 4564; x_wconf 88' lang='lat' dir='ltr'>audiens</span> <span class='ocrx_word' id='word_1_450' title='bbox 2229 4503 2306 4585; x_wconf 85' lang='lat' dir='ltr'>(j)</span> <span class='ocrx_word' id='word_1_451' title='bbox 2365 4505 2844 4584; x_wconf 88' lang='lat' dir='ltr'>adimplensque</span> <span class='ocrx_word' id='word_1_452' title='bbox 2901 4505 3430 4577; x_wconf 88' lang='lat' dir='ltr'>admonitionem,</span> <span class='ocrx_word' id='word_1_453' title='bbox 3484 4503 3600 4562; x_wconf 90' lang='lat' dir='ltr'>Deo</span> <span class='ocrx_word' id='word_1_454' title='bbox 3645 4493 3780 4556; x_wconf 83' lang='lat' dir='ltr'>dilec-</span> 
     </span>
    </p>
   </div>
   <div class='ocr_carea' id='block_1_42' title="bbox 600 4609 3770 4691">
    <p class='ocr_par' dir='ltr' id='par_1_42' title="bbox 600 4609 3770 4691">
     <span class='ocr_line' id='line_1_42' title="bbox 600 4609 3770 4691; baseline -0.003 -18"><span class='ocrx_word' id='word_1_455' title='bbox 600 4619 724 4674; x_wconf 88' lang='lat' dir='ltr'>tam</span> <span class='ocrx_word' id='word_1_456' title='bbox 781 4631 1002 4691; x_wconf 88' lang='lat' dir='ltr'>pacem</span> <span class='ocrx_word' id='word_1_457' title='bbox 1073 4611 1362 4684; x_wconf 87' lang='lat' dir='ltr'>inientes,</span> <span class='ocrx_word' id='word_1_458' title='bbox 1439 4614 1628 4689; x_wconf 90' lang='lat' dir='ltr'>atque</span> <span class='ocrx_word' id='word_1_459' title='bbox 1695 4609 1759 4668; x_wconf 92' lang='lat' dir='ltr'>in</span> <span class='ocrx_word' id='word_1_460' title='bbox 1837 4609 2070 4689; x_wconf 88' lang='lat' dir='ltr'>scripto</span> <span class='ocrx_word' id='word_1_461' title='bbox 2135 4611 2378 4671; x_wconf 84' lang='lat' dir='ltr'>fmdera</span> <span class='ocrx_word' id='word_1_462' title='bbox 2449 4612 2726 4690; x_wconf 89' lang='lat' dir='ltr'>partium</span> <span class='ocrx_word' id='word_1_463' title='bbox 2800 4613 3188 4673; x_wconf 86' lang='lat' dir='ltr'>affirmantes</span> <span class='ocrx_word' id='word_1_464' title='bbox 3262 4611 3432 4672; x_wconf 91' lang='lat' dir='ltr'>inter</span> <span class='ocrx_word' id='word_1_465' title='bbox 3507 4611 3770 4668; x_wconf 58' lang='lat' dir='ltr'>Romanos,</span> 
     </span>
    </p>
   </div>
   <div class='ocr_carea' id='block_1_43' title="bbox 476 4709 3772 4795">
    <p class='ocr_par' dir='ltr' id='par_1_43' title="bbox 476 4709 3772 4795">
     <span class='ocr_line' id='line_1_43' title="bbox 476 4709 3772 4795; baseline -0.005 -15"><span class='ocrx_word' id='word_1_466' title='bbox 476 4723 551 4780; x_wconf 87' lang='grc'>10</span> <span class='ocrx_word' id='word_1_467' title='bbox 593 4723 868 4780; x_wconf 89' lang='lat' dir='ltr'>Francos</span> <span class='ocrx_word' id='word_1_468' title='bbox 925 4725 988 4778; x_wconf 87' lang='lat' dir='ltr'>et</span> <span class='ocrx_word' id='word_1_469' title='bbox 1037 4717 1512 4795; x_wconf 89' lang='lat' dir='ltr'>Longobardos,</span> <span class='ocrx_word' id='word_1_470' title='bbox 1573 4721 1636 4776; x_wconf 91' lang='lat' dir='ltr'>et</span> <span class='ocrx_word' id='word_1_471' title='bbox 1691 4715 1942 4776; x_wconf 89' lang='lat' dir='ltr'>obsides</span> <span class='ocrx_word' id='word_1_472' title='bbox 1988 4717 2552 4795; x_wconf 87' lang='lat' dir='ltr'>Longobardorum</span> <span class='ocrx_word' id='word_1_473' title='bbox 2601 4719 2798 4780; x_wconf 90' lang='lat' dir='ltr'>isdem</span> <span class='ocrx_word' id='word_1_474' title='bbox 2849 4719 3232 4780; x_wconf 89' lang='lat' dir='ltr'>Francorum</span> <span class='ocrx_word' id='word_1_475' title='bbox 3285 4737 3400 4780; x_wconf 88' lang='lat' dir='ltr'>rex</span> <span class='ocrx_word' id='word_1_476' title='bbox 3447 4709 3772 4776; x_wconf 86' lang='lat' dir='ltr'>abstollens:</span> 
     </span>
    </p>
   </div>
   <div class='ocr_carea' id='block_1_44' title="bbox 593 4822 3772 4904">
    <p class='ocr_par' dir='ltr' id='par_1_44' title="bbox 593 4822 3772 4904">
     <span class='ocr_line' id='line_1_44' title="bbox 593 4822 3772 4904; baseline -0.003 -20"><span class='ocrx_word' id='word_1_477' title='bbox 593 4825 932 4904; x_wconf 90' lang='lat' dir='ltr'>spopondit</span> <span class='ocrx_word' id='word_1_478' title='bbox 975 4824 1110 4904; x_wconf 90' lang='lat' dir='ltr'>ipse</span> <span class='ocrx_word' id='word_1_479' title='bbox 1165 4824 1467 4884; x_wconf 85' lang='lat' dir='ltr'>Aistulfus</span> <span class='ocrx_word' id='word_1_480' title='bbox 1524 4841 1664 4884; x_wconf 90' lang='lat' dir='ltr'>cum</span> <span class='ocrx_word' id='word_1_481' title='bbox 1723 4823 2028 4884; x_wconf 88' lang='lat' dir='ltr'>universis</span> <span class='ocrx_word' id='word_1_482' title='bbox 2084 4825 2211 4884; x_wconf 88' lang='lat' dir='ltr'>suis</span> <span class='ocrx_word' id='word_1_483' title='bbox 2269 4825 2613 4904; x_wconf 88' lang='lat' dir='ltr'>judicibus,</span> <span class='ocrx_word' id='word_1_484' title='bbox 2663 4826 2779 4886; x_wconf 90' lang='lat' dir='ltr'>sub</span> <span class='ocrx_word' id='word_1_485' title='bbox 2827 4827 3094 4886; x_wconf 90' lang='lat' dir='ltr'>terribili</span> <span class='ocrx_word' id='word_1_486' title='bbox 3147 4831 3213 4888; x_wconf 84' lang='lat' dir='ltr'>et</span> <span class='ocrx_word' id='word_1_487' title='bbox 3253 4822 3584 4886; x_wconf 86' lang='lat' dir='ltr'>fortissimo</span> <span class='ocrx_word' id='word_1_488' title='bbox 3624 4825 3772 4876; x_wconf 75' lang='lat' dir='ltr'>sacra-</span> 
     </span>
    </p>
   </div>
   <div class='ocr_carea' id='block_1_45' title="bbox 593 4913 3769 5013">
    <p class='ocr_par' dir='ltr' id='par_1_45' title="bbox 593 4913 3769 5013">
     <span class='ocr_line' id='line_1_45' title="bbox 593 4913 3769 5013; baseline -0.005 -24"><span class='ocrx_word' id='word_1_489' title='bbox 593 4936 829 5002; x_wconf 90' lang='lat' dir='ltr'>mento,</span> <span class='ocrx_word' id='word_1_490' title='bbox 890 4937 1078 5009; x_wconf 89' lang='lat' dir='ltr'>atque</span> <span class='ocrx_word' id='word_1_491' title='bbox 1133 4929 1197 4990; x_wconf 92' lang='lat' dir='ltr'>in</span> <span class='ocrx_word' id='word_1_492' title='bbox 1259 4929 1477 4990; x_wconf 89' lang='lat' dir='ltr'>eodem</span> <span class='ocrx_word' id='word_1_493' title='bbox 1539 4930 1708 5008; x_wconf 91' lang='lat' dir='ltr'>pacti</span> <span class='ocrx_word' id='word_1_494' title='bbox 1761 4929 1997 4992; x_wconf 78' lang='lat' dir='ltr'>fmdere</span> <span class='ocrx_word' id='word_1_495' title='bbox 2051 4950 2164 5011; x_wconf 92' lang='lat' dir='ltr'>per</span> <span class='ocrx_word' id='word_1_496' title='bbox 2217 4933 2514 5012; x_wconf 89' lang='lat' dir='ltr'>scriptam</span> <span class='ocrx_word' id='word_1_497' title='bbox 2569 4934 2866 5013; x_wconf 87' lang='lat' dir='ltr'>paginam</span> <span class='ocrx_word' id='word_1_498' title='bbox 2915 4933 3258 4996; x_wconf 82' lang='lat' dir='ltr'>afﬁrmavit</span> <span class='ocrx_word' id='word_1_499' title='bbox 3307 4950 3373 4992; x_wconf 91' lang='lat' dir='ltr'>se</span> <span class='ocrx_word' id='word_1_500' title='bbox 3421 4929 3576 4991; x_wconf 88' lang='lat' dir='ltr'>illico</span> <span class='ocrx_word' id='word_1_501' title='bbox 3619 4913 3769 4982; x_wconf 87' lang='lat' dir='ltr'>reddi-</span> 
     </span>
    </p>
   </div>
   <div class='ocr_carea' id='block_1_46' title="bbox 589 5037 2837 5101">
    <p class='ocr_par' dir='ltr' id='par_1_46' title="bbox 589 5037 2837 5101">
     <span class='ocr_line' id='line_1_46' title="bbox 589 5037 2837 5101; baseline 0.002 -5"><span class='ocrx_word' id='word_1_502' title='bbox 589 5042 800 5096; x_wconf 89' lang='lat' dir='ltr'>turum</span> <span class='ocrx_word' id='word_1_503' title='bbox 855 5037 1170 5096; x_wconf 87' lang='lat' dir='ltr'>civitatem</span> <span class='ocrx_word' id='word_1_504' title='bbox 1225 5037 1684 5096; x_wconf 75' lang='lat' dir='ltr'>[tavennatium</span> <span class='ocrx_word' id='word_1_505' title='bbox 1743 5055 1884 5097; x_wconf 91' lang='lat' dir='ltr'>cum</span> <span class='ocrx_word' id='word_1_506' title='bbox 1941 5037 2080 5098; x_wconf 90' lang='lat' dir='ltr'>aliis</span> <span class='ocrx_word' id='word_1_507' title='bbox 2137 5039 2396 5100; x_wconf 89' lang='lat' dir='ltr'>diversis</span> <span class='ocrx_word' id='word_1_508' title='bbox 2457 5041 2837 5101; x_wconf 87' lang='lat' dir='ltr'>civitatibus.</span> 
     </span>
    </p>
   </div>
   <div class='ocr_carea' id='block_1_47' title="bbox 671 5109 3881 5253">
    <p class='ocr_par' dir='ltr' id='par_1_47' title="bbox 671 5109 3881 5253">
     <span class='ocr_line' id='line_1_47' title="bbox 671 5109 3881 5253; baseline -0.001 -49"><span class='ocrx_word' id='word_1_509' title='bbox 671 5150 840 5204; x_wconf 64' lang='lat'>249</span> <span class='ocrx_word' id='word_1_510' title='bbox 898 5145 974 5204; x_wconf 87' lang='lat' dir='ltr'>Et</span> <span class='ocrx_word' id='word_1_511' title='bbox 1029 5149 1170 5222; x_wconf 90' lang='lat' dir='ltr'>post</span> <span class='ocrx_word' id='word_1_512' title='bbox 1225 5141 1372 5216; x_wconf 91' lang='lat' dir='ltr'>hoc,</span> <span class='ocrx_word' id='word_1_513' title='bbox 1429 5143 1596 5204; x_wconf 89' lang='lat' dir='ltr'>facta</span> <span class='ocrx_word' id='word_1_514' title='bbox 1651 5162 1804 5223; x_wconf 91' lang='lat' dir='ltr'>pace</span> <span class='ocrx_word' id='word_1_515' title='bbox 1847 5144 2014 5205; x_wconf 89' lang='lat' dir='ltr'>inter</span> <span class='ocrx_word' id='word_1_516' title='bbox 2065 5147 2405 5220; x_wconf 78' lang='lat' dir='ltr'>Romanos,</span> <span class='ocrx_word' id='word_1_517' title='bbox 2469 5149 2742 5208; x_wconf 85' lang='lat' dir='ltr'>Francos</span> <span class='ocrx_word' id='word_1_518' title='bbox 2802 5153 2864 5208; x_wconf 91' lang='lat' dir='ltr'>et</span> <span class='ocrx_word' id='word_1_519' title='bbox 2919 5145 3390 5226; x_wconf 86' lang='lat' dir='ltr'>Longobardos,</span> <span class='ocrx_word' id='word_1_520' title='bbox 3447 5159 3550 5202; x_wconf 87' lang='lat' dir='ltr'>rex</span> <span class='ocrx_word' id='word_1_521' title='bbox 3597 5125 3758 5253; x_wconf 55' lang='lat' dir='ltr'>Pippi;</span> <span class='ocrx_word' id='word_1_522' title='bbox 3875 5109 3881 5253; x_wconf 55' lang='grc' dir='ltr'>ί</span> 
     </span>
    </p>
   </div>
   <div class='ocr_carea' id='block_1_48' title="bbox 587 5229 3760 5335">
    <p class='ocr_par' dir='ltr' id='par_1_48' title="bbox 587 5229 3760 5335">
     <span class='ocr_line' id='line_1_48' title="bbox 587 5229 3760 5335; baseline -0.002 -23"><span class='ocrx_word' id='word_1_523' title='bbox 587 5270 704 5312; x_wconf 89' lang='lat' dir='ltr'>nus</span> <span class='ocrx_word' id='word_1_524' title='bbox 751 5249 999 5311; x_wconf 89' lang='lat' dir='ltr'>obsides</span> <span class='ocrx_word' id='word_1_525' title='bbox 1025 5249 1587 5328; x_wconf 86' lang='lat' dir='ltr'>Longobardorum</span> <span class='ocrx_word' id='word_1_526' title='bbox 1621 5269 1832 5311; x_wconf 91' lang='lat' dir='ltr'>secum</span> <span class='ocrx_word' id='word_1_527' title='bbox 1860 5251 2095 5313; x_wconf 91' lang='lat' dir='ltr'>ducens</span> <span class='ocrx_word' id='word_1_528' title='bbox 2125 5253 2189 5313; x_wconf 91' lang='lat' dir='ltr'>in</span> <span class='ocrx_word' id='word_1_529' title='bbox 2221 5253 2452 5314; x_wconf 87' lang='lat' dir='ltr'>finibus</span> <span class='ocrx_word' id='word_1_530' title='bbox 2483 5253 2611 5314; x_wconf 90' lang='lat' dir='ltr'>suis</span> <span class='ocrx_word' id='word_1_531' title='bbox 2639 5253 2846 5316; x_wconf 90' lang='lat' dir='ltr'>rediit.</span> <span class='ocrx_word' id='word_1_532' title='bbox 2881 5255 3162 5335; x_wconf 88' lang='lat' dir='ltr'>Cumque</span> <span class='ocrx_word' id='word_1_533' title='bbox 3193 5253 3270 5314; x_wconf 91' lang='lat' dir='ltr'>ab</span> <span class='ocrx_word' id='word_1_534' title='bbox 3315 5249 3570 5312; x_wconf 89' lang='lat' dir='ltr'>invicem</span> <span class='ocrx_word' id='word_1_535' title='bbox 3607 5229 3760 5302; x_wconf 52' lang='lat' dir='ltr'>essent</span> 
     </span>
    </p>
   </div>
   <div class='ocr_carea' id='block_1_49' title="bbox 1601 5400 2647 5450">
    <p class='ocr_par' dir='ltr' id='par_1_49' title="bbox 1601 5400 2647 5450">
     <span class='ocr_line' id='line_1_49' title="bbox 1601 5400 2647 5450; baseline 0.002 -5"><span class='ocrx_word' id='word_1_536' title='bbox 1601 5400 1854 5446; x_wconf 65' lang='lat' dir='ltr'>NOTULJE</span> <span class='ocrx_word' id='word_1_537' title='bbox 1895 5403 1939 5446; x_wconf 72' lang='grc' dir='ltr'><strong>Η</strong></span> <span class='ocrx_word' id='word_1_538' title='bbox 1949 5401 2284 5449; x_wconf 75' lang='lat' dir='ltr'>ARGINALES</span> <span class='ocrx_word' id='word_1_539' title='bbox 2326 5405 2647 5450; x_wconf 79' lang='lat' dir='ltr'>FABROTTI.</span> 
     </span>
    </p>
   </div>
   <div class='ocr_carea' id='block_1_50' title="bbox 492 5505 2091 5596">
    <p class='ocr_par' dir='ltr' id='par_1_50' title="bbox 492 5515 2091 5596">
     <span class='ocr_line' id='line_1_50' title="bbox 492 5515 2091 5596; baseline 0.002 -22"><span class='ocrx_word' id='word_1_540' title='bbox 492 5520 567 5592; x_wconf 85' lang='lat' dir='ltr'>(a)</span> <span class='ocrx_word' id='word_1_541' title='bbox 597 5521 658 5588; x_wconf 90' lang='grc' dir='ltr'>Β,</span> <span class='ocrx_word' id='word_1_542' title='bbox 691 5521 940 5596; x_wconf 65' lang='lat' dir='ltr'>praefatae</span> <span class='ocrx_word' id='word_1_543' title='bbox 969 5521 1200 5596; x_wconf 60' lang='lat' dir='ltr'>sanctag.</span> <span class='ocrx_word' id='word_1_544' title='bbox 1231 5517 1308 5596; x_wconf 54' lang='grc' dir='ltr'>(ἔρ)</span> <span class='ocrx_word' id='word_1_545' title='bbox 1337 5517 1548 5596; x_wconf 84' lang='lat' dir='ltr'>denuo.</span> <span class='ocrx_word' id='word_1_546' title='bbox 1584 5515 1649 5586; x_wconf 78' lang='grc' dir='ltr'>(ε)</span> <span class='ocrx_word' id='word_1_547' title='bbox 1674 5517 1959 5596; x_wconf 34' lang='grc' dir='ltr'>’δειλὼ-ζα)</span> <span class='ocrx_word' id='word_1_548' title='bbox 1985 5523 2091 5596; x_wconf 41' lang='grc' dir='ltr'>6η]</span> 
     </span>
    </p>
   </div>
   <div class='ocr_carea' id='block_1_51' title="bbox 2150 5505 3749 5596">
    <p class='ocr_par' dir='ltr' id='par_1_51' title="bbox 2150 5505 3749 5596">
     <span class='ocr_line' id='line_1_51' title="bbox 2150 5505 3749 5596; baseline -0.003 -20"><span class='ocrx_word' id='word_1_549' title='bbox 2150 5525 2446 5596; x_wconf 56' lang='grc' dir='ltr'>ιοεθριηιιβ.</span> <span class='ocrx_word' id='word_1_550' title='bbox 2481 5521 2552 5594; x_wconf 73' lang='grc' dir='ltr'>(θ)</span> <span class='ocrx_word' id='word_1_551' title='bbox 2567 5523 2626 5577; x_wconf 87' lang='grc' dir='ltr'>Β.</span> <span class='ocrx_word' id='word_1_552' title='bbox 2641 5521 2892 5596; x_wconf 80' lang='lat' dir='ltr'>clausas.</span> <span class='ocrx_word' id='word_1_553' title='bbox 2917 5521 2982 5594; x_wconf 76' lang='grc' dir='ltr'>(Ῑ)</span> <span class='ocrx_word' id='word_1_554' title='bbox 3015 5517 3384 5596; x_wconf 74' lang='lat' dir='ltr'>fortitudine._</span> <span class='ocrx_word' id='word_1_555' title='bbox 3411 5513 3482 5596; x_wconf 69' lang='grc' dir='ltr'>(ρ)</span> <span class='ocrx_word' id='word_1_556' title='bbox 3509 5505 3749 5596; x_wconf 54' lang='grc' dir='ltr'>ζοξεεξξᾞξ</span> 
     </span>
    </p>
   </div>
   <div class='ocr_carea' id='block_1_52' title="bbox 421 5575 3867 5665">
    <p class='ocr_par' dir='ltr' id='par_1_52' title="bbox 421 5575 3867 5665">
     <span class='ocr_line' id='line_1_52' title="bbox 421 5575 3867 5665; baseline -0.002 -19"><span class='ocrx_word' id='word_1_557' title='bbox 421 5575 585 5665; x_wconf 56' lang='lat' dir='ltr'>idest</span> <span class='ocrx_word' id='word_1_558' title='bbox 611 5575 822 5665; x_wconf 72' lang='lat' dir='ltr'>castra.</span> <span class='ocrx_word' id='word_1_559' title='bbox 844 5575 934 5662; x_wconf 65' lang='grc' dir='ltr'>(ἡ)</span> <span class='ocrx_word' id='word_1_560' title='bbox 965 5575 1328 5648; x_wconf 73' lang='lat' dir='ltr'>constrinxit.</span> <span class='ocrx_word' id='word_1_561' title='bbox 1361 5575 1817 5665; x_wconf 43' lang='lat' dir='ltr'>(i)_perv‘_eniret._</span> <span class='ocrx_word' id='word_1_562' title='bbox 1846 5575 1914 5660; x_wconf 56' lang='grc' dir='ltr'>(ἰ)</span> <span class='ocrx_word' id='word_1_563' title='bbox 1938 5575 1968 5614; x_wconf 52' lang='lat' dir='ltr'>I&quot;</span> <span class='ocrx_word' id='word_1_564' title='bbox 1997 5575 2550 5665; x_wconf 17' lang='lat' dir='ltr'>A&#39;d‘liociPippinus&#39;</span> <span class='ocrx_word' id='word_1_565' title='bbox 2572 5575 2980 5650; x_wconf 36' lang='lat' dir='ltr'>roman—dictis,</span> <span class='ocrx_word' id='word_1_566' title='bbox 3016 5575 3120 5649; x_wconf 73' lang='lat' dir='ltr'>eos</span> <span class='ocrx_word' id='word_1_567' title='bbox 3151 5575 3274 5665; x_wconf 78' lang='lat' dir='ltr'>paCi</span> <span class='ocrx_word' id='word_1_568' title='bbox 3305 5575 3750 5665; x_wconf 33' lang='lat' dir='ltr'>inhiantesrﬂflﬁ‘f</span> 
     </span>
    </p>
   </div>
   <div class='ocr_carea' id='block_1_53' title="bbox 417 5643 3748 5794">
    <p class='ocr_par' dir='ltr' id='par_1_53' title="bbox 417 5643 3748 5794">
     <span class='ocr_line' id='line_1_53' title="bbox 417 5643 3748 5794; baseline -0.006 -73"><span class='ocrx_word' id='word_1_569' title='bbox 417 5643 480 5719; x_wconf 71' lang='grc' dir='ltr'>ἰῖι</span> <span class='ocrx_word' id='word_1_570' title='bbox 509 5643 988 5794; x_wconf 46' lang='lat' dir='ltr'>appulsae};</span> <span class='ocrx_word' id='word_1_571' title='bbox 999 5643 1240 5738; x_wconf 54' lang='lat' dir='ltr'>saetas</span> <span class='ocrx_word' id='word_1_572' title='bbox 1251 5643 1674 5736; x_wconf 58' lang='lat' dir='ltr'>promittentes</span> <span class='ocrx_word' id='word_1_573' title='bbox 1707 5643 2594 5722; x_wconf 50' lang='lat' dir='ltr'>dieesuaao&#39;isan‘ssafrar</span> <span class='ocrx_word' id='word_1_574' title='bbox 2611 5643 3324 5740; x_wconf 51' lang='lat' dir='ltr'>s&#39;écsaas‘a&#39;pgseeﬁsm</span> <span class='ocrx_word' id='word_1_575' title='bbox 3357 5663 3517 5716; x_wconf 87' lang='lat' dir='ltr'>tuum</span> <span class='ocrx_word' id='word_1_576' title='bbox 3543 5643 3748 5707; x_wconf 78' lang='lat' dir='ltr'>beatissi-</span> 
     </span>
     <span class='ocr_line' id='line_1_54' title="bbox 418 5749 720 5792; baseline -0.017 0"><span class='ocrx_word' id='word_1_577' title='bbox 418 5749 513 5792; x_wconf 86' lang='lat' dir='ltr'>me</span> <span class='ocrx_word' id='word_1_578' title='bbox 581 5751 615 5792; x_wconf 81' lang='lat'>8.</span> <span class='ocrx_word' id='word_1_579' title='bbox 643 5749 720 5792; x_wconf 88' lang='lat' dir='ltr'>er.</span> 
     </span>
    </p>
   </div>
   <div class='ocr_carea' id='block_1_54' title="bbox 418 5749 720 5792">
    <p class='ocr_par' dir='ltr' id='par_1_54' title="bbox 418 5749 720 5792">
     <span class='ocr_line' id='line_1_55' title="bbox 418 5749 720 5792; baseline -0.017 0"><span class='ocrx_word' id='word_1_580' title='bbox 418 5749 513 5792; x_wconf 86' lang='lat' dir='ltr'>me</span> <span class='ocrx_word' id='word_1_581' title='bbox 541 5749 720 5792; x_wconf 80' lang='lat' dir='ltr'>rater.</span> 
     </span>
    </p>
   </div>
   <div class='ocr_carea' id='block_1_55' title="bbox 3869 5267 3877 5478">
    <p class='ocr_par' dir='ltr' id='par_1_55' title="bbox 3869 5267 3877 5478">
     <span class='ocr_line' id='line_1_56' title="bbox 3869 5267 3877 5478; baseline 0 0"><span class='ocrx_word' id='word_1_582' title='bbox 3869 5267 3877 5478; x_wconf 71' lang='grc'>1</span> 
     </span>
    </p>
   </div>
   <div class='ocr_carea' id='block_1_56' title="bbox 3853 5478 3874 6077">
    <p class='ocr_par' dir='ltr' id='par_1_56' title="bbox 3857 5478 3871 6001">
     <span class='ocr_line' id='line_1_57' title="bbox 3865 5478 3871 5644; baseline 0 -10"><span class='ocrx_word' id='word_1_583' title='bbox 3865 5478 3871 5627; x_wconf 63' lang='lat' dir='ltr'>l</span> 
     </span>
     <span class='ocr_line' id='line_1_58' title="bbox 3863 5645 3867 5777; baseline 0 -74"><span class='ocrx_word' id='word_1_584' title='bbox 3863 5645 3867 5777; x_wconf 62' lang='lat' dir='ltr'>ll</span> 
     </span>
     <span class='ocr_line' id='line_1_59' title="bbox 3859 5879 3861 5927; baseline 0 0"><span class='ocrx_word' id='word_1_585' title='bbox 3859 5879 3861 5927; x_wconf 97' lang='lat'><strong><em>|</em></strong></span> 
     </span>
     <span class='ocr_line' id='line_1_60' title="bbox 3857 5955 3859 6001; baseline 0 0"><span class='ocrx_word' id='word_1_586' title='bbox 3857 5955 3859 6001; x_wconf 98' lang='lat'><strong><em>|</em></strong></span> 
     </span>
    </p>
   </div>
   <div class='ocr_carea' id='block_1_57' title="bbox 3907 3359 3932 4019">
    <p class='ocr_par' dir='ltr' id='par_1_57' title="bbox 3909 3711 3919 4019">
     <span class='ocr_line' id='line_1_61' title="bbox 3909 3711 3919 4019; baseline 0 -262"><span class='ocrx_word' id='word_1_587' title='bbox 3909 3845 3915 4019; x_wconf 38' lang='grc'><strong><em>1</em></strong></span> 
     </span>
    </p>
   </div>
   <div class='ocr_carea' id='block_1_58' title="bbox 3901 4019 3911 4132">
    <p class='ocr_par' dir='ltr' id='par_1_58' title="bbox 3901 4019 3911 4132">
     <span class='ocr_line' id='line_1_62' title="bbox 3901 4019 3911 4132; baseline 0 0"><span class='ocrx_word' id='word_1_588' title='bbox 3901 4019 3911 4132; x_wconf 67' lang='grc'>1</span> 
     </span>
    </p>
   </div>
   <div class='ocr_carea' id='block_1_59' title="bbox 3903 3359 3932 4155">
    <p class='ocr_par' dir='ltr' id='par_1_59' title="bbox 3903 3655 3921 4155">
     <span class='ocr_line' id='line_1_63' title="bbox 3903 3655 3921 4155; baseline 0 -472"><span class='ocrx_word' id='word_1_589' title='bbox 3903 3845 3915 4155; x_wconf 27' lang='grc' dir='ltr'><em>ί</em></span> 
     </span>
    </p>
   </div>
  </div>
