2025 3086
127 125 206 156 109⁸1
484 126 666 159 HISTORIA
691 126 741 159 DE
762 126 864 159 VITIS
887 127 981 159 ROM.
1009 128 1119 160 PONT.
1132 146 1170 151 —
1185 128 1416 161 STEPHANUS
1437 129 1476 160 II.
1750 131 1828 162 1098

206 192 377 232 segregati,
408 192 533 223 solitum
558 193 590 224 in
619 194 751 234 perjurii
779 197 901 227 reatum
931 195 1067 225 inﬁdelis
1096 194 1148 226 ille
1179 195 1331 226 Aistult‘us
1359 196 1638 234 Langobardorum
1674 206 1725 227 rex
1756 197 1830 228 inci-

207 246 296 282 dens,
327 246 413 286 quod
437 246 645 286 jurejurando
676 248 831 288 promisit,
863 248 992 279 reddere
1020 248 1152 279 distulit.
1184 249 1264 279 Dum
1294 248 1377 279 enim
1415 250 1583 288 saepefatus
1615 249 1829 280 sanctissimus

163 299 182 328 5
208 308 292 340 papa
320 299 528 340 coniungeret
550 302 701 342 .Romem,
732 304 804 341 post
831 302 987 341 aliquanti
1015 302 1166 342 temporis
1196 302 1344 342 spatium,
1375 302 1481 332 furore
1518 303 1697 333 vehementi
1727 304 1828 343 reple-

205 355 256 383 tus
296 353 496 383 adversarius
538 353 604 391 ille,
634 357 666 385 et
699 364 763 385 suae
806 355 920 385 animm
961 355 1118 392 inimicus,
1153 355 1317 392 Aistulf‘us,
1357 355 1421 385 Deo
1465 355 1524 385 sibi
1565 356 1734 393 contrario,
1765 366 1829 387 non

203 406 307 438 solum
336 406 411 446 quia
439 415 477 437 ea
512 416 584 446 quae
621 407 810 447 promiserat
840 408 969 441 minime
1000 408 1193 449 adimplevit,
1232 408 1285 439 sed
1324 408 1419 438 etiam
1448 411 1479 438 et
1507 409 1686 447 generalem
1713 409 1830 440 faciens

204 459 450 492 commotionem
478 469 551 492 cum
575 461 723 492 universa
751 461 841 501 regni
868 461 917 492 sui
943 461 1228 501 Langobardorum
1257 462 1375 501 populo
1405 463 1517 491 contra
1544 461 1627 492 hanc
1654 463 1828 493 Romanam

202 512 290 547 venit
316 512 440 549 urbem,
472 522 567 553 quam
598 523 654 554 per
683 514 778 546 trium
810 514 965 555 mensium
998 514 1100 555 spatia
1128 514 1286 551 obsidens,
1318 517 1413 554 atque
1442 524 1480 545 ex
1509 515 1595 545 omni
1632 514 1830 546 circumdans

138 566 180 596 10
205 575 306 605 parte,
332 566 473 612 quotidie
498 566 622 599 fortiter
650 576 719 600 eam
749 568 967 607 expugnabat,
996 568 1104 598 omnia
1131 577 1204 607 quas
1232 571 1322 598 erant
1343 570 1432 598 extra
1460 567 1570 598 urbem
1600 567 1685 598 ferro
1712 571 1744 598 et
1757 568 1830 608 igne

203 618 374 653 devastans
402 621 498 659 atque
527 620 670 653 funditus
697 621 871 653 demoliens
899 621 1108 660 consumpsit.
1136 621 1307 653 lmminens
1328 621 1547 652 vehementius
1575 620 1673 651 isdem
1703 622 1831 661 pestifer

202 671 368 710 Aistulfus,
397 675 432 704 ut
456 672 540 709 hanc
569 675 743 707 Romanam
773 683 888 713 capere
914 674 1090 714 potuissent
1124 674 1248 711 urbem,
1277 683 1350 705 nam
1380 676 1411 704 et
1437 674 1537 705 multa
1567 683 1702 714 corpora
1738 684 1829 705 sanc-

202 727 308 755 torum
337 725 500 763 efi‘odiens,
532 735 640 756 eorum
680 736 770 757 sacra
806 727 956 767 mysteria
995 727 1046 767 (a),
1084 727 1122 757 ad
1163 736 1313 767 magnum
1349 728 1462 757 animae
1494 727 1718 758 detrimentum
1756 728 1829 758 abs-

201 778 288 816 tulit,

244 835 330 866 εδει
354 833 427 862 Haec
456 832 564 873 itaque
590 833 688 873 impie
717 833 757 864 ab
788 833 897 865 eodem
926 834 1063 865 Aistulf'o
1092 836 1183 874 gesta
1210 834 1426 874 quantocitius
1449 834 1609 874 saepedicti
1636 835 1829 865 Francorum

199 885 368 923 insonuere
398 886 481 925 regis
518 886 551 916 in
590 896 682 917 aures
711 886 764 927 (ὁ).
796 887 856 918 Sed
896 889 926 918 et
966 887 1164 918 beatissimus
1201 887 1342 927 pontifex
1377 896 1434 927 per
1471 887 1628 918 marinum
1665 887 1724 918 iter
1756 896 1830 918 suos

203 938 367 975 ordinans,
397 941 428 969 et
465 939 504 970 ad
547 949 619 971 eum
662 940 827 971 Franciam
866 940 974 980 dirigit
1012 940 1134 978 missos,
1174 949 1237 971 una
1278 949 1349 971 cum
1389 941 1527 980 quodam
1562 941 1707 979 religioso
1750 941 1829 977 viro,

201 992 369 1024 Warnerio
398 992 537 1030 nomine,
574 993 629 1033 qui
671 994 711 1024 ab
753 993 864 1024 eodem
904 994 1097 1026 Francorum
1143 1003 1216 1033 rege
1258 993 1321 1025 huc
1361 996 1493 1032 ltomam
1536 994 1673 1024 directus
1713 994 1827 1024 fuerat.

156 1045 176 1074 5
201 1045 323 1076 Cuncta
351 1054 421 1086 quae
453 1049 543 1085 gesta
582 1049 665 1083 sunt,
697 1049 727 1077 et
755 1056 826 1086 qua}
869 1047 1039 1078 crudeliter
1080 1050 1235 1087 tyrannus
1277 1047 1330 1077 ille
1372 1047 1492 1087 peregit
1525 1047 1685 1083 Aistolt‘us,
1723 1047 1831 1077 subtili

202 1098 330 1129 ﬁctione
358 1099 421 1131 suis
449 1098 485 1140 (c)
513 1100 695 1139 apostolicis
724 1099 930 1135 relationibus
956 1100 1107 1140 saepeiata
1136 1100 1416 1137 Christianissimo,
1446 1103 1477 1131 et
1515 1100 1571 1137 Dei
1608 1100 1723 1131 cultori
1757 1101 1829 1140 Pip-

201 1152 277 1195 pino
306 1153 498 1185 Francorum
529 1152 688 1194 intimavit
726 1153 805 1194 regi,
838 1153 988 1194 adjurans
1027 1163 1098 1184 eum
1139 1153 1263 1190 fortiter
1300 1153 1495 1193 ﬁrmiterque
1532 1154 1590 1189 sub
1626 1154 1732 1184 divina
1768 1153 1831 1184 diei

197 1204 310 1252 judicii
336 1205 557 1244 obtestatione,
589 1209 704 1237 cuncta
731 1216 802 1247 qum
831 1206 924 1238 beato
952 1207 1046 1238 Petro
1075 1206 1235 1247 pollicitus
1262 1208 1310 1238 est
1337 1207 1575 1247 adimplendum
1598 1206 1654 1247 (ά.)
1678 1207 1726 1238 Ad
1755 1216 1829 1237 vero

202 1259 270 1289 haec
298 1258 583 1301 Christianissimus
611 1259 766 1300 Pippinus
801 1269 856 1292 rex
884 1261 1092 1296 Francorum,
1123 1261 1246 1292 fervore
1273 1260 1346 1290 ﬁdei
1376 1263 1492 1297 motus,
1521 1260 1636 1291 iterum
1674 1269 1744 1291 cum
1774 1260 1830 1296 Dei

137 1313 178 1343 10
202 1311 318 1343 virtute
333 1311 513 1351 generalem
529 1312 647 1343 faciens
662 1313 845 1349 motionem,
857 1313 887 1343 in
903 1313 1184 1353 Langobardorum
1201 1315 1306 1353 partes
1321 1312 1517 1353 conjunxit",
1528 1317 1559 1343 et
1572 1313 1674 1343 clusas
1689 1313 1831 1343 funditus

200 1365 381 1398 earumdem
398 1365 510 1396 evertit
527 1366 821 1405 Langobardorum.
838 1366 961 1397 Etenim
990 1375 1061 1396 cum
1088 1367 1127 1396 ad
1144 1366 1311 1407 praedictas
1338 1366 1619 1405 Langobardorum
1648 1366 1751 1396 clusas
1761 1366 1829 1405 jam

200 1418 284 1448 fatus
295 1418 577 1449 Christianissimus
592 1414 744 1460 Pippinus
758 1420 951 1451 Francorum
965 1419 1236 1460 appropinquaret
1251 1428 1317 1456 rex,
1341 1418 1575 1458 conjunxerunt
1595 1418 1628 1449 in
1643 1418 1703 1450 hac
1719 1420 1831 1449 Itoma-

208 1481 250 1501 na
264 1471 340 1502 urbe
370 1471 407 1512 (ί)
424 1471 603 1512 imperiales
619 1473 715 1509 missi,
747 1472 915 1513 Gregorius
938 1473 1057 1504 scilicet
1084 1475 1283 1512 polosecrata
1310 1472 1366 1512 (g),
1394 1475 1426 1503 et
1453 1473 1592 1504 Joannes
1620 1472 1830 1510 Silentiarius,

201 1524 314 1558 direxti
343 1525 382 1555 ad
411 1525 596 1565 praedictum
632 1527 827 1557 Francorum
857 1535 974 1565 regem.
1017 1527 1102 1562 Quos
1141 1526 1315 1566 suscipiens
1355 1525 1555 1556 beatissimus
1592 1535 1675 1567 papa
1713 1525 1830 1556 eisdem

141 1579 182 1609 15
206 1578 375 1610 motionem
406 1579 530 1618 praefati
557 1581 752 1611 Francorum
791 1580 873 1619 regis
902 1580 1071 1610 nuntiavit.
1101 1579 1191 1615 Quod
1234 1579 1360 1619 quidem
1400 1579 1446 1609 illi
1487 1579 1618 1609 dubium
1652 1579 1833 1610 habuerunt

202 1631 362 1663 credendi.
392 1632 431 1662 Et
466 1632 632 1664 adhmrens
670 1632 714 1664 eis
752 1633 881 1663 missum
919 1632 1100 1673 apostolica:
1141 1632 1222 1663 sedis
1251 1641 1305 1663 eos
1346 1632 1378 1663 in
1419 1632 1586 1663 Franciam
1623 1632 1669 1664 ire
1698 1632 1834 1665 absolvit

202 1685 256 1726 (Ιι).
284 1686 323 1716 Et
352 1688 518 1726 pergentes
548 1686 671 1717 marino
714 1686 824 1717 itinere
862 1687 1050 1727 quantocius
1089 1686 1257 1717 Massiliam
1294 1686 1509 1723 advenerunt;
1540 1686 1572 1716 in
1597 1695 1693 1726 quam
1709 1686 1833 1725 ingres-

202 1738 325 1769 dientes
353 1738 533 1771 didicerunt
557 1739 625 1779 jam
650 1740 838 1780 praedictum
864 1741 1057 1771 Francorum
1082 1749 1189 1779 regem
1205 1739 1485 1779 Langobardorum
1513 1739 1591 1770 ﬁnes
1619 1740 1714 1770 fuisse
1727 1739 1833 1779 ingre-

204 1801 286 1830 sum,
326 1791 424 1832 juxta
452 1792 708 1823 adhortationem
753 1793 885 1824 antefati
913 1793 1087 1824 beatissimi
1115 1802 1218 1834 papae,
1249 1795 1280 1823 et
1321 1793 1560 1833 promissionem
1603 1802 1698 1833 quam
1740 1793 1833 1824 beato

136 1846 180 1876 20
204 1847 299 1876 Petro
335 1844 544 1886 jurejurando
581 1846 751 1878 obtulerat.
781 1848 820 1877 Et
861 1847 929 1878 hac
967 1846 1003 1887 (ι’)
1051 1849 1276 1885 cognoscentes
1302 1846 1362 1886 ipsi
1386 1846 1565 1887 imperiales
1603 1846 1701 1884 missi,
1731 1847 1835 1877 tristes

206 1899 320 1937 effecti,
357 1898 541 1930 nitebantur
576 1899 684 1930 dolose
721 1900 762 1940 (j)
801 1900 931 1930 missum
965 1900 1147 1940 apostolicae
1176 1900 1259 1930 sedis
1297 1900 1438 1931 detinere
1480 1900 1662 1938 Massiliam,
1699 1903 1733 1930 ut
1775 1900 1834 1930 mi-

203 1952 288 1983 nime
331 1944 370 1983 ad
414 1952 597 1993 praedicium
627 1956 812 1993 properaret
851 1962 970 1993 regem,
998 1953 1177 1993 afﬂigentes
1220 1962 1292 1983 eum
1321 1953 1424 1984 valide
1449 1952 1502 1994 (lc).

247 2010 327 2036 251
353 2006 425 2043 Sed,
454 2006 686 2037 interveniente
715 2006 806 2038 beato
836 2007 928 2038 Petro
954 2007 1169 2047 apostolorum
1201 2006 1357 2046 principe,
1387 2015 1496 2037 eorum
1527 2006 1641 2037 callida
1680 2006 1720 2037 ad
1756 2005 1838 2036 nibi-

208 2059 275 2089 lum
303 2059 431 2092 redacta
459 2063 507 2091 est
534 2060 682 2090 versutia.
712 2061 822 2100 Itaque
851 2069 931 2090 unus
968 2069 1007 2090 ex
1041 2060 1128 2100 ipsis,
1161 2059 1330 2100 Gregorius
1365 2059 1515 2090 videlicet
1551 2062 1766 2099 protosecrata
1802 2059 1838 2099 (ἰ)

211 2112 393 2153 praecedens
421 2113 602 2154 apostolicae
634 2113 717 2144 sedis
746 2114 885 2151 missum,
917 2113 1061 2144 celeriter
1088 2113 1354 2153 praenominatum
1387 2114 1579 2143 Francorum
1607 2116 1766 2144 assecutus
1794 2115 1843 2143 est

210 2175 330 2205 regem.
362 2176 455 2206 quem
497 2169 528 2197 et
568 2167 601 2197 in
644 2167 760 2198 finibus
802 2166 1085 2207 Langobardorum
1123 2176 1186 2197 non
1223 2166 1332 2206 procul
1357 2176 1376 2197 a
1413 2166 1512 2205 Papia
1540 2166 1656 2206 reperit
1693 2165 1839 2203 civitate;

175 2219 194 2248 5
217 2222 248 2249 et
279 2219 372 2250 nimis
413 2229 485 2251 eum
519 2220 703 2260 deprecans,
735 2224 830 2261 atque
872 2221 965 2261 plura
1006 2220 1165 2260 spondens
1207 2220 1305 2250 tribui
1346 2219 1401 2260 (m)
1428 2220 1605 2260 imperialia
1639 2228 1779 2257 munera,
1806 2221 1843 2249 ut

218 2272 452 2304 Ravennatium
497 2274 607 2304 urbem
649 2274 699 2305 vel
732 2277 864 2305 cceteras
906 2274 1046 2314 ejusdem
1078 2273 1267 2304 exarebatus
1302 2273 1443 2304 civitates
1480 2276 1511 2304 et
1547 2275 1649 2303 castra
1686 2272 1843 2313 imperiali

221 2325 364 2356 tribuens
392 2327 577 2358 concederet
604 2327 728 2358 ditioni.
759 2330 799 2358 At
829 2336 1031 2368 nequaquam
1058 2327 1158 2358 valuit
1186 2327 1400 2357 ﬁrmissimum
1427 2326 1494 2366 jam
1524 2326 1580 2356 fati
1613 2325 1841 2357 Christianissi-

220 2379 264 2409 mi
292 2382 388 2419 atque
416 2380 634 2420 benignissimi
671 2381 772 2412 ﬁdelis
806 2381 862 2412 Dei
900 2384 931 2412 et
967 2381 1118 2412 amatoris
1155 2381 1239 2411 beati
1268 2381 1352 2411 Petri
1378 2379 1525 2421 apostoli,
1554 2379 1673 2410 scilicet
1711 2379 1843 2410 antefati

214 2432 344 2472 Pippini
373 2434 565 2465 Francorum
594 2435 686 2474 regis,
716 2435 869 2470 inclinare
898 2444 962 2471 car,
990 2438 1025 2465 ut
1055 2435 1181 2465 easdem
1207 2435 1350 2465 civitates
1378 2438 1411 2466 et
1439 2434 1507 2464 loca
1535 2433 1692 2474 imperiali
1720 2433 1840 2464 tribue-

154 2486 197 2516 10
219 2488 268 2516 ret
296 2486 419 2517 ditioui.
448 2488 597 2518 Asserens
625 2488 724 2518 isdem
753 2489 809 2519 Dei
838 2488 951 2526 cultor,
982 2488 1164 2518 mitissimus
1193 2498 1259 2525 rex,
1289 2488 1377 2518 nulla
1409 2488 1535 2528 penitus
1563 2487 1685 2518 ratione
1715 2487 1840 2518 easdem

216 2539 359 2570 civitates
390 2549 409 2571 a
438 2544 593 2581 potestate
622 2542 706 2572 beati
734 2542 819 2572 Petri
843 2545 873 2572 et
904 2541 976 2581 jurc
1011 2541 1157 2573 Ecclesiae
1194 2542 1345 2572 Romame
1381 2542 1430 2572 vel
1467 2541 1624 2582 pontiﬁcis
1661 2541 1841 2582 apostolicae

218 2592 302 2623 sedis
337 2595 561 2634 quoquomodo
600 2595 731 2626 alienari
760 2595 813 2635 (η).
845 2596 1015 2626 Afﬁrmans
1065 2595 1159 2626 etiam
1198 2595 1256 2625 sub
1290 2594 1472 2635 juramenlo
1510 2595 1595 2636 quod
1632 2605 1689 2635 per
1726 2595 1842 2625 nullius

219 2645 358 2677 hominis
391 2647 532 2679 favorem
562 2658 629 2680 sese
652 2649 818 2680 certamini
845 2649 960 2689 saepius
988 2649 1135 2686 dedisset,
1161 2648 1221 2679 nisi
1250 2658 1307 2689 pro
1338 2658 1446 2680 amore
1468 2649 1553 2679 beati
1579 2649 1676 2686 Petri,
1705 2651 1736 2678 et
1751 2647 1843 2678 venia

746 2728 866 2748 NOTULE
886 2728 1015 2748 MARGINA
1019 2728 1066 2748 LE8
1090 2728 1236 2748 FABROTI'I.

173 2782 213 2817 (α)
226 2784 237 2794 ⁸
253 2782 428 2811 cmmeteria.
468 2782 506 2818 (ὁ)
522 2784 532 2795 "
549 2782 744 2810 insonuerunt
759 2782 890 2810 auribus.
912 2782 946 2818 (ε)
962 2784 972 2794 ·
988 2782 1134 2810 subtiliter
1148 2782 1220 2810 suis.
1246 2782 1285 2817 (ἀ)
1301 2783 1310 2794 “
1327 2782 1382 2810 sub
1398 2782 1487 2809 divini
1500 2781 1602 2818 judicii
1619 2780 1664 2807 die
1681 2781 1842 2815 obtestans,

135 2820 170 2845 ut
185 2820 294 2858 cuncta
310 2827 378 2858 quas
390 2817 806 2858 beataPetro‘pollicitusest,
822 2818 1013 2858 adimplerettr
1036 2819 1077 2858 te)
1092 2818 1208 2858 venit.“
1219 2820 1253 2858 (ί)
1269 2820 1278 2830 "
1296 2820 1437 2858 venerunt
1445 2818 1472 2858 ἱρ
1481 2817 1699 2858 hancurbem.__
1713 2818 1750 2853 lg)
1762 2820 1844 2858 prata

135 2861 154 2881 a
169 2855 304 2882 secretis.
320 2853 327 2854 7
343 2855 381 2890 (Ιι)
397 2853 537 2888 Absolvit,
554 2853 636 2882 alien
649 2854 766 2882 dimisit.
783 2855 816 2891 (ί)
832 2855 842 2866 '
858 2853 934 2891 quod

135 2888 254 2918 tribuit.
292 2890 333 2926 (η)
350 2890 380 2918 Β.
396 2889 467 2927 pati.

1059 2854 1136 2882 dolo.
1174 2853 1239 2891 Ur)"
1258 2853 1352 2882 valde.
1391 2854 1423 2889 (ι)
1449 2853 1532 2880 Proto
1558 2861 1574 2880 a
1599 2853 1729 2882 secretis.
1762 2853 1842 2891 '(m)‘

297 2952 430 2985 Panos.
454 2952 504 2986 CX
1643 2953 1682 2984 35

1967 2864 2020 2974 Ι
