4050 6172
464 213 616 270 1099
1609 198 2026 264 ANASTASII

2190 197 2719 262 tLlOTHECARIl.
3663 205 3789 266 1100

624 341 1016 412 delictorum,
1079 355 1362 398 asserens
1417 341 1480 398 et
1537 336 1658 398 hoc
1717 335 1888 416 quod
1945 335 2124 396 nulla
2195 351 2338 396 eum
2396 333 2482 414 (α)
2541 332 2822 395 thesauri
2895 330 3078 412 copia
3151 327 3410 393 suadere
3479 332 3688 398 valeret
3741 347 3796 402 ut

415 519 420 524 ,
507 453 577 508 15
624 445 792 524 quod
851 445 1042 506 semel
1117 445 1302 506 beato
1379 447 1566 506 Petro
1651 443 1902 516 obtulit,
1967 441 2264 503 auferret.
2325 443 2402 502 Et
2461 441 2592 502 hinc
2664 438 2964 519 praedicto
3039 437 3266 516 imper.
3326 437 3504 500 misso
3579 442 3798 508 reddens

627 553 691 610 in
751 552 1092 632 responsis.
1149 551 1448 612 continuo
1503 568 1646 611 eum
1705 549 1785 610 ad
1843 549 2102 628 propria
2150 545 2558 610 remeandum
2623 565 2734 627 per
2791 545 2982 608 aliam
3047 544 3216 606 viam
3289 545 3564 620 absolvit,
3617 551 3709 629 qui
3753 561 3802 616 et

627 660 762 720 sine
818 660 1042 720 effectu
1101 661 1366 720 Romam
1422 657 1774 736 conjunxit.

735 790 899 844 252
963 785 1124 844 Dum
1183 801 1330 843 vero
1389 781 1707 842 antefatus
1765 777 2250 859 benignissimus
2303 777 2612 858 Pippinus
2666 779 3054 838 Francorum
3109 793 3224 836 rex
3269 775 3520 856 Papiam
3563 778 3806 842 obsidens

625 891 1088 968 constringeret
1147 889 1490 960 civitatem,
1549 887 1700 948 tunc
1775 886 2078 946 Aistulfus
2151 883 2582 946 atrocissimus
2657 901 2768 944 rex
2848 881 3434 962 Longobardorum,
3491 889 3556 945 ut
3603 889 3806 950 veniam

625 997 718 1058 illi
777 998 1080 1058 tribueret
1137 1001 1199 1058 et
1253 995 1334 1056 ab
1389 993 1718 1056 obsidione
1765 998 2060 1069 cessaret,
2121 1009 2280 1072 quas
2337 991 2510 1072 prius
2581 993 3046 1070 contempserat
3117 989 3500 1070 conscriptas
3566 992 3624 1052 in
3675 999 3811 1074 pacti

625 1103 862 1164 foedere
937 1103 1224 1163 redderet
1295 1102 1603 1174 civitates,
1682 1118 1748 1162 se
1821 1099 2026 1161 modis
2081 1098 2376 1160 omnibus
2451 1098 2770 1178 professus
2843 1103 2938 1158 est
3015 1095 3428 1157 redditurum.
3501 1099 3573 1158 Et
3639 1102 3805 1166 denuo

540 1215 576 1272 5
623 1211 994 1272 confirmato
1051 1207 1364 1270 anteriore
1425 1213 1630 1287 pacto,
1689 1205 1862 1286 quod
1918 1223 2033 1286 per
2091 1205 2375 1286 elapsam
2437 1208 2728 1266 octavam
2789 1199 3197 1265 indictionem
3254 1203 3418 1265 inter
3473 1211 3666 1284 partes
3701 1228 3809 1288 pro-

625 1321 884 1378 venerat
941 1315 1044 1396 (ὁ),
1081 1315 1354 1376 restituit
1409 1314 1579 1394 ipsas
1635 1313 1918 1374 civitates
1974 1311 2292 1393 praelatas,
2355 1311 2593 1372 addens
2679 1316 2744 1372 et
2817 1315 3093 1371 castrum
3149 1309 3320 1390 quod
3387 1313 3809 1390 cognominatur

621 1423 1006 1485 Comiaclum
1037 1421 1140 1502 (c).

708 1555 870 1608 253
919 1550 1006 1608 De
1064 1546 1292 1625 quibus
1349 1545 1644 1606 omnibus
1699 1544 1966 1624 receptis
2023 1542 2384 1604 civitatibus
2437 1541 2844 1602 donationem
2903 1541 2967 1601 in
3039 1539 3288 1620 scriptis
3345 1559 3384 1601 a
3440 1539 3614 1604 beato
3664 1545 3811 1607 Petro

627 1661 816 1734 atque
875 1673 912 1714 a
968 1659 1187 1714 sancta
1243 1655 1528 1713 Romana
1585 1651 1884 1724 Ecclesia,
1941 1649 2041 1712 vel
2098 1649 2393 1710 omnibus
2452 1649 2515 1708 in
2587 1653 2958 1728 perpetuum
3037 1647 3441 1726 pontificibus
3513 1651 3814 1729 apostolicae

629 1761 810 1836 sedis,
879 1760 1046 1819 misit
1093 1759 1556 1839 possidendam,
1619 1777 1760 1838 quae
1819 1761 1882 1818 et
1937 1774 2134 1837 usque
2193 1755 2501 1816 hactenus
2549 1755 2613 1814 in
2671 1753 2949 1816 archivio
3003 1759 3239 1815 sanctas
3291 1759 3518 1815 nostra;
3575 1755 3814 1818 Ecclesia

633 1867 952 1928 recondita
1039 1873 1309 1927 tenetur.
1373 1865 1469 1926 Ad
1553 1864 1942 1945 recipiendas
2022 1882 2170 1925 vero
2243 1863 2412 1942 ipsas
2487 1861 2774 1923 civitates
2844 1861 3013 1922 misit
3091 1860 3224 1941 ipse
3307 1861 3816 1927 Christianissimus

549 1977 584 2032 5
631 1977 1012 2034 Francorum
1073 1991 1181 2032 rex
1236 1989 1418 2031 suum
1478 1970 1930 2044 consiliarium,
1989 1969 2054 2030 id
2110 1975 2206 2031 est
2269 1967 2612 2030 Fulradum
2691 1966 3112 2028 venerabilem
3190 1967 3485 2028 abbatem
3561 1975 3619 2030 et
3683 1990 3815 2050 pres-

631 2081 942 2159 byterum.
1037 2081 1110 2138 Et
1189 2078 1492 2138 continuo
1568 2077 1703 2156 ejus
1785 2077 2114 2139 eximietas
2169 2074 2256 2156 (ά)
2316 2073 2580 2136 feliciter
2659 2093 2803 2136 cum
2884 2073 3014 2134 suis
3097 2074 3480 2136 exercitibus
3545 2079 3816 2139 Franciam

631 2187 973 2264 repedavit.
1033 2185 1537 2246 Pramominatus
1593 2189 1802 2245 autem
1861 2183 2172 2244 Fulradus
2231 2182 2611 2244 venerabilis
2667 2181 2861 2242 abbas
2918 2187 2982 2242 et
3019 2181 3350 2262 presbyter
3423 2185 3816 2246 ltavennatium

629 2299 840 2372 partes
889 2309 1030 2351 cum
1091 2290 1294 2350 missis
1343 2289 1479 2368 jam
1539 2290 1652 2350 fati
1689 2289 1936 2349 Aistulfi
1983 2290 2148 2368 regis
2202 2287 2616 2368 conjungens.
2677 2293 2740 2348 et
2797 2306 2908 2367 per
2963 2287 3241 2366 singulas
3304 2287 3657 2368 ingrediens
3699 2291 3818 2352 civi-

631 2405 789 2460 tates
845 2403 974 2458 tam
1033 2397 1454 2477 Pentapoleos
1501 2415 1691 2476 quam
1749 2401 1812 2456 et
1867 2396 2157 2470 Emiliaa,
2203 2413 2434 2476 easque
2495 2395 2823 2475 recipiens,
2885 2399 2948 2455 et
3003 2393 3250 2456 obsides
3306 2413 3424 2475 per
3465 2415 3822 2477 unamquam-

514 2511 590 2568 10
633 2525 754 2586 que
813 2507 1104 2566 auferens
1157 2504 1260 2584 (e),
1321 2509 1510 2584 atque
1569 2503 1869 2584 primates
1925 2521 2137 2564 secum
2195 2521 2323 2564 una
2367 2519 2509 2563 cum
2571 2501 2852 2562 clavibus
2919 2505 3244 2582 portarum
3317 2503 3634 2564 civitatum
3687 2503 3819 2565 defe-

637 2633 800 2687 rens,
849 2615 1116 2672 ltomam
1174 2609 1527 2689 conjuuxit.

717 2745 882 2798 τίη
929 2738 1006 2796 Et
1053 2737 1218 2815 ipsas
1275 2735 1486 2796 claves
1545 2741 1674 2796 tam
1733 2733 2192 2796 Ravennatium
2249 2733 2424 2794 urbis
2480 2751 2799 2814 quamque
2855 2731 3248 2794 diversarum
3307 2733 3628 2795 civitatum
3670 2733 3824 2814 ipsius

641 2843 1100 2906 Ravennatium
1158 2841 1533 2903 exarchatus
1587 2859 1717 2902 una
1780 2859 1921 2902 cum
1998 2840 2428 2922 suprascripta
2497 2839 2840 2902 donatione
2895 2839 2973 2901 de
3029 2839 3119 2901 eis
3171 2859 3210 2901 a
3261 2860 3382 2902 suo
3457 2859 3596 2920 rege
3645 2842 3822 2902 emissa

637 2953 698 3012 in
754 2949 1144 3012 confessione
1203 2949 1373 3009 beati
1429 2947 1600 3010 Petri
1663 2937 1928 3030 ponens,
1988 2947 2191 3009 eidem
2241 2947 2526 3027 apostolo
2593 2951 2656 3007 et
2730 2945 2865 3026 ejus
2922 2945 3153 3008 vicario
3219 2947 3608 3009 sanctissimo
3661 2965 3818 3028 papa,

633 3065 824 3137 atque
879 3055 1172 3116 omnibus
1227 3054 1363 3132 ejus
1427 3053 1888 3116 successoribus
1939 3053 2341 3134 pontificibus
2396 3052 2758 3134 perenniter
2813 3051 3221 3133 possidendas
3285 3058 3479 3134 atque
3536 3053 3818 3135 disponen-

555 3167 592 3224 5
635 3165 747 3224 das
829 3163 1110 3236 tradidit,
1169 3161 1234 3221 id
1308 3167 1401 3222 est
1461 3163 1847 3237 Ravennam,
1907 3161 2285 3234 Ariminum,
2343 3161 2697 3232 Pisaurum,
2753 3167 2944 3241 atque
3021 3162 3285 3236 Fanum,
3350 3162 3631 3236 Cesenas,
3673 3162 3822 3222 Seno-

633 3271 876 3350 gallias,
939 3269 1175 3342 Esium,
1236 3269 1466 3330 Forum
1523 3268 1844 3349 Pompilii,
1903 3270 2132 3329 Forum
2212 3267 2390 3339 Livii,
2453 3285 2596 3328 cum
2673 3271 2878 3328 castro
2949 3263 3280 3342 Sdssubio,
3357 3265 3814 3339 Montemferelrl,

633 3377 992 3456 Acerragio,
1053 3379 1330 3438 Montem
1413 3375 1658 3449 Lucari,
1749 3379 2023 3448 Serram,
2086 3375 2414 3436 castellum
2489 3375 2690 3435 sancti
2771 3373 3058 3448 Mariani,
3147 3373 3457 3448 Bobrum,
3539 3375 3816 3438 Urbinum.

631 3485 919 3558 Gallium,
975 3483 1264 3556 Luculos,
1327 3482 1686 3560 Eugubium
1739 3500 1846 3543 seu
1905 3481 2313 3543 Comiaclum.
2371 3483 2628 3543 Necnon
2701 3487 2764 3542 et
2838 3481 3157 3542 civitatem
3233 3481 3656 3557 Narniensem,
3709 3499 3814 3560 qua:

632 3609 668 3650 a
714 3591 948 3650 ducatu
996 3589 1320 3668 Spoletino
1375 3587 1485 3668 (/).
1519 3606 1556 3648 a
1617 3593 1792 3667 parte
1843 3591 2272 3650 llomanorum
2325 3608 2436 3668 per
2479 3588 2732 3650 evoluta
2775 3607 3084 3649 annorum
3129 3588 3337 3668 spatia
3386 3589 3587 3650 fuerat
3625 3589 3813 3650 invasa.

509 3701 585 3759 10
627 3699 786 3758 Dum
847 3715 994 3774 ergo
1055 3695 1190 3755 haec
1259 3701 1623 3774 agerentur,
1684 3695 1818 3774 ipse
1874 3695 2092 3756 infelix
2150 3695 2455 3757 Aistulfus
2499 3695 2776 3776 quodam
2835 3695 2972 3756 loco
3047 3695 3114 3755 in
3189 3697 3652 3758 venerationem
3711 3711 3815 3775 per-

632 3823 785 3884 gens
832 3803 1044 3863 divino
1103 3803 1228 3862 ictu
1275 3821 1624 3882 percussus,
1671 3801 2003 3862 defunctus
2059 3807 2174 3863 est.
2237 3804 2412 3863 Tunc
2469 3802 2827 3864 Desiderius
2883 3801 3142 3882 quidam
3218 3801 3350 3862 dux
3423 3799 3810 3882 Longobardo-

635 3931 796 3984 rum,
859 3909 968 3990 qui
1025 3909 1104 3969 ab
1161 3909 1380 3970 eodem
1427 3909 1808 3988 nequissimo
1861 3909 2127 3971 Aistulfo
2176 3909 2416 3971 Tusciae
2463 3909 2526 3970 in
2585 3915 2794 3990 partes
2852 3915 2992 3971 erat
3034 3909 3331 3984 directus,
3399 3911 3650 3972 audiens
3691 3925 3808 3990 pra-

631 4020 829 4080 falum
886 4016 1112 4078 obiisse
1151 4015 1509 4088 Aistulfum,
1545 4015 1713 4076 illico
1771 4034 2125 4096 aggregans
2180 4015 2378 4096 ipsius
2433 4016 2674 4078 Tuscia:
2721 4017 3076 4078 universam
3134 4016 3526 4078 exercituum
3583 4015 3812 4077 multitu-

633 4126 868 4197 dinem,
957 4122 1136 4202 regni
1224 4121 1788 4201 Longobardorum
1873 4123 2118 4203 aripere
2203 4122 2389 4184 nixus
2473 4125 2564 4184 est
2658 4121 2980 4200 fastigium
3069 4121 3172 4203 (g).
3259 4121 3458 4202 Cujus
3539 4137 3812 4205 personam

511 4235 585 4293 15
629 4230 948 4310 despectui
1005 4229 1246 4290 habens
1295 4227 1645 4290 Radehisus
1701 4227 1939 4289 dudum
2003 4247 2131 4302 rex,
2195 4233 2258 4290 et
2313 4228 2717 4310 postmodum
2778 4229 3147 4302 monachus,
3212 4249 3552 4309 germanus
3617 4224 3814 4310 praefati

629 4337 900 4410 Aistulfi,
945 4335 1052 4396 sed
1124 4341 1185 4396 et
1257 4335 1364 4395 alii
1447 4335 1656 4415 plures
1711 4335 2272 4412 Longobardorum
2329 4335 2668 4416 Optimatcs
2749 4353 2892 4396 cum
2969 4354 3042 4396 eo
3123 4335 3398 4398 eundem
3485 4333 3808 4397 Desiderium

625 4449 1018 4525 spernentes,
1069 4441 1409 4522 plurimam
1469 4441 1882 4520 transalpium
1950 4441 2049 4503 vel
2107 4446 2333 4502 caetera
2415 4441 2978 4520 Longobardorum
3051 4441 3440 4504 exercituum
3521 4436 3808 4503 multitudi-

623 4573 764 4615 nezn
818 4555 1255 4630 aggregantes,
1317 4547 1396 4610 ad
1454 4547 1882 4609 dimicandum
1942 4553 2164 4610 contra
2219 4567 2362 4610 eum
2413 4548 2678 4628 profecti
2734 4555 2904 4609 sunt.

509 4679 586 4738 20
712 4685 875 4737 255
921 4675 1014 4736 Ad
1073 4677 1209 4735 haec
1267 4675 1565 4754 praefatus
1617 4673 1973 4735 Desiderius
2029 4673 2260 4735 obnixe
2319 4673 2652 4754 praefatum
2709 4673 3142 4736 beatissimum
3201 4673 3560 4755 pontiﬁcem
3631 4671 3805 4749 depre-

630 4789 805 4842 catus
865 4787 958 4842 est
1001 4782 1118 4842 sibi
1174 4782 1478 4841 auxilium
1537 4781 1723 4855 ferre,
1781 4787 2096 4860 quatenus
2149 4779 2354 4861 ipsam
2425 4780 2699 4860 regalem
2773 4781 3013 4842 valeret
3078 4799 3400 4844 assumere
3471 4779 3802 4860 dignitatem,

629 4889 944 4968 spondens
1019 4886 1436 4967 jurejurando
1519 4906 1772 4948 omnem
1849 4887 2098 4967 praefati
2177 4887 2520 4949 beatissimi
2617 4887 2932 4968 pontiﬁcis
3016 4886 3364 4968 adimplere
3449 4886 3800 4948 voluntatem.

629 4997 890 5072 Insuper
947 5001 1004 5054 et
1065 4994 1425 5072 reipublicae
1483 5013 1548 5054 se
1603 4993 1999 5055 redditurum
2055 4995 2373 5075 professus
2431 4999 2526 5056 est
2581 4993 2867 5056 civitates
2921 5012 3062 5073 quas
3121 4999 3568 5066 remanserant,
3615 4992 3720 5052 imo
3757 4989 3802 5046 et

506 5104 582 5164 ‘25
627 5101 880 5180 cepiosa
934 5101 1225 5158 daturum
1285 5119 1570 5161 munera.
1631 5101 1806 5161 Tunc
1863 5101 2060 5162 isdem
2119 5101 2474 5182 praecipuus
2519 5101 2708 5162 Pater
2763 5107 2826 5162 et
2867 5100 3072 5162 bonus
3129 5107 3366 5182 pastor,
3407 5101 3558 5162 inito
3593 5091 3800 5159 consilio

622 5226 787 5288 saepe
844 5207 973 5266 fato
1033 5205 1306 5266 Fulrado
1363 5205 1707 5268 venerabili
1765 5207 2132 5288 presbytero
2207 5213 2273 5270 et
2336 5207 2588 5284 abbate,
2651 5213 2840 5288 atque
2917 5207 3276 5270 consiliario
3349 5195 3798 5270 Christianissimi

1635 5453 1884 5501 NOTULE
1926 5455 2312 5506 HARGINALES
2355 5457 2680 5503 FABROTTI.

531 5657 610 5730 (α)
640 5657 712 5712 ci.
793 5657 866 5728 (ὁ)
899 5655 958 5730 ll,
987 5657 1355 5730 convenerat.
1445 5651 1514 5726 (ε)
1537 5653 1599 5722 Β,
1633 5651 1993 5730 Gomaclum.
2095 5656 2130 5724 (ι

2205 5653 2329 5728 ipse
2361 5669 2478 5710 mx-
2581 5651 2650 5728 (θ)
2681 5653 2712 5690 ⁸
2739 5654 2812 5712 de
2843 5671 3195 5729 unaquaque
3227 5654 3449 5712 tollens.
3545 5651 3611 5722 (Ι)
3634 5649 3656 5673 ¹
3679 5645 3790 5700 duce

462 5727 807 5802 Spoletano.’
873 5727 946 5798 (9)
981 5729 1106 5783 Vide
1137 5733 1336 5784 Baron.
1371 5743 1500 5782 tum.
1539 5727 1766 5783 Domini
1785 5727 1910 5782 756.
