4044 6168
169 193 338 265 (1437
967 197 1333 262 HISTORIA
1383 201 1485 262 DE
1526 201 1730 264 Vl'l‘IS
1777 204 1963 268 BOM.
2013 205 2330 268 PONT.—
2359 207 2424 270 S.
2471 208 2802 273 PAULUS.
3431 213 3586 275 H38

339 345 730 410 quemquam
787 348 901 412 per
954 329 1204 413 iniquos
1259 335 1590 398 statellites
1665 337 2010 400 tribulabat
2081 339 2143 400 in
2221 341 2510 422 proximo
2587 342 2691 424 (a),
2751 348 2962 406 tamen
3040 345 3273 425 pietate
3351 354 3584 422 motus,

341 436 791 498 consolationis
872 439 977 500 ille
1059 441 1373 502 inferebat
1465 443 1980 508 misericordiam.
2041 448 2176 521 Hic,
2249 455 2319 510 ut
2396 450 2577 510 multi
2663 451 2870 512 testati
2953 458 3122 526 sunt,
3211 457 3394 515 nocte
3475 471 3590 535 per

259 544 298 602 5
341 544 750 624 semetipsum
811 546 1002 606 cellas
1059 565 1416 628 pauperum
1474 551 1872 612 infirmorum
1934 553 2415 634 perjacentium,
2477 556 2585 637 qui
2638 575 2714 618 ex
2760 559 2887 618 suis
2969 578 3368 640 nequaquam
3429 559 3591 622 vale-

335 650 494 712 bant
573 651 840 724 lectulis,
905 671 1151 715 necnon
1221 661 1287 716 et
1359 657 1632 718 aliorum
1719 659 1982 739 inopum
2065 680 2206 728 cum
2287 663 2416 724 suis
2497 663 2912 724 familiaribus
2995 667 3198 727 noctis
3282 667 3588 728 circuibat

338 757 612 832 silentio,
673 759 1058 838 amplissime
1107 761 1233 822 illis
1292 763 1657 825 ministrans
1715 765 2081 828 alimoniam
2153 774 2343 848 atque
2415 770 2676 831 subsidii
2724 771 3002 832 inferens
3074 791 3280 851 opem.
3343 773 3468 835 Sed
3526 779 3590 835 et

336 863 620 926 carceres
679 871 870 946 atque
923 866 1049 929 alia
1104 867 1382 931 claustra
1439 889 1551 951 per
1608 872 1830 934 eadem
1889 874 2164 936 noctium
2225 882 2466 940 secreta
2524 877 2840 948 visitabat,
2902 882 2964 938 et
3019 876 3071 937 si
3135 897 3295 958 quos
3349 879 3584 942 ibidem

339 971 753 1034 conveniebat
809 979 1102 1047 retrusos,
1167 994 1205 1036 a
1265 977 1484 1038 mortis
1541 996 1758 1040 emens
1817 979 2121 1059 periculo,
2181 981 2412 1044 liberos
2464 983 2554 1044 ire
2626 983 2974 1044 relaxabat.
3035 984 3158 1045 Sed
3243 990 3304 1045 et
3376 985 3587 1065 plures

216 1077 294 1138 10
337 1077 470 1158 qui,
530 1077 754 1140 debitis
811 1079 1076 1160 obligati
1129 1087 1320 1162 atque
1379 1084 1624 1157 afﬂicti,
1680 1105 1718 1146 a
1769 1087 1902 1164 suis
1961 1087 2422 1152 feneratoribus
2497 1089 3042 1170 opprimebantur,
3128 1090 3372 1152 reddito
3447 1091 3584 1171 ipso

337 1184 573 1258 debito,
632 1203 670 1246 a
719 1183 879 1265 jugo
937 1187 1288 1249 redimebat
1360 1191 1596 1250 servitii
1659 1209 1672 1250 :
1735 1191 1938 1254 viduis
2015 1200 2078 1256 et
2154 1196 2412 1276 pupillis
2486 1197 2907 1278 omnibusque
2989 1197 3320 1276 egentibus
3397 1215 3584 1277 opem

338 1291 585 1367 ferens;
645 1291 1023 1354 fortissimus
1097 1294 1262 1354 enim
1339 1302 1476 1356 erat
1551 1297 1923 1360 orthodoxae
2001 1300 2146 1362 fidei
2217 1302 2531 1364 defensor.
2594 1303 2772 1365 Unde
2850 1303 3078 1382 saepius
3145 1321 3290 1365 suos
3366 1303 3588 1366 missos

337 1415 479 1458 cum
539 1399 898 1478 apostolicis
953 1400 1398 1462 obsecratoriis
1448 1407 1660 1482 atque
1695 1404 2131 1466 admonitoriis
2209 1405 2433 1468 litteris
2497 1409 2774 1488 praefatis
2826 1409 3235 1478 Constantino
3279 1415 3342 1470 et
3393 1410 3589 1472 Leoni

333 1505 632 1584 Augustis
707 1506 937 1566 direxit
1011 1526 1126 1587 pro
1194 1509 1598 1570 restituendis
1663 1513 2234 1594 conﬁrmandisque
2310 1515 2372 1574 in
2460 1515 2791 1594 pristinum
2869 1516 3291 1576 venerationis
3352 1521 3582 1576 statum

216 1613 294 1671 15
339 1611 779 1672 sacratissimis
835 1613 1218 1692 imaginibus
1270 1616 1533 1676 Domini‘
1580 1617 1690 1677 Dci
1741 1625 1804 1679 et
1858 1621 2202 1681 Salvator-is
2266 1621 2464 1682 nostri
2545 1623 2692 1684 Jesu
2749 1622 2977 1682 Christi
3033 1629 3392 1702 sanctasque
3451 1621 3586 1702 ejus

340 1717 674 1780 Genitricis
729 1725 919 1800 atque
974 1719 1304 1784 beatorum
1358 1724 1786 1803 apostolorum
1835 1727 2246 1808 omniumque
2293 1733 2656 1796 sanctorum
2719 1729 3198 1810 prophetarum,
3235 1735 3583 1809 martyrum

341 1829 406 1886 et
461 1825 909 1887 confessorum.

428 1963 590 2022 πθ
633 1957 746 2018 Hic
805 1959 974 2020 enim
1032 1959 1430 2021 beatissimus
1487 1961 1768 2042 pontifex
1825 1981 1968 2024 cum
2027 1965 2322 2028 omnibus
2370 1965 2805 2046 spiritualibus
2862 1966 2991 2028 suis
3039 1966 3260 2027 studiis
3291 1985 3584 2046 magnam

339 2063 778 2125 sollicitudinis
832 2084 1048 2127 curam
1109 2085 1260 2146 erga
1313 2074 1532 2129 saneta
1588 2070 1948 2130 emmeteria
2002 2071 2434 2134 indesinenter
2469 2073 2768 2152 gerebat.
2818 2073 2997 2136 Unde
3069 2092 3332 2134 cernens
3389 2073 3586 2152 pluri-

353 2189 459 2231 ma
539 2173 907 2234 earumdem
986 2180 1348 2235 sanctorum
1433 2176 1940 2238 cmmeteriorum
2018 2179 2156 2240 loca
2243 2179 2550 2259 neglecta,
2639 2198 2712 2240 ac
2794 2179 3104 2241 desideria
3195 2177 3592 2259 antiquitatis

348 2277 628 2338 maxima
684 2277 1116 2354 demolitione,
1175 2287 1366 2362 atque
1412 2281 1548 2360 jam
1608 2283 1812 2342 vicina
1863 2285 2060 2344 ruina:
2117 2286 2341 2364 posita,
2405 2287 2692 2365 protinus
2737 2287 2956 2348 eadem
3034 2291 3396 2347 sanctorum
3453 2302 3590 2346 eor-

263 2385 303 2446 5
348 2403 506 2465 pora
549 2385 639 2452 .de
697 2385 847 2465 ipsis
904 2386 1126 2448 dirutis
1178 2387 1440 2450 abstulit
1502 2389 1900 2450 cmmeteriis.
1960 2391 2109 2462 Quae
2167 2409 2308 2452 cum
2380 2391 2635 2472 hymnis
2709 2397 2772 2453 et
2831 2392 3090 2454 canticis
3148 2390 3580 2472 Spiritualibus

344 2490 512 2551 infra
569 2492 735 2552 hanc
791 2493 1107 2554 civitatem
1167 2496 1515 2555 Romanam
1575 2495 2002 2570 introducens,
2063 2497 2192 2558 alia
2246 2517 2465 2558 eorum
2523 2518 2637 2578 per
2693 2499 2907 2559 titulos
2963 2518 3034 2558 ac
3091 2498 3414 2559 diaeonias
3473 2515 3582 2558 seu

349 2599 730 2658 monasteria
786 2604 844 2660 et
903 2599 1177 2680 reliquas
1231 2601 1524 2662 ecclesias
1577 2620 1721 2662 cum
1773 2602 2141 2664 condecenti
2198 2604 2438 2662 studuit
2486 2604 2740 2664 recondi
2799 2605 3059 2666 honore.

432 2739 605 2792 εει)
653 2733 768 2793 Hic
824 2733 1256 2795 sanctissimus
1295 2735 1526 2814 praesul
1577 2735 1640 2796 in
1698 2753 1812 2796 sua
1867 2736 2124 2816 propria
2181 2737 2372 2798 domo
2448 2737 2895 2798 monasterium
2956 2755 2995 2796 a
3050 2735 3474 2797 fundamentis
3527 2735 3594 2796 in

348 2837 592 2928 honore
647 2839 852 2900 sancti
909 2839 1238 2920 Stephani,
1299 2841 1536 2903 scilicet
1590 2842 1886 2921 martyris
1941 2847 2134 2922 atque
2191 2844 2525 2922 pontiﬁcis,
2589 2861 2831 2903 necnon
2910 2847 2974 2903 et
3049 2842 3210 2904 beati
3283 2840 3587 2913 Silvestri,

347 2945 495 3006 item
557 2946 868 3024 pontificis
911 2951 974 3007 et
1015 2947 1388 3008 confessoris
1429 2948 1679 3021 Christi,
1729 2947 2100 3022 construxit,
2154 2948 2258 3008 ubi
2307 2955 2370 3010 et
2430 2948 2756 3010 oraculum
2802 2949 2866 3009 in
2932 2949 3362 3029 superioribus
3418 2948 3588 3026 ejus-

348 3051 492 3111 dem
552 3052 918 3114 monasterii
977 3053 1223 3114 mmniis
1282 3053 1618 3126 aediﬁcans,
1689 3072 1907 3114 eorum
1971 3073 2240 3134 corpora
2309 3073 2542 3134 magna
2611 3073 2755 3116 cum
2821 3055 3223 3116 veneratione
3285 3053 3590 3115 condidit.

262 3159 301 3218 5
346 3159 520 3218 Infra
563 3158 838 3220 claustra
881 3177 1030 3220 vero
1073 3159 1675 3240 ipsiusmonasterii
1735 3161 2061 3221 ecclesiam
2118 3161 2293 3222 mira:
2337 3161 2822 3241 pulchritudinis
2865 3179 2904 3222 a
2946 3161 3371 3221 fundamentis
3417 3159 3590 3219 novi-

349 3270 443 3324 ter
487 3265 858 3325 construxit.
909 3266 1108 3338 Quam
1168 3266 1411 3326 musivo
1456 3273 1519 3326 et
1562 3267 1980 3327 marmoribus
2023 3267 2351 3340 decorans,
2401 3273 2464 3328 et
2507 3287 2757 3328 omnem
2803 3268 2926 3328 illis
2983 3272 3276 3328 ornatum
3329 3265 3393 3326 in
3438 3283 3591 3326 auro

347 3377 739 3450 argentoque
783 3381 848 3432 et
888 3371 1149 3433 diversis
1191 3371 1520 3452 speciebus
1562 3372 1860 3450 largiens,
1906 3373 2016 3433 sed
2058 3379 2120 3433 et
2163 3373 2472 3433 ciborium
2532 3373 2764 3434 ibidem
2825 3393 2900 3434 ex
2962 3379 3223 3451 argento
3286 3372 3591 3432 librarum

345 3479 520 3552 fecit,
565 3477 820 3558 illicque
889 3478 1449 3541 innumerabilium
1511 3484 1873 3540 sanctorum
1933 3496 2222 3560 corpora,
2269 3499 2411 3560 qua:
2475 3479 2551 3540 de
2617 3480 2894 3560 praefatis
2954 3478 3268 3541 demolitis
3337 3477 3596 3539 abstulit

349 3585 748 3658 cmmeteriis,
799 3587 1076 3646 maxime
1121 3584 1548 3646 venerationis
1591 3585 1874 3646 condidit
1917 3587 2168 3646 affectu.
2215 3589 2284 3647 ln
2329 3587 2550 3648 eodem
2597 3588 2830 3666 quippe
2885 3585 3264 3646 monasterio
3325 3583 3598 3666 plurima

225 3695 307 3754 10
348 3692 620 3753 contulit
661 3691 901 3772 praedia
945 3698 1008 3752 et
1051 3693 1474 3771 possessiones
1518 3711 1592 3753 ac
1635 3693 1773 3752 loca
1819 3692 2062 3752 urbana
2124 3691 2224 3753 vel
2269 3694 2522 3766 rustica,
2575 3693 2893 3772 superflue
2951 3699 3142 3772 atque
3196 3690 3599 3753 abundanter

349 3799 562 3860 (litans
605 3817 760 3860 auro
804 3805 867 3860 et
909 3806 1170 3878 argento
1215 3799 1481 3878 aliisque
1525 3818 1736 3860 rerum
1787 3799 2114 3878 speciebus
2175 3805 2238 3860 et
2298 3801 2592 3862 omnibus
2659 3801 3057 3872 utilitatibus,
3110 3799 3217 3859 ubi
3279 3805 3342 3860 et
3383 3817 3600 3858 mona-

353 3905 620 3966 chorum
694 3907 1250 3986 congregationem
1324 3911 1714 3978 construens,
1783 3907 2014 3967 Grascee
2079 3905 2526 3967 modulationis
2597 3907 2964 3986 psalmodiis
3033 3905 3392 3966 coenobium
3464 3921 3596 3963 esse

351 4012 654 4087 decrevit,
701 4017 892 4093 atque
954 4015 1082 4074 Deo
1168 4017 1384 4074 nostro
1470 4011 1892 4090 omnipotenti
1974 4017 2037 4072 et
2095 4013 2388 4074 omnibus
2461 4013 2696 4073 ibidem
2760 4011 3296 4090 requiescentibus
3365 4009 3598 4070 sanctis

353 4121 606 4199 magnis
705 4121 821 4180 sub
956 4119 1506 4180 interdictionibus
1607 4118 1824 4180 sedule
1925 4137 1997 4179 ac
2079 4119 2508 4180 indesinenter
2603 4119 2821 4179 laudes
2921 4119 3142 4180 statuit
3235 4117 3594 4196 persolven-

223 4227 308 4288 15
355 4227 491 4288 das.

437 4366 600 4420 261
650 4359 766 4420 Hic
807 4358 956 4420 fecit
998 4359 1248 4420 noviter
1307 4357 1632 4419 ecclesiam
1697 4357 1861 4418 infra
1905 4357 2068 4418 hanc
2111 4357 2424 4418 civitatem
2488 4359 2834 4417 Romanam
2897 4355 2964 4415 in
3022 4354 3124 4415 via
3181 4371 3346 4426 acra,
3412 4351 3601 4430 juxta
3660 4408 3668 4414 .

356 4467 670 4546 templum
717 4465 990 4538 Romuli,
1037 4467 1104 4526 in
1146 4465 1389 4527 honore
1433 4472 1798 4526 sanctorum
1843 4464 2269 4545 apostolorum
2327 4463 2496 4524 Petri
2537 4470 2598 4524 et
2661 4463 2860 4536 Pauli,
2911 4461 3019 4522 ubi
3077 4461 3195 4540 ipsi
3254 4455 3600 4519 beatissimi

359 4572 680 4654 principes
729 4571 1188 4652 apostolorum,
1235 4579 1516 4653 tempore
1561 4590 1685 4652 quo
1750 4590 1861 4651 pro
1929 4571 2158 4631 Christi
2219 4570 2474 4632 nomine
2531 4569 2830 4648 martyrio
2891 4567 3175 4629 coronati
3233 4571 3398 4638 sunt,
3447 4563 3598 4624 dum

363 4680 766 4759 Redemptori
813 4685 1029 4740 nostro
1077 4680 1415 4741 funderent
1457 4698 1694 4758 preces,
1745 4680 1999 4758 propria
2041 4697 2249 4757 genua
2291 4679 2538 4738 ﬂectere
2581 4677 2692 4736 visi
2735 4680 2903 4736 sunt.
2951 4675 3017 4734 In
3064 4693 3189 4752 quo
3233 4673 3370 4734 loco
3402 4689 3600 4751 usque

159 4796 194 4811 "
267 4789 310 4847 5
365 4785 670 4846 hactenus
719 4804 938 4846 eorum
985 4804 1194 4864 genua
1237 4805 1350 4866 pro
1397 4786 1756 4846 testimonio
1800 4784 2006 4845 omnis
2051 4785 2114 4844 in
2163 4790 2479 4863 postremo
2537 4789 2818 4845 venturae
2867 4779 3291 4862 generationis
3331 4778 3396 4838 in
3441 4796 3601 4857 quo-

363 4892 511 4953 dam
561 4891 898 4954 fortissimo
941 4891 1114 4952 silice
1158 4891 1306 4952 licet
1349 4910 1483 4952 esse
1529 4898 1876 4952 noscuntur
1919 4891 2268 4970 designata.
2320 4894 2474 4952 Nam
2520 4897 2582 4951 et
2624 4890 2787 4950 infra
2846 4889 3172 4950 ecclesiam
3219 4885 3386 4946 beati
3434 4884 3606 4945 Petri

363 4999 628 5080 apostoli
673 4999 829 5060 foris
875 5017 1084 5060 muros
1125 4997 1316 5076 hujus
1361 4997 1628 5059 civitatis
1673 5001 1977 5060 Romanae
2022 4999 2266 5060 noviter
2309 4998 2633 5059 oraculum
2680 4996 2758 5078 (b)
2807 4997 2870 5056 in
2931 4995 3170 5056 honore
3213 4999 3446 5054 sanetae
3493 4991 3603 5053 Dei

365 5106 700 5170 Genitricis
741 5106 1114 5180 construxit,
1153 5106 1338 5185 juxta
1383 5105 1730 5165 oratorium
1784 5105 1985 5164 sancti
2035 5105 2254 5165 Leonis
2299 5123 2498 5184 papae,
2548 5123 2727 5165 secus
2793 5105 2954 5164 fures
3013 5101 3310 5162 introitus
3371 5104 3604 5160 sanctas

360 5213 724 5274 Petronillas
751 5218 940 5293 atque
984 5213 1154 5274 beati
1194 5211 1461 5272 Andreae
1507 5210 1778 5290 apostoli
1821 5211 2064 5270 musivo
2109 5216 2171 5270 ct
2215 5211 2476 5271 diversis
2524 5211 2794 5271 metallis
2815 5229 2956 5270 eum
2983 5211 3343 5270 adormans.
3395 5205 3512 5267 Ubi
3543 5209 3606 5263 et

222 5323 314 5382 10
369 5319 644 5400 efﬁgiem
678 5327 910 5382 sancta:
952 5321 1064 5382 Dei
1109 5319 1446 5381 Genitricis
1487 5318 1550 5376 in
1594 5323 1803 5377 statua
1846 5335 1923 5378 ex
1963 5323 2230 5395 argento
2273 5318 2600 5391 deaurato,
2632 5337 2774 5397 quae
2824 5325 3044 5397 pensat
3087 5317 3280 5375 libras
3323 5314 3597 5380 centum,

1397 5549 1648 5594 NOTULE
1690 5547 2070 5592 MARGINALLS
2115 5550 2428 5594 FABROTTI.

177 5807 196 5819 ο
263 5732 353 5804 (α)
387 5732 450 5788 Β.
482 5729 794 5788 tribulatos
824 5728 1116 5786 audiebat.
1194 5731 1270 5803 (ὁ)
1301 5727 1624 5798 oraculum,
1660 5729 1716 5784 id
1743 5737 1821 5784 est
1850 5728 2188 5785 oratorium.
