  <div class='ocr_page' id='page_1' title='image "/cluster/home/n/w/nwhite01/storage/ocr_20150623/128/hvd.32044054759899/580.png"; bbox 0 0 4044 6168; ppageno 0'>
   <div class='ocr_carea' id='block_1_1' title="bbox 342 210 1939 281">
    <p class='ocr_par' dir='ltr' id='par_1_1' title="bbox 342 210 1938 278">
     <span class='ocr_line' id='line_1_1' title="bbox 342 210 1938 278; baseline 0.001 -3"><span class='ocrx_word' id='word_1_1' title='bbox 342 210 493 275; x_wconf 74' lang='grc'><strong>1149</strong></span> <span class='ocrx_word' id='word_1_2' title='bbox 1032 213 1400 277; x_wconf 82' lang='lat' dir='ltr'><strong>HISTORIA</strong></span> <span class='ocrx_word' id='word_1_3' title='bbox 1443 212 1546 275; x_wconf 89' lang='lat' dir='ltr'><strong>DE</strong></span> <span class='ocrx_word' id='word_1_4' title='bbox 1588 213 1791 278; x_wconf 83' lang='lat' dir='ltr'><strong>VITIS</strong></span> <span class='ocrx_word' id='word_1_5' title='bbox 1836 215 1938 277; x_wconf 78' lang='grc' dir='ltr'><strong>ΗΟ</strong></span> 
     </span>
    </p>
   </div>
   <div class='ocr_carea' id='block_1_2' title="bbox 2141 210 3738 281">
    <p class='ocr_par' dir='ltr' id='par_1_2' title="bbox 2141 213 3738 281">
     <span class='ocr_line' id='line_1_2' title="bbox 2141 213 3738 281; baseline 0.003 -4"><span class='ocrx_word' id='word_1_6' title='bbox 2141 215 2300 277; x_wconf 83' lang='lat' dir='ltr'><strong>)N&#39;l‘.</strong></span> <span class='ocrx_word' id='word_1_7' title='bbox 2332 247 2410 258; x_wconf 92' lang='lat'><em>—</em></span> <span class='ocrx_word' id='word_1_8' title='bbox 2437 213 2905 278; x_wconf 87' lang='lat' dir='ltr'><strong>STEPHANUS</strong></span> <span class='ocrx_word' id='word_1_9' title='bbox 2950 213 3057 277; x_wconf 90' lang='lat' dir='ltr'><strong>III.</strong></span> <span class='ocrx_word' id='word_1_10' title='bbox 3581 217 3738 281; x_wconf 76' lang='grc'><strong>1150</strong></span> 
     </span>
    </p>
   </div>
   <div class='ocr_carea' id='block_1_3' title="bbox 332 342 3739 429">
    <p class='ocr_par' dir='ltr' id='par_1_3' title="bbox 332 342 3739 429">
     <span class='ocr_line' id='line_1_3' title="bbox 332 342 3739 429; baseline 0.001 -25"><span class='ocrx_word' id='word_1_11' title='bbox 332 342 533 429; x_wconf 67' lang='lat' dir='ltr'><strong>Paulo,</strong></span> <span class='ocrx_word' id='word_1_12' title='bbox 563 347 1432 429; x_wconf 41' lang='lat' dir='ltr'><strong>germano_eju§:.e§structum</strong></span> <span class='ocrx_word' id='word_1_13' title='bbox 1471 346 1691 429; x_wconf 73' lang='lat' dir='ltr'><strong>dicitur</strong></span> <span class='ocrx_word' id='word_1_14' title='bbox 1724 364 1745 429; x_wconf 82' lang='lat'><strong>:_</strong></span> <span class='ocrx_word' id='word_1_15' title='bbox 1769 351 1981 429; x_wconf 48' lang='lat' dir='ltr'><strong>exstat:</strong></span> <span class='ocrx_word' id='word_1_16' title='bbox 2011 349 2065 415; x_wconf 87' lang='grc' dir='ltr'><strong>Α</strong></span> <span class='ocrx_word' id='word_1_17' title='bbox 2096 347 2321 429; x_wconf 75' lang='lat' dir='ltr'><strong>cienda,</strong></span> <span class='ocrx_word' id='word_1_18' title='bbox 2354 363 2488 403; x_wconf 91' lang='lat' dir='ltr'><strong>cum</strong></span> <span class='ocrx_word' id='word_1_19' title='bbox 2519 346 2578 429; x_wconf 78' lang='lat' dir='ltr'><strong>in</strong></span> <span class='ocrx_word' id='word_1_20' title='bbox 2610 347 3010 429; x_wconf 28' lang='lat' dir='ltr'><strong>des‘cribendis</strong></span> <span class='ocrx_word' id='word_1_21' title='bbox 3042 345 3537 429; x_wconf 56' lang='lat' dir='ltr'><strong>cbrqnicispotis,</strong></span> <span class='ocrx_word' id='word_1_22' title='bbox 3569 348 3739 408; x_wconf 89' lang='lat' dir='ltr'><strong>libra-</strong></span> 
     </span>
    </p>
   </div>
   <div class='ocr_carea' id='block_1_4' title="bbox 334 417 3738 493">
    <p class='ocr_par' dir='ltr' id='par_1_4' title="bbox 334 417 3738 493">
     <span class='ocr_line' id='line_1_4' title="bbox 334 417 3738 493; baseline 0.001 -19"><span class='ocrx_word' id='word_1_23' title='bbox 334 435 462 493; x_wconf 81' lang='lat' dir='ltr'><strong>que_</strong></span> <span class='ocrx_word' id='word_1_24' title='bbox 464 418 527 474; x_wconf 91' lang='lat' dir='ltr'><strong>id</strong></span> <span class='ocrx_word' id='word_1_25' title='bbox 546 417 967 493; x_wconf 51' lang='lat' dir='ltr'><strong>Areopagiticis</strong></span> <span class='ocrx_word' id='word_1_26' title='bbox 988 417 1248 474; x_wconf 88' lang='lat' dir='ltr'><strong>Hilduini</strong></span> <span class='ocrx_word' id='word_1_27' title='bbox 1280 420 1435 491; x_wconf 90' lang='lat' dir='ltr'><strong>apud</strong></span> <span class='ocrx_word' id='word_1_28' title='bbox 1469 418 1709 493; x_wconf 77' lang='lat' dir='ltr'><strong>S__urium</strong></span> <span class='ocrx_word' id='word_1_29' title='bbox 1731 423 1889 474; x_wconf 89' lang='lat' dir='ltr'><strong>temo</strong></span> <span class='ocrx_word' id='word_1_30' title='bbox 1910 418 1977 473; x_wconf 92' lang='lat' dir='ltr'><strong>V.</strong></span> <span class='ocrx_word' id='word_1_31' title='bbox 2095 418 2164 473; x_wconf 87' lang='lat' dir='ltr'><strong>rii</strong></span> <span class='ocrx_word' id='word_1_32' title='bbox 2190 435 2350 493; x_wconf 80' lang='lat' dir='ltr'><strong>saepe</strong></span> <span class='ocrx_word' id='word_1_33' title='bbox 2398 417 2629 490; x_wconf 74' lang='lat' dir='ltr'><strong>saepius,</strong></span> <span class='ocrx_word' id='word_1_34' title='bbox 2666 423 2731 474; x_wconf 92' lang='lat' dir='ltr'><strong>ut</strong></span> <span class='ocrx_word' id='word_1_35' title='bbox 2761 423 2991 475; x_wconf 79' lang='lat' dir='ltr'><strong>constat</strong></span> <span class='ocrx_word' id='word_1_36' title='bbox 3037 420 3192 492; x_wconf 90' lang='lat' dir='ltr'><strong>apud</strong></span> <span class='ocrx_word' id='word_1_37' title='bbox 3221 419 3502 492; x_wconf 88' lang='lat' dir='ltr'><strong>eruditos,</strong></span> <span class='ocrx_word' id='word_1_38' title='bbox 3524 417 3738 493; x_wconf 90' lang='lat' dir='ltr'><strong>pecca-</strong></span> 
     </span>
    </p>
   </div>
   <div class='ocr_carea' id='block_1_5' title="bbox 328 489 2293 566">
    <p class='ocr_par' dir='ltr' id='par_1_5' title="bbox 328 489 2293 566">
     <span class='ocr_line' id='line_1_5' title="bbox 328 489 2293 566; baseline -0.001 -20"><span class='ocrx_word' id='word_1_39' title='bbox 328 489 386 566; x_wconf 71' lang='lat'><strong>3.</strong></span> <span class='ocrx_word' id='word_1_40' title='bbox 418 489 869 566; x_wconf 60' lang='lat' dir='ltr'><strong>Tandem&#39;quia</strong></span> <span class='ocrx_word' id='word_1_41' title='bbox 915 489 1188 566; x_wconf 77' lang='lat' dir='ltr'><strong>pleraque</strong></span> <span class='ocrx_word' id='word_1_42' title='bbox 1233 489 1427 566; x_wconf 72' lang='lat' dir='ltr'><strong>vetera</strong></span> <span class='ocrx_word' id='word_1_43' title='bbox 1471 490 1810 566; x_wconf 79' lang='lat' dir='ltr'><strong>diplomata,</strong></span> <span class='ocrx_word' id='word_1_44' title='bbox 1853 507 1980 566; x_wconf 55' lang='lat' dir='ltr'><strong>quis</strong></span> <span class='ocrx_word' id='word_1_45' title='bbox 2088 489 2293 547; x_wconf 74' lang='lat' dir='ltr'><strong>verint.</strong></span> 
     </span>
    </p>
   </div>
   <div class='ocr_carea' id='block_1_6' title="bbox 331 560 1980 634">
    <p class='ocr_par' dir='ltr' id='par_1_6' title="bbox 331 560 1980 634">
     <span class='ocr_line' id='line_1_6' title="bbox 331 560 1980 634; baseline -0.001 -17"><span class='ocrx_word' id='word_1_46' title='bbox 331 560 489 634; x_wconf 80' lang='lat' dir='ltr'><strong>apud</strong></span> <span class='ocrx_word' id='word_1_47' title='bbox 513 577 718 617; x_wconf 90' lang='lat' dir='ltr'><strong>omnes</strong></span> <span class='ocrx_word' id='word_1_48' title='bbox 745 560 1034 617; x_wconf 81' lang='lat' dir='ltr'><strong>constanti</strong></span> <span class='ocrx_word' id='word_1_49' title='bbox 1064 560 1177 617; x_wconf 76' lang='lat' dir='ltr'><strong>ﬁde</strong></span> <span class='ocrx_word' id='word_1_50' title='bbox 1207 560 1587 634; x_wconf 71' lang='lat' dir='ltr'><strong>recipiuntur,</strong></span> <span class='ocrx_word' id='word_1_51' title='bbox 1620 567 1817 617; x_wconf 91' lang='lat' dir='ltr'><strong>essent</strong></span> <span class='ocrx_word' id='word_1_52' title='bbox 1845 560 1980 633; x_wconf 80' lang='lat' dir='ltr'><strong>reji-</strong></span> 
     </span>
    </p>
   </div>
   <div class='ocr_carea' id='block_1_7' title="bbox 399 667 2244 740">
    <p class='ocr_par' dir='ltr' id='par_1_7' title="bbox 399 667 2244 740">
     <span class='ocr_line' id='line_1_7' title="bbox 399 667 2244 740; baseline 0.001 -17"><span class='ocrx_word' id='word_1_53' title='bbox 399 668 533 739; x_wconf 81' lang='lat' dir='ltr'><strong>(Hic</strong></span> <span class='ocrx_word' id='word_1_54' title='bbox 560 668 619 724; x_wconf 81' lang='lat' dir='ltr'><strong>in</strong></span> <span class='ocrx_word' id='word_1_55' title='bbox 649 667 887 726; x_wconf 77' lang='lat' dir='ltr'><strong>editione</strong></span> <span class='ocrx_word' id='word_1_56' title='bbox 914 670 1439 725; x_wconf 77' lang='lat' dir='ltr'><strong>Romano-Vaticana</strong></span> <span class='ocrx_word' id='word_1_57' title='bbox 1464 669 1723 726; x_wconf 77' lang='lat' dir='ltr'><strong>desinunt</strong></span> <span class='ocrx_word' id='word_1_58' title='bbox 1747 677 1893 727; x_wconf 73' lang='lat' dir='ltr'><strong>notae</strong></span> <span class='ocrx_word' id='word_1_59' title='bbox 1919 669 2244 740; x_wconf 72' lang='lat' dir='ltr'><strong>variorum.)</strong></span> 
     </span>
    </p>
   </div>
   <div class='ocr_carea' id='block_1_8' title="bbox 1550 1010 2651 1082">
    <p class='ocr_par' dir='ltr' id='par_1_8' title="bbox 1550 1010 2651 1082">
     <span class='ocr_line' id='line_1_8' title="bbox 1550 1010 2651 1082; baseline 0 -1"><span class='ocrx_word' id='word_1_60' title='bbox 1550 1011 1823 1082; x_wconf 87' lang='lat' dir='ltr'><strong>XCVI.</strong></span> <span class='ocrx_word' id='word_1_61' title='bbox 1880 1010 2468 1082; x_wconf 73' lang='lat' dir='ltr'><strong>STEI’HANUS</strong></span> <span class='ocrx_word' id='word_1_62' title='bbox 2525 1012 2651 1081; x_wconf 82' lang='lat' dir='ltr'><strong>ill.</strong></span> 
     </span>
    </p>
   </div>
   <div class='ocr_carea' id='block_1_9' title="bbox 1229 1186 2823 1269">
    <p class='ocr_par' dir='ltr' id='par_1_9' title="bbox 1229 1186 2823 1269">
     <span class='ocr_line' id='line_1_9' title="bbox 1229 1186 2823 1269; baseline 0 -19"><span class='ocrx_word' id='word_1_63' title='bbox 1229 1204 1393 1252; x_wconf 59' lang='lat' dir='ltr'><strong>anno</strong></span> <span class='ocrx_word' id='word_1_64' title='bbox 1434 1204 1671 1251; x_wconf 77' lang='lat' dir='ltr'><strong>CHRISTI</strong></span> <span class='ocrx_word' id='word_1_65' title='bbox 1710 1186 1855 1261; x_wconf 74' lang='lat'><strong>“168,</strong></span> <span class='ocrx_word' id='word_1_66' title='bbox 1899 1202 2305 1269; x_wconf 65' lang='lat' dir='ltr'><strong>consuerint</strong></span> <span class='ocrx_word' id='word_1_67' title='bbox 2347 1202 2681 1250; x_wconf 66' lang='lat' dir='ltr'><strong>corneum:</strong></span> <span class='ocrx_word' id='word_1_68' title='bbox 2721 1190 2823 1250; x_wconf 81' lang='lat'><strong>28.</strong></span> 
     </span>
    </p>
   </div>
   <div class='ocr_carea' id='block_1_10' title="bbox 538 1542 3732 1620">
    <p class='ocr_par' dir='ltr' id='par_1_10' title="bbox 538 1542 3732 1620">
     <span class='ocr_line' id='line_1_10' title="bbox 538 1542 3732 1620; baseline 0.002 -18"><span class='ocrx_word' id='word_1_69' title='bbox 538 1543 690 1602; x_wconf 85' lang='lat'><strong>262</strong></span> <span class='ocrx_word' id='word_1_70' title='bbox 722 1543 1055 1617; x_wconf 78' lang='lat' dir='ltr'><strong>Stephanus</strong></span> <span class='ocrx_word' id='word_1_71' title='bbox 1084 1542 1312 1613; x_wconf 88' lang='lat' dir='ltr'><strong>tertius,</strong></span> <span class='ocrx_word' id='word_1_72' title='bbox 1346 1543 1581 1601; x_wconf 90' lang='lat' dir='ltr'><strong>natione</strong></span> <span class='ocrx_word' id='word_1_73' title='bbox 1611 1543 1864 1611; x_wconf 90' lang='lat' dir='ltr'><strong>Siculus,</strong></span> <span class='ocrx_word' id='word_1_74' title='bbox 1892 1559 1960 1600; x_wconf 88' lang='lat' dir='ltr'><strong>ex</strong></span> <span class='ocrx_word' id='word_1_75' title='bbox 1990 1547 2151 1616; x_wconf 87' lang='lat' dir='ltr'><strong>patre</strong></span> <span class='ocrx_word' id='word_1_76' title='bbox 2181 1543 2361 1611; x_wconf 90' lang='lat' dir='ltr'><strong>Olivo,</strong></span> <span class='ocrx_word' id='word_1_77' title='bbox 2386 1544 2537 1600; x_wconf 82' lang='lat' dir='ltr'>sedit</span> <span class='ocrx_word' id='word_1_78' title='bbox 2569 1561 2752 1600; x_wconf 90' lang='lat' dir='ltr'><strong>annos</strong></span> <span class='ocrx_word' id='word_1_79' title='bbox 2776 1549 2917 1612; x_wconf 91' lang='lat' dir='ltr'><strong>tres,</strong></span> <span class='ocrx_word' id='word_1_80' title='bbox 2950 1562 3181 1602; x_wconf 82' lang='lat' dir='ltr'><strong>menses</strong></span> <span class='ocrx_word' id='word_1_81' title='bbox 3212 1545 3624 1620; x_wconf 88' lang='lat' dir='ltr'><strong>quinque,dies</strong></span> <span class='ocrx_word' id='word_1_82' title='bbox 3648 1547 3732 1609; x_wconf 82' lang='lat' dir='ltr'><strong>vi.</strong></span> 
     </span>
    </p>
   </div>
   <div class='ocr_carea' id='block_1_11' title="bbox 462 1631 3727 1706">
    <p class='ocr_par' dir='ltr' id='par_1_11' title="bbox 462 1631 3727 1706">
     <span class='ocr_line' id='line_1_11' title="bbox 462 1631 3727 1706; baseline 0.001 -18"><span class='ocrx_word' id='word_1_83' title='bbox 462 1631 611 1706; x_wconf 84' lang='lat' dir='ltr'><strong>ginti</strong></span> <span class='ocrx_word' id='word_1_84' title='bbox 638 1632 895 1689; x_wconf 87' lang='lat' dir='ltr'><strong>octo.Vir</strong></span> <span class='ocrx_word' id='word_1_85' title='bbox 924 1636 1203 1689; x_wconf 79' lang='lat' dir='ltr'><strong>strenuus</strong></span> <span class='ocrx_word' id='word_1_86' title='bbox 1232 1636 1289 1688; x_wconf 89' lang='lat' dir='ltr'><strong>et</strong></span> <span class='ocrx_word' id='word_1_87' title='bbox 1319 1632 1529 1688; x_wconf 87' lang='lat' dir='ltr'><strong>divinis</strong></span> <span class='ocrx_word' id='word_1_88' title='bbox 1562 1632 1877 1705; x_wconf 90' lang='lat' dir='ltr'><strong>Scripturis</strong></span> <span class='ocrx_word' id='word_1_89' title='bbox 1910 1633 2379 1704; x_wconf 89' lang='lat' dir='ltr'><strong>eruditus,atque</strong></span> <span class='ocrx_word' id='word_1_90' title='bbox 2405 1632 2818 1689; x_wconf 80' lang='lat' dir='ltr'><strong>ecclesiasticis</strong></span> <span class='ocrx_word' id='word_1_91' title='bbox 2849 1634 3266 1690; x_wconf 76' lang='lat' dir='ltr'><strong>traditionibus</strong></span> <span class='ocrx_word' id='word_1_92' title='bbox 3300 1634 3646 1704; x_wconf 89' lang='lat' dir='ltr'><strong>imbutus,et</strong></span> <span class='ocrx_word' id='word_1_93' title='bbox 3666 1635 3727 1691; x_wconf 90' lang='lat' dir='ltr'><strong>in</strong></span> 
     </span>
    </p>
   </div>
   <div class='ocr_carea' id='block_1_12' title="bbox 462 1720 3730 1794">
    <p class='ocr_par' dir='ltr' id='par_1_12' title="bbox 462 1720 3730 1794">
     <span class='ocr_line' id='line_1_12' title="bbox 462 1720 3730 1794; baseline 0 -16"><span class='ocrx_word' id='word_1_94' title='bbox 462 1738 664 1778; x_wconf 89' lang='lat' dir='ltr'><strong>earum</strong></span> <span class='ocrx_word' id='word_1_95' title='bbox 695 1722 1197 1778; x_wconf 83' lang='lat' dir='ltr'><strong>obsecrationibus</strong></span> <span class='ocrx_word' id='word_1_96' title='bbox 1228 1722 1746 1778; x_wconf 78' lang='lat' dir='ltr'><strong>constantissimus</strong></span> <span class='ocrx_word' id='word_1_97' title='bbox 1776 1724 2191 1794; x_wconf 86' lang='lat' dir='ltr'><strong>perseverator.</strong></span> <span class='ocrx_word' id='word_1_98' title='bbox 2218 1720 2319 1775; x_wconf 87' lang='lat' dir='ltr'><strong>Hic</strong></span> <span class='ocrx_word' id='word_1_99' title='bbox 2348 1722 2491 1775; x_wconf 89' lang='lat' dir='ltr'><strong>dum</strong></span> <span class='ocrx_word' id='word_1_100' title='bbox 2515 1738 2548 1775; x_wconf 89' lang='lat' dir='ltr'><strong>a</strong></span> <span class='ocrx_word' id='word_1_101' title='bbox 2579 1721 2865 1778; x_wconf 88' lang='lat' dir='ltr'><strong>Siciliensi</strong></span> <span class='ocrx_word' id='word_1_102' title='bbox 2900 1721 3095 1777; x_wconf 86' lang='lat' dir='ltr'><strong>insula</strong></span> <span class='ocrx_word' id='word_1_103' title='bbox 3122 1722 3181 1777; x_wconf 90' lang='lat' dir='ltr'><strong>in</strong></span> <span class='ocrx_word' id='word_1_104' title='bbox 3216 1722 3366 1779; x_wconf 90' lang='lat' dir='ltr'><strong>hanc</strong></span> <span class='ocrx_word' id='word_1_105' title='bbox 3397 1724 3730 1779; x_wconf 87' lang='lat' dir='ltr'><strong>advenisset</strong></span> 
     </span>
    </p>
   </div>
   <div class='ocr_carea' id='block_1_13' title="bbox 462 1810 3727 1884">
    <p class='ocr_par' dir='ltr' id='par_1_13' title="bbox 462 1810 3727 1884">
     <span class='ocr_line' id='line_1_13' title="bbox 462 1810 3727 1884; baseline 0.001 -18"><span class='ocrx_word' id='word_1_106' title='bbox 462 1810 787 1866; x_wconf 82' lang='lat' dir='ltr'><strong>Romanam</strong></span> <span class='ocrx_word' id='word_1_107' title='bbox 811 1811 1036 1879; x_wconf 82' lang='lat' dir='ltr'><strong>urbem,</strong></span> <span class='ocrx_word' id='word_1_108' title='bbox 1066 1811 1310 1867; x_wconf 84' lang='lat' dir='ltr'><strong>tradidit</strong></span> <span class='ocrx_word' id='word_1_109' title='bbox 1329 1827 1461 1866; x_wconf 89' lang='lat' dir='ltr'><strong>cum</strong></span> <span class='ocrx_word' id='word_1_110' title='bbox 1494 1811 1748 1865; x_wconf 87' lang='lat' dir='ltr'><strong>domnus</strong></span> <span class='ocrx_word' id='word_1_111' title='bbox 1780 1811 2112 1881; x_wconf 78' lang='lat' dir='ltr'><strong>Gregorius,</strong></span> <span class='ocrx_word' id='word_1_112' title='bbox 2144 1814 2356 1865; x_wconf 69' lang='lat' dir='ltr'><strong>sancta:</strong></span> <span class='ocrx_word' id='word_1_113' title='bbox 2383 1810 2802 1867; x_wconf 81' lang='lat' dir='ltr'><strong>recordationis</strong></span> <span class='ocrx_word' id='word_1_114' title='bbox 2832 1811 3040 1867; x_wconf 83' lang='lat' dir='ltr'><strong>tertius</strong></span> <span class='ocrx_word' id='word_1_115' title='bbox 3074 1829 3245 1884; x_wconf 87' lang='lat' dir='ltr'><strong>papa,</strong></span> <span class='ocrx_word' id='word_1_116' title='bbox 3278 1811 3339 1866; x_wconf 91' lang='lat' dir='ltr'><strong>in</strong></span> <span class='ocrx_word' id='word_1_117' title='bbox 3371 1812 3727 1868; x_wconf 86' lang='lat' dir='ltr'><strong>monasterio</strong></span> 
     </span>
    </p>
   </div>
   <div class='ocr_carea' id='block_1_14' title="bbox 384 1897 3726 1973">
    <p class='ocr_par' dir='ltr' id='par_1_14' title="bbox 384 1897 3726 1973">
     <span class='ocr_line' id='line_1_14' title="bbox 384 1897 3726 1973; baseline 0.001 -19"><span class='ocrx_word' id='word_1_118' title='bbox 384 1899 424 1954; x_wconf 87' lang='lat'><strong>5</strong></span> <span class='ocrx_word' id='word_1_119' title='bbox 460 1899 646 1954; x_wconf 89' lang='lat' dir='ltr'><strong>sancti</strong></span> <span class='ocrx_word' id='word_1_120' title='bbox 669 1899 1206 1973; x_wconf 83' lang='lat' dir='ltr'><strong>Chrysogoni,quod</strong></span> <span class='ocrx_word' id='word_1_121' title='bbox 1238 1903 1376 1955; x_wconf 89' lang='lat' dir='ltr'><strong>tunc</strong></span> <span class='ocrx_word' id='word_1_122' title='bbox 1407 1899 1632 1954; x_wconf 90' lang='lat' dir='ltr'><strong>noviter</strong></span> <span class='ocrx_word' id='word_1_123' title='bbox 1660 1899 1993 1966; x_wconf 80' lang='lat' dir='ltr'><strong>fundabat,‘</strong></span> <span class='ocrx_word' id='word_1_124' title='bbox 2025 1897 2260 1972; x_wconf 87' lang='lat' dir='ltr'><strong>illicque</strong></span> <span class='ocrx_word' id='word_1_125' title='bbox 2291 1898 2540 1955; x_wconf 84' lang='lat' dir='ltr'><strong>clericus</strong></span> <span class='ocrx_word' id='word_1_126' title='bbox 2572 1903 2745 1972; x_wconf 77' lang='lat' dir='ltr'><strong>atque</strong></span> <span class='ocrx_word' id='word_1_127' title='bbox 2777 1900 3101 1956; x_wconf 89' lang='lat' dir='ltr'><strong>monachus</strong></span> <span class='ocrx_word' id='word_1_128' title='bbox 3132 1906 3219 1956; x_wconf 89' lang='lat' dir='ltr'><strong>est</strong></span> <span class='ocrx_word' id='word_1_129' title='bbox 3249 1900 3507 1955; x_wconf 72' lang='lat' dir='ltr'><strong>effectus.</strong></span> <span class='ocrx_word' id='word_1_130' title='bbox 3542 1902 3726 1967; x_wconf 87' lang='lat' dir='ltr'><strong>Quem</strong></span> 
     </span>
    </p>
   </div>
   <div class='ocr_carea' id='block_1_15' title="bbox 458 1986 3727 2060">
    <p class='ocr_par' dir='ltr' id='par_1_15' title="bbox 458 1986 3727 2060">
     <span class='ocr_line' id='line_1_15' title="bbox 458 1986 3727 2060; baseline 0.001 -18"><span class='ocrx_word' id='word_1_131' title='bbox 458 1988 835 2059; x_wconf 87' lang='lat' dir='ltr'><strong>postmodum</strong></span> <span class='ocrx_word' id='word_1_132' title='bbox 866 1988 1121 2044; x_wconf 89' lang='lat' dir='ltr'><strong>domnus</strong></span> <span class='ocrx_word' id='word_1_133' title='bbox 1148 1988 1454 2044; x_wconf 86' lang='lat' dir='ltr'><strong>Zacharias</strong></span> <span class='ocrx_word' id='word_1_134' title='bbox 1481 2005 1631 2060; x_wconf 89' lang='lat' dir='ltr'><strong>papa</strong></span> <span class='ocrx_word' id='word_1_135' title='bbox 1654 2004 1723 2043; x_wconf 88' lang='lat' dir='ltr'><strong>ex</strong></span> <span class='ocrx_word' id='word_1_136' title='bbox 1752 1987 1878 2059; x_wconf 89' lang='lat' dir='ltr'><strong>ipso</strong></span> <span class='ocrx_word' id='word_1_137' title='bbox 1904 1986 2221 2044; x_wconf 89' lang='lat' dir='ltr'><strong>abstollens</strong></span> <span class='ocrx_word' id='word_1_138' title='bbox 2239 1991 2314 2056; x_wconf 74' lang='grc' dir='ltr'><strong>(τι)</strong></span> <span class='ocrx_word' id='word_1_139' title='bbox 2330 1988 2769 2055; x_wconf 88' lang='lat' dir='ltr'><strong>monasterio,in</strong></span> <span class='ocrx_word' id='word_1_140' title='bbox 2789 1988 3197 2045; x_wconf 87' lang='lat' dir='ltr'><strong>Lateranensis</strong></span> <span class='ocrx_word' id='word_1_141' title='bbox 3220 1988 3727 2060; x_wconf 89' lang='lat' dir='ltr'><strong>patriarchiicubi-</strong></span> 
     </span>
    </p>
   </div>
   <div class='ocr_carea' id='block_1_16' title="bbox 457 2072 3725 2149">
    <p class='ocr_par' dir='ltr' id='par_1_16' title="bbox 457 2072 3725 2149">
     <span class='ocr_line' id='line_1_16' title="bbox 457 2072 3725 2149; baseline 0.001 -18"><span class='ocrx_word' id='word_1_142' title='bbox 457 2072 589 2132; x_wconf 87' lang='lat' dir='ltr'><strong>culo</strong></span> <span class='ocrx_word' id='word_1_143' title='bbox 619 2092 747 2132; x_wconf 87' lang='lat' dir='ltr'><strong>esse</strong></span> <span class='ocrx_word' id='word_1_144' title='bbox 776 2077 1067 2149; x_wconf 70' lang='lat' dir='ltr'><strong>praecepit.</strong></span> <span class='ocrx_word' id='word_1_145' title='bbox 1101 2077 1367 2149; x_wconf 89' lang='lat' dir='ltr'><strong>Eumque</strong></span> <span class='ocrx_word' id='word_1_146' title='bbox 1397 2077 1773 2149; x_wconf 89' lang='lat' dir='ltr'><strong>postmodum</strong></span> <span class='ocrx_word' id='word_1_147' title='bbox 1806 2077 2208 2148; x_wconf 84' lang='lat' dir='ltr'><strong>presbyterum</strong></span> <span class='ocrx_word' id='word_1_148' title='bbox 2249 2076 2308 2130; x_wconf 92' lang='lat' dir='ltr'><strong>in</strong></span> <span class='ocrx_word' id='word_1_149' title='bbox 2361 2076 2532 2131; x_wconf 83' lang='lat' dir='ltr'><strong>titulo</strong></span> <span class='ocrx_word' id='word_1_150' title='bbox 2581 2083 2797 2133; x_wconf 77' lang='lat' dir='ltr'><strong>sanctae</strong></span> <span class='ocrx_word' id='word_1_151' title='bbox 2844 2076 3099 2133; x_wconf 63' lang='lat' dir='ltr'><strong>ecclesiae</strong></span> <span class='ocrx_word' id='word_1_152' title='bbox 3129 2078 3509 2133; x_wconf 84' lang='lat' dir='ltr'><strong>consecravit.</strong></span> <span class='ocrx_word' id='word_1_153' title='bbox 3541 2080 3725 2144; x_wconf 88' lang='lat' dir='ltr'><strong>Quem</strong></span> 
     </span>
    </p>
   </div>
   <div class='ocr_carea' id='block_1_17' title="bbox 454 2163 3723 2237">
    <p class='ocr_par' dir='ltr' id='par_1_17' title="bbox 454 2163 3723 2237">
     <span class='ocr_line' id='line_1_17' title="bbox 454 2163 3723 2237; baseline 0.001 -17"><span class='ocrx_word' id='word_1_154' title='bbox 454 2168 652 2220; x_wconf 84' lang='lat' dir='ltr'><strong>tamen</strong></span> <span class='ocrx_word' id='word_1_155' title='bbox 684 2181 789 2236; x_wconf 86' lang='lat' dir='ltr'><strong>pro</strong></span> <span class='ocrx_word' id='word_1_156' title='bbox 817 2166 946 2237; x_wconf 87' lang='lat' dir='ltr'><strong>ejus</strong></span> <span class='ocrx_word' id='word_1_157' title='bbox 978 2165 1266 2222; x_wconf 84' lang='lat' dir='ltr'><strong>castitatis</strong></span> <span class='ocrx_word' id='word_1_158' title='bbox 1296 2164 1585 2221; x_wconf 87' lang='lat' dir='ltr'><strong>modestia</strong></span> <span class='ocrx_word' id='word_1_159' title='bbox 1606 2165 1665 2220; x_wconf 93' lang='lat' dir='ltr'><strong>in</strong></span> <span class='ocrx_word' id='word_1_160' title='bbox 1692 2182 1799 2221; x_wconf 91' lang='lat' dir='ltr'><strong>suo</strong></span> <span class='ocrx_word' id='word_1_161' title='bbox 1830 2164 2021 2221; x_wconf 82' lang='lat' dir='ltr'><strong>ofﬁcio</strong></span> <span class='ocrx_word' id='word_1_162' title='bbox 2055 2164 2461 2221; x_wconf 85' lang='lat' dir='ltr'><strong>Lateranensis</strong></span> <span class='ocrx_word' id='word_1_163' title='bbox 2492 2166 2763 2222; x_wconf 88' lang='lat' dir='ltr'><strong>detinuit.</strong></span> <span class='ocrx_word' id='word_1_164' title='bbox 2798 2166 2909 2222; x_wconf 87' lang='lat' dir='ltr'><strong>Sed</strong></span> <span class='ocrx_word' id='word_1_165' title='bbox 2942 2169 2998 2222; x_wconf 91' lang='lat' dir='ltr'><strong>et</strong></span> <span class='ocrx_word' id='word_1_166' title='bbox 3028 2163 3259 2237; x_wconf 86' lang='lat' dir='ltr'><strong>reliqui,</strong></span> <span class='ocrx_word' id='word_1_167' title='bbox 3294 2164 3517 2222; x_wconf 85' lang='lat' dir='ltr'><strong>scilicet</strong></span> <span class='ocrx_word' id='word_1_168' title='bbox 3555 2167 3723 2223; x_wconf 91' lang='lat' dir='ltr'><strong>dom-</strong></span> 
     </span>
    </p>
   </div>
   <div class='ocr_carea' id='block_1_18' title="bbox 455 2252 3723 2327">
    <p class='ocr_par' dir='ltr' id='par_1_18' title="bbox 455 2252 3723 2327">
     <span class='ocr_line' id='line_1_18' title="bbox 455 2252 3723 2327; baseline 0 -19"><span class='ocrx_word' id='word_1_169' title='bbox 455 2269 572 2309; x_wconf 86' lang='lat' dir='ltr'><strong>nus</strong></span> <span class='ocrx_word' id='word_1_170' title='bbox 598 2253 932 2325; x_wconf 86' lang='lat' dir='ltr'><strong>Stephanus</strong></span> <span class='ocrx_word' id='word_1_171' title='bbox 959 2257 1017 2310; x_wconf 91' lang='lat' dir='ltr'><strong>et</strong></span> <span class='ocrx_word' id='word_1_172' title='bbox 1048 2253 1259 2310; x_wconf 88' lang='lat' dir='ltr'><strong>Paulus</strong></span> <span class='ocrx_word' id='word_1_173' title='bbox 1279 2252 1603 2311; x_wconf 87' lang='lat' dir='ltr'><strong>beatissimi</strong></span> <span class='ocrx_word' id='word_1_174' title='bbox 1629 2253 1954 2326; x_wconf 80' lang='lat' dir='ltr'><strong>pontifices,</strong></span> <span class='ocrx_word' id='word_1_175' title='bbox 1987 2252 2260 2309; x_wconf 87' lang='lat' dir='ltr'><strong>eumdem</strong></span> <span class='ocrx_word' id='word_1_176' title='bbox 2294 2253 2736 2309; x_wconf 87' lang='lat' dir='ltr'><strong>sanctissimum</strong></span> <span class='ocrx_word' id='word_1_177' title='bbox 2767 2253 3131 2326; x_wconf 87' lang='lat' dir='ltr'><strong>Stephanum</strong></span> <span class='ocrx_word' id='word_1_178' title='bbox 3164 2270 3267 2325; x_wconf 89' lang='lat' dir='ltr'><strong>pro</strong></span> <span class='ocrx_word' id='word_1_179' title='bbox 3299 2254 3427 2325; x_wconf 87' lang='lat' dir='ltr'><strong>ejus</strong></span> <span class='ocrx_word' id='word_1_180' title='bbox 3456 2253 3571 2327; x_wconf 90' lang='lat' dir='ltr'><strong>piis</strong></span> <span class='ocrx_word' id='word_1_181' title='bbox 3593 2272 3723 2311; x_wconf 91' lang='lat' dir='ltr'><strong>con-</strong></span> 
     </span>
    </p>
   </div>
   <div class='ocr_carea' id='block_1_19' title="bbox 341 2341 3521 2404">
    <p class='ocr_par' dir='ltr' id='par_1_19' title="bbox 341 2341 3521 2404">
     <span class='ocr_line' id='line_1_19' title="bbox 341 2341 3521 2404; baseline 0 -7"><span class='ocrx_word' id='word_1_182' title='bbox 341 2342 420 2397; x_wconf 83' lang='grc'><strong>10</strong></span> <span class='ocrx_word' id='word_1_183' title='bbox 454 2341 971 2399; x_wconf 81' lang='lat' dir='ltr'><strong>versationibusin</strong></span> <span class='ocrx_word' id='word_1_184' title='bbox 1003 2360 1110 2399; x_wconf 89' lang='lat' dir='ltr'><strong>suo</strong></span> <span class='ocrx_word' id='word_1_185' title='bbox 1141 2344 1373 2399; x_wconf 90' lang='lat' dir='ltr'><strong>servitio</strong></span> <span class='ocrx_word' id='word_1_186' title='bbox 1402 2342 1675 2398; x_wconf 86' lang='lat' dir='ltr'><strong>similiter</strong></span> <span class='ocrx_word' id='word_1_187' title='bbox 1705 2342 2104 2398; x_wconf 88' lang='lat' dir='ltr'><strong>detinuerunt.</strong></span> <span class='ocrx_word' id='word_1_188' title='bbox 3512 2394 3521 2404; x_wconf 89' lang='grc'><em>,</em></span> 
     </span>
    </p>
   </div>
   <div class='ocr_carea' id='block_1_20' title="bbox 529 2430 3721 2505">
    <p class='ocr_par' dir='ltr' id='par_1_20' title="bbox 529 2430 3721 2505">
     <span class='ocr_line' id='line_1_20' title="bbox 529 2430 3721 2505; baseline 0.001 -18"><span class='ocrx_word' id='word_1_189' title='bbox 529 2430 680 2487; x_wconf 70' lang='lat'><strong>268</strong></span> <span class='ocrx_word' id='word_1_190' title='bbox 712 2431 861 2487; x_wconf 90' lang='lat' dir='ltr'><strong>Dum</strong></span> <span class='ocrx_word' id='word_1_191' title='bbox 892 2448 1024 2487; x_wconf 89' lang='lat' dir='ltr'><strong>vero</strong></span> <span class='ocrx_word' id='word_1_192' title='bbox 1058 2433 1449 2505; x_wconf 67' lang='lat' dir='ltr'><strong>praedecessor</strong></span> <span class='ocrx_word' id='word_1_193' title='bbox 1475 2434 1603 2504; x_wconf 84' lang='lat' dir='ltr'><strong>ejus</strong></span> <span class='ocrx_word' id='word_1_194' title='bbox 1635 2432 1887 2487; x_wconf 91' lang='lat' dir='ltr'><strong>domnus</strong></span> <span class='ocrx_word' id='word_1_195' title='bbox 1919 2431 2134 2486; x_wconf 89' lang='lat' dir='ltr'><strong>Paulus</strong></span> <span class='ocrx_word' id='word_1_196' title='bbox 2165 2448 2317 2504; x_wconf 89' lang='lat' dir='ltr'><strong>papa</strong></span> <span class='ocrx_word' id='word_1_197' title='bbox 2349 2449 2450 2503; x_wconf 90' lang='lat' dir='ltr'><strong>pro</strong></span> <span class='ocrx_word' id='word_1_198' title='bbox 2483 2431 2828 2487; x_wconf 88' lang='lat' dir='ltr'><strong>auctoritate</strong></span> <span class='ocrx_word' id='word_1_199' title='bbox 2861 2430 3098 2487; x_wconf 82' lang='lat' dir='ltr'><strong>fervoris</strong></span> <span class='ocrx_word' id='word_1_200' title='bbox 3131 2431 3328 2487; x_wconf 62' lang='lat' dir='ltr'><strong>aestivo</strong></span> <span class='ocrx_word' id='word_1_201' title='bbox 3371 2435 3631 2504; x_wconf 87' lang='lat' dir='ltr'><strong>tempore</strong></span> <span class='ocrx_word' id='word_1_202' title='bbox 3660 2431 3721 2489; x_wconf 89' lang='lat' dir='ltr'><strong>in</strong></span> 
     </span>
    </p>
   </div>
   <div class='ocr_carea' id='block_1_21' title="bbox 455 2518 3720 2593">
    <p class='ocr_par' dir='ltr' id='par_1_21' title="bbox 455 2518 3720 2593">
     <span class='ocr_line' id='line_1_21' title="bbox 455 2518 3720 2593; baseline 0.002 -20"><span class='ocrx_word' id='word_1_203' title='bbox 455 2518 700 2575; x_wconf 87' lang='lat' dir='ltr'><strong>ecclesia</strong></span> <span class='ocrx_word' id='word_1_204' title='bbox 730 2521 882 2576; x_wconf 88' lang='lat' dir='ltr'><strong>beati</strong></span> <span class='ocrx_word' id='word_1_205' title='bbox 917 2520 1078 2577; x_wconf 86' lang='lat' dir='ltr'><strong>Pauli</strong></span> <span class='ocrx_word' id='word_1_206' title='bbox 1126 2522 1548 2588; x_wconf 89' lang='lat' dir='ltr'><strong>demoraretur,</strong></span> <span class='ocrx_word' id='word_1_207' title='bbox 1582 2526 1639 2576; x_wconf 89' lang='lat' dir='ltr'><strong>et</strong></span> <span class='ocrx_word' id='word_1_208' title='bbox 1689 2520 1880 2576; x_wconf 91' lang='lat' dir='ltr'><strong>valida</strong></span> <span class='ocrx_word' id='word_1_209' title='bbox 1929 2521 2146 2576; x_wconf 86' lang='lat' dir='ltr'><strong>ibidem</strong></span> <span class='ocrx_word' id='word_1_210' title='bbox 2194 2520 2540 2593; x_wconf 81' lang='lat' dir='ltr'><strong>aegritudine</strong></span> <span class='ocrx_word' id='word_1_211' title='bbox 2584 2523 3106 2593; x_wconf 63' lang='lat' dir='ltr'><strong>prmoccuparetur,</strong></span> <span class='ocrx_word' id='word_1_212' title='bbox 3161 2520 3230 2574; x_wconf 92' lang='lat' dir='ltr'><strong>de</strong></span> <span class='ocrx_word' id='word_1_213' title='bbox 3275 2537 3392 2592; x_wconf 91' lang='lat' dir='ltr'><strong>qua</strong></span> <span class='ocrx_word' id='word_1_214' title='bbox 3440 2525 3498 2576; x_wconf 91' lang='lat' dir='ltr'><strong>et</strong></span> <span class='ocrx_word' id='word_1_215' title='bbox 3539 2521 3720 2578; x_wconf 87' lang='lat' dir='ltr'><strong>vitam</strong></span> 
     </span>
    </p>
   </div>
   <div class='ocr_carea' id='block_1_22' title="bbox 454 2607 3719 2683">
    <p class='ocr_par' dir='ltr' id='par_1_22' title="bbox 454 2607 3719 2683">
     <span class='ocr_line' id='line_1_22' title="bbox 454 2607 3719 2683; baseline 0.002 -21"><span class='ocrx_word' id='word_1_216' title='bbox 454 2608 662 2675; x_wconf 81' lang='lat' dir='ltr'><strong>ﬁnivit,</strong></span> <span class='ocrx_word' id='word_1_217' title='bbox 689 2607 783 2665; x_wconf 90' lang='lat' dir='ltr'><strong>die</strong></span> <span class='ocrx_word' id='word_1_218' title='bbox 812 2613 1107 2683; x_wconf 90' lang='lat' dir='ltr'><strong>noctuque</strong></span> <span class='ocrx_word' id='word_1_219' title='bbox 1136 2610 1324 2666; x_wconf 90' lang='lat' dir='ltr'><strong>isdem</strong></span> <span class='ocrx_word' id='word_1_220' title='bbox 1356 2610 1739 2666; x_wconf 87' lang='lat' dir='ltr'><strong>beatissimus</strong></span> <span class='ocrx_word' id='word_1_221' title='bbox 1770 2610 2102 2682; x_wconf 84' lang='lat' dir='ltr'><strong>Stephanus</strong></span> <span class='ocrx_word' id='word_1_222' title='bbox 2138 2609 2196 2663; x_wconf 90' lang='lat' dir='ltr'><strong>in</strong></span> <span class='ocrx_word' id='word_1_223' title='bbox 2229 2609 2491 2681; x_wconf 83' lang='lat' dir='ltr'><strong>ejusdem</strong></span> <span class='ocrx_word' id='word_1_224' title='bbox 2544 2609 2634 2663; x_wconf 92' lang='lat' dir='ltr'><strong>sui</strong></span> <span class='ocrx_word' id='word_1_225' title='bbox 2683 2608 3128 2681; x_wconf 85' lang='lat' dir='ltr'><strong>praedecessoris</strong></span> <span class='ocrx_word' id='word_1_226' title='bbox 3178 2607 3472 2682; x_wconf 80' lang='lat' dir='ltr'><strong>pontificis</strong></span> <span class='ocrx_word' id='word_1_227' title='bbox 3519 2626 3719 2681; x_wconf 88' lang='lat' dir='ltr'><strong>perse-</strong></span> 
     </span>
    </p>
   </div>
   <div class='ocr_carea' id='block_1_23' title="bbox 451 2696 3717 2770">
    <p class='ocr_par' dir='ltr' id='par_1_23' title="bbox 451 2696 3717 2770">
     <span class='ocr_line' id='line_1_23' title="bbox 451 2696 3717 2770; baseline 0.001 -19"><span class='ocrx_word' id='word_1_228' title='bbox 451 2713 658 2754; x_wconf 83' lang='lat' dir='ltr'><strong>verans</strong></span> <span class='ocrx_word' id='word_1_229' title='bbox 690 2698 1111 2767; x_wconf 88' lang='lat' dir='ltr'><strong>servitio,nullo</strong></span> <span class='ocrx_word' id='word_1_230' title='bbox 1145 2700 1316 2756; x_wconf 91' lang='lat' dir='ltr'><strong>modo</strong></span> <span class='ocrx_word' id='word_1_231' title='bbox 1348 2700 1420 2754; x_wconf 91' lang='lat' dir='ltr'><strong>ab</strong></span> <span class='ocrx_word' id='word_1_232' title='bbox 1452 2700 1579 2770; x_wconf 89' lang='lat' dir='ltr'><strong>ejus</strong></span> <span class='ocrx_word' id='word_1_233' title='bbox 1610 2698 2034 2767; x_wconf 86' lang='lat' dir='ltr'><strong>lectulo,donec</strong></span> <span class='ocrx_word' id='word_1_234' title='bbox 2064 2697 2335 2769; x_wconf 87' lang='lat' dir='ltr'><strong>spiritum</strong></span> <span class='ocrx_word' id='word_1_235' title='bbox 2367 2698 2677 2764; x_wconf 89' lang='lat' dir='ltr'><strong>emitteret,</strong></span> <span class='ocrx_word' id='word_1_236' title='bbox 2695 2696 2950 2753; x_wconf 89' lang='lat' dir='ltr'><strong>recessit.</strong></span> <span class='ocrx_word' id='word_1_237' title='bbox 2966 2699 3036 2752; x_wconf 90' lang='lat' dir='ltr'><strong>At</strong></span> <span class='ocrx_word' id='word_1_238' title='bbox 3068 2714 3198 2752; x_wconf 84' lang='lat' dir='ltr'><strong>vero</strong></span> <span class='ocrx_word' id='word_1_239' title='bbox 3232 2696 3447 2769; x_wconf 83' lang='lat' dir='ltr'><strong>Paulus</strong></span> <span class='ocrx_word' id='word_1_240' title='bbox 3478 2714 3629 2770; x_wconf 88' lang='lat' dir='ltr'><strong>papa</strong></span> <span class='ocrx_word' id='word_1_241' title='bbox 3657 2698 3717 2754; x_wconf 92' lang='lat' dir='ltr'><strong>in</strong></span> 
     </span>
    </p>
   </div>
   <div class='ocr_carea' id='block_1_24' title="bbox 379 2786 3719 2859">
    <p class='ocr_par' dir='ltr' id='par_1_24' title="bbox 379 2786 3719 2859">
     <span class='ocr_line' id='line_1_24' title="bbox 379 2786 3719 2859; baseline 0.001 -19"><span class='ocrx_word' id='word_1_242' title='bbox 379 2786 417 2840; x_wconf 88' lang='lat'>5</span> <span class='ocrx_word' id='word_1_243' title='bbox 452 2786 798 2859; x_wconf 67' lang='lat' dir='ltr'><strong>aegritudine</strong></span> <span class='ocrx_word' id='word_1_244' title='bbox 829 2789 1056 2859; x_wconf 91' lang='lat' dir='ltr'><strong>positus</strong></span> <span class='ocrx_word' id='word_1_245' title='bbox 1085 2806 1221 2844; x_wconf 91' lang='lat' dir='ltr'><strong>cum</strong></span> <span class='ocrx_word' id='word_1_246' title='bbox 1255 2789 1517 2844; x_wconf 89' lang='lat' dir='ltr'><strong>nondum</strong></span> <span class='ocrx_word' id='word_1_247' title='bbox 1546 2789 1739 2844; x_wconf 86' lang='lat' dir='ltr'><strong>adhuc</strong></span> <span class='ocrx_word' id='word_1_248' title='bbox 1772 2787 2044 2859; x_wconf 87' lang='lat' dir='ltr'><strong>spiritum</strong></span> <span class='ocrx_word' id='word_1_249' title='bbox 2078 2786 2390 2853; x_wconf 85' lang='lat' dir='ltr'><strong>exhalaret,</strong></span> <span class='ocrx_word' id='word_1_250' title='bbox 2425 2786 2580 2841; x_wconf 90' lang='lat' dir='ltr'><strong>illico</strong></span> <span class='ocrx_word' id='word_1_251' title='bbox 2613 2788 2757 2841; x_wconf 91' lang='lat' dir='ltr'><strong>Toto</strong></span> <span class='ocrx_word' id='word_1_252' title='bbox 2789 2787 3029 2857; x_wconf 90' lang='lat' dir='ltr'><strong>quidam</strong></span> <span class='ocrx_word' id='word_1_253' title='bbox 3060 2786 3503 2857; x_wconf 71' lang='lat' dir='ltr'><strong>dux,Nepesinaa</strong></span> <span class='ocrx_word' id='word_1_254' title='bbox 3525 2786 3719 2843; x_wconf 87' lang='lat' dir='ltr'><strong>civita-</strong></span> 
     </span>
    </p>
   </div>
   <div class='ocr_carea' id='block_1_25' title="bbox 450 2874 3715 2950">
    <p class='ocr_par' dir='ltr' id='par_1_25' title="bbox 450 2874 3715 2950">
     <span class='ocr_line' id='line_1_25' title="bbox 450 2874 3715 2950; baseline 0 -20"><span class='ocrx_word' id='word_1_255' title='bbox 450 2875 526 2930; x_wconf 87' lang='lat' dir='ltr'><strong>tis</strong></span> <span class='ocrx_word' id='word_1_256' title='bbox 558 2876 782 2931; x_wconf 90' lang='lat' dir='ltr'><strong>dudum</strong></span> <span class='ocrx_word' id='word_1_257' title='bbox 814 2876 1271 2947; x_wconf 88' lang='lat' dir='ltr'><strong>habitator,cum</strong></span> <span class='ocrx_word' id='word_1_258' title='bbox 1304 2878 1428 2933; x_wconf 92' lang='lat' dir='ltr'><strong>suis</strong></span> <span class='ocrx_word' id='word_1_259' title='bbox 1458 2878 1757 2950; x_wconf 87' lang='lat' dir='ltr'><strong>germanis</strong></span> <span class='ocrx_word' id='word_1_260' title='bbox 1786 2875 2428 2944; x_wconf 77' lang='lat' dir='ltr'><strong>Constantino,Passivo</strong></span> <span class='ocrx_word' id='word_1_261' title='bbox 2450 2880 2507 2930; x_wconf 93' lang='lat' dir='ltr'><strong>et</strong></span> <span class='ocrx_word' id='word_1_262' title='bbox 2536 2874 3232 2947; x_wconf 82' lang='lat' dir='ltr'><strong>Paschale,aggregantes</strong></span> <span class='ocrx_word' id='word_1_263' title='bbox 3262 2879 3383 2930; x_wconf 93' lang='lat' dir='ltr'><strong>tam</strong></span> <span class='ocrx_word' id='word_1_264' title='bbox 3416 2892 3482 2930; x_wconf 88' lang='lat' dir='ltr'><strong>ex</strong></span> <span class='ocrx_word' id='word_1_265' title='bbox 3513 2876 3715 2931; x_wconf 90' lang='lat' dir='ltr'><strong>eadem</strong></span> 
     </span>
    </p>
   </div>
   <div class='ocr_carea' id='block_1_26' title="bbox 450 2962 3711 3039">
    <p class='ocr_par' dir='ltr' id='par_1_26' title="bbox 450 2962 3711 3039">
     <span class='ocr_line' id='line_1_26' title="bbox 450 2962 3711 3039; baseline -0 -20"><span class='ocrx_word' id='word_1_266' title='bbox 450 2963 738 3037; x_wconf 86' lang='lat' dir='ltr'><strong>Nepesina</strong></span> <span class='ocrx_word' id='word_1_267' title='bbox 766 2982 1059 3039; x_wconf 87' lang='lat' dir='ltr'><strong>quamque</strong></span> <span class='ocrx_word' id='word_1_268' title='bbox 1090 2984 1158 3022; x_wconf 84' lang='lat' dir='ltr'><strong>ex</strong></span> <span class='ocrx_word' id='word_1_269' title='bbox 1189 2966 1320 3023; x_wconf 88' lang='lat' dir='ltr'><strong>aliis</strong></span> <span class='ocrx_word' id='word_1_270' title='bbox 1351 2967 1575 3024; x_wconf 63' lang='lat' dir='ltr'><strong>Tusciae</strong></span> <span class='ocrx_word' id='word_1_271' title='bbox 1607 2966 1941 3022; x_wconf 87' lang='lat' dir='ltr'><strong>civitatibus</strong></span> <span class='ocrx_word' id='word_1_272' title='bbox 1973 2964 2408 3020; x_wconf 77' lang='lat' dir='ltr'><strong>multitudinem</strong></span> <span class='ocrx_word' id='word_1_273' title='bbox 2441 2964 2727 3019; x_wconf 82' lang='lat' dir='ltr'><strong>exercitus</strong></span> <span class='ocrx_word' id='word_1_274' title='bbox 2775 2966 2949 3035; x_wconf 88' lang='lat' dir='ltr'><strong>atque</strong></span> <span class='ocrx_word' id='word_1_275' title='bbox 2997 2967 3289 3019; x_wconf 83' lang='lat' dir='ltr'><strong>catervam</strong></span> <span class='ocrx_word' id='word_1_276' title='bbox 3336 2962 3711 3032; x_wconf 87' lang='lat' dir='ltr'><strong>rusticorum,</strong></span> 
     </span>
    </p>
   </div>
   <div class='ocr_carea' id='block_1_27' title="bbox 449 3050 3710 3127">
    <p class='ocr_par' dir='ltr' id='par_1_27' title="bbox 449 3050 3710 3127">
     <span class='ocr_line' id='line_1_27' title="bbox 449 3050 3710 3127; baseline 0.001 -21"><span class='ocrx_word' id='word_1_277' title='bbox 449 3051 960 3127; x_wconf 81' lang='lat' dir='ltr'><strong>ingredientesque</strong></span> <span class='ocrx_word' id='word_1_278' title='bbox 991 3072 1093 3127; x_wconf 90' lang='lat' dir='ltr'><strong>per</strong></span> <span class='ocrx_word' id='word_1_279' title='bbox 1122 3060 1349 3127; x_wconf 88' lang='lat' dir='ltr'><strong>portam</strong></span> <span class='ocrx_word' id='word_1_280' title='bbox 1385 3055 1538 3112; x_wconf 88' lang='lat' dir='ltr'><strong>beati</strong></span> <span class='ocrx_word' id='word_1_281' title='bbox 1569 3054 1859 3112; x_wconf 89' lang='lat' dir='ltr'><strong>Pancratii</strong></span> <span class='ocrx_word' id='word_1_282' title='bbox 1893 3054 1948 3109; x_wconf 90' lang='lat' dir='ltr'><strong>in</strong></span> <span class='ocrx_word' id='word_1_283' title='bbox 1984 3054 2137 3109; x_wconf 90' lang='lat' dir='ltr'><strong>hanc</strong></span> <span class='ocrx_word' id='word_1_284' title='bbox 2165 3054 2488 3109; x_wconf 83' lang='lat' dir='ltr'><strong>Romanam</strong></span> <span class='ocrx_word' id='word_1_285' title='bbox 2520 3053 2745 3120; x_wconf 88' lang='lat' dir='ltr'><strong>urbem,</strong></span> <span class='ocrx_word' id='word_1_286' title='bbox 2775 3056 2950 3124; x_wconf 90' lang='lat' dir='ltr'><strong>atque</strong></span> <span class='ocrx_word' id='word_1_287' title='bbox 2979 3050 3040 3107; x_wconf 91' lang='lat' dir='ltr'><strong>in</strong></span> <span class='ocrx_word' id='word_1_288' title='bbox 3070 3052 3244 3108; x_wconf 90' lang='lat' dir='ltr'><strong>domo</strong></span> <span class='ocrx_word' id='word_1_289' title='bbox 3290 3050 3568 3107; x_wconf 86' lang='lat' dir='ltr'><strong>antedicti</strong></span> <span class='ocrx_word' id='word_1_290' title='bbox 3599 3052 3710 3108; x_wconf 90' lang='lat' dir='ltr'><strong>To-</strong></span> 
     </span>
    </p>
   </div>
   <div class='ocr_carea' id='block_1_28' title="bbox 446 3140 3711 3218">
    <p class='ocr_par' dir='ltr' id='par_1_28' title="bbox 446 3140 3711 3218">
     <span class='ocr_line' id='line_1_28' title="bbox 446 3140 3711 3218; baseline -0 -20"><span class='ocrx_word' id='word_1_291' title='bbox 446 3142 602 3198; x_wconf 85' lang='lat' dir='ltr'><strong>tonis</strong></span> <span class='ocrx_word' id='word_1_292' title='bbox 626 3143 835 3199; x_wconf 86' lang='lat' dir='ltr'><strong>armati</strong></span> <span class='ocrx_word' id='word_1_293' title='bbox 868 3143 1232 3213; x_wconf 88' lang='lat' dir='ltr'><strong>assistentes,</strong></span> <span class='ocrx_word' id='word_1_294' title='bbox 1268 3144 1570 3218; x_wconf 85' lang='lat' dir='ltr'><strong>elegerunt</strong></span> <span class='ocrx_word' id='word_1_295' title='bbox 1597 3144 1816 3200; x_wconf 90' lang='lat' dir='ltr'><strong>ibidem</strong></span> <span class='ocrx_word' id='word_1_296' title='bbox 1858 3144 2052 3199; x_wconf 91' lang='lat' dir='ltr'><strong>subito</strong></span> <span class='ocrx_word' id='word_1_297' title='bbox 2101 3142 2549 3198; x_wconf 88' lang='lat' dir='ltr'><strong>Constantinum</strong></span> <span class='ocrx_word' id='word_1_298' title='bbox 2596 3143 2837 3197; x_wconf 81' lang='lat' dir='ltr'><strong>fratrem</strong></span> <span class='ocrx_word' id='word_1_299' title='bbox 2887 3142 3153 3213; x_wconf 87' lang='lat' dir='ltr'><strong>ejusdem</strong></span> <span class='ocrx_word' id='word_1_300' title='bbox 3204 3140 3446 3197; x_wconf 87' lang='lat' dir='ltr'><strong>Totonis</strong></span> <span class='ocrx_word' id='word_1_301' title='bbox 3495 3140 3711 3197; x_wconf 86' lang='lat' dir='ltr'><strong>Iaicum</strong></span> 
     </span>
    </p>
   </div>
   <div class='ocr_carea' id='block_1_29' title="bbox 338 3226 3711 3306">
    <p class='ocr_par' dir='ltr' id='par_1_29' title="bbox 338 3226 3711 3306">
     <span class='ocr_line' id='line_1_29' title="bbox 338 3226 3711 3306; baseline -0 -20"><span class='ocrx_word' id='word_1_302' title='bbox 338 3231 413 3286; x_wconf 87' lang='grc'><strong>10</strong></span> <span class='ocrx_word' id='word_1_303' title='bbox 450 3230 999 3305; x_wconf 82' lang='lat' dir='ltr'><strong>existentem,quem</strong></span> <span class='ocrx_word' id='word_1_304' title='bbox 1028 3250 1163 3290; x_wconf 89' lang='lat' dir='ltr'><strong>cum</strong></span> <span class='ocrx_word' id='word_1_305' title='bbox 1192 3226 1373 3290; x_wconf 87' lang='lat' dir='ltr'><strong>armis</strong></span> <span class='ocrx_word' id='word_1_306' title='bbox 1404 3233 1643 3306; x_wconf 90' lang='lat' dir='ltr'><strong>plurimi</strong></span> <span class='ocrx_word' id='word_1_307' title='bbox 1673 3250 1875 3289; x_wconf 90' lang='lat' dir='ltr'><strong>eorum</strong></span> <span class='ocrx_word' id='word_1_308' title='bbox 1904 3232 2101 3288; x_wconf 90' lang='lat' dir='ltr'><strong>loricis</strong></span> <span class='ocrx_word' id='word_1_309' title='bbox 2131 3230 2321 3286; x_wconf 91' lang='lat' dir='ltr'><strong>induti</strong></span> <span class='ocrx_word' id='word_1_310' title='bbox 2347 3230 2760 3287; x_wconf 87' lang='lat' dir='ltr'><strong>latrocinantes</strong></span> <span class='ocrx_word' id='word_1_311' title='bbox 2789 3229 2848 3284; x_wconf 93' lang='lat' dir='ltr'><strong>in</strong></span> <span class='ocrx_word' id='word_1_312' title='bbox 2875 3230 3263 3286; x_wconf 87' lang='lat' dir='ltr'><strong>Lateranense</strong></span> <span class='ocrx_word' id='word_1_313' title='bbox 3287 3228 3711 3302; x_wconf 89' lang='lat' dir='ltr'><strong>patriarchium</strong></span> 
     </span>
    </p>
   </div>
   <div class='ocr_carea' id='block_1_30' title="bbox 448 3318 914 3377">
    <p class='ocr_par' dir='ltr' id='par_1_30' title="bbox 448 3318 914 3377">
     <span class='ocr_line' id='line_1_30' title="bbox 448 3318 914 3377; baseline 0.004 -3"><span class='ocrx_word' id='word_1_314' title='bbox 448 3318 914 3377; x_wconf 84' lang='lat' dir='ltr'><strong>introduxerunt.</strong></span> 
     </span>
    </p>
   </div>
   <div class='ocr_carea' id='block_1_31' title="bbox 520 3405 3713 3480">
    <p class='ocr_par' dir='ltr' id='par_1_31' title="bbox 520 3405 3713 3480">
     <span class='ocr_line' id='line_1_31' title="bbox 520 3405 3713 3480; baseline -0.001 -16"><span class='ocrx_word' id='word_1_315' title='bbox 520 3408 673 3464; x_wconf 74' lang='lat'><strong>264</strong></span> <span class='ocrx_word' id='word_1_316' title='bbox 699 3409 769 3464; x_wconf 88' lang='lat' dir='ltr'><strong>Et</strong></span> <span class='ocrx_word' id='word_1_317' title='bbox 788 3409 1169 3466; x_wconf 88' lang='lat' dir='ltr'><strong>ascendentes</strong></span> <span class='ocrx_word' id='word_1_318' title='bbox 1199 3427 1334 3465; x_wconf 92' lang='lat' dir='ltr'><strong>cum</strong></span> <span class='ocrx_word' id='word_1_319' title='bbox 1364 3426 1429 3466; x_wconf 89' lang='lat' dir='ltr'><strong>eo</strong></span> <span class='ocrx_word' id='word_1_320' title='bbox 1460 3410 1520 3465; x_wconf 90' lang='lat' dir='ltr'><strong>in</strong></span> <span class='ocrx_word' id='word_1_321' title='bbox 1550 3409 1954 3478; x_wconf 91' lang='lat' dir='ltr'><strong>vicedominio,</strong></span> <span class='ocrx_word' id='word_1_322' title='bbox 1989 3408 2264 3465; x_wconf 89' lang='lat' dir='ltr'><strong>continuo</strong></span> <span class='ocrx_word' id='word_1_323' title='bbox 2296 3407 2573 3463; x_wconf 89' lang='lat' dir='ltr'><strong>accersito</strong></span> <span class='ocrx_word' id='word_1_324' title='bbox 2606 3406 2847 3480; x_wconf 85' lang='lat' dir='ltr'><strong>Georgio</strong></span> <span class='ocrx_word' id='word_1_325' title='bbox 2879 3408 2953 3480; x_wconf 84' lang='lat' dir='ltr'><strong>(b)</strong></span> <span class='ocrx_word' id='word_1_326' title='bbox 2986 3406 3277 3480; x_wconf 90' lang='lat' dir='ltr'><strong>episcopo,</strong></span> <span class='ocrx_word' id='word_1_327' title='bbox 3302 3405 3713 3479; x_wconf 89' lang='lat' dir='ltr'><strong>compulerunt</strong></span> 
     </span>
    </p>
   </div>
   <div class='ocr_carea' id='block_1_32' title="bbox 448 3496 3713 3568">
    <p class='ocr_par' dir='ltr' id='par_1_32' title="bbox 448 3496 3713 3568">
     <span class='ocr_line' id='line_1_32' title="bbox 448 3496 3713 3568; baseline 0.001 -19"><span class='ocrx_word' id='word_1_328' title='bbox 448 3510 583 3549; x_wconf 87' lang='lat' dir='ltr'><strong>eum</strong></span> <span class='ocrx_word' id='word_1_329' title='bbox 614 3501 680 3551; x_wconf 91' lang='lat' dir='ltr'><strong>ut</strong></span> <span class='ocrx_word' id='word_1_330' title='bbox 707 3496 1029 3552; x_wconf 89' lang='lat' dir='ltr'><strong>orationem</strong></span> <span class='ocrx_word' id='word_1_331' title='bbox 1060 3498 1370 3554; x_wconf 88' lang='lat' dir='ltr'><strong>clericatus</strong></span> <span class='ocrx_word' id='word_1_332' title='bbox 1401 3499 1590 3555; x_wconf 87' lang='lat' dir='ltr'><strong>eidem</strong></span> <span class='ocrx_word' id='word_1_333' title='bbox 1619 3498 1998 3554; x_wconf 89' lang='lat' dir='ltr'><strong>Constantino</strong></span> <span class='ocrx_word' id='word_1_334' title='bbox 2030 3497 2467 3568; x_wconf 88' lang='lat' dir='ltr'><strong>tribueret.lpse</strong></span> <span class='ocrx_word' id='word_1_335' title='bbox 2498 3514 2630 3551; x_wconf 89' lang='lat' dir='ltr'><strong>vero</strong></span> <span class='ocrx_word' id='word_1_336' title='bbox 2660 3497 2899 3551; x_wconf 91' lang='lat' dir='ltr'><strong>omnino</strong></span> <span class='ocrx_word' id='word_1_337' title='bbox 2930 3496 3040 3551; x_wconf 94' lang='lat' dir='ltr'><strong>hoc</strong></span> <span class='ocrx_word' id='word_1_338' title='bbox 3072 3496 3351 3552; x_wconf 89' lang='lat' dir='ltr'><strong>renuebat</strong></span> <span class='ocrx_word' id='word_1_339' title='bbox 3365 3496 3713 3563; x_wconf 80' lang='lat' dir='ltr'><strong>facere,cor-</strong></span> 
     </span>
    </p>
   </div>
   <div class='ocr_carea' id='block_1_33' title="bbox 449 3584 3713 3660">
    <p class='ocr_par' dir='ltr' id='par_1_33' title="bbox 449 3584 3713 3660">
     <span class='ocr_line' id='line_1_33' title="bbox 449 3584 3713 3660; baseline 0.001 -22"><span class='ocrx_word' id='word_1_340' title='bbox 449 3600 743 3658; x_wconf 87' lang='lat' dir='ltr'><strong>ruensque</strong></span> <span class='ocrx_word' id='word_1_341' title='bbox 764 3586 823 3641; x_wconf 90' lang='lat' dir='ltr'><strong>in</strong></span> <span class='ocrx_word' id='word_1_342' title='bbox 858 3590 1070 3642; x_wconf 89' lang='lat' dir='ltr'><strong>terram</strong></span> <span class='ocrx_word' id='word_1_343' title='bbox 1102 3587 1414 3659; x_wconf 89' lang='lat' dir='ltr'><strong>prostravit</strong></span> <span class='ocrx_word' id='word_1_344' title='bbox 1445 3604 1505 3644; x_wconf 87' lang='lat' dir='ltr'><strong>se</strong></span> <span class='ocrx_word' id='word_1_345' title='bbox 1534 3587 1783 3660; x_wconf 90' lang='lat' dir='ltr'><strong>pedibus</strong></span> <span class='ocrx_word' id='word_1_346' title='bbox 1814 3587 2001 3660; x_wconf 91' lang='lat' dir='ltr'><strong>ipsius</strong></span> <span class='ocrx_word' id='word_1_347' title='bbox 2032 3585 2418 3658; x_wconf 83' lang='lat' dir='ltr'><strong>Constantini,</strong></span> <span class='ocrx_word' id='word_1_348' title='bbox 2439 3586 2720 3656; x_wconf 86' lang='lat' dir='ltr'><strong>adjurans</strong></span> <span class='ocrx_word' id='word_1_349' title='bbox 2750 3601 2885 3640; x_wconf 88' lang='lat' dir='ltr'><strong>eum</strong></span> <span class='ocrx_word' id='word_1_350' title='bbox 2914 3585 3138 3640; x_wconf 83' lang='lat' dir='ltr'><strong>fortiter</strong></span> <span class='ocrx_word' id='word_1_351' title='bbox 3167 3601 3269 3656; x_wconf 91' lang='lat' dir='ltr'><strong>per</strong></span> <span class='ocrx_word' id='word_1_352' title='bbox 3297 3584 3497 3640; x_wconf 91' lang='lat' dir='ltr'><strong>omnia</strong></span> <span class='ocrx_word' id='word_1_353' title='bbox 3517 3584 3713 3640; x_wconf 91' lang='lat' dir='ltr'><strong>divina</strong></span> 
     </span>
    </p>
   </div>
   <div class='ocr_carea' id='block_1_34' title="bbox 447 3672 3711 3750">
    <p class='ocr_par' dir='ltr' id='par_1_34' title="bbox 447 3672 3711 3750">
     <span class='ocr_line' id='line_1_34' title="bbox 447 3672 3711 3750; baseline 0.001 -23"><span class='ocrx_word' id='word_1_354' title='bbox 447 3675 723 3746; x_wconf 80' lang='lat' dir='ltr'><strong>mysteria</strong></span> <span class='ocrx_word' id='word_1_355' title='bbox 748 3678 813 3731; x_wconf 90' lang='lat' dir='ltr'><strong>ut</strong></span> <span class='ocrx_word' id='word_1_356' title='bbox 833 3675 1028 3732; x_wconf 89' lang='lat' dir='ltr'><strong>locum</strong></span> <span class='ocrx_word' id='word_1_357' title='bbox 1059 3678 1241 3743; x_wconf 89' lang='lat' dir='ltr'><strong>daret,</strong></span> <span class='ocrx_word' id='word_1_358' title='bbox 1274 3681 1329 3732; x_wconf 90' lang='lat' dir='ltr'><strong>et</strong></span> <span class='ocrx_word' id='word_1_359' title='bbox 1359 3677 1430 3733; x_wconf 87' lang='lat' dir='ltr'><strong>ab</strong></span> <span class='ocrx_word' id='word_1_360' title='bbox 1463 3677 1729 3749; x_wconf 89' lang='lat' dir='ltr'><strong>ejusdem</strong></span> <span class='ocrx_word' id='word_1_361' title='bbox 1760 3676 1954 3750; x_wconf 70' lang='lat' dir='ltr'><strong>impiae</strong></span> <span class='ocrx_word' id='word_1_362' title='bbox 1985 3675 2459 3749; x_wconf 69' lang='lat' dir='ltr'><strong>praesumptionis</strong></span> <span class='ocrx_word' id='word_1_363' title='bbox 2490 3674 2786 3748; x_wconf 88' lang='lat' dir='ltr'><strong>proposito</strong></span> <span class='ocrx_word' id='word_1_364' title='bbox 2819 3676 3130 3740; x_wconf 88' lang='lat' dir='ltr'><strong>recederet,</strong></span> <span class='ocrx_word' id='word_1_365' title='bbox 3165 3690 3236 3729; x_wconf 92' lang='lat' dir='ltr'><strong>ne</strong></span> <span class='ocrx_word' id='word_1_366' title='bbox 3276 3691 3379 3746; x_wconf 90' lang='lat' dir='ltr'><strong>per</strong></span> <span class='ocrx_word' id='word_1_367' title='bbox 3409 3690 3544 3729; x_wconf 89' lang='lat' dir='ltr'><strong>eum</strong></span> <span class='ocrx_word' id='word_1_368' title='bbox 3574 3672 3711 3729; x_wconf 89' lang='lat' dir='ltr'><strong>talis</strong></span> 
     </span>
    </p>
   </div>
   <div class='ocr_carea' id='block_1_35' title="bbox 364 3761 3704 3836">
    <p class='ocr_par' dir='ltr' id='par_1_35' title="bbox 364 3761 3704 3836">
     <span class='ocr_line' id='line_1_35' title="bbox 364 3761 3704 3836; baseline 0 -19"><span class='ocrx_word' id='word_1_369' title='bbox 364 3761 402 3817; x_wconf 90' lang='lat'>5</span> <span class='ocrx_word' id='word_1_370' title='bbox 439 3761 703 3819; x_wconf 84' lang='lat' dir='ltr'><strong>inaudita</strong></span> <span class='ocrx_word' id='word_1_371' title='bbox 752 3765 975 3821; x_wconf 89' lang='lat' dir='ltr'><strong>novitas</strong></span> <span class='ocrx_word' id='word_1_372' title='bbox 1022 3765 1081 3821; x_wconf 88' lang='lat' dir='ltr'><strong>in</strong></span> <span class='ocrx_word' id='word_1_373' title='bbox 1130 3766 1389 3822; x_wconf 90' lang='lat' dir='ltr'><strong>Ecclesia</strong></span> <span class='ocrx_word' id='word_1_374' title='bbox 1437 3767 1539 3823; x_wconf 86' lang='lat' dir='ltr'><strong>Dei</strong></span> <span class='ocrx_word' id='word_1_375' title='bbox 1580 3769 1757 3823; x_wconf 83' lang='lat' dir='ltr'><strong>fieret.</strong></span> <span class='ocrx_word' id='word_1_376' title='bbox 1795 3768 1864 3822; x_wconf 87' lang='lat' dir='ltr'><strong>Et</strong></span> <span class='ocrx_word' id='word_1_377' title='bbox 1914 3767 2057 3821; x_wconf 92' lang='lat' dir='ltr'><strong>dum</strong></span> <span class='ocrx_word' id='word_1_378' title='bbox 2103 3763 2442 3835; x_wconf 79' lang='lat' dir='ltr'><strong>hujusmodi</strong></span> <span class='ocrx_word' id='word_1_379' title='bbox 2469 3764 2856 3836; x_wconf 85' lang='lat' dir='ltr'><strong>adjurationis</strong></span> <span class='ocrx_word' id='word_1_380' title='bbox 2885 3765 3171 3836; x_wconf 81' lang='lat' dir='ltr'><strong>proferret</strong></span> <span class='ocrx_word' id='word_1_381' title='bbox 3202 3763 3395 3829; x_wconf 88' lang='lat' dir='ltr'><strong>verba,</strong></span> <span class='ocrx_word' id='word_1_382' title='bbox 3429 3761 3704 3819; x_wconf 89' lang='lat' dir='ltr'><strong>concitati</strong></span> 
     </span>
    </p>
   </div>
   <div class='ocr_carea' id='block_1_36' title="bbox 438 3849 3709 3927">
    <p class='ocr_par' dir='ltr' id='par_1_36' title="bbox 438 3849 3709 3927">
     <span class='ocr_line' id='line_1_36' title="bbox 438 3849 3709 3927; baseline 0 -22"><span class='ocrx_word' id='word_1_383' title='bbox 438 3849 673 3923; x_wconf 90' lang='lat' dir='ltr'><strong>plurimi</strong></span> <span class='ocrx_word' id='word_1_384' title='bbox 705 3870 775 3909; x_wconf 80' lang='lat' dir='ltr'><strong>ex</strong></span> <span class='ocrx_word' id='word_1_385' title='bbox 802 3852 949 3925; x_wconf 89' lang='lat' dir='ltr'><strong>ipsis</strong></span> <span class='ocrx_word' id='word_1_386' title='bbox 977 3854 1251 3926; x_wconf 81' lang='lat' dir='ltr'><strong>malignis</strong></span> <span class='ocrx_word' id='word_1_387' title='bbox 1283 3854 1382 3927; x_wconf 86' lang='lat' dir='ltr'><strong>qui</strong></span> <span class='ocrx_word' id='word_1_388' title='bbox 1414 3856 1681 3909; x_wconf 89' lang='lat' dir='ltr'><strong>eamdem</strong></span> <span class='ocrx_word' id='word_1_389' title='bbox 1712 3853 1956 3927; x_wconf 86' lang='lat' dir='ltr'><strong>impiam</strong></span> <span class='ocrx_word' id='word_1_390' title='bbox 1993 3854 2334 3909; x_wconf 87' lang='lat' dir='ltr'><strong>electionem</strong></span> <span class='ocrx_word' id='word_1_391' title='bbox 2386 3854 2658 3918; x_wconf 85' lang='lat' dir='ltr'><strong>fecerant,</strong></span> <span class='ocrx_word' id='word_1_392' title='bbox 2691 3854 3064 3926; x_wconf 82' lang='lat' dir='ltr'><strong>insurgentes</strong></span> <span class='ocrx_word' id='word_1_393' title='bbox 3115 3869 3293 3925; x_wconf 87' lang='lat' dir='ltr'><strong>super</strong></span> <span class='ocrx_word' id='word_1_394' title='bbox 3338 3868 3498 3917; x_wconf 89' lang='lat' dir='ltr'><strong>eum,</strong></span> <span class='ocrx_word' id='word_1_395' title='bbox 3534 3856 3709 3923; x_wconf 88' lang='lat' dir='ltr'><strong>atque</strong></span> 
     </span>
    </p>
   </div>
   <div class='ocr_carea' id='block_1_37' title="bbox 441 3939 3703 4015">
    <p class='ocr_par' dir='ltr' id='par_1_37' title="bbox 441 3939 3703 4015">
     <span class='ocr_line' id='line_1_37' title="bbox 441 3939 3703 4015; baseline 0 -23"><span class='ocrx_word' id='word_1_396' title='bbox 441 3939 665 3995; x_wconf 85' lang='lat' dir='ltr'><strong>fortiter</strong></span> <span class='ocrx_word' id='word_1_397' title='bbox 693 3941 1120 3997; x_wconf 89' lang='lat' dir='ltr'><strong>comminantes</strong></span> <span class='ocrx_word' id='word_1_398' title='bbox 1150 3942 1222 4010; x_wconf 92' lang='lat' dir='ltr'><strong>ei,</strong></span> <span class='ocrx_word' id='word_1_399' title='bbox 1259 3942 1466 3998; x_wconf 90' lang='lat' dir='ltr'><strong>timore</strong></span> <span class='ocrx_word' id='word_1_400' title='bbox 1495 3948 1797 4015; x_wconf 88' lang='lat' dir='ltr'><strong>correptus</strong></span> <span class='ocrx_word' id='word_1_401' title='bbox 1828 3943 2148 3998; x_wconf 89' lang='lat' dir='ltr'><strong>orationem</strong></span> <span class='ocrx_word' id='word_1_402' title='bbox 2179 3942 2265 3996; x_wconf 92' lang='lat' dir='ltr'><strong>illi</strong></span> <span class='ocrx_word' id='word_1_403' title='bbox 2296 3941 2607 3997; x_wconf 87' lang='lat' dir='ltr'><strong>clericatus</strong></span> <span class='ocrx_word' id='word_1_404' title='bbox 2646 3941 2871 4008; x_wconf 89' lang='lat' dir='ltr'><strong>tribuit,</strong></span> <span class='ocrx_word' id='word_1_405' title='bbox 2905 3946 2963 3996; x_wconf 90' lang='lat' dir='ltr'><strong>et</strong></span> <span class='ocrx_word' id='word_1_406' title='bbox 3016 3942 3097 3996; x_wconf 86' lang='lat' dir='ltr'><strong>ita</strong></span> <span class='ocrx_word' id='word_1_407' title='bbox 3144 3940 3393 3995; x_wconf 90' lang='lat' dir='ltr'><strong>clericus</strong></span> <span class='ocrx_word' id='word_1_408' title='bbox 3442 3939 3703 4006; x_wconf 74' lang='lat' dir='ltr'><strong>effectus,</strong></span> 
     </span>
    </p>
   </div>
   <div class='ocr_carea' id='block_1_38' title="bbox 440 4026 3702 4104">
    <p class='ocr_par' dir='ltr' id='par_1_38' title="bbox 440 4026 3702 4104">
     <span class='ocr_line' id='line_1_38' title="bbox 440 4026 3702 4104; baseline -0 -22"><span class='ocrx_word' id='word_1_409' title='bbox 440 4028 711 4085; x_wconf 88' lang='lat' dir='ltr'><strong>eumdem</strong></span> <span class='ocrx_word' id='word_1_410' title='bbox 743 4029 1188 4086; x_wconf 89' lang='lat' dir='ltr'><strong>sanctissimum</strong></span> <span class='ocrx_word' id='word_1_411' title='bbox 1220 4032 1610 4087; x_wconf 87' lang='lat' dir='ltr'><strong>Lateranense</strong></span> <span class='ocrx_word' id='word_1_412' title='bbox 1637 4031 1852 4088; x_wconf 90' lang='lat' dir='ltr'><strong>invasit</strong></span> <span class='ocrx_word' id='word_1_413' title='bbox 1880 4030 2317 4104; x_wconf 88' lang='lat' dir='ltr'><strong>patriarchium.</strong></span> <span class='ocrx_word' id='word_1_414' title='bbox 2348 4030 2473 4086; x_wconf 88' lang='lat' dir='ltr'><strong>Alio</strong></span> <span class='ocrx_word' id='word_1_415' title='bbox 2523 4047 2657 4085; x_wconf 90' lang='lat' dir='ltr'><strong>vero</strong></span> <span class='ocrx_word' id='word_1_416' title='bbox 2702 4029 2794 4085; x_wconf 89' lang='lat' dir='ltr'><strong>die</strong></span> <span class='ocrx_word' id='word_1_417' title='bbox 2826 4029 3220 4095; x_wconf 89' lang='lat' dir='ltr'><strong>illucescente,</strong></span> <span class='ocrx_word' id='word_1_418' title='bbox 3252 4027 3512 4084; x_wconf 89' lang='lat' dir='ltr'><strong>secunda</strong></span> <span class='ocrx_word' id='word_1_419' title='bbox 3540 4026 3702 4093; x_wconf 82' lang='lat' dir='ltr'><strong>feria,</strong></span> 
     </span>
    </p>
   </div>
   <div class='ocr_carea' id='block_1_39' title="bbox 437 4104 3700 4193">
    <p class='ocr_par' dir='ltr' id='par_1_39' title="bbox 437 4104 3700 4193">
     <span class='ocr_line' id='line_1_39' title="bbox 437 4104 3700 4193; baseline 0 -22"><span class='ocrx_word' id='word_1_420' title='bbox 437 4116 834 4174; x_wconf 84' lang='lat' dir='ltr'><strong>subdiaconus</strong></span> <span class='ocrx_word' id='word_1_421' title='bbox 864 4122 1039 4191; x_wconf 88' lang='lat' dir='ltr'><strong>atque</strong></span> <span class='ocrx_word' id='word_1_422' title='bbox 1068 4119 1352 4176; x_wconf 88' lang='lat' dir='ltr'><strong>diaconus</strong></span> <span class='ocrx_word' id='word_1_423' title='bbox 1381 4121 1455 4176; x_wconf 90' lang='lat' dir='ltr'><strong>ab</strong></span> <span class='ocrx_word' id='word_1_424' title='bbox 1483 4121 1688 4177; x_wconf 91' lang='lat' dir='ltr'><strong>eodem</strong></span> <span class='ocrx_word' id='word_1_425' title='bbox 1715 4121 1986 4193; x_wconf 90' lang='lat' dir='ltr'><strong>episcopo</strong></span> <span class='ocrx_word' id='word_1_426' title='bbox 2019 4120 2078 4175; x_wconf 90' lang='lat' dir='ltr'><strong>in</strong></span> <span class='ocrx_word' id='word_1_427' title='bbox 2111 4120 2364 4175; x_wconf 81' lang='lat' dir='ltr'><strong>oratorio</strong></span> <span class='ocrx_word' id='word_1_428' title='bbox 2395 4104 2597 4176; x_wconf 52' lang='lat' dir='ltr'><strong>sancti.</strong></span> <span class='ocrx_word' id='word_1_429' title='bbox 2615 4118 2912 4175; x_wconf 86' lang='lat' dir='ltr'><strong>Laurentii</strong></span> <span class='ocrx_word' id='word_1_430' title='bbox 2950 4118 3105 4174; x_wconf 86' lang='lat' dir='ltr'><strong>intra</strong></span> <span class='ocrx_word' id='word_1_431' title='bbox 3148 4118 3423 4175; x_wconf 89' lang='lat' dir='ltr'><strong>eumdem</strong></span> <span class='ocrx_word' id='word_1_432' title='bbox 3452 4115 3700 4189; x_wconf 87' lang='lat' dir='ltr'><strong>patriar-</strong></span> 
     </span>
    </p>
   </div>
   <div class='ocr_carea' id='block_1_40' title="bbox 325 4201 2454 4277">
    <p class='ocr_par' dir='ltr' id='par_1_40' title="bbox 325 4201 2454 4277">
     <span class='ocr_line' id='line_1_40' title="bbox 325 4201 2454 4277; baseline 0.003 -22"><span class='ocrx_word' id='word_1_433' title='bbox 325 4201 397 4255; x_wconf 86' lang='grc'><strong>10</strong></span> <span class='ocrx_word' id='word_1_434' title='bbox 433 4201 654 4271; x_wconf 91' lang='lat' dir='ltr'><strong>chium,</strong></span> <span class='ocrx_word' id='word_1_435' title='bbox 687 4211 891 4261; x_wconf 88' lang='lat' dir='ltr'><strong>contra</strong></span> <span class='ocrx_word' id='word_1_436' title='bbox 920 4212 1257 4263; x_wconf 87' lang='lat' dir='ltr'><strong>sanctorum</strong></span> <span class='ocrx_word' id='word_1_437' title='bbox 1289 4225 1581 4266; x_wconf 89' lang='lat' dir='ltr'><strong>canonum</strong></span> <span class='ocrx_word' id='word_1_438' title='bbox 1611 4209 1903 4277; x_wconf 85' lang='lat' dir='ltr'><strong>instituta,</strong></span> <span class='ocrx_word' id='word_1_439' title='bbox 1937 4212 2313 4264; x_wconf 89' lang='lat' dir='ltr'><strong>consecratus</strong></span> <span class='ocrx_word' id='word_1_440' title='bbox 2345 4212 2454 4263; x_wconf 89' lang='lat' dir='ltr'><strong>est.</strong></span> 
     </span>
    </p>
   </div>
   <div class='ocr_carea' id='block_1_41' title="bbox 509 4292 3701 4370">
    <p class='ocr_par' dir='ltr' id='par_1_41' title="bbox 509 4292 3701 4370">
     <span class='ocr_line' id='line_1_41' title="bbox 509 4292 3701 4370; baseline 0 -22"><span class='ocrx_word' id='word_1_441' title='bbox 509 4292 660 4349; x_wconf 74' lang='lat'><strong>265</strong></span> <span class='ocrx_word' id='word_1_442' title='bbox 693 4292 904 4367; x_wconf 89' lang='lat' dir='ltr'><strong>Sicque</strong></span> <span class='ocrx_word' id='word_1_443' title='bbox 936 4296 1274 4352; x_wconf 88' lang='lat' dir='ltr'><strong>universum</strong></span> <span class='ocrx_word' id='word_1_444' title='bbox 1304 4298 1588 4370; x_wconf 85' lang='lat' dir='ltr'><strong>populum</strong></span> <span class='ocrx_word' id='word_1_445' title='bbox 1619 4298 1730 4355; x_wconf 91' lang='lat' dir='ltr'><strong>sibi</strong></span> <span class='ocrx_word' id='word_1_446' title='bbox 1782 4302 2217 4355; x_wconf 89' lang='lat' dir='ltr'><strong>sacramentum</strong></span> <span class='ocrx_word' id='word_1_447' title='bbox 2266 4298 2521 4369; x_wconf 67' lang='lat' dir='ltr'><strong>praebere</strong></span> <span class='ocrx_word' id='word_1_448' title='bbox 2572 4296 2730 4362; x_wconf 79' lang='lat' dir='ltr'><strong>fecit,</strong></span> <span class='ocrx_word' id='word_1_449' title='bbox 2763 4300 2821 4351; x_wconf 90' lang='lat' dir='ltr'><strong>et</strong></span> <span class='ocrx_word' id='word_1_450' title='bbox 2870 4294 3209 4352; x_wconf 89' lang='lat' dir='ltr'><strong>adveniente</strong></span> <span class='ocrx_word' id='word_1_451' title='bbox 3256 4294 3559 4351; x_wconf 89' lang='lat' dir='ltr'><strong>Dominico</strong></span> <span class='ocrx_word' id='word_1_452' title='bbox 3608 4292 3701 4348; x_wconf 90' lang='lat' dir='ltr'><strong>die</strong></span> 
     </span>
    </p>
   </div>
   <div class='ocr_carea' id='block_1_42' title="bbox 438 4383 3696 4458">
    <p class='ocr_par' dir='ltr' id='par_1_42' title="bbox 438 4383 3696 4458">
     <span class='ocr_line' id='line_1_42' title="bbox 438 4383 3696 4458; baseline 0.001 -23"><span class='ocrx_word' id='word_1_453' title='bbox 438 4397 674 4438; x_wconf 89' lang='lat' dir='ltr'><strong>rursum</strong></span> <span class='ocrx_word' id='word_1_454' title='bbox 705 4400 839 4439; x_wconf 90' lang='lat' dir='ltr'><strong>cum</strong></span> <span class='ocrx_word' id='word_1_455' title='bbox 873 4384 1253 4442; x_wconf 90' lang='lat' dir='ltr'><strong>multitudine</strong></span> <span class='ocrx_word' id='word_1_456' title='bbox 1282 4392 1640 4443; x_wconf 90' lang='lat' dir='ltr'><strong>armatorum</strong></span> <span class='ocrx_word' id='word_1_457' title='bbox 1671 4386 2028 4445; x_wconf 75' lang='lat' dir='ltr'><strong>exercituum</strong></span> <span class='ocrx_word' id='word_1_458' title='bbox 2060 4387 2120 4441; x_wconf 93' lang='lat' dir='ltr'><strong>in</strong></span> <span class='ocrx_word' id='word_1_459' title='bbox 2152 4385 2393 4442; x_wconf 90' lang='lat' dir='ltr'><strong>basilica</strong></span> <span class='ocrx_word' id='word_1_460' title='bbox 2424 4384 2579 4441; x_wconf 89' lang='lat' dir='ltr'><strong>beati</strong></span> <span class='ocrx_word' id='word_1_461' title='bbox 2607 4384 2757 4441; x_wconf 90' lang='lat' dir='ltr'><strong>Petri</strong></span> <span class='ocrx_word' id='word_1_462' title='bbox 2790 4401 3109 4458; x_wconf 86' lang='lat' dir='ltr'><strong>properans</strong></span> <span class='ocrx_word' id='word_1_463' title='bbox 3137 4383 3480 4457; x_wconf 82' lang='lat' dir='ltr'><strong>pontifexab</strong></span> <span class='ocrx_word' id='word_1_464' title='bbox 3496 4383 3696 4439; x_wconf 89' lang='lat' dir='ltr'><strong>eodem</strong></span> 
     </span>
    </p>
   </div>
   <div class='ocr_carea' id='block_1_43' title="bbox 438 4466 3696 4547">
    <p class='ocr_par' dir='ltr' id='par_1_43' title="bbox 438 4466 3696 4547">
     <span class='ocr_line' id='line_1_43' title="bbox 438 4466 3696 4547; baseline 0.001 -24"><span class='ocrx_word' id='word_1_465' title='bbox 438 4466 680 4541; x_wconf 87' lang='lat' dir='ltr'><strong>Georgio</strong></span> <span class='ocrx_word' id='word_1_466' title='bbox 710 4470 981 4542; x_wconf 90' lang='lat' dir='ltr'><strong>episcopo</strong></span> <span class='ocrx_word' id='word_1_467' title='bbox 1013 4472 1362 4530; x_wconf 86' lang='lat' dir='ltr'><strong>Praenestino</strong></span> <span class='ocrx_word' id='word_1_468' title='bbox 1393 4480 1449 4531; x_wconf 89' lang='lat' dir='ltr'><strong>et</strong></span> <span class='ocrx_word' id='word_1_469' title='bbox 1473 4476 1603 4532; x_wconf 89' lang='lat' dir='ltr'><strong>aliis</strong></span> <span class='ocrx_word' id='word_1_470' title='bbox 1636 4477 1868 4531; x_wconf 89' lang='lat' dir='ltr'><strong>duobus</strong></span> <span class='ocrx_word' id='word_1_471' title='bbox 1900 4472 2509 4547; x_wconf 83' lang='lat' dir='ltr'><strong>episcopis,Eustratio</strong></span> <span class='ocrx_word' id='word_1_472' title='bbox 2532 4472 2860 4528; x_wconf 88' lang='lat' dir='ltr'><strong>Albanense</strong></span> <span class='ocrx_word' id='word_1_473' title='bbox 2893 4476 2948 4527; x_wconf 89' lang='lat' dir='ltr'><strong>et</strong></span> <span class='ocrx_word' id='word_1_474' title='bbox 2977 4470 3239 4528; x_wconf 89' lang='lat' dir='ltr'><strong>Citonato</strong></span> <span class='ocrx_word' id='word_1_475' title='bbox 3270 4471 3337 4543; x_wconf 78' lang='grc' dir='ltr'><strong>(ε)</strong></span> <span class='ocrx_word' id='word_1_476' title='bbox 3361 4470 3696 4538; x_wconf 88' lang='lat' dir='ltr'><strong>Portuense,</strong></span> 
     </span>
    </p>
   </div>
   <div class='ocr_carea' id='block_1_44' title="bbox 435 4559 3698 4636">
    <p class='ocr_par' dir='ltr' id='par_1_44' title="bbox 435 4559 3698 4636">
     <span class='ocr_line' id='line_1_44' title="bbox 435 4559 3698 4636; baseline 0.002 -26"><span class='ocrx_word' id='word_1_477' title='bbox 435 4563 811 4615; x_wconf 88' lang='lat' dir='ltr'><strong>consecratus</strong></span> <span class='ocrx_word' id='word_1_478' title='bbox 843 4565 951 4630; x_wconf 89' lang='lat' dir='ltr'><strong>est,</strong></span> <span class='ocrx_word' id='word_1_479' title='bbox 982 4566 1039 4616; x_wconf 89' lang='lat' dir='ltr'><strong>et</strong></span> <span class='ocrx_word' id='word_1_480' title='bbox 1062 4577 1166 4633; x_wconf 89' lang='lat' dir='ltr'><strong>per</strong></span> <span class='ocrx_word' id='word_1_481' title='bbox 1185 4562 1324 4618; x_wconf 89' lang='lat' dir='ltr'><strong>anni</strong></span> <span class='ocrx_word' id='word_1_482' title='bbox 1356 4564 1613 4636; x_wconf 87' lang='lat' dir='ltr'><strong>spatium</strong></span> <span class='ocrx_word' id='word_1_483' title='bbox 1645 4569 1702 4620; x_wconf 92' lang='lat' dir='ltr'><strong>et</strong></span> <span class='ocrx_word' id='word_1_484' title='bbox 1733 4581 1996 4619; x_wconf 89' lang='lat' dir='ltr'><strong>mensem</strong></span> <span class='ocrx_word' id='word_1_485' title='bbox 2028 4579 2214 4618; x_wconf 89' lang='lat' dir='ltr'><strong>unum</strong></span> <span class='ocrx_word' id='word_1_486' title='bbox 2237 4562 2434 4617; x_wconf 90' lang='lat' dir='ltr'><strong>sedem</strong></span> <span class='ocrx_word' id='word_1_487' title='bbox 2468 4562 2847 4633; x_wconf 87' lang='lat' dir='ltr'><strong>apostolicam</strong></span> <span class='ocrx_word' id='word_1_488' title='bbox 2880 4561 3140 4617; x_wconf 91' lang='lat' dir='ltr'><strong>invasam</strong></span> <span class='ocrx_word' id='word_1_489' title='bbox 3170 4559 3419 4616; x_wconf 88' lang='lat' dir='ltr'><strong>detinuit</strong></span> <span class='ocrx_word' id='word_1_490' title='bbox 3450 4559 3546 4633; x_wconf 79' lang='grc' dir='ltr'><strong>(ἀ).</strong></span> <span class='ocrx_word' id='word_1_491' title='bbox 3582 4559 3698 4616; x_wconf 91' lang='lat' dir='ltr'><strong>Hoc</strong></span> 
     </span>
    </p>
   </div>
   <div class='ocr_carea' id='block_1_45' title="bbox 356 4643 3699 4725">
    <p class='ocr_par' dir='ltr' id='par_1_45' title="bbox 356 4643 3699 4725">
     <span class='ocr_line' id='line_1_45' title="bbox 356 4643 3699 4725; baseline 0.001 -26"><span class='ocrx_word' id='word_1_492' title='bbox 356 4643 397 4699; x_wconf 87' lang='lat'><strong>5</strong></span> <span class='ocrx_word' id='word_1_493' title='bbox 433 4660 567 4700; x_wconf 87' lang='lat' dir='ltr'><strong>vero</strong></span> <span class='ocrx_word' id='word_1_494' title='bbox 597 4661 840 4704; x_wconf 89' lang='lat' dir='ltr'><strong>cernens</strong></span> <span class='ocrx_word' id='word_1_495' title='bbox 869 4648 1339 4722; x_wconf 88' lang='lat' dir='ltr'><strong>Christophorus,</strong></span> <span class='ocrx_word' id='word_1_496' title='bbox 1373 4652 1742 4725; x_wconf 88' lang='lat' dir='ltr'><strong>primicerius</strong></span> <span class='ocrx_word' id='word_1_497' title='bbox 1771 4656 1829 4707; x_wconf 92' lang='lat' dir='ltr'><strong>et</strong></span> <span class='ocrx_word' id='word_1_498' title='bbox 1859 4650 2251 4718; x_wconf 87' lang='lat' dir='ltr'><strong>consiliarius,</strong></span> <span class='ocrx_word' id='word_1_499' title='bbox 2275 4648 2396 4705; x_wconf 87' lang='lat' dir='ltr'><strong>zelo</strong></span> <span class='ocrx_word' id='word_1_500' title='bbox 2428 4648 2563 4703; x_wconf 84' lang='lat' dir='ltr'><strong>fidei</strong></span> <span class='ocrx_word' id='word_1_501' title='bbox 2594 4666 2712 4704; x_wconf 89' lang='lat' dir='ltr'><strong>una</strong></span> <span class='ocrx_word' id='word_1_502' title='bbox 2742 4666 2878 4705; x_wconf 90' lang='lat' dir='ltr'><strong>cum</strong></span> <span class='ocrx_word' id='word_1_503' title='bbox 2911 4666 3016 4704; x_wconf 91' lang='lat' dir='ltr'><strong>suo</strong></span> <span class='ocrx_word' id='word_1_504' title='bbox 3044 4649 3162 4705; x_wconf 84' lang='lat' dir='ltr'><strong>filio</strong></span> <span class='ocrx_word' id='word_1_505' title='bbox 3193 4648 3414 4721; x_wconf 84' lang='lat' dir='ltr'><strong>Sergio,</strong></span> <span class='ocrx_word' id='word_1_506' title='bbox 3439 4652 3581 4703; x_wconf 88' lang='lat' dir='ltr'><strong>tunc</strong></span> <span class='ocrx_word' id='word_1_507' title='bbox 3612 4664 3699 4703; x_wconf 91' lang='lat' dir='ltr'><strong>sa-</strong></span> 
     </span>
    </p>
   </div>
   <div class='ocr_carea' id='block_1_46' title="bbox 434 4731 3696 4814">
    <p class='ocr_par' dir='ltr' id='par_1_46' title="bbox 434 4731 3696 4814">
     <span class='ocr_line' id='line_1_46' title="bbox 434 4731 3696 4814; baseline 0.001 -27"><span class='ocrx_word' id='word_1_508' title='bbox 434 4731 666 4789; x_wconf 89' lang='lat' dir='ltr'><strong>cellario</strong></span> <span class='ocrx_word' id='word_1_509' title='bbox 691 4734 1335 4805; x_wconf 82' lang='lat' dir='ltr'><strong>existente,maluerunt</strong></span> <span class='ocrx_word' id='word_1_510' title='bbox 1366 4741 1554 4814; x_wconf 82' lang='lat' dir='ltr'><strong>magis</strong></span> <span class='ocrx_word' id='word_1_511' title='bbox 1587 4739 1731 4796; x_wconf 91' lang='lat' dir='ltr'><strong>mori</strong></span> <span class='ocrx_word' id='word_1_512' title='bbox 1767 4756 1944 4811; x_wconf 88' lang='lat' dir='ltr'><strong>quam</strong></span> <span class='ocrx_word' id='word_1_513' title='bbox 1978 4738 2150 4794; x_wconf 86' lang='lat' dir='ltr'><strong>talem</strong></span> <span class='ocrx_word' id='word_1_514' title='bbox 2183 4738 2421 4810; x_wconf 87' lang='lat' dir='ltr'><strong>impiam</strong></span> <span class='ocrx_word' id='word_1_515' title='bbox 2458 4737 2773 4792; x_wconf 89' lang='lat' dir='ltr'><strong>novitatem</strong></span> <span class='ocrx_word' id='word_1_516' title='bbox 2803 4742 2859 4793; x_wconf 87' lang='lat' dir='ltr'><strong>et</strong></span> <span class='ocrx_word' id='word_1_517' title='bbox 2887 4738 3149 4809; x_wconf 89' lang='lat' dir='ltr'><strong>iniquam</strong></span> <span class='ocrx_word' id='word_1_518' title='bbox 3181 4736 3696 4810; x_wconf 68' lang='lat' dir='ltr'><strong>praesumptionem</strong></span> 
     </span>
    </p>
   </div>
   <div class='ocr_carea' id='block_1_47' title="bbox 432 4819 3695 4901">
    <p class='ocr_par' dir='ltr' id='par_1_47' title="bbox 432 4819 3695 4901">
     <span class='ocr_line' id='line_1_47' title="bbox 432 4819 3695 4901; baseline 0.002 -25"><span class='ocrx_word' id='word_1_519' title='bbox 432 4819 493 4877; x_wconf 90' lang='lat' dir='ltr'><strong>in</strong></span> <span class='ocrx_word' id='word_1_520' title='bbox 523 4822 723 4878; x_wconf 87' lang='lat' dir='ltr'><strong>sedem</strong></span> <span class='ocrx_word' id='word_1_521' title='bbox 753 4825 1135 4896; x_wconf 89' lang='lat' dir='ltr'><strong>apostolicam</strong></span> <span class='ocrx_word' id='word_1_522' title='bbox 1167 4833 1557 4900; x_wconf 78' lang='lat' dir='ltr'><strong>perpetratum</strong></span> <span class='ocrx_word' id='word_1_523' title='bbox 1591 4829 1945 4901; x_wconf 87' lang='lat' dir='ltr'><strong>conspicere,</strong></span> <span class='ocrx_word' id='word_1_524' title='bbox 1978 4832 2035 4882; x_wconf 89' lang='lat' dir='ltr'><strong>et</strong></span> <span class='ocrx_word' id='word_1_525' title='bbox 2064 4827 2325 4899; x_wconf 86' lang='lat' dir='ltr'><strong>quotidie</strong></span> <span class='ocrx_word' id='word_1_526' title='bbox 2357 4827 2414 4881; x_wconf 92' lang='lat' dir='ltr'><strong>in</strong></span> <span class='ocrx_word' id='word_1_527' title='bbox 2446 4826 2581 4881; x_wconf 85' lang='lat' dir='ltr'><strong>ﬂetu</strong></span> <span class='ocrx_word' id='word_1_528' title='bbox 2620 4830 2679 4882; x_wconf 90' lang='lat' dir='ltr'><strong>et</strong></span> <span class='ocrx_word' id='word_1_529' title='bbox 2708 4827 2981 4900; x_wconf 84' lang='lat' dir='ltr'><strong>lacrymis</strong></span> <span class='ocrx_word' id='word_1_530' title='bbox 3014 4828 3420 4900; x_wconf 85' lang='lat' dir='ltr'><strong>perdurantes,</strong></span> <span class='ocrx_word' id='word_1_531' title='bbox 3452 4825 3695 4882; x_wconf 89' lang='lat' dir='ltr'><strong>simula-</strong></span> 
     </span>
    </p>
   </div>
   <div class='ocr_carea' id='block_1_48' title="bbox 430 4914 3695 4989">
    <p class='ocr_par' dir='ltr' id='par_1_48' title="bbox 430 4914 3695 4989">
     <span class='ocr_line' id='line_1_48' title="bbox 430 4914 3695 4989; baseline 0.002 -26"><span class='ocrx_word' id='word_1_532' title='bbox 430 4915 639 4965; x_wconf 86' lang='lat' dir='ltr'><strong>verunt</strong></span> <span class='ocrx_word' id='word_1_533' title='bbox 666 4928 730 4967; x_wconf 88' lang='lat' dir='ltr'><strong>se</strong></span> <span class='ocrx_word' id='word_1_534' title='bbox 759 4914 1079 4970; x_wconf 89' lang='lat' dir='ltr'><strong>monachos</strong></span> <span class='ocrx_word' id='word_1_535' title='bbox 1109 4916 1257 4983; x_wconf 82' lang='lat' dir='ltr'><strong>ﬁeri,</strong></span> <span class='ocrx_word' id='word_1_536' title='bbox 1292 4934 1535 4989; x_wconf 88' lang='lat' dir='ltr'><strong>seseque</strong></span> <span class='ocrx_word' id='word_1_537' title='bbox 1563 4917 1783 4977; x_wconf 87' lang='lat' dir='ltr'><strong>absolvi</strong></span> <span class='ocrx_word' id='word_1_538' title='bbox 1810 4917 1884 4972; x_wconf 91' lang='lat' dir='ltr'><strong>ab</strong></span> <span class='ocrx_word' id='word_1_539' title='bbox 1915 4918 2117 4973; x_wconf 91' lang='lat' dir='ltr'><strong>eodem</strong></span> <span class='ocrx_word' id='word_1_540' title='bbox 2142 4916 2525 4971; x_wconf 89' lang='lat' dir='ltr'><strong>Constantino</strong></span> <span class='ocrx_word' id='word_1_541' title='bbox 2558 4916 2869 4987; x_wconf 89' lang='lat' dir='ltr'><strong>petierunt,</strong></span> <span class='ocrx_word' id='word_1_542' title='bbox 2902 4916 2961 4971; x_wconf 89' lang='lat' dir='ltr'><strong>in</strong></span> <span class='ocrx_word' id='word_1_543' title='bbox 2993 4916 3348 4973; x_wconf 89' lang='lat' dir='ltr'><strong>monasterio</strong></span> <span class='ocrx_word' id='word_1_544' title='bbox 3378 4914 3695 4973; x_wconf 87' lang='lat' dir='ltr'><strong>Salvatoris</strong></span> 
     </span>
    </p>
   </div>
   <div class='ocr_carea' id='block_1_49' title="bbox 432 4996 3692 5077">
    <p class='ocr_par' dir='ltr' id='par_1_49' title="bbox 432 4996 3692 5077">
     <span class='ocr_line' id='line_1_49' title="bbox 432 4996 3692 5077; baseline 0.002 -25"><span class='ocrx_word' id='word_1_545' title='bbox 432 4996 663 5054; x_wconf 80' lang='lat' dir='ltr'><strong>Domini</strong></span> <span class='ocrx_word' id='word_1_546' title='bbox 696 5002 880 5057; x_wconf 87' lang='lat' dir='ltr'><strong>nostri</strong></span> <span class='ocrx_word' id='word_1_547' title='bbox 907 5003 1048 5059; x_wconf 83' lang='lat' dir='ltr'><strong>Jesu</strong></span> <span class='ocrx_word' id='word_1_548' title='bbox 1081 5003 1294 5059; x_wconf 90' lang='lat' dir='ltr'><strong>Christi</strong></span> <span class='ocrx_word' id='word_1_549' title='bbox 1326 5006 1635 5077; x_wconf 81' lang='lat' dir='ltr'><strong>proﬁcisci,</strong></span> <span class='ocrx_word' id='word_1_550' title='bbox 1671 5010 1998 5063; x_wconf 87' lang='lat' dir='ltr'><strong>asserentes</strong></span> <span class='ocrx_word' id='word_1_551' title='bbox 2030 5004 2149 5060; x_wconf 87' lang='lat' dir='ltr'><strong>illic</strong></span> <span class='ocrx_word' id='word_1_552' title='bbox 2179 5004 2589 5059; x_wconf 90' lang='lat' dir='ltr'><strong>monachicum</strong></span> <span class='ocrx_word' id='word_1_553' title='bbox 2620 5005 2741 5061; x_wconf 80' lang='lat' dir='ltr'><strong>fore</strong></span> <span class='ocrx_word' id='word_1_554' title='bbox 2788 5010 3165 5076; x_wconf 89' lang='lat' dir='ltr'><strong>suscepturos</strong></span> <span class='ocrx_word' id='word_1_555' title='bbox 3213 5004 3479 5061; x_wconf 90' lang='lat' dir='ltr'><strong>habitum</strong></span> <span class='ocrx_word' id='word_1_556' title='bbox 3515 5021 3527 5058; x_wconf 90' lang='lat'><strong>:</strong></span> <span class='ocrx_word' id='word_1_557' title='bbox 3563 5021 3692 5059; x_wconf 86' lang='lat' dir='ltr'><strong>sus-</strong></span> 
     </span>
    </p>
   </div>
   <div class='ocr_carea' id='block_1_50' title="bbox 323 5083 3344 5167">
    <p class='ocr_par' dir='ltr' id='par_1_50' title="bbox 323 5083 3344 5167">
     <span class='ocr_line' id='line_1_50' title="bbox 323 5083 3344 5167; baseline 0.003 -27"><span class='ocrx_word' id='word_1_558' title='bbox 323 5083 396 5140; x_wconf 90' lang='grc'><strong>10</strong></span> <span class='ocrx_word' id='word_1_559' title='bbox 431 5090 713 5159; x_wconf 87' lang='lat' dir='ltr'><strong>ceptoque</strong></span> <span class='ocrx_word' id='word_1_560' title='bbox 742 5089 815 5145; x_wconf 87' lang='lat' dir='ltr'><strong>ab</strong></span> <span class='ocrx_word' id='word_1_561' title='bbox 842 5091 1047 5148; x_wconf 88' lang='lat' dir='ltr'><strong>eodem</strong></span> <span class='ocrx_word' id='word_1_562' title='bbox 1078 5091 1495 5166; x_wconf 88' lang='lat' dir='ltr'><strong>Christophoro</strong></span> <span class='ocrx_word' id='word_1_563' title='bbox 1527 5094 1863 5151; x_wconf 88' lang='lat' dir='ltr'><strong>Primicerio</strong></span> <span class='ocrx_word' id='word_1_564' title='bbox 1897 5098 2286 5159; x_wconf 87' lang='lat' dir='ltr'><strong>sacramento,</strong></span> <span class='ocrx_word' id='word_1_565' title='bbox 2318 5093 2399 5148; x_wconf 92' lang='lat' dir='ltr'><strong>ita</strong></span> <span class='ocrx_word' id='word_1_566' title='bbox 2427 5091 2544 5148; x_wconf 90' lang='lat' dir='ltr'><strong>illis</strong></span> <span class='ocrx_word' id='word_1_567' title='bbox 2575 5094 2817 5150; x_wconf 89' lang='lat' dir='ltr'><strong>credens</strong></span> <span class='ocrx_word' id='word_1_568' title='bbox 2847 5110 2946 5150; x_wconf 89' lang='lat' dir='ltr'><strong>eos</strong></span> <span class='ocrx_word' id='word_1_569' title='bbox 2978 5093 3224 5150; x_wconf 89' lang='lat' dir='ltr'><strong>absolvit</strong></span> <span class='ocrx_word' id='word_1_570' title='bbox 3254 5094 3344 5167; x_wconf 77' lang='grc' dir='ltr'><strong>(θ).</strong></span> 
     </span>
    </p>
   </div>
   <div class='ocr_carea' id='block_1_51' title="bbox 503 5176 3687 5256">
    <p class='ocr_par' dir='ltr' id='par_1_51' title="bbox 503 5176 3687 5256">
     <span class='ocr_line' id='line_1_51' title="bbox 503 5176 3687 5256; baseline 0.001 -24"><span class='ocrx_word' id='word_1_571' title='bbox 503 5176 656 5233; x_wconf 89' lang='lat'><strong>266</strong></span> <span class='ocrx_word' id='word_1_572' title='bbox 687 5178 910 5243; x_wconf 88' lang='lat' dir='ltr'><strong>Quibus</strong></span> <span class='ocrx_word' id='word_1_573' title='bbox 937 5181 1389 5252; x_wconf 86' lang='lat' dir='ltr'><strong>properantibus</strong></span> <span class='ocrx_word' id='word_1_574' title='bbox 1417 5188 1595 5256; x_wconf 91' lang='lat' dir='ltr'><strong>atque</strong></span> <span class='ocrx_word' id='word_1_575' title='bbox 1623 5182 1683 5238; x_wconf 88' lang='lat' dir='ltr'><strong>in</strong></span> <span class='ocrx_word' id='word_1_576' title='bbox 1714 5183 1861 5239; x_wconf 82' lang='lat' dir='ltr'><strong>fines</strong></span> <span class='ocrx_word' id='word_1_577' title='bbox 1888 5183 2402 5255; x_wconf 83' lang='lat' dir='ltr'><strong>Longobardorum</strong></span> <span class='ocrx_word' id='word_1_578' title='bbox 2435 5182 3251 5256; x_wconf 86' lang='lat' dir='ltr'><strong>conjungentibus,velletque</strong></span> <span class='ocrx_word' id='word_1_579' title='bbox 3264 5183 3574 5253; x_wconf 89' lang='lat' dir='ltr'><strong>abbasjam</strong></span> <span class='ocrx_word' id='word_1_580' title='bbox 3589 5180 3687 5235; x_wconf 84' lang='lat' dir='ltr'><strong>fati</strong></span> 
     </span>
    </p>
   </div>
   <div class='ocr_carea' id='block_1_52' title="bbox 429 5266 3687 5344">
    <p class='ocr_par' dir='ltr' id='par_1_52' title="bbox 429 5266 3687 5344">
     <span class='ocr_line' id='line_1_52' title="bbox 429 5266 3687 5344; baseline 0.001 -25"><span class='ocrx_word' id='word_1_581' title='bbox 429 5266 767 5323; x_wconf 70' lang='lat' dir='ltr'><strong>monasterii</strong></span> <span class='ocrx_word' id='word_1_582' title='bbox 797 5284 895 5324; x_wconf 87' lang='lat' dir='ltr'><strong>eos</strong></span> <span class='ocrx_word' id='word_1_583' title='bbox 924 5268 985 5325; x_wconf 88' lang='lat' dir='ltr'><strong>in</strong></span> <span class='ocrx_word' id='word_1_584' title='bbox 1015 5271 1220 5326; x_wconf 88' lang='lat' dir='ltr'><strong>eodem</strong></span> <span class='ocrx_word' id='word_1_585' title='bbox 1253 5272 1602 5328; x_wconf 88' lang='lat' dir='ltr'><strong>monasterio</strong></span> <span class='ocrx_word' id='word_1_586' title='bbox 1634 5271 2310 5340; x_wconf 89' lang='lat' dir='ltr'><strong>adduci,declinaverunt</strong></span> <span class='ocrx_word' id='word_1_587' title='bbox 2325 5272 2398 5326; x_wconf 91' lang='lat' dir='ltr'><strong>ab</strong></span> <span class='ocrx_word' id='word_1_588' title='bbox 2428 5270 2833 5327; x_wconf 91' lang='lat' dir='ltr'><strong>itinereisdem</strong></span> <span class='ocrx_word' id='word_1_589' title='bbox 2855 5271 3308 5344; x_wconf 87' lang='lat' dir='ltr'><strong>Christophorus</strong></span> <span class='ocrx_word' id='word_1_590' title='bbox 3320 5267 3687 5343; x_wconf 89' lang='lat' dir='ltr'><strong>primicerius</strong></span> 
     </span>
    </p>
   </div>
   <div class='ocr_carea' id='block_1_53' title="bbox 427 5355 3684 5435">
    <p class='ocr_par' dir='ltr' id='par_1_53' title="bbox 427 5355 3684 5435">
     <span class='ocr_line' id='line_1_53' title="bbox 427 5355 3684 5435; baseline 0.001 -27"><span class='ocrx_word' id='word_1_591' title='bbox 427 5357 487 5408; x_wconf 90' lang='lat' dir='ltr'><strong>et</strong></span> <span class='ocrx_word' id='word_1_592' title='bbox 513 5355 641 5426; x_wconf 90' lang='lat' dir='ltr'><strong>ejus</strong></span> <span class='ocrx_word' id='word_1_593' title='bbox 672 5355 830 5413; x_wconf 84' lang='lat' dir='ltr'><strong>ﬁlius</strong></span> <span class='ocrx_word' id='word_1_594' title='bbox 863 5358 1102 5432; x_wconf 86' lang='lat' dir='ltr'><strong>Sergius</strong></span> <span class='ocrx_word' id='word_1_595' title='bbox 1122 5360 1347 5418; x_wconf 90' lang='lat' dir='ltr'><strong>dudum</strong></span> <span class='ocrx_word' id='word_1_596' title='bbox 1373 5361 1611 5434; x_wconf 89' lang='lat' dir='ltr'><strong>quidem</strong></span> <span class='ocrx_word' id='word_1_597' title='bbox 1642 5361 2389 5435; x_wconf 89' lang='lat' dir='ltr'><strong>saeellarius,postmodum</strong></span> <span class='ocrx_word' id='word_1_598' title='bbox 2423 5356 3684 5434; x_wconf 82' lang='lat' dir='ltr'><strong>secundicerius,adjurantesﬁrmiterTheo-</strong></span> 
     </span>
    </p>
   </div>
   <div class='ocr_carea' id='block_1_54' title="bbox 1466 5529 2494 5577">
    <p class='ocr_par' dir='ltr' id='par_1_54' title="bbox 1466 5529 2494 5577">
     <span class='ocr_line' id='line_1_54' title="bbox 1466 5529 2494 5577; baseline -0.002 -2"><span class='ocrx_word' id='word_1_599' title='bbox 1466 5530 1711 5577; x_wconf 75' lang='lat' dir='ltr'><strong>NOTULE</strong></span> <span class='ocrx_word' id='word_1_600' title='bbox 1752 5530 2134 5576; x_wconf 76' lang='lat' dir='ltr'><strong>MARGINALES</strong></span> <span class='ocrx_word' id='word_1_601' title='bbox 2178 5529 2494 5574; x_wconf 77' lang='lat' dir='ltr'><strong>FABROTTI.</strong></span> 
     </span>
    </p>
   </div>
   <div class='ocr_carea' id='block_1_55' title="bbox 276 5662 1873 5807">
    <p class='ocr_par' dir='ltr' id='par_1_55' title="bbox 276 5662 1873 5807">
     <span class='ocr_line' id='line_1_55' title="bbox 289 5662 1873 5748; baseline 0.008 -30"><span class='ocrx_word' id='word_1_602' title='bbox 289 5732 301 5743; x_wconf 43' lang='lat'><strong><em>.</em></strong></span> <span class='ocrx_word' id='word_1_603' title='bbox 347 5662 429 5730; x_wconf 85' lang='grc' dir='ltr'><strong>(α)</strong></span> <span class='ocrx_word' id='word_1_604' title='bbox 459 5662 523 5731; x_wconf 92' lang='grc' dir='ltr'><strong>Β,</strong></span> <span class='ocrx_word' id='word_1_605' title='bbox 556 5664 847 5748; x_wconf 60' lang='lat' dir='ltr'><strong>auferens.</strong></span> <span class='ocrx_word' id='word_1_606' title='bbox 884 5668 948 5737; x_wconf 89' lang='grc' dir='ltr'><strong>Β,</strong></span> <span class='ocrx_word' id='word_1_607' title='bbox 980 5687 1086 5728; x_wconf 91' lang='lat' dir='ltr'><strong>suo</strong></span> <span class='ocrx_word' id='word_1_608' title='bbox 1119 5674 1448 5745; x_wconf 70' lang='lat' dir='ltr'><strong>praeferens.</strong></span> <span class='ocrx_word' id='word_1_609' title='bbox 1526 5676 1604 5743; x_wconf 83' lang='lat' dir='ltr'><strong>(b)</strong></span> <span class='ocrx_word' id='word_1_610' title='bbox 1635 5675 1698 5744; x_wconf 87' lang='grc' dir='ltr'><strong>Β,</strong></span> <span class='ocrx_word' id='word_1_611' title='bbox 1733 5675 1873 5748; x_wconf 79' lang='lat' dir='ltr'><strong>Greg</strong></span> 
     </span>
     <span class='ocr_line' id='line_1_56' title="bbox 276 5735 759 5807; baseline 0.014 -19"><span class='ocrx_word' id='word_1_612' title='bbox 276 5738 356 5788; x_wconf 75' lang='lat' dir='ltr'><strong>ua</strong></span> <span class='ocrx_word' id='word_1_613' title='bbox 385 5740 482 5807; x_wconf 70' lang='lat' dir='ltr'><strong>est,</strong></span> <span class='ocrx_word' id='word_1_614' title='bbox 515 5735 759 5795; x_wconf 79' lang='lat' dir='ltr'><strong>dimisit.</strong></span> 
     </span>
    </p>
   </div>
   <div class='ocr_carea' id='block_1_56' title="bbox 2084 5662 3681 5807">
    <p class='ocr_par' dir='ltr' id='par_1_56' title="bbox 2104 5665 3681 5748">
     <span class='ocr_line' id='line_1_57' title="bbox 2104 5665 3681 5748; baseline -0.004 -18"><span class='ocrx_word' id='word_1_615' title='bbox 2104 5674 2175 5748; x_wconf 80' lang='grc' dir='ltr'><strong>(ο)</strong></span> <span class='ocrx_word' id='word_1_616' title='bbox 2206 5676 2228 5699; x_wconf 83' lang='grc'><strong>⁴’</strong></span> <span class='ocrx_word' id='word_1_617' title='bbox 2258 5673 2562 5731; x_wconf 86' lang='lat' dir='ltr'><strong>Citomalo.</strong></span> <span class='ocrx_word' id='word_1_618' title='bbox 2639 5673 2713 5748; x_wconf 79' lang='grc' dir='ltr'><strong>(ιι)</strong></span> <span class='ocrx_word' id='word_1_619' title='bbox 2747 5673 2943 5730; x_wconf 83' lang='grc' dir='ltr'><strong>Βανοη.</strong></span> <span class='ocrx_word' id='word_1_620' title='bbox 2970 5686 3101 5725; x_wconf 84' lang='grc' dir='ltr'><strong>αηη.</strong></span> <span class='ocrx_word' id='word_1_621' title='bbox 3124 5668 3249 5725; x_wconf 80' lang='lat'><strong>768.</strong></span> <span class='ocrx_word' id='word_1_622' title='bbox 3329 5670 3403 5741; x_wconf 76' lang='grc' dir='ltr'><strong>(ε)</strong></span> <span class='ocrx_word' id='word_1_623' title='bbox 3432 5665 3681 5726; x_wconf 86' lang='lat' dir='ltr'><strong>absolvit</strong></span> 
     </span>
    </p>
   </div>
  </div>
