4044 6168
381 91 529 154 1151
1531 97 1942 160 ANASTASII

2123 101 2492 164 LlO'l‘HECA
2509 105 2636 164 ltII.
3593 115 3720 178 1152

521 225 742 282 dicium
774 225 981 282 ducem
1015 225 1474 300 Spoletinum,ut
1503 248 1599 288 eos
1629 237 1791 290 trans
1823 236 2048 290 Padum
2079 237 2151 292 ad
2187 236 2552 292 Desiderium
2585 254 2758 293 suum
2787 237 3122 294 deduxisset
3149 255 3342 312 regem
3369 239 3725 314 Longobardo-

449 325 485 380 5
523 341 674 390 rum,
701 323 950 379 nitentes
981 325 1054 381 ob
1087 325 1194 382 hoc
1229 329 1687 401 redemptionem
1720 337 1932 389 sancta:
1969 335 2064 390 Dei
2099 334 2361 391 Ecclesiae
2393 337 2686 408 perficere.
2721 338 2949 409 Eosque
2979 337 3132 392 idem
3165 337 3490 410 Spoletinus
3525 341 3628 396 dux
3669 346 3728 400 ad

521 437 692 476 suum
729 422 1051 494 deportavit
1081 443 1295 498 regem.
1329 429 1398 484 Et
1427 430 1568 484 dum
1601 432 1728 502 ejus
1762 433 2067 488 obtutibus
2098 435 2428 506 praesentati
2457 434 2724 501 fuissent,
2757 435 2966 491 obnixe
3011 437 3284 491 eumdem
3333 453 3516 509 regem
3561 439 3729 514 depre-

520 519 632 574 cati
662 525 802 576 sunt
832 522 959 592 ejus
990 523 1274 580 auxilium
1305 527 1480 582 tribui
1515 533 1580 582 ut
1610 529 1745 584 talis
1777 531 2052 586 novitatis
2083 549 2243 587 error
2272 533 2343 588 ab
2377 533 2634 588 Ecclesia
2667 533 2764 588 Dei
2799 537 3224 606 amputaretur.
3261 533 3408 588 Dum
3454 552 3574 591 vero
3617 556 3730 610 prae-

521 617 860 674 nominatus
892 619 1344 694 Christophorus
1375 625 1742 698 primicerius
1774 633 1831 682 et
1861 629 2099 702 Sergius
2129 632 2257 702 ejus
2305 630 2462 688 ﬁlius
2511 633 2664 704 apud
2715 632 3022 704 praefatum
3071 633 3504 688 demorarentur
3547 653 3730 708 regem,

523 715 658 772 fecit
685 717 998 790 praedictus
1030 720 1806 796 Constantinus,apostolicm
1830 729 1984 784 sedis
2013 729 2264 798 invasor,
2299 731 2726 788 ordinationem
2761 731 3232 803 presbyterorum
3267 749 3366 788 seu
3383 731 3734 804 diaconorum,

519 815 888 886 presbyteros
919 824 1067 886 octo,
1103 821 1380 880 diaconos
1409 829 1683 896 quatuor,
1717 828 1816 882 sed
1849 832 1905 882 et
1935 828 2222 900 episcopis
2255 829 2312 882 in
2343 827 2528 900 ipsius
2561 829 2698 884 anni
2726 829 2942 884 circulo
2973 834 3030 884 et
3059 829 3236 884 unius
3267 829 3482 885 mensis
3509 830 3628 886 fecit
3653 851 3738 904 per

523 913 748 969 diversa
783 915 908 972 loca
935 935 1178 975 numero
1211 926 1358 978 octo.

596 1013 742 1068 207
779 1017 851 1082 (α.)
884 1017 1226 1074 Antedictus
1255 1037 1386 1076 vero
1419 1022 1699 1096 Georgius
1733 1025 2167 1090 Praenestimus,
2199 1026 2298 1098 qui
2326 1043 2459 1081 eum
2493 1027 2794 1082 diaconem
2827 1029 2884 1080 et
2913 1025 3250 1098 pontiﬁcem
3281 1025 3736 1090 consecravit,non

523 1115 654 1181 post
701 1111 918 1168 multos
970 1114 1094 1171 dies
1141 1120 1595 1176 consecrationis
1645 1121 1832 1192 ipsius
1875 1123 2262 1190 Constantini,
2293 1123 2487 1178 valida
2535 1141 2602 1179 ac
2651 1123 2908 1196 pessima
2937 1122 3284 1196 aegritudine
3325 1127 3737 1194 praeoccupatus,

525 1206 844 1266 immobilis
877 1211 1062 1268 factus
1090 1219 1196 1282 est,
1232 1221 1288 1271 et
1317 1219 1688 1289 postmodum
1721 1219 2035 1276 missarum
2077 1221 2362 1277 solemnia
2409 1239 2780 1294 nequaquam
2825 1219 3155 1276 celebravit.
3190 1221 3332 1290 Ejus
3381 1218 3530 1274 enim
3575 1220 3742 1276 dextra

528 1321 739 1360 manus
769 1309 922 1364 aruit
951 1315 1127 1382 atque
1153 1318 1449 1370 contracta
1477 1317 1696 1382 est.Qui
1730 1318 1906 1373 etiam
1939 1335 2043 1374 nec
2075 1321 2146 1374 ad
2179 1337 2244 1375 os
2277 1337 2450 1376 suum
2483 1321 2686 1374 afferre
2716 1317 3135 1390 valuit,sicque
3165 1315 3743 1388 tremensetlanguens

451 1403 489 1458 5
525 1402 702 1460 vitam
737 1407 940 1462 finivit.
975 1409 1125 1464 Dum
1149 1428 1280 1467 vero
1313 1413 1432 1468 haec
1465 1418 2230 1487 agerentur,conjunxerunt
2260 1417 2550 1474 antefatus
2581 1416 3036 1488 Christophorus
3065 1421 3123 1470 et
3153 1414 3464 1486 Sergiusin
3495 1414 3742 1469 civitatem

527 1501 830 1558 Reatiuam
863 1505 1112 1561 absoluti
1147 1525 1180 1562 a
1213 1511 1722 1582 Langobardorum
1757 1530 1909 1586 rege.
1944 1515 2012 1568 Et
2041 1514 2432 1585 praecedentes
2465 1513 2702 1586 Sergius
2751 1517 2806 1568 et
2853 1512 3255 1584 Waldipcrtus
3303 1509 3590 1582 presbyter
3630 1527 3740 1565 cum

529 1599 788 1656 Reatinis
818 1609 870 1657 et
903 1605 1242 1661 Forconinis
1274 1613 1448 1680 atque
1472 1609 1604 1666 aliis
1639 1611 2038 1684 Longobardis
2071 1613 2318 1666 ducatus
2347 1609 2649 1682 Spoletini,
2683 1612 3114 1680 conjunxerunt
3143 1607 3362 1676 subito,
3383 1624 3445 1662 ac
3475 1612 3680 1678 repente
3699 1607 3744 1662 in

529 1695 678 1754 hanc
709 1699 1031 1758 Romanam
1065 1703 1268 1758 urbem
1297 1706 1574 1762 vicesima
1603 1713 1804 1764 octava
1833 1709 1926 1764 die
1973 1709 2112 1764 Julii
2157 1710 2397 1777 mensis,
2431 1709 2634 1764 indict.
2667 1713 2849 1777 sexta,
2882 1725 3118 1780 vespere
3167 1707 3228 1762 in
3277 1705 3404 1778 ipso
3451 1703 3744 1777 crepusculo

527 1795 736 1862 noctis,
769 1797 966 1870 vigilia
997 1800 1298 1857 beatorum
1331 1810 1654 1876 martyrum
1687 1807 1884 1862 Ab'don
1918 1811 1977 1862 et
2005 1807 2258 1874 Sennen,
2289 1811 2644 1879 occupantes
2675 1810 2912 1878 pontem
2944 1803 3258 1861 Salarium.

601 1894 752 1950 268
783 1895 912 1950 Alia
940 1913 1074 1952 vero
1107 1898 1200 1954 die
1225 1901 1576 1960 transientcs
1601 1921 1703 1976 per
1733 1909 1968 1976 pontem
2009 1904 2273 1960 Milvium
2323 1910 2608 1962 venerunt
2652 1906 2724 1962 ad
2776 1909 3002 1978 portam
3053 1904 3206 1960 beati
3260 1903 3432 1972 Petri,
3477 1906 3532 1957 et
3573 1901 3745 1956 deinde

529 1996 834 2064 pergentes
865 1995 1478 2069 appropinquaverunt
1507 2003 1578 2058 ad
1613 2007 1838 2074 portam
1871 2003 2022 2059 beati
2055 2003 2622 2070 Pancratii.Quidam
2649 2021 2784 2060 vero
2797 2001 3109 2076 propinqui
3115 2003 3246 2074 jam
3277 2000 3378 2056 fati
3393 1997 3746 2068 Christophori

529 2105 596 2144 ac
627 2089 812 2162 Sergii
845 2091 1034 2164 ipsam
1066 2099 1296 2166 portam
1328 2099 1700 2156 observantes
1732 2117 1798 2156 ac
1827 2101 2551 2168 custodientes,cernentes
2577 2101 2774 2174 ipsum
2807 2100 3074 2174 Sergium
3131 2099 3206 2155 ad
3261 2099 3520 2154 eamdem
3560 2099 3745 2167 portam

531 2187 1056 2260 appropinquasse,
1091 2199 1428 2250 annuerant
1456 2197 1506 2252 ei
1538 2201 1594 2252 et
1625 2198 1890 2270 protinus
1921 2198 2111 2271 ipsam
2143 2204 2498 2271 aperuerunt
2529 2203 2779 2272 portam.
2815 2199 3026 2271 Sicque
3047 2199 3176 2269 jam
3227 2198 3419 2252 dictus
3463 2193 3674 2264 Sergius
3709 2197 3752 2247 et

459 2282 495 2336 5
532 2282 926 2356 Waldipertus
955 2305 1090 2344 cum
1124 2291 1522 2363 Longobardis
1554 2294 1877 2350 Romanam
1907 2296 2111 2352 urbem
2143 2295 2390 2369 ingressi
2425 2301 2585 2364 sunt,
2607 2301 2662 2352 et
2692 2315 2794 2370 per
2823 2313 3024 2352 muros
3055 2294 3310 2350 civitatis
3341 2309 3468 2348 cum
3497 2287 3752 2346 ﬂammula

531 2381 944 2452 ascendebant,
977 2391 1303 2445 metuentes
1335 2391 1662 2447 Romanum
1697 2393 2002 2466 populum,
2035 2397 2090 2449 et
2121 2411 2492 2466 nequaquam
2526 2395 2595 2450 de
2626 2395 2910 2468 genuculo
2943 2393 3054 2466 ipsi
3089 2389 3458 2466 Longobardi
3499 2388 3612 2444 ausi
3641 2391 3752 2442 sunt

534 2481 906 2554 descendere,
939 2486 1036 2541 sed
1073 2503 1204 2542 cum
1240 2488 1422 2545 nimio
1453 2495 1704 2546 tremore
1733 2491 1950 2547 ibidem
1980 2491 2348 2548 assistebant.

605 2581 757 2636 269
791 2581 908 2637 Hoc
937 2601 1070 2640 vero
1103 2586 1346 2642 audiens
1379 2589 1522 2644 Toto
1553 2593 1610 2644 et
1635 2589 1906 2646 Passivus
1936 2591 2198 2662 germani
2229 2591 2460 2660 fratres,
2493 2589 2830 2664 ignorantes
2860 2589 3164 2664 ingenium
3207 2593 3265 2644 et
3313 2587 3506 2644 dolum
3551 2584 3684 2658 quod
3712 2587 3754 2637 ει

532 2679 858 2750 proditores
890 2681 1166 2750 inierunt,
1200 2691 1622 2744 concurrerunt
1653 2704 1786 2744 cum
1821 2688 2140 2761 aliquantis
2187 2689 2256 2744 ad
2287 2689 2626 2761 praedictam
2659 2693 2910 2762 portam,
2945 2705 3078 2744 cum
3113 2687 3333 2759 quibus
3373 2689 3428 2742 et
3479 2682 3750 2740 Demetrius

532 2778 970 2836 sccundicerius
999 2799 1102 2837 seu
1129 2783 1434 2840 Gratiosus
1457 2789 1598 2840 tunc
1629 2786 2430 2858 chartularius,postmodum
2463 2789 2600 2852 dux,
2615 2785 3208 2860 properaverunt,qui
3239 2790 3298 2840 et
3329 2783 3438 2856 ipsi
3465 2783 3522 2838 in
3548 2779 3750 2836 consilio

533 2879 698 2932 erant
725 2894 860 2932 cum
891 2879 1148 2951 prmfatis
1179 2882 1618 2939 nefandissimis
1649 2884 2144 2956 proditoribus.Et
2173 2885 2716 2959 appropinquantes
2748 2886 2820 2941 ad
2853 2885 3088 2942 eosdem
3111 2876 3752 2956 Langobardos,obviavit

462 2973 498 3026 5
535 2973 744 3029 Totoni
777 2976 909 3032 duci
941 2993 1010 3032 ex
1040 2978 1260 3034 eisdem
1295 2981 1714 3054 Longobardis,
1759 2983 1858 3054 qui
1909 2983 2156 3040 bellator
2197 3001 2313 3058 prie
2359 2983 2634 3040 omnibus
2683 2983 3018 3056 apparebat,
3055 2980 3400 3052 Racipertus
3451 2977 3679 3038 nomine,
3707 2976 3752 3028 et

535 3069 823 3143 impetum
853 3075 989 3130 fecit
1017 3093 1196 3149 super
1224 3079 1497 3135 eumdem
1531 3082 1833 3146 Totonem,
1867 3099 2044 3153 super
2071 3098 2247 3154 quem
2279 3082 2464 3139 isdem
2495 3083 2640 3138 Toto
2673 3081 2924 3147 irruens,
2961 3085 3134 3152 atque
3165 3078 3394 3134 fortiter
3444 3073 3748 3149 percutiens.

537 3185 672 3226 eum
704 3171 1012 3230 interfecit.
1047 3175 1208 3240 Quod
1230 3175 1580 3248 aspicientes
1611 3179 1998 3251 Longohardi,
2033 3180 2092 3235 in
2125 3181 2321 3252 fugam
2371 3179 2632 3236 conversi
2683 3179 3021 3235 nitebantur
3045 3177 3308 3244 evadere,
3341 3175 3440 3230 sed
3471 3169 3748 3229 Demetrius

536 3269 970 3327 sccundicerius
1002 3277 1059 3328 et
1085 3273 1388 3332 Gratiosus
1419 3281 1554 3349 post
1583 3283 1812 3350 tergum
1844 3279 2167 3350 supradicti
2199 3279 2439 3334 Totonis
2471 3277 2815 3334 assistentes
2840 3293 2974 3333 eum
3006 3277 3066 3331 in
3113 3275 3359 3331 dorsum
3405 3270 3606 3328 lanceis
3647 3284 3748 3340 per-

537 3367 847 3436 cutientes,
883 3369 966 3426 sic
999 3372 1280 3427 adversus
1310 3390 1445 3428 eum
1477 3374 1903 3446 praevaluerunt
1925 3381 2100 3447 atque
2131 3376 2568 3432 interfecerunt.
2603 3375 2875 3431 Passivus
2921 3390 3054 3430 vero
3103 3373 3162 3428 in
3217 3373 3592 3428 Lateranense
3633 3364 3747 3437 fugit

434 3462 500 3516 10
537 3463 980 3534 patriarchium,
1015 3467 1373 3524 annuntians
1401 3487 1506 3524 suo
1537 3487 1814 3542 germano
1847 3471 2224 3528 Constantino
2257 3490 2384 3544 qum
2415 3475 2578 3546 gesta
2605 3471 2853 3526 fuerant.

611 3562 765 3616 270
795 3563 912 3616 Hoc
943 3580 1075 3619 vero
1107 3564 1305 3620 audito
1335 3566 1563 3638 aufugit
1596 3567 1779 3623 isdem
1811 3569 2232 3626 Constantinus
2265 3587 2398 3626 cum
2433 3567 2832 3642 suprascripto
2865 3567 3095 3624 Passivo
3127 3571 3184 3622 et
3215 3565 3512 3622 Theodoro
3527 3562 3747 3636 episcopo

540 3659 597 3712 et
619 3656 982 3714 vicedomino
1015 3677 1122 3715 suo
1155 3661 1213 3716 in
1242 3661 1541 3718 basilicam
1575 3663 1912 3734 Salvatoris,
1945 3670 2002 3722 et
2033 3667 2453 3724 descendentes
2483 3668 2554 3722 ad
2589 3667 2806 3722 fontem
2839 3665 2898 3720 in
2929 3664 3234 3720 ecclesiam
3289 3661 3472 3719 sancti
3509 3655 3746 3720 Vcnantii,

541 3753 974 3827 aliquantulum
1004 3757 1222 3814 ibidem
1257 3762 1680 3830 resederunt,et
1707 3763 2146 3821 considerantes
2179 3765 2389 3822 melius
2421 3782 2482 3822 se
2513 3781 2685 3837 posse
2717 3763 3018 3834 salvari,in
3035 3761 3378 3818 vestiarium
3395 3757 3746 3815 ascenderunt.

543 3853 668 3910 Huc
694 3853 854 3930 intus
886 3857 1203 3912 oratorium
1234 3859 1422 3914 sancti
1452 3859 1683 3915 Caesarii
1715 3861 2132 3934 ingredientes,
2165 3863 2498 3934 clausisque
2527 3879 2706 3935 super
2735 3878 2796 3917 se
2831 3859 3034 3932 januis
3081 3859 3302 3916 ibidem
3353 3857 3668 3914 residebant.
3695 3851 3748 3906 Et

469 3951 506 4006 5
541 3951 838 4008 venientes
867 3959 1000 4026 post
1029 3954 1364 4027 aliquantae
1395 3955 1570 4042 horps
1603 3958 1782 4028 hujus
1814 3960 2088 4016 Romanae
2121 3961 2344 4016 militiae
2367 3961 2621 4032 judices,
2657 3977 2753 4015 cos
2785 3977 2852 4015 ex
2881 3959 3008 4030 ipso
3047 3957 3302 4014 oratorio
3347 3955 3637 4028 ejicientes,
3665 3948 3746 4004 sub

543 4051 772 4106 cautela
797 4051 1154 4108 munierunt.
1188 4053 1310 4110 Alio
1339 4071 1472 4111 vero
1512 4055 1606 4112 die
1657 4057 1981 4125 Dominico,
2031 4075 2394 4132 congregans
2439 4057 2834 4130 Waldipertus
2884 4057 3204 4129 presbyter,
3257 4055 3549 4128 ignorante
3591 4053 3746 4103 autem

545 4148 817 4221 praedicto
853 4149 1071 4223 Sergio,
1107 4150 1440 4223 aliquantos
1473 4153 1786 4221 Romanos,
1819 4159 2241 4228 pergentesque
2271 4155 2330 4210 in
2361 4153 2782 4211 monasterium
2815 4153 3000 4208 sancti
3031 4151 3170 4224 Viti,
3202 4149 3560 4208 abstulerunt
3585 4141 3746 4200 exinde

543 4245 878 4320 Philippum
909 4249 1335 4321 presbyterum,
1368 4267 1542 4322 quem
1575 4251 1856 4324 eligentes
1887 4257 1944 4308 et
1972 4269 2108 4308 cum
2148 4253 2360 4326 gaudio
2407 4251 2646 4308 vocibus
2695 4251 3085 4308 acclamantes
3117 4267 3132 4305 :
3191 4249 3515 4320 Philippum
3559 4253 3744 4315 papam.

547 4351 786 4402 sanctus
819 4347 1018 4402 Petrus
1052 4345 1224 4418 elegit
1251 4365 1386 4403 eum
1421 4365 1434 4402 :
1469 4348 1529 4402 in
1564 4349 1870 4404 basilicam
1919 4349 2236 4406 Salvatoris
2289 4367 2448 4406 more
2496 4349 2666 4406 solito
2715 4349 3099 4404 deduxerunt.
3134 4345 3377 4418 Illicque
3423 4341 3653 4400 oratione
3691 4335 3745 4389 ab

443 4445 510 4500 10
545 4445 817 4518 episcopo
847 4444 986 4500 data
1005 4445 1172 4516 juxta
1205 4445 1572 4517 antiquitatis
1605 4463 1826 4502 morem
1859 4447 2332 4520 tribuentemque
2363 4463 2566 4520 pacem
2581 4447 2929 4503 omnibusin
2953 4447 3343 4502 Lateranense
3367 4435 3746 4498 introduxerunt

547 4542 988 4616 patriarchium.
1021 4543 1088 4598 Et
1117 4542 1336 4600 ibidem
1361 4543 1631 4600 similiter
1658 4544 1718 4599 in
1751 4545 1894 4600 sella
1924 4545 2242 4616 pontificali
2275 4547 2507 4615 sedens,
2539 4545 2921 4616 tribuensque
2951 4544 3162 4611 denuo,
3191 4547 3256 4598 ut
3287 4559 3412 4596 mos
3437 4543 3536 4606 est,
3565 4546 3742 4607 pacem.

547 4641 812 4698 ascendit
838 4657 1074 4698 sursum
1105 4645 1162 4698 et
1191 4658 1478 4711 mensam,
1511 4647 1576 4697 ut
1607 4641 1864 4698 assolent
1883 4644 2208 4715 pontifices,
2242 4643 2449 4712 tenuit,
2477 4643 2745 4699 sedentes
2775 4659 2913 4698 cum
2945 4658 3011 4698 eo
3043 4640 3328 4713 aliquanti
3359 4656 3426 4694 ex
3455 4629 3742 4709 primatibus

549 4737 818 4794 Eeclesiaa
847 4743 904 4794 et
933 4739 1317 4810 optimatibus
1347 4739 1589 4794 militiae.

623 4836 768 4892 571
809 4836 942 4892 Post
969 4836 1276 4908 paululum
1307 4853 1441 4893 vero
1472 4837 1834 4910 conjungens
1865 4839 2066 4894 eodem
2100 4839 2192 4894 die
2223 4839 2534 4912 sapefatus
2566 4837 3022 4910 Christophorus
3055 4835 3439 4908 primicerius,
3457 4825 3742 4902 cognitaque

551 4950 730 4989 causa
759 4931 1058 4990 electionis
1088 4934 1274 5007 ipsius
1305 4935 1578 5008 Philippi,
1614 4935 1768 4992 illico
1799 4936 1860 4992 in
1893 4953 2107 5010 magna
2135 4939 2458 4994 ascendens
2489 4935 2564 5010 (b)
2596 4937 3296 5008 irajurejurandocoram
3313 4931 3570 4990 omnibus
3583 4925 3744 4980 Roma-

557 5037 648 5092 nis
677 5035 1236 5102 afﬁrmabat,dicens
1267 5054 1328 5092 se
1361 5037 1604 5093 Romam
1637 5037 1877 5094 minime
1905 5039 2310 5112 ingressurum
2343 5055 2648 5112 quousque
2681 5038 2983 5111 Philippus
3009 5039 3311 5110 presbyter
3337 5037 3405 5090 de
3435 5033 3742 5086 LateranenSI

555 5131 832 5206 expulsus
853 5149 968 5188 non
999 5133 1208 5188 fuisset
1235 5133 1614 5207 patriarchio.
1649 5137 1814 5191 Tunc
1843 5153 2163 5208 properans
2190 5135 2518 5193 antedictus
2549 5137 2856 5192 Graticsus
2887 5153 3020 5192 cum
3052 5135 3366 5208 aliquantis
3403 5123 3650 5186 Romanis
3672 5133 3742 5172 ex-

481 5235 518 5288 5
556 5232 830 5306 pulerunt
845 5232 971 5302 jam
1005 5230 1227 5286 dictum
1263 5230 1590 5304 Philippum
1621 5233 2025 5305 presbyterum
2057 5236 2127 5290 de
2153 5235 2354 5290 eodem
2387 5233 2760 5307 patriarchio,
2795 5235 2894 5308 qui
2929 5239 2986 5290 et
3017 5251 3120 5306 per
3149 5233 3364 5290 scalam
3385 5244 3502 5302 quae
3533 5219 3664 5278 ducit
3687 5211 3740 5267 ad

556 5331 834 5388 balneum
863 5327 1245 5398 descendens,
1280 5345 1648 5402 cummagna
1677 5331 1999 5386 reverentia
2029 5332 2102 5386 ad
2131 5349 2306 5387 suum
2351 5349 2616 5388 reversus
2663 5336 2752 5389 est
2801 5331 3244 5388 monasterium.
3279 5329 3476 5399 Sicque
3521 5315 3742 5394 prafatus

1597 5499 1850 5545 NOTULE
1893 5501 2274 5548 MARGINALES
2317 5501 2627 5547 FABROTTI.

489 5637 566 5706 (a)
596 5635 796 5691 Baron.
829 5653 962 5691 ann.
989 5636 1116 5690 767.
1191 5636 1272 5705 (b)
1302 5633 1781 5707 succensus,f_del.
1817 5633 1896 5689 in.
