4044 6168
449 183 604 243 1155
751 246 762 257 ,
1606 174 2019 237 ANASTASII
2061 172 2690 235 BIBLIOTHECARII
3644 181 3768 245 {156

592 330 752 385 reges
788 314 1139 366 Francorum
1170 312 1228 364 et
1257 308 1539 381 patritios
1560 309 1976 379 Romanorum,
2011 306 2279 380 Sergium
2320 306 2681 361 antedictum
2732 303 3220 372 secundicerium,
3252 309 3309 360 et
3348 307 3771 373 nomenclatorum

508 400 515 411 ’
588 410 685 464 illo
714 408 775 462 in
807 411 1067 478 tempore
1097 405 1786 478 existentem,deprecans
1817 410 1990 478 atque
2016 404 2334 461 adhortans
2363 420 2566 459 eorum
2597 401 2996 458 excellentiam
3029 418 3132 474 per
3162 418 3297 457 suas
3330 402 3776 474 apostoliculitte.

513 509 549 563 5
587 523 680 561 ras
711 510 776 561 ut
807 504 1141 577 aliquantos
1172 503 1474 576 episcOpos
1504 520 1718 577 gnaros
1748 510 1805 559 et
1835 505 1894 559 in
1927 503 2204 559 omnibus
2237 501 2448 557 divinis
2481 501 2798 574 Scripturis
2829 504 3004 572 atque
3027 503 3778 564 sanctorumeanonuminsti-

584 601 912 659 tutionibus
940 601 1199 658 eruditos
1230 618 1296 656 ac
1326 601 1715 673 peritissimos
1745 600 2084 673 dirigerent,
2114 600 2183 655 ad
2218 599 2547 655 faciendum
2581 599 2641 654 in
2672 598 2781 654 hac
2812 598 3075 655 Romana
3106 597 3248 653 urbe
3272 598 3563 659 concilium
3587 617 3675 673 pro
3700 620 3775 660 ea-

585 701 716 756 dem
747 698 930 773 impia
961 699 1091 756 novi
1123 699 1335 756 erroris
1367 716 1431 754 ac
1476 698 1818 755 temeritatis
1867 696 2301 771 praescriptione
2345 696 2441 770 (α),
2476 713 2653 770 quam
2704 696 2999 753 antefatus
3047 694 3473 766 Constantinus,
3504 699 3778 770 apostolica

584 799 741 855 sedis
767 815 1040 870 pervasor
1068 797 1143 870 (b)
1175 815 1357 854 ausus
1386 800 1477 853 est
1507 800 1857 869 perpetrare.

657 897 809 953 278
840 897 909 951 Et
937 898 1282 969 prepcrante
1309 893 1599 951 antedicto
1625 893 1825 968 Sergio
1857 894 1927 949 ad
1960 895 2315 950 Francorum
2365 892 2631 967 regiones
2671 893 2800 965 jam
2847 890 3070 951 invenit
3110 892 3186 948 de
3233 891 3339 947 hac
3386 891 3508 948 luce
3550 892 3785 968 migrasse

583 992 1154 1050 Christianissimum
1187 992 1504 1065 Pippinum
1535 997 1815 1065 regem,et
1844 996 2097 1065 coeptum
2125 991 2399 1066 gradiens
2425 991 2535 1047 iter
2564 989 2824 1063 pervenit
2852 990 2927 1047 ad
2955 990 3087 1065 ejus
3117 988 3269 1045 ﬁlios
3298 988 3554 1045 Carolum
3572 995 3624 1046 et
3648 993 3784 1048 Caro-

584 1092 927 1147 lomannum
958 1107 1267 1163 germanos
1299 1091 1532 1157 fratres,
1566 1106 1731 1162 reges
1764 1090 2118 1145 Francorum
2151 1093 2208 1145 et
2236 1088 2510 1161 patricios
2543 1088 3196 1154 Romanorum.0uibns
3217 1085 3553 1159 apostolicae
3573 1087 3787 1145 tribuens

582 1190 828 1258 litteras,
862 1189 1113 1262 benigne
1139 1188 1212 1243 ab
1243 1188 1326 1244 eis
1357 1192 1669 1260 susceptus
1700 1191 1812 1256 est,
1841 1191 1896 1243 et
1927 1187 2165 1260 dignam
2196 1186 2282 1241 illi
2309 1185 2718 1259 impendentes
2742 1185 3195 1255 humanitatem,
3210 1183 3783 1257 cunctanihilominus,

584 1305 687 1361 pro
720 1286 934 1360 quibus
966 1285 1184 1343 missus
1215 1286 1400 1351 est,ab
1433 1302 1634 1341 eorum
1667 1283 2064 1341 excellentiam
2097 1284 2526 1357 impetravit,(c)
2546 1284 2860 1358 dirigentes
2890 1283 3003 1357 ipsi
3023 1281 3763 1356 Cbristianissimiregesduo

582 1386 770 1441 decim
801 1385 1104 1457 episcopos
1136 1402 1203 1440 ex
1232 1383 1454 1439 eisdem
1488 1384 1841 1439 Francorum
1875 1381 2213 1455 regionibus
2244 1382 2422 1438 nimis
2447 1381 2660 1439 divinis
2689 1381 3010 1456 Scripturis
3060 1385 3118 1437 et
3164 1385 3497 1438 sanctorum
3542 1397 3787 1439 canonum

581 1482 938 1539 caeremoniis
967 1484 1186 1548 doctos,
1223 1486 1277 1536 et
1304 1479 1749 1553 probatissimos
1779 1481 1932 1537 viros
1965 1479 2205 1536 scilicet.
2239 1479 2451 1552 Eisque
2482 1480 2541 1535 in
2573 1479 2724 1543 hanc
2757 1480 3082 1535 Romanam
3114 1479 3317 1535 urbem
3356 1479 3789 1554 conjungentibus

583 1598 784 1637 mense
813 1580 1052 1653 Aprilis,
1088 1579 1403 1635 indictione
1434 1578 1703 1652 septima,
1738 1579 2008 1651 protinus
2040 1583 2171 1634 ante
2204 1578 2397 1633 dictus
2429 1578 2762 1657 Stephanus
2792 1576 3205 1633 sanctissimus
3237 1593 3387 1650 papa
3415 1592 3708 1650 aggregans
3729 1576 3788 1650 (ἀ)

581 1680 839 1735 diversos
869 1677 1173 1750 episcopos
1204 1677 1424 1732 Tusciae
1458 1680 1633 1748 atque
1665 1675 2013 1748 Campaniae,
2047 1679 2105 1731 et
2136 1675 2468 1748 aliquantus
2494 1658 2667 1739 istius
2701 1674 2877 1731 Italiae
2907 1675 3240 1748 provinciae.

652 1779 798 1834 217
842 1775 1064 1843 Quibus
1096 1775 1373 1831 omnibus
1404 1775 1792 1847 congregatis,
1827 1773 2141 1831 concilium
2173 1776 2591 1847 peractum'cst
2618 1773 2678 1828 in
2725 1772 2968 1829 basilica
3016 1772 3332 1829 Salvatoris
3380 1772 3599 1828 Domini
3641 1774 3790 1829 nostri

580 1875 720 1931 Jesu
751 1873 962 1929 Christi
984 1874 1153 1944 juxta
1186 1873 1573 1928 Lateranense
1607 1871 1988 1944 palatium.Et
2012 1871 2360 1945 praesidente
2390 1872 2592 1931 eodem
2624 1870 2964 1926 beatissimo
2994 1887 3167 1942 papa,
3201 1870 3629 1928 considentibus
3655 1870 3794 1926 etiam

579 1970 800 2045 pariter
828 1987 961 2025 cum
995 1969 1216 2025 eisdem
1247 1969 1521 2025 omnibus
1554 1969 2159 2042 episcopis,deductus
2190 1974 2277 2025 est
2307 1970 2377 2027 ad
2409 1969 2671 2029 medium
2703 1967 3119 2024 Constantinus
3149 1967 3477 2041 apostolicae
3507 1967 3648 2024 sedis
3667 1966 3789 2023 inva-

584 2087 699 2133 sor,
725 2069 848 2141 jam
882 2058 1452 2124 excmcatus‘oculos.
1485 2066 1555 2122 Et
1584 2067 1859 2122 subtilius
1889 2066 2214 2139 exquisitus
2244 2083 2349 2125 cur
2378 2066 2850 2143 praesumpsisset
2880 2065 3263 2138 apostolicam
3294 2066 3489 2122 sedem
3525 2064 3692 2121 laicus
3708 2065 3800 2120 exi-

505 2169 541 2223 5
578 2172 738 2223 stens
773 2166 1061 2232 invadere,
1086 2169 1141 2219 ct
1170 2164 1345 2219 talem
1377 2164 1590 2235 iniquze
1624 2164 1896 2220 novitatis
1922 2182 2175 2221 errorem
2205 2165 2266 2219 in
2298 2164 2557 2223 Ecclesia
2584 2164 2685 2219 Dei
2716 2163 3157 2237 perpetrare,ita
3185 2180 3386 2219 coram
3411 2163 3667 2219 omnibus
3686 2179 3786 2235 pro-

580 2265 771 2319 fessus
803 2266 890 2318 est
917 2262 1033 2316 vim
1066 2279 1127 2317 se
1159 2280 1191 2316 a
1221 2262 1435 2335 populo
1471 2247 1866 2334 pertulisse,et
1899 2279 1999 2334 per
2028 2262 2333 2319 brachium
2365 2262 2563 2337 populi
2598 2262 2779 2318 fuisse
2808 2261 3265 2334 electum,atque
3296 2265 3553 2318 coactum
3586 2262 3640 2316 in
3668 2261 3799 2324 Late_

577 2375 824 2417 ranense
855 2358 1275 2433 patriarchium
1304 2359 1621 2414 deductum
1654 2364 1892 2431 propter
1920 2359 2259 2432 gravamina
2288 2377 2355 2418 ac
2385 2359 2725 2432 praejudicia
2753 2358 2853 2415 illa
2869 2375 2997 2431 qua
3016 2360 3280 2416 Romano
3294 2357 3802 2431 populoingesserat

577 2460 831 2514 domnus
863 2455 1076 2512 Paulus
1110 2474 1280 2531 papa,
1313 2460 1370 2512 et
1394 2474 1671 2513 corruens
1703 2456 1762 2511 in
1794 2461 2008 2512 terram
2042 2457 2316 2517 manibus
2348 2456 2602 2514 extensis
2634 2458 2693 2512 in
2725 2456 3054 2530 pavimento
3086 2473 3147 2513 se
3178 2473 3347 2513 reum
3377 2473 3443 2514 ac
3457 2473 3794 2530 supernume-

577 2574 710 2613 rum
739 2573 926 2612 arena:
958 2554 1139 2610 maris
1170 2571 1442 2627 peccasse
1472 2554 1741 2620 deﬂebat,
1770 2559 1972 2627 petens
2003 2555 2413 2613 misericordiae
2442 2555 2672 2611 veniam
2707 2555 2778 2611 ab
2810 2556 3014 2611 eodem
3047 2554 3392 2612 sacerdotali
3421 2555 3794 2627 consequicon-

474 2659 540 2713 10
577 2655 731 2712 cilio.
767 2656 947 2721 Quem
979 2671 1014 2708 a
1041 2656 1197 2708 terra
1226 2651 1447 2708 elevare
1479 2652 1776 2721 facientes,
1798 2653 1923 2725 ipso
1956 2653 2047 2708 die
2077 2652 2302 2713 nullam
2336 2653 2405 2708 de
2444 2670 2511 2708 eo
2558 2652 2928 2725 protulerunt
2976 2653 3356 2710 sententiam.
3388 2653 3512 2709 Alia
3556 2669 3674 2708 vero
3724 2650 3796 2705 die

575 2754 766 2809 denuo
797 2750 1105 2807 afferentes
1132 2766 1289 2816 eum,
1324 2754 1499 2823 atque
1527 2750 1954 2823 interrogantes
1983 2751 2054 2806 de
2084 2752 2285 2809 eadem
2318 2750 2501 2824 impia
2532 2751 2804 2820 novitate,
2840 2750 3142 2824 respondit
3171 2751 3323 2807 nihil
3356 2751 3486 2807 novi
3523 2767 3580 2806 se
3627 2749 3796 2805 fecisse

576 2850 777 2907 dicens
812 2865 825 2905 :
857 2848 998 2921 quia
1022 2852 1079 2903 et
1108 2846 1344 2920 Sergius
1373 2847 1848 2921 archiepiscopus
1882 2848 2326 2917 Ravennatium,
2359 2848 2545 2905 laicus
2576 2848 2830 2906 existens
2860 2849 3341 2923 archiepiscopus
3388 2849 3571 2905 factus
3612 2850 3691 2904 est
3714 2863 3726 2901 :
3750 2848 3795 2901 et

574 2948 909 3020 Stephanus
938 2945 1327 3018 Neapolitanre
1361 2946 1630 3015 civitatis,
1661 2951 1717 3002 et
1745 2946 1870 3019 ipse
1897 2946 2085 3002 laicus
2124 2950 2361 3021 repente
2405 2947 2715 3020 episcopus
2763 2952 3137 3004 consecratus
3186 2952 3299 3004 est.
3330 2948 3479 3004 Dum
3520 2962 3643 3003 vero
3681 2943 3794 3001 talia

575 3045 784 3101 iisdem
816 3042 1236 3099 Constantinus
1266 3047 1730 3116 persequeretur,
1764 3042 1919 3099 illico
1951 3044 2082 3099 irati
2112 3043 2233 3103 zelo
2265 3043 2667 3101 ecclesiastica:
2701 3044 3033 3103 traditionis
3063 3044 3323 3102 universi
3351 3045 3663 3102 sacerdotes
3697 3039 3795 3097 aleo

473 3146 541 3201 15
578 3146 706 3215 ejus
737 3142 1017 3198 cervicem
1051 3142 1268 3197 cadere
1296 3141 1592 3210 facientes,
1627 3160 1761 3198 eum
1789 3147 1952 3198 extra
1981 3143 2247 3201 eamdem
2278 3142 2584 3200 ecclesiam
2610 3146 2925 3216 ejccerunt.

643 3241 796 3298 278
827 3241 992 3296 Tunc
1024 3238 1264 3295 detectis
1294 3243 1366 3310 (ε)
1392 3239 1666 3297 omnibus
1696 3242 1824 3312 ejus
1855 3240 2150 3299 rationum
2181 3241 2381 3315 gestis,
2400 3241 2575 3298 simul
2607 3247 2664 3298 et
2693 3242 2938 3299 concilio
2968 3242 3066 3299 illo
3098 3244 3258 3315 quod
3290 3244 3351 3300 in
3382 3241 3794 3314 scriptisdeejus

575 3339 744 3413 quasi
774 3336 1216 3394 confirmatione
1246 3337 1470 3394 editum
1503 3339 1708 3407 fuerat,
1741 3338 1876 3411 igne
1926 3339 2379 3397 combusserunt
2423 3339 2481 3394 in
2514 3339 2705 3396 medio
2736 3340 3077 3414 presbyterii
3109 3340 3305 3414 ipsius
3330 3340 3599 3398 ecclesiae.
3627 3339 3691 3395 Et
3710 3336 3794 3392 hoc

570 3438 719 3492 facto
746 3437 1057 3509 projiciens
1090 3454 1151 3491 se
1182 3436 1240 3491 in
1272 3440 1486 3491 terram
1518 3436 1929 3492 sanctissimus
1961 3437 2293 3509 Stephanus
2323 3454 2476 3510 papa
2514 3454 2648 3493 cum
2699 3438 2987 3495 universis
3035 3439 3466 3508 sacerdotibus,
3515 3443 3570 3494 et
3614 3433 3793 3509 populo

572 3535 853 3598 Romano,
886 3533 1323 3605 clamantesquc
1355 3534 1519 3604 Kyric
1546 3535 1765 3600 cleison,
1801 3551 1934 3588 cum
1961 3533 2183 3606 ingenti
2216 3536 2351 3591 ﬂetu
2386 3551 2656 3606 peccasse
2688 3553 2750 3591 se
2779 3553 2984 3592 omnes
3006 3536 3257 3610 professi
3286 3540 3429 3593 sunt
3458 3552 3557 3609 pro
3585 3551 3646 3591 eo
3671 3530 3791 3606 quod

495 3631 531 3685 5
568 3631 638 3685 de
666 3630 939 3686 manibus
971 3630 1157 3702 ipsius
1182 3630 1548 3685 Constantini
1581 3630 2054 3686 communionem
2089 3633 2524 3704 suscepissent:
2559 3632 2839 3707 sicqueex
2869 3634 2978 3690 hoc
3007 3635 3288 3691 omnibus
3316 3634 3539 3691 indicta
3557 3637 3640 3690 est
3653 3627 3795 3705 poeni-

570 3727 771 3783 tentia.
804 3728 969 3782 Tunc
998 3726 1192 3782 allatis
1220 3727 1636 3783 sacratissimis
1666 3727 2009 3797 canonibus,
2044 3727 2246 3802 eisque
2289 3728 2516 3802 liquido
2566 3732 2973 3803 perscrutatis,
3008 3731 3236 3805 prolata
3285 3737 3381 3789 est.
3426 3731 3697 3790 sententia
3737 3726 3793 3783 ab

567 3826 770 3882 eodem
803 3824 1150 3881 sacerdotali
1181 3823 1425 3880 concilio
1456 3826 1566 3885 sub
1598 3824 1989 3882 anathematis
2018 3825 2348 3896 interdicto,
2381 3844 2453 3882 ne
2483 3827 2641 3885 ullus
2672 3845 2934 3902 unquam
2965 3834 3286 3902 praesumat
3315 3830 3611 3896 laicorum,
3639 3839 3791 3897 neque

568 3940 636 3979 ex
666 3922 779 3979 alio
809 3923 1032 3992 ordine,
1068 3922 1179 3978 nisi
1215 3939 1318 3994 per
1349 3922 1655 3979 distinctos
1683 3923 1904 3997 gradus
1933 3925 2276 3991 ascendens,
2309 3926 2593 3984 diaconus
2618 3931 2721 3983 aut
2750 3928 3054 4001 presbyter
3080 3928 3403 3985 cardinalis
3426 3928 3607 3985 iactus
3635 3921 3790 3988 fuerit,

566 4023 639 4079 ad
669 4038 892 4079 sacram
926 4020 1302 4095 pontiﬁcatus
1331 4021 1615 4078 honorem
1645 4021 1832 4094 possit
1862 4023 2207 4095 promoveri.

637 4121 790 4177 219
818 4120 890 4176 Et
918 4120 1033 4177 alia
1063 4121 1234 4194 plura
1257 4137 1384 4193 qua
1416 4121 1487 4176 de
1516 4137 1582 4176 eo
1613 4120 1892 4177 canonica
1922 4121 2714 4198 indigebantcorreptione(f)
2732 4124 2792 4180 in
2808 4126 3012 4182 eodem
3033 4124 3619 4183 conciliostatuerunt
3632 4134 3791 4178 emen-

566 4218 779 4274 danda.
812 4219 894 4275 De
922 4218 1212 4292 episcopis
1240 4235 1375 4275 vero
1406 4222 1582 4290 atque
1612 4218 1968 4292 presbyteris
1997 4223 2053 4275 et
2084 4220 2427 4277 diaconibus
2476 4238 2625 4293 quos
2655 4221 2780 4295 ipse
2810 4222 3229 4279 Constantinus
3261 4221 3703 4285 consecraverat,
3728 4216 3791 4271 ita

561 4314 623 4371 in
654 4317 857 4372 eodem
888 4316 1132 4373 concilio
1164 4315 1606 4390 promulgatum
1638 4320 1746 4383 est,
1782 4320 1847 4371 ut
1875 4317 2131 4390 episcopi
2160 4318 2266 4386 illi,
2289 4318 2337 4374 si
2371 4318 2583 4390 aliquis
2613 4336 2815 4376 eorum
2847 4320 3267 4394 presbyteraut
3283 4313 3788 4383 diaconusfuerit,in

562 4413 880 4486 pristinum
911 4414 1150 4471 honoris
1180 4415 1270 4472 sui
1303 4415 1552 4489 gradum
1584 4417 2061 4471 reverteretur.Et
2089 4415 2138 4472 si
2168 4415 2486 4488 placabiles
2508 4416 2759 4474 fuissent
2775 4435 2971 4474 coram
3000 4418 3218 4492 populo
3235 4415 3788 4484 civitatissuaaﬁenuo

489 4512 526 4567 5
565 4511 714 4569 facto
745 4513 973 4569 decreto
1004 4512 1305 4570 electionis
1338 4529 1497 4568 more
1528 4511 1700 4568 solito
1729 4529 1863 4568 cum
1894 4512 2044 4569 clero
2075 4518 2133 4570 et
2158 4513 2325 4586 plebe
2347 4514 2416 4570 ad
2449 4514 2831 4587 apostolicam
2853 4515 3524 4583 advenissentsedem,et
3537 4515 3605 4571 ab
3619 4511 3785 4570 eodem

566 4610 938 4667 sanctissimo
969 4612 1264 4685 Stephano
1287 4627 1440 4684 papa
1454 4609 1876 4667 benedictionis
1904 4610 2305 4684 suscepissent
2325 4612 2398 4685 (g)
2418 4612 3268 4688 consecrationem.Presbyteri
3280 4631 3417 4670 vero
3430 4613 3512 4670 illi
3528 4603 3787 4669 acdiaconi

562 4708 635 4764 ab
664 4709 869 4764 eodem
899 4709 1279 4766 Constantino
1310 4708 1630 4766 consecrati
1662 4708 1838 4765 simili
1873 4709 2045 4765 modo
2068 4709 2128 4764 in
2159 4726 2225 4766 eo
2257 4727 2372 4783 quo
2404 4710 3117 4783 priusexistebanthabitu
3139 4709 3789 4780 reverterentur.Etpost-

560 4806 801 4860 modum
835 4807 884 4861 si
916 4805 1016 4879 qui
1048 4824 1247 4864 eorum
1279 4807 1594 4880 placabiles
1625 4806 2004 4876 exstitissent,
2039 4807 2331 4863 antefatus
2362 4807 2742 4867 beatissimus
2772 4810 3032 4883 pontifex
3062 4811 3438 4884 presbyteros
3457 4825 3553 4866 eos
3579 4810 3671 4864 aut
3693 4803 3786 4858 dis-

562 4918 740 4958 conos
769 4910 1167 4961 consecrasset
1199 4906 1581 4978 (h).Statuens
1610 4908 1674 4960 ut
1702 4904 1763 4960 hi
1797 4905 1899 4977 qui
1928 4923 1996 4961 ex
2025 4904 2108 4960 eis
2138 4906 2531 4962 consecraturi
2565 4907 2626 4980 (ἰ)
2658 4910 2841 4977 erant,
2860 4924 3233 4981 nequaquam
3247 4909 3322 4965 ad
3337 4901 3782 4976 fortioremUﬂlO-

455 5002 522 5057 10
558 5016 693 5057 nem
725 5001 1124 5071 escenderent,
1156 5019 1260 5058 nec
1286 5003 1357 5058 ad
1388 5003 1763 5076 pontificatus
1789 5008 2270 5077 promoverentur
2299 5004 2550 5075 culmen,
2585 5021 2658 5061 ne
2689 5005 2824 5062 talis
2850 5005 3069 5080 impius
3098 5006 3375 5064 novitatis
3403 5022 3559 5064 error
3600 5003 3654 5058 in
3695 4998 3783 5055 Ec-

561 5097 735 5156 clesia
765 5097 865 5154 Dei
897 5097 1230 5170 pullularet.

630 5196 784 5254 280
815 5195 947 5268 Ipse
975 5210 1109 5251 vero
1141 5197 1436 5253 antefatus
1467 5197 1847 5255 beatissimus
1879 5198 2211 5272 Stephanus
2241 5217 2392 5274 papa
2425 5218 2620 5257 coram
2652 5201 2811 5258 omni
2844 5201 3189 5259 sacerdotali
3219 5201 3462 5277 collegio
3510 5199 3654 5257 clara
3672 5206 3783 5250 voce

558 5292 1255 5365 clamavit,dicens:Nullo
1286 5295 1458 5351 modo
1490 5311 1552 5351 se
1583 5294 1821 5352 immitti
1853 5300 1953 5352 aut
1984 5298 2219 5369 penitus
2251 5297 2541 5355 declinare
2570 5298 2631 5354 in
2663 5300 3003 5356 eorumdem
3033 5299 3613 5375 presbyterorumaut
3627 5293 3783 5351 diaco-

1620 5472 1871 5520 NOTULAZ
1914 5473 2301 5521 MARGINALES
2342 5474 2661 5523 FABROTTI.

487 5615 562 5689 (α)
594 5614 1069 5692 praesumptione.
1102 5691 1105 5692 ν
1146 5615 1505 5692 (b)_invasor.
1583 5615 1653 5688 (ε)
1688 5617 1895 5692 Βανοηε
1925 5633 2058 5672 ann.

2180 5618 2215 5673 l.
2294 5617 2371 5690 (εἰ)
2399 5619 2789 5692 congregavit.
2866 5618 2936 5692 (θ)
2965 5619 3031 5692 Β,
3060 5617 3407 5692 combustis.
3480 5614 3556 5691 (Ι)
3591 5623 3777 5671 correc-

441 5685 453 5700 ο
487 5634 562 5689 (α)
594 5634 1069 5699 praesumptione.
1146 5634 1223 5691 (ο)
1253 5634 1505 5673 invasor.
1583 5634 1653 5688 rc)
1688 5634 1887 5673 σανοη.
1925 5634 2011 5671 am

414 5690 570 5749 tione
643 5687 720 5766 (g)
751 5691 1135 5763 susciperent.
1208 5689 1289 5765 (ἡ)
1322 5692 1385 5764 Β,
1419 5691 1807 5762 consecraret,
1840 5690 1938 5761 aL,
1971 5705 2011 5748 οε

1975 5634 2058 5672 tu.
2089 5634 2215 5701 1.03:.
2294 5634 2371 5690 (α)
2399 5634 2789 5748 congregavu.
2866 5634 2936 5692 (θ)
2965 5634 3031 5701 p,
3060 5634 3407 5703 cqmnusus.
3480 5634 3556 5691 υ)

1975 5688 2328 5749 conciliaret.
2405 5689 2470 5767 (ι)
2551 5730 2567 5761 ,
2599 5692 2999 5751 consecrandi.
3081 5691 3149 5769 υ)
3179 5691 3242 5766 Β,
3271 5693 3572 5768 potiorem.
