4044 6168
238 204 399 273 ωσι
971 210 1341 275 msronu
1386 211 1490 276 ns
1529 211 1735 279 ητις
1782 210 1971 280 non.
2017 210 2353 280 pom.—
2382 219 2449 282 s.
2493 219 2915 285 ADRIANUS.
3496 206 3652 287 lno

380 348 559 400 mauu
588 340 793 400 domui
820 339 1107 430 .Stephani
1144 349 1329 419 papa,
1348 344 1580 421 atqu'ea
1600 347 1839 408 Calvulo
1855 352 1935 423 (α)
1961 341 2317 408 cubiculario
2349 342 2461 409 sibi
2491 340 2601 411 hoc
2637 338 2821 414 fuisse
2851 358 3227 431 praeceptum,
3251 355 3401 414 tradi
3430 340 3652 418 eisdem

379 440 719 514 campanis.
2630 460 2637 465 ί

448 538 619 597 περ
640 537 1026 613 Dirigensq'ue
1055 541 1211 598 idem
1243 541 1656 621 sanctissimus
1684 540 1902 620 prassul
1929 563 2069 606 suos
2099 547 2316 604 missos
2344 547 2403 603 in
2431 548 2811 623 Campaniam
2843 550 2903 606 in
2934 551 3229 611 civitatem
3262 555 3655 630 Anagninum,

380 636 595 695 adduci
624 636 763 693 fecit
792 637 1098 711 praedictos
1128 638 1518 699 Tunissonem
1541 644 1618 714 (ὁ)
1649 648 1707 701 et
1730 644 2218 714 Leonatium.Qui
2241 647 2575 720 praesentati
2606 648 2941 721 apostolicis
2971 650 3289 722 obtulibus,
3314 653 3655 728 fortiterque

384 735 717 805 constricti,
733 736 984 794 confessi
1014 736 1172 808 sunt,
1205 736 1464 797 dicentes
1495 742 1648 815 quod
1670 760 1705 799 a
1725 740 2149 817 prie’nomiuato
2179 742 2357 802 Paulo
2387 745 2746 803 cubiculario
2768 748 2822 802 et
2846 746 3124 821 Gregorio
3146 751 3448 809 defensore
3478 752 3659 827 regio-

382 834 549 892 uario
577 850 681 891 seu
711 834 936 892 Joanne
965 838 1245 910 germano
1275 838 1500 912 praefati
1548 840 1749 898 domui
1783 840 2063 917 Stephani
2110 860 2293 918 papas,
2326 847 2383 900 et
2414 843 2647 901 Calvulo
2696 844 2836 900 item
2891 845 3271 917 oubiculario,
3297 853 3354 906 et
3400 848 3656 925 Maligno

306 933 346 990 5
381 934 798 1002 consentanea,
812 936 872 989 et
891 931 1148 1007 sis'pefati
1170 935 1333 992 Pauli
1354 932 1517 995 illius
1536 934 1889 1013 prmwptnm
1913 940 2119 998 fuisset
2138 941 2627 1014 praenomiuatum
2644 944 2914 1017 Sergium
2937 943 3369 1003 abstollendum
3393 964 3459 1003 ac
3480 946 3660 1005 inter-

383 1029 724 1088 ﬁniendum.
746 1030 1021 1089 Protinus
1041 1032 1253 1090 direxit
1279 1033 1409 1107 ipse
1436 1035 1847 1094 sanctissimus
1875 1038 2135 1111 pontifex
2160 1046 2295 1095 cum
2317 1040 2759 1113 pmuominatis
2783 1040 3097 1115 Campanis
3120 1059 3259 1100 suos
3279 1042 3656 1101 ﬁdelissimos

384 1127 790 1197 ministros,ut
817 1129 1292 1188 demonstrarent
1309 1128 1503 1189 locum
1524 1133 1624 1190 ubi
1656 1133 1851 1208 ipsum
1876 1125 2147 1209 Sergium
2173 1135 2589 1194 interfecerunt
2612 1141 2786 1211 atque
2809 1138 3266 1212 sepelierunt;et
3284 1146 3660 1215 properantes

382 1228 670 1283 venerunt
696 1226 887 1301 usque
916 1227 977 1283 in
1009 1225 1365 1285 Merolauam
1396 1231 1470 1286 ad
1499 1246 1701 1288 arcum
1732 1226 2053 1306 depictum,
2087 1247 2288 1291 sercus
2332 1233 2488 1291 viam
2507 1251 2634 1308 quae
2667 1236 2831 1293 ducit
2860 1237 2930 1293 ad
2963 1237 3269 1295 ecclesiam
3318 1242 3529 1295 sancta:
3558 1238 3661 1296 Dei

382 1323 714 1382 chitric’is'
729 1325 805 1381 ad
835 1326 1113 1400 Prusepe,
1146 1322 1345 1400 ibique
1378 1326 1550 1399 juxta
1578 1323 1851 1389 eumdem
1882 1340 2084 1388 arcum
2125 1326 2452 1405 aperientes
2482 1346 2662 1389 unam
2694 1333 3085 1407 sepulturam,
3115 1336 3663 1393 demonstraverunt

275 1422 350 1481 ιο
384 1424 601 1496 corpus
622 1421 783 1481 illius
800 1423 993 1498 Sergii'
1010 1422 1355 1497 repositum,
1372 1425 1625 1500 funeque
1647 1427 1777 1500 ejus
1799 1431 2004 1502 guttur
2020 1429 2425 1499 constrictum,
2442 1434 2616 1503 atque
2638 1431 2853 1487 ictibus
2876 1434 3063 1489 totum
3083 1450 3294 1506 corpus
3318 1435 3446 1506 ejus
3466 1435 3662 1492 vulne-

385 1521 605 1578 ratum.
629 1520 794 1578 unde
823 1518 939 1577 acii
970 1521 1151 1578 dubie
1177 1528 1266 1579 est
1295 1518 1645 1581 suifocatum
1676 1542 1745 1582 ae
1773 1525 2119 1583 semivivum
2154 1527 2333 1584 fuisse
2362 1524 2518 1584 terra
2547 1529 2847 1584 obrutum.
2878 1529 3038 1597 Quod
3071 1535 3373 1589 cernentes
3403 1530 3659 1589 universi

388 1618 674 1692 primates
701 1616 991 1686 Ecclesiae,
1023 1616 1090 1676 ac
1110 1615 1345 1692 jndices
1376 1620 1617 1692 militiis,
1648 1616 2031 1681 ascendentes
2062 1625 2423 1682 unanimiter
2461 1642 2597 1683 cum
2630 1627 2899 1684 universo
2930 1628 3145 1702 populo
3178 1628 3237 1684 in
3270 1629 3658 1687 Lateranense

386 1717 848 1792 patriarchium,
881 1718 1161 1791 prostrati
1190 1718 1526 1792 apostolicis
1552 1720 2051 1796 vestigiis,obnixe'
2077 1722 2349 1780 eumdem
2380 1723 2701 1781 almificum
2734 1708 3068 1798 pontiﬁcem
3102 1727 3391 1799 deprecati
3426 1732 3566 1784 sunt
3595 1731 3661 1784 ut

386 1815 713 1872 vindictam
742 1813 917 1889 dique
938 1812 1408 1874 emendationem
1429 1812 1561 1875 ﬁeri
1575 1817 1946 1893 praecepisset
1965 1821 2219 1877 de‘t‘autc
2240 1820 2505 1878 inaudito
2526 1822 2777 1896 piaculo,
2801 1823 2862 1879 in
2884 1840 2950 1881 eo
2969 1822 3125 1896 quod
3147 1826 3662 1898 praesumpsissent

276 1911 355 1972 i5
391 1910 593 1971 secum
613 1910 914 1970 hominem
939 1910 1154 1987 sepius
1179 1910 1487 1972 termentis
1509 1920 1945 1975 concrematum
1967 1910 2285 1976 crudeliter
2302 1916 2650 1989 interﬁcere,
2675 1922 2832 1993 quod
2853 1921 3073 1977 factum
3095 1938 3398 1995 nunquam
3417 1922 3661 1997 legitur;

391 2009 725 2069 uenatias
741 2010 883 2085 quiaE
900 2011 949 2069 si
970 2011 1110 2069 talis
1130 2008 1338 2086 ﬂagitii
1364 2017 1561 2070 reatus
1590 2030 1707 2071 non
1738 2010 2091 2088 expiaretur,
2114 2016 2294 2073 nimis
2321 2016 2452 2090 ipsa
2480 2017 2664 2091 impia
2682 2018 3030 2076 temeritatis
3056 2020 3434 2092 praesumptio
3464 2020 3522 2075 in
3554 2020 3665 2077 hac

393 2109 658 2167 Romam
688 2107 834 2167 urbe
861 2104 1198 2183 pullularet,
1220 2108 1594 2171 assumentes
1625 2124 1696 2169 ex
1725 2113 1835 2170 hoc
1880 2113 2188 2170 audaciam
2219 2104 2475 2188 perversi
2514 2113 2784 2173 homines
2817 2119 2883 2173 ut
2910 2120 3205 2173 tentarent
3234 2117 3431 2190 pejora
3460 2134 3666 2195 perpe-

389 2207 566 2264 trare.
591 2203 759 2263 Tunc
784 2202 1063 2281 priamus
1091 2206 1503 2266 sanctissimus
1532 2208 1745 2283 pressu]
1778 2210 2051 2285 precibus
2083 2211 2357 2284 judicum
2399 2198 2774 2286 universique
2805 2213 3005 2286 populi
3038 2214 3287 2271 Romani
3312 2214 3498 2287 jussit
3523 2230 3668 2271 con-

391 2306 623 2363 trudere
653 2302 979 2362 autefatum
1009 2304 1315 2362 Calvulum‘
1344 2300 1790 2377 cubicularium,
1823 2306 1890 2364 δι’
1910 2307 2366 2381 praenominatos
2393 2306 2723 2382 Campanos
2754 2311 3025 2384 praefecto
3056 2311 3248 2377 Urbis,
3281 2318 3346 2367 ut
3374 2326 3534 2368 more
3549 2311 3665 2369 'ho-

266 2404 374 2460 ω’
399 2400 751 2463 micidarnm
786 2400 895 2461 eos
924 2398 1121 2460 curaui
1164 2399 1445 2461 universo
1476 2403 1693 2478 pepulo
1732 2398 2112 2462 examinat-et.
2147 2398 2512 2480 Deductique
2543 2423 2575 2464 e
2604 2406 2925 2481 Elephanto
2956 2393 3027 2479 (ο)
3060 2409 3118 2464 in
3149 2424 3439 2465 carcerem
3472 2408 3668 2482 publi-

395 2499 555 2568 cum;
588 2497 711 2557 illic
739 2498 936 2557 coram
966 2500 1239 2559 universo
1266 2502 1483 2575 pepulo
1511 2496 1826 2560 examinati
1853 2508 2013 2560 sunt.
2607 2545 2615 2554 .

465 2596 633 2655 πα
654 2596 879 2671 Sicque
896 2598 1009 2671 ipsi
1044 2594 1512 2672 Campini,isicut
1539 2600 1724 2674 prius,
1749 2600 1830 2657 ita
1860 2592 1919 2657 et
1946 2600 2006 2657 in
2036 2592 2237 2657 eadem
2279 2596 2708 2657 examinatione
2735 2602 2987 2659 confessi
3018 2605 3176 2658 sunt.
3204 2601 3478 2658 Caqulus
3508 2619 3664 2669 vero,

395 2693 697 2753 o'bduraus
714 2698 818 2752 cer
842 2694 1149 2762 suum,vix
1168 2690 1473 2753 confessus
1494 2701 1583 2754 est
1612 2697 1695 2754 ita
1715 2697 1920 2754 omnia
1939 2690 2096 2766 esse:
2120 2697 2220 2771 qui
2252 2688 2449 2754 tamen
2479 2698 2540 2753 in
2562 2699 2767 2755 eodem
2791 2714 3020 2756 carcere
3049 2698 3268 2755 crudeli
3303 2701 3488 2756 morte
3514 2698 3668 2754 ami-

397 2791 477 2850 sit
500 2790 583 2866 (ἡ
612 2792 908 2867 spiritum.
935 2788 1043 2850 Pro
1071 2794 1205 2851 vero
1236 2788 1765 2866 amputandis't‘am
1814 2785 2284 2852 intolerabilibus
2315 2792 2521 2869 ﬂagitii
2552 2792 2813 2853 restibus
2860 2795 3029 2853 missi
3077 2800 3218 2853 sunt
3244 2796 3359 2870 ipsi
3387 2780 3669 2869 Campani

396 2889 963 2963 Constantinopolim
992 2889 1053 2946 in
1083 2890 1374 2947 exsilium.
1538 2902 1539 2907 ‘
2314 2910 2319 2915 τ

469 2989 625 3046 σοι
656 2986 790 3045 Post
817 2984 940 3045 hec
987 2988 1174 3062 jussit
1220 2989 1517 3051 antelatus
1565 2982 1955 3048 beatissimus
1972 2982 2125 3065 papa
2153 2978 2386 3048 abstnlii
2418 2998 2663 3064 carpora
2691 2990 3093 3065 Christophori
3150 2976 3215 3048 et
3264 2982 3671 3064 praenominati

391 3085 577 3161 Sergﬁ
607 3087 738 3159 ejus
768 3086 896 3154 ﬁlii,
916 3100 1109 3160 eaque
1131 3100 1270 3144 cum
1302 3082 1522 3145 honore
1545 3084 1605 3144 in
1636 3086 1882 3146 ecclesia
1912 3089 2066 3145 beati
2098 3080 2251 3145 Petri
2280 3078 2419 3146 fecit
2447 3080 2849 3162 speliri.Gesta
2876 3106 3008 3146 vero
3039 3089 3495 3146 examinationis
3527 3106 3672 3162 qua-

397 3181 534 3241 liter
560 3181 776 3259 preprii
809 3180 1008 3242 reatus
1036 3198 1249 3242 noxam
1278 3184 1539 3243 confessi
1559 3180 1705 3242 sunt
1732 3186 1859 3258 jam
1890 3176 2087 3243 dictus
2116 3186 2391 3243 Galilulus
2421 3186 2819 3243 cubicularius
2848 3191 2907 3244 et
2938 3187 3344 3259 praenominati
3367 3185 3668 3260 Campani,

356 3280 606 3338 'direirit
634 3278 933 3339 antefatus
960 3281 1253 3340 aimiﬁcus
1296 3282 1557 3357 pontifex
1604 3284 1963 3353 Ravennam,
1996 3278 2063 3340 ut
2109 3284 2299 3341 eidem
2334 3280 2508 3341 Paulo
2538 3284 2739 3340 omnia
2789 3301 2893 3357 per
2939 3284 3204 3342 ordinem
3253 3284 3669 3357 relegerentur.

317 3381 359 3437 5
399 3378 738 3453 Suscipiens
758 3397 892 3437 vero
922 3381 1036 3437 Leo
1066 3379 1549 3454 archiepiscopus
1573 3381 1998 3438 Ravennatium
2023 3376 2227 3438 eadem
2257 3386 2443 3455 gesta,
2472 3380 2777 3438 confestim
2801 3382 2928 3438 sine
2952 3383 3297 3439 auctoritate
3328 3380 3670 3455 apostolica,

391 3473 918 3552 tradiditpumdem
947 3472 1201 3535 Paulum
1218 3474 1512 3535 consulari
1534 3472 1957 3536 Ravennatium
1979 3468 2666 3553 urbis.Examinatusque
2695 3485 2892 3537 coram
2918 3481 3196 3537 omnibus
3215 3468 3673 3547 Ravennatibus,

390 3575 596 3632 eadem
626 3578 759 3632 acta
789 3572 885 3630 illi'
906 3570 1308 3645 relec'ta'Sunt,
1343 3575 1545 3650 sicque
1574 3590 1636 3633 se
1660 3570 1833 3633 reum
1865 3567 2251 3634 manifestans
2295 3577 2442 3633 tanti
2487 3567 2723 3650 piaculi,
2761 3564 3066 3634 confessus
3098 3582 3187 3634 est
3217 3595 3279 3634 se
3310 3581 3679 3650 perpetrasse

394 3669 628 3748 nciam.
662 3670 913 3730 Itaivero
940 3672 1141 3733 isdem
1184 3668 1400 3731 Paulus
1457 3668 1826 3732 examinatus
1857 3668 1965 3743 est,
2000 3666 2139 3748 quin
2203 3666 2382 3731 etiam
2441 3686 2546 3731 nec
2604 3674 2851 3731 scientia
2879 3675 3087 3732 exinde
3117 3676 3255 3731 data
3301 3679 3391 3732 est
3438 3674 3676 3748 prmfato

392 3747 770 3829 sanctissimo
795 3766 1080 3844 pontiﬁci,
1103 3782 1295 3845 neque
1324 3772 1398 3828 ab
1427 3766 2100 3846 archiepiscopo,lneque
2128 3782 2164 3828 a
2191 3772 2549 3845 quibusdam
2581 3763 2946 3840 Ravinianis,
2971 3773 3073 3830 sed
3104 3789 3209 3846 per
3229 3772 3375 3829 alios
3406 3747 3516 3827 hoc
3544 3772 3675 3843 ejus

282 3866 371 3926 ιθ»
395 3867 956 3942 senctitas‘agncvit.
980 3867 1132 3925 Dum
1164 3882 1295 3926 vero
1324 3864 1436 3925 hoc
1466 3864 1752 3944 ageretur,
1778 3869 2025 3942 cupiens
2052 3869 2180 3943 ipse
2210 3862 2547 3943 praecipuus
2576 3860 2777 3941 pastor
2795 3875 2852 3926 et
2871 3871 3141 3945 egregius
3171 3862 3430 3943 pontifex
3453 3867 3677 3924 salvere

396 3962 809 4041 animam'jem
840 3958 981 4022 dicti
1012 3964 1195 4034 Pauli,
1226 3963 1300 4023 ne
1348 3966 1409 4022 iu
1462 3960 1745 4023 aeternum
1786 3966 2021 4040 periret,
2053 3966 2269 4024 ascribi
2312 3966 2449 4022 fecit
2499 3966 2934 4041 suggestionem
2987 3983 3157 4024 suam
3208 3966 3590 4022 Constantino
3619 3968 3681 4021 et

397 4063 576 4121 Ledni
605 4063 889 4137 Augustis
924 4058 1781 4138 magnisque'imperatbribus,
1817 4063 2160 4139 signiﬁcans
2205 4080 2279 4120 ne
2314 4060 2506 4138 ipsius
2546 4052 2729 4137 Sergii
2763 4064 2897 4121 caeci
2926 4064 3111 4137 impia
3143 4067 3347 4129 morte,
3372 4067 3544 4135 atque
3572 4062 3677 4118 de-

397 4156 649 4237 precans
674 4173 878 4225 eorum
907 4160 1275 4234 impei'ialem
1306 4156 1681 4218 clementiam
1713 4165 1781 4217 ut
1804 4162 1877 4218 ad
1904 4154 2375 4218 emendationem
2424 4161 2572 4218 tanti
2605 4162 2803 4218 reatus
2834 4161 3031 4234 ipsum
3064 4160 3309 4217 Paulum
3350 4158 3571 4232 suscipi
3618 4161 3679 4213 et

396 4259 459 4317 in
488 4256 639 4333 ipsis
663 4256 896 4319 Griecils
921 4254 1193 4332 partibus
1218 4258 1278 4315 in
1309 4257 1510 4316 exsilio
1542 4252 1945 4332 mancipatum
1975 4258 2234 4328 retineri,
2273 4250 2686 4333 prmcepissent
2714 4259 2806 4331 (ε).

470 4353 632 4416 801⁷
655 4356 992 4430 Direxitque
1016 4352 1293 4414 eamdem
1320 4356 1758 4431 suggestionem
1791 4357 1920 4429 ejus
1950 4350 2041 4413 ter
2069 4354 2369 4413 beatitudo
2398 4355 2574 4412 Leoni
2618 4355 3075 4429 archiepiscopo,
3108 4358 3175 4410 ut
3202 4354 3399 4427 ipsum
3432 4350 3674 4410 Paulum

396 4452 963 4528 cunctaminopolim
990 4452 1053 4510 in
1086 4450 1289 4511 cnsilio
1318 4453 1437 4511 sive
1466 4456 1571 4527 per
1586 4453 1884 4524 Venetiae,
1918 4453 2039 4511 sive
2067 4452 2305 4511 aliunde
2333 4446 2587 4527 qualiter
2615 4444 2926 4528 potuisset,
2952 4452 3250 4526 dirigeret,
3273 4468 3408 4508 eum
3440 4450 3679 4524 praefata

399 4552 726 4629 apostolica
744 4550 1141 4627 suggestione.
1167 4552 1298 4626 Ipse
1316 4568 1450 4609 vero
1472 4548 1975 4626 archiepiscopus.
1998 4551 2289 4609 insidians
2307 4552 2682 4609 vehementer
2701 4551 2890 4609 eidem
2913 4542 3110 4620 Paulo,
3136 4550 3409 4608 adhibuit
3432 4548 3677 4622 impiam

399 4650 793 4723 occasionem,
820 4648 1083 4724 dirigens
1113 4649 1302 4707 eidem
1335 4650 1626 4723 praecipuo
1673 4650 1934 4723 pontiﬁci
1966 4650 2025 4706 in
2065 4649 2364 4722 responsis
2393 4666 2407 4705 :
2441 4640 2776 4723 Expedibile
2805 4666 2921 4706 non
2952 4664 3082 4705 esse
3120 4649 3393 4705 eumdem
3434 4645 3678 4703 Paulum

320 4746 365 4809 5
401 4747 547 4807 illuc
574 4747 844 4823 dirigere,
876 4746 937 4804 in
968 4750 1035 4805 eo
1064 4742 1222 4821 quod
1252 4741 2141 4821 Desiderius'Lcugoba'rdorum
2173 4764 2272 4804 rex
2300 4744 2488 4803 ﬁlium
2533 4740 2796 4804 Mauricii
2827 4746 2997 4803 ducis
3023 4745 3399 4803 Venetiarum
3431 4744 3587 4817 apud
3618 4761 3681 4801 se

405 4841 648 4921 captum
677 4845 986 4914 detineret,
1016 4858 1092 4902 ne
1121 4844 1248 4918 ipse
1273 4842 1617 4914 Mauricius,
1638 4840 1827 4901 ﬁlium
1859 4838 2036 4902 suum
2057 4844 2301 4918 cupiens
2327 4845 2400 4901 ab
2430 4836 2634 4901 eodem
2666 4852 2799 4917 rege
2829 4843 3103 4917 recipere,
3125 4843 3397 4900 eumdem
3428 4841 3679 4898 Paulum

404 4942 813 5001 iiii‘vicarium
838 4939 1114 4999 traderet.
1143 4942 1299 4999 Ecce“
1337 4939 1570 5016 qualem
1620 4938 1988 4999 occasionem
2028 4943 2153 5016 ipse
2184 4938 2659 5015 archiepiscopus
2688 4936 2955 4998 Ecclesiae
3002 4940 3426 4997 Ravennatium
3474 4937 3683 4996 callide

402 5037 680 5102 adhibuit
706 5045 774 5098 ut
801 5036 999 5115 ipsum
1031 5037 1273 5098 Paulum
1306 5034 1675 5114 exstinguere
1701 5039 1953 5111 valeret;
1986 5039 2187 5113 sicque
2231 5039 2461 5096 remisit
2490 5040 2562 5096 ad
2595 5032 2977 5113 apostolicam
3010 5039 3208 5096 sedem
3240 5036 3678 5113 suggestionem

401 5138 593 5198 illam.
1807 5156 1815 5162 '

479 5232 634 5295 τοι
669 5236 813 5295 Post‘
828 5234 957 5294 huic
970 5234 1107 5293 vero
1127 5232 1262 5293 dum
1294 5235 1429 5310 ipse
1448 5228 1860 5292 sanctissimus
1888 5234 2099 5310 praeui
2124 5230 2432 5292 direxisset
2453 5230 2797 5310 Gregorium
2821 5228 3191 5293 sacellarium
3214 5249 3389 5291 suum
3421 5231 3492 5287 ad
3514 5227 3676 5285 Desi-

403 5333 638 5393 derium
669 5334 1187 5408 Langobardorum
1220 5330 1416 5408 regem
1444 5328 1874 5406 deprecationis
1904 5328 2083 5406 atque
2107 5326 2454 5390 hortationis
2481 5346 2662 5391 causa
2691 5351 2795 5408 pro
2826 5332 3202 5391 restituendis
3232 5328 3487 5404 praefatis
3511 5326 3583 5382 ab
3605 5341 3673 5382 eo

406 5431 622 5490 ablatis
649 5431 1003 5502 civitatibus,
1025 5432 1301 5506 precepit
1329 5431 1382 5488 ei
1411 5435 1477 5488 ut
1506 5431 1753 5489 ﬁrmiter
1780 5435 2209 5489 contestaretur
2239 5435 2484 5489 Leonem
2514 5431 3020 5506 archiepiscopum
3053 5435 3339 5503 quatenus
3369 5439 3502 5481 eum
3535 5439 3676 5478 con-

407 5543 641 5588 servare
669 5528 933 5588 studeret
959 5529 1226 5599 Paulum,
1249 5535 1309 5586 et
1336 5525 1470 5587 dum
1504 5522 1889 5586 reverteretur
1915 5545 1951 5585 a
1978 5523 2428 5600 Ticino,secum
2460 5546 2594 5586 eum
2633 5530 2746 5586 huc
2789 5531 3033 5586 Romam
3060 5526 3379 5583 reduceret.
3405 5521 3676 5594 Dumque

1449 5654 1703 5701 unum
1738 5652 2129 5699 IAIGIKA‘LIS’
2166 5653 2461 5699 FAIROTT!
2470 5654 2485 5698 ζ

332 5743 440 5817 (4)·
472 5743 791 5803 Calventio.
866 5746 972 5816 (ὁ)⁶
1003 5742 1399 5803 Lavissonem.
1476 5743 1554 5817 (ε)
1575 5744 1642 5817 B,
1663 5760 1695 5801 e
1724 5742 2347 5816 patriaroiiio‘praefato
2374 5742 2435 5799 in
2466 5760 2616 5800 carc.
2691 5737 2772 5810 (ά)
2801 5739 3016 5797 emisit.
3094 5737 3164 5810 (ε)
3184 5738 3249 5803 Β,
3273 5734 3673 5811 praeciperent.
