4056 6178
479 223 503 283 1
522 221 630 282 i7!
1624 220 2043 285 ANASTASII
2086 221 2740 285 BlBLIOTHEGARIl.
3675 226 3795 289 illi

543 355 582 411 5
617 352 897 428 prefatus
919 350 1234 426 Gregorius
1253 351 1593 411 sacellarius
1614 354 1673 410 in
1698 354 2121 413 Ravennatium
2151 359 2527 430 properasset
2555 355 2784 425 urbem,
2810 357 3148 411 constanter
3166 370 3233 411 ac
3253 351 3798 427 ﬁrmiter’protestatus

463 451 468 456 ’
617 454 706 508 est
734 451 1058 508 antefatum
1091 451 1593 526 archiepiscopum
1616 457 1674 510 et
1693 453 1926 525 judices
1947 453 2300 510 Ravinianos
2326 470 2394 510 ex
2424 453 2810 527 praeceptione
2840 451 3178 526 apostolica,
3199 452 3261 508 in
3292 453 3577 524 praesentia
3599 433 3800 513 Anualdi

617 548 958 605 chartularii
982 553 1119 606 tunc
1152 549 1231 606 ibi
1261 550 1587 620 existentis,
1609 551 1753 607 civis
1775 551 2042 620 Romani,
2068 551 2169 624 qui
2201 552 2419 608 ibidem
2451 551 2673 610 missus
2695 551 2913 609 eratab
2936 549 3256 624 apostolica
3275 551 3426 619 sede,
3449 549 3650 608 salvum
3666 559 3803 627 atque

619 646 975 703 incolumem
1005 647 1202 720 ipsum
1231 647 1477 704 Paulum
1508 650 2141 718 reservandum,donec
2160 667 2194 706 a
2214 650 2417 706 Ticino
2448 653 2849 716 reverteretur,
2873 665 3144 706 asserens
3175 647 3289 704 sibi
3316 647 3488 705 fuisse
3513 656 3804 724 praeceptum

621 745 695 800 ab
717 744 1037 817 apostolica
1056 750 1342 818 potestate
1363 764 1497 803 eum
1527 763 1727 803 secum
1752 747 1995 803 Romam
2016 748 2444 820 deportandum
2465 752 2522 804 et
2551 745 2892 820 apostolicis
2914 745 3138 803 salvum
3161 747 3605 820 praesentandum
3631 748 3806 804 obtuti-

517 844 583 899 10
622 844 753 899 bus.
778 843 908 899 Haec
927 860 1061 899 vero
1087 842 1282 916 ipsum
1305 849 1634 917 protestans
1654 844 2179 919 archiepiscopum,
2201 850 2456 918 emptum
2479 845 2752 902 Ticinum
2775 845 3069 917 profectus
3089 849 3179 900 est
3207 843 3344 912 iter;
3370 848 3426 900 et
3445 845 3687 901 continuo
3703 863 3809 918 pra-

624 941 961 997 nominatus
978 941 1471 1016 archiepiscOpus,
1487 943 1763 999 accersito
1781 943 2085 1000 consulare
2103 944 2528 1000 Ravennatium
2545 943 2818 1010 civitatis,
2836 941 3108 1015 praecepit
3126 941 3178 998 ei
3200 941 3392 1015 ipsum
3413 941 3810 1000 interﬁciendum

627 1037 895 1094 Paulum.
917 1039 987 1094 Et
1017 1040 1159 1095 dum
1193 1057 1456 1097 reversus
1487 1041 1696 1097 fuisset
1724 1041 2034 1113 saepefatus
2066 1040 2407 1097 sacellarius
2439 1042 2893 1112 Ravennamquc
2913 1040 3310 1112 conjungeret,
3333 1039 3542 1096 invenit
3559 1040 3810 1112 praenomi-

628 1139 834 1192 natum
858 1137 1101 1193 Paulum
1127 1139 1252 1210 jam
1280 1139 1670 1205 interfectum,
1693 1155 1798 1211 pro
1820 1156 1934 1211 quo
1960 1139 2136 1195 nimis
2169 1139 2488 1212 increpavit
2515 1137 3019 1212 archiepiscopum
3044 1137 3316 1194 eumdem
3348 1155 3450 1194 cur
3474 1138 3813 1210 praesumpsi:-

628 1237 717 1292 set
745 1238 947 1291 contra
977 1235 1360 1308 apostolicum
1397 1241 1748 1310 praeceptum
1772 1236 1966 1293 taliter
1989 1238 2059 1293 de
2081 1238 2284 1294 eodem
2308 1237 2486 1293 Paulo
2516 1254 2685 1310 agere
2701 1237 2729 1292 Τ
2763 1237 2896 1294 Post
2918 1235 3250 1309 aliquantos
3277 1235 3470 1308 itaque
3495 1235 3609 1292 dies
3634 1236 3814 1308 propria

522 1331 592 1388 45
628 1333 984 1389 conscientia
1013 1333 1200 1390 isdem
1232 1334 1706 1407 archiepiscopus
1735 1335 1945 1391 tertius
1968 1335 2178 1392 direxit
2206 1335 2625 1409 pramominato
2655 1333 3027 1391 sanctissimo
3058 1351 3220 1407 papae
3251 1350 3353 1406 per
3378 1332 3655 1390 Julianum
3680 1332 3818 1388 tribu-

630 1448 772 1487 num
805 1448 980 1488 suum
1013 1432 1263 1489 missum
1313 1433 1633 1506 deprecans
1664 1431 2014 1505 apostolicae
2057 1432 2169 1490 sibi
2214 1433 2387 1507 dirigi
2443 1431 2670 1489 litteras
2700 1449 2766 1488 ac
2797 1430 3216 1490 consolationis
3245 1431 3486 1502 monita,
3505 1431 3657 1504 quasi
3696 1429 3817 1486 nulla

629 1527 792 1585 illius
823 1534 1127 1602 putaretur
1155 1529 1328 1603 culpa
1360 1531 1430 1588 de
1459 1531 1721 1602 ejusdem
1755 1531 1912 1588 Pauli
1944 1536 2148 1600 morte,
2173 1531 2232 1587 in
2253 1547 2320 1588 eo
2342 1531 2498 1604 quod
2529 1531 2774 1604 sanguis
2802 1529 3132 1587 innocentis
3151 1528 3314 1586 ultus
3346 1528 3565 1586 fuisset.
3584 1527 3818 1586 Sednullo

631 1627 804 1684 modo
835 1627 1027 1700 potuit
1057 1627 1252 1700 ipsum
1283 1628 1724 1704 sanctissimum
1744 1646 1954 1703 papam
1979 1629 2315 1703 pontiﬁcem
2345 1627 2636 1686 declinare
2666 1631 2780 1698 (a);
2813 1627 2893 1685 ita
2923 1626 3007 1683 illi
3035 1625 3291 1700 dirigens
3311 1626 3372 1684 in
3394 1625 3684 1700 responsis,
3697 1625 3818 1693 Quod

629 1723 755 1798 ipse
784 1724 978 1782 videat
1009 1725 1149 1798 quid
1179 1725 1240 1781 in
1270 1727 1473 1783 eodem
1505 1727 1681 1784 Paulo
1711 1732 1985 1800 operatus
2015 1731 2125 1784 est.

701 1824 856 1880 308
886 1823 1033 1879 Nam
1065 1828 1216 1880 certe
1261 1840 1366 1898 ego
1423 1825 1682 1881 animam
1737 1827 1866 1898 ejus
1921 1825 2144 1882 salvere
2199 1824 2459 1897 cupiens,
2493 1823 2844 1898 poenitentiae
2874 1839 3012 1880 eum
3042 1821 3288 1880 submiti
3339 1823 3698 1880 decreveram.
3723 1820 3820 1876 Ideo

635 1937 832 1976 meum
864 1920 1235 1978 sacellarium
1255 1921 1438 1979 direxi
1459 1922 1576 1979 huc
1597 1923 1841 1979 Romam
1865 1939 2000 1979 eum
2021 1923 2422 1979 deferendum.
2442 1921 2744 1995 Siquidem
2775 1920 3115 1978 nominatus
3135 1919 3472 1977 Desiderius
3494 1916 3826 1992 Langobardo-

634 2035 766 2074 rum
797 2035 914 2088 rex,
947 2019 1232 2092 superbia:
1263 2024 1320 2076 et
1348 2021 1647 2092 jactantiaa
1692 2021 1847 2077 fastu
1895 2021 2140 2093 levatus,
2172 2037 2291 2094 qua
2317 2020 2462 2077 hora
2487 2020 2756 2092 praefatas
2785 2018 3048 2076 civitates
3075 2018 3424 2075 exarchatus
3471 2014 3824 2074 Ravennatium

635 2115 899 2186 abstulit,
923 2117 1228 2173 confestim
1260 2117 1469 2174 direxit
1497 2118 1940 2176 multitudinem
1984 2118 2289 2187 exercitus,
2312 2122 2368 2174 et
2399 2134 2682 2191 occupare
2713 2116 2849 2174 fecit
2889 2117 3036 2173 ﬁnes
3063 2116 3390 2186 civitatum,
3413 2116 3470 2172 id
3499 2118 3582 2172 est
3606 2111 3826 2186 Senogal-

562 2213 599 2269 5
635 2211 858 2282 liensis,
883 2215 1260 2282 Montel‘ereti,
1283 2214 1508 2283 Urbini,
1533 2217 1810 2289 Eugubii,
1831 2221 1888 2272 et
1912 2221 2252 2274 caterarum
2276 2215 2578 2273 civitatum
2609 2216 3028 2283 Romanorum,
3051 2213 3223 2288 plura
3249 2212 3562 2272 homicidia
3589 2215 3640 2269 et
3661 2211 3826 2284 depre-

635 2310 900 2367 dationes
931 2316 1105 2383 atque
1135 2312 1407 2368 incendia
1435 2313 1496 2368 in
1527 2312 1672 2385 ipsis
1694 2313 1912 2370 ﬁnibus
1933 2317 2350 2386 perpetrantes.
2374 2313 2521 2370 Nam
2555 2314 2615 2369 in
2639 2313 2935 2370 civitatem
2958 2312 3259 2370 Bleranam
3281 2311 3541 2385 dirigens
3563 2307 3827 2384 generalem

635 2408 952 2465 exercitum
983 2409 1238 2482 partium
1259 2409 1506 2478 Tuscia,
1531 2411 1672 2466 dum
1705 2410 1818 2484 ipsi
1841 2410 2067 2467 Blerani
2091 2410 2151 2466 in
2175 2409 2388 2468 ﬁducia
2411 2411 2572 2483 pacis
2593 2411 2665 2468 ad
2688 2409 3109 2483 recolligendas
3128 2409 3402 2484 proprias
3419 2412 3634 2483 segetes
3651 2420 3831 2479 genera-

633 2504 769 2563 liter
801 2524 934 2564 cum
969 2507 1315 2563 mulieribus
1335 2512 1392 2563 et
1412 2507 1548 2564 ﬁliis
1569 2512 1745 2580 atque
1766 2507 2004 2566 famulis
2024 2508 2455 2581 egrederentur,
2481 2508 2780 2565 irruerunt
2799 2511 3034 2580 repente
3054 2521 3233 2580 super
3252 2523 3358 2566 eos
3378 2507 3489 2581 ipsi
3511 2501 3829 2578 Langobardi.

635 2608 692 2662 et
720 2610 963 2662 cunctos
992 2605 1271 2678 primates
1301 2605 1507 2678 quanti
1541 2605 1762 2662 utiliter
1779 2606 1855 2676 (ὁ)
1877 2606 1934 2662 in
1967 2607 2172 2662 eadem
2201 2605 2430 2662 civitate
2453 2609 2638 2673 erant,
2661 2605 3100 2674 interfecerunt,
3125 2608 3184 2662 et
3211 2605 3472 2678 praedam
3502 2602 3720 2659 multam
3743 2605 3829 2654 tam

530 2703 598 2760 lO
637 2703 708 2759 de
738 2703 1078 2760 hominibus
1111 2720 1286 2776 quam
1318 2703 1389 2760 dc
1419 2702 1664 2776 peculiis
1697 2703 2087 2776 abstulerunt,
2111 2704 2262 2761 ferro
2309 2707 2367 2760 et
2405 2702 2541 2778 igne
2570 2707 2784 2760 cuncta
2811 2702 2868 2758 in
2901 2702 3149 2760 circuitu
3195 2703 3584 2759 devastantes.
3605 2699 3701 2757 Sed
3726 2697 3766 2754 ei
3788 2695 3830 2750 in

636 2801 854 2858 finibus
885 2803 1156 2858 Romanis
1189 2801 1373 2870 urbis,
1406 2818 1512 2858 ceu
1543 2805 1600 2858 et
1629 2807 1966 2858 ceterarum
1997 2802 2301 2858 civitatum
2340 2801 2526 2858 multa
2555 2800 2712 2859 mala
2740 2817 2807 2857 ac
2839 2799 3300 2874 deprmdationes
3331 2800 3517 2858 isdem
3561 2793 3831 2854 Desiderius

637 2903 970 2973 perpetrare
990 2899 1193 2971 jussit,
1225 2898 1402 2956 etiam
1434 2903 1492 2955 et
1520 2904 1780 2956 castrum
1813 2899 2139 2957 Utriculum
2170 2916 2454 2973 occupare
2486 2898 2636 2955 fecit.

709 2998 866 3054 804
895 2996 1056 3053 Unde
1087 2996 1298 3069 saepius
1329 3001 1506 3070 atque
1537 2996 1752 3070 saepius
1781 2996 1908 3071 ipse
1934 2997 2314 3055 beatissimus
2346 2996 2561 3070 praeut
2588 3001 2708 3052 tam
2739 3013 2844 3070 per
2871 2994 3295 3053 obsecrationis
3325 2996 3396 3067 (c)
3425 2994 3654 3061 litteras,
3680 3001 3832 3064 quam-

641 3111 755 3167 que
784 3112 886 3167 per
915 3094 1129 3151 missos
1157 3094 1344 3151 eidem
1377 3093 1675 3151 Desiderio
1716 3094 1946 3163 direxit,
1981 3096 2302 3168 deprecans
2347 3111 2483 3152 eum
2516 3098 2582 3150 ut
2611 3112 2646 3150 a
2675 3093 2856 3151 tantis
2903 3091 3078 3150 malis
3123 3092 3513 3166 resipisceret,
3542 3095 3597 3148 et
3620 3105 3704 3146 eas
3727 3099 3832 3159 quas

643 3191 966 3249 abstulerat
992 3192 1253 3249 civitates
1283 3193 1566 3249 redderet.
1601 3192 1700 3250 Ille
1728 3209 1862 3248 vero
1904 3209 2022 3249 non
2071 3191 2264 3251 solum
2311 3192 2548 3249 easdem
2578 3209 2727 3265 quas
2755 3195 3138 3266 occupaverat
3166 3190 3436 3249 civitates
3483 3186 3701 3246 minime
3737 3180 3833 3240 red-

636 3291 773 3347 dere
804 3295 892 3347 est
921 3290 1258 3358 inclinatus,
1283 3291 1384 3347 sed
1417 3308 1523 3348 nec
1553 3291 1625 3347 ab
1665 3291 1870 3348 eadem
1917 3290 2142 3348 malitia
2189 3291 2454 3348 recedere
2484 3290 2686 3360 voluit,
2721 3307 2837 3348 non
2869 3306 3108 3347 cessans
3134 3287 3454 3346 crudeliter
3499 3285 3670 3343 multa
3706 3286 3833 3353 atque

636 3387 1030 3445 intolerabilia
1058 3389 1212 3445 mala
1241 3389 1461 3445 ﬁnibus
1493 3388 1910 3457 Romanorum,
1945 3392 2011 3445 ut
2040 3388 2264 3446 dictum
2297 3392 2405 3456 est,
2433 3388 2719 3461 ingerere.

703 3486 855 3543 ωδ
889 3487 1054 3542 Tunc
1083 3486 1361 3559 praefatus
1391 3484 1806 3542 sanctissimus
1849 3485 2130 3558 pontifex,
2167 3485 2438 3542 accersiri
2484 3484 2701 3542 faciens
2731 3485 3039 3558 praefatum
3087 3483 3433 3558 religiosum
3479 3481 3722 3539 abbatem
3743 3488 3830 3530 m0-

638 3582 878 3638 nasterii
912 3587 1126 3638 sanctae
1162 3582 1257 3637 Dei
1285 3581 1612 3650 Genitricis,
1638 3581 1734 3639 siti
1761 3583 1820 3638 in
1842 3582 2134 3638 territorio
2157 3582 2489 3654 Sabinensi,
2514 3600 2648 3639 cum
2669 3581 2874 3655 viginti
2895 3581 3228 3639 senioribus
3250 3581 3355 3639 Dei
3378 3579 3555 3638 servis
3574 3570 3830 3636 monachis.

629 3679 839 3735 direxit
867 3696 966 3735 eos
995 3679 1068 3735 ad
1099 3680 1374 3736 eumdem
1404 3679 1770 3736 Desiderium
1802 3679 2228 3753 deprecationis
2270 3697 2469 3737 causa.
2504 3680 2728 3747 Quibus
2758 3681 2833 3736 ad
2877 3696 3014 3737 eum
3059 3679 3538 3754 properantibus,
3562 3679 3623 3733 ut
3646 3671 3738 3764 ipsi
3761 3666 3831 3725 Ι)θὶ

632 3775 836 3832 famuli
862 3775 1208 3848 retulerunt,
1229 3777 1359 3848 ejus
1385 3776 1632 3848 pedibus
1659 3776 1947 3850 provoluti
1968 3793 2163 3834 coram
2185 3777 2495 3850 judicibus
2517 3778 3036 3852 Longobardorum
3057 3793 3193 3834 cum
3220 3775 3525 3850 lacrymis,
3550 3790 3616 3831 ex
3640 3779 3830 3846 persona

558 3875 595 3932 5
631 3874 872 3932 antefati
902 3874 1101 3931 vicarii
1132 3874 1286 3931 beati
1314 3875 1464 3931 Petri
1497 3892 1632 3932 eum
1653 3875 1944 3948 deprecati
1976 3879 2204 3932 suntut
2233 3891 2267 3933 a
2295 3876 2474 3933 tantis
2501 3874 2672 3932 malis
2702 3874 3091 3948 resipisceret,
3114 3878 3172 3932 et
3191 3875 3466 3947 prefatas
3494 3887 3632 3946 quas
3649 3862 3832 3926 abstulit

632 3971 894 4029 civitates
922 3973 1092 4030 beato
1124 3973 1288 4030 Petro
1319 3973 1604 4030 redderet.
1627 3974 1737 4030 Sed
1771 3990 2143 4046 nequaquam
2175 3974 2304 4046 ejus
2333 3972 2631 4046 lapideum
2661 3989 2761 4029 cor
2788 3973 3092 4030 deﬂectere
3120 3969 3457 4028 valuerunt.
3480 3969 3676 4041 Sicque
3695 3962 3831 4021 infru-

633 4070 820 4126 ctuosi
851 4069 966 4143 ipsi
995 4070 1098 4127 Dei
1127 4070 1330 4126 famuli
1366 4071 1578 4128 reversi
1621 4075 1781 4127 sunt.
1816 4070 2085 4144 Dirigens
2133 4088 2272 4128 suos
2325 4069 2536 4128 missos
2567 4069 2902 4128 Desiderius
2934 4070 3120 4126 isdem
3151 4069 3224 4126 ad
3259 4069 3585 4127 antefatum
3626 4055 3832 4120 beatissi-

634 4185 799 4225 mum
854 4168 1211 4241 pontiﬁcem,
1244 4169 1303 4225 id
1359 4173 1466 4238 est,
1501 4170 1804 4225 Andraaam
1863 4169 2320 4226 referendarium
2352 4172 2409 4224 et
2437 4168 2718 4226 Stabilem
2750 4169 2982 4237 ducem,
3017 4173 3083 4224 ut
3136 4183 3276 4224 cum
3301 4184 3372 4224 eo
3419 4164 3625 4240 pariter
3671 4159 3730 4216 ad
3772 4153 3832 4210 10·

632 4266 932 4339 quendum
964 4266 1201 4323 deberet
1231 4265 1542 4340 conjungi;
1576 4283 1725 4340 quos
1755 4265 2082 4339 suscipiens
2114 4267 2300 4323 isdem
2332 4265 2622 4322 almiﬁcus
2661 4270 2861 4339 pastor
2886 4264 2970 4322 ita
2997 4264 3080 4322 eis
3111 4264 3442 4339 respondit,
3464 4259 3742 4335 inquiens:
3767 4251 3831 4308 Sic

527 4364 594 4420 10
632 4363 751 4437 regi
783 4369 972 4420 vestro
1004 4379 1073 4419 ex
1104 4380 1233 4420 mea
1260 4381 1511 4435 persona
1542 4363 1879 4430 satisfacite,
1911 4380 2006 4420 me
2035 4363 2198 4421 vobis
2229 4363 2475 4420 ﬁrmiter
2503 4380 2700 4421 coram
2750 4365 2860 4420 Deo
2906 4361 3313 4436 omnipotente
3343 4360 3709 4437 promitetnte,
3733 4347 3834 4424 qui“

632 4460 680 4516 si
711 4461 1020 4533 pradictas
1049 4461 1310 4516 civitates
1342 4460 1492 4517 beati
1543 4461 1690 4517 Petri
1721 4479 1870 4534 quas
1909 4466 2169 4535 tempore
2211 4477 2340 4518 meo
2369 4461 2636 4529 abstulit,
2667 4460 2813 4517 mihi
2853 4460 3194 4528 reddiderit,
3222 4460 3509 4518 continuo
3538 4457 3648 4516 sive
3671 4444 3829 4510 Ticini.

631 4558 752 4615 sive
807 4559 1115 4626 Ravennae,
1147 4558 1266 4615 sive
1326 4557 1596 4626 Perusiae,
1630 4559 1749 4616 sive
1781 4558 1875 4616 hic
1907 4559 2122 4628 Roma,
2155 4559 2243 4617 vel
2274 4559 2452 4616 etiam
2484 4559 2583 4616 ubi
2613 4558 2698 4616 illi
2730 4557 3014 4632 placitum
3045 4558 3221 4616 fuerit
3275 4559 3354 4616 ad
3403 4558 3533 4630 eius
3575 4543 3831 4629 properabo

631 4656 1024 4728 praesentiam,
1055 4661 1112 4714 et
1140 4673 1274 4713 cum
1305 4673 1373 4712 eo
1403 4656 1621 4730 pariter
1650 4673 1742 4712 me
1769 4658 2246 4730 conjungendum
2290 4661 2466 4730 atque
2510 4655 2988 4730 colloquendum,
3019 4673 3147 4729 quae
3176 4656 3250 4714 ad
3282 4655 3536 4713 salutem
3565 4644 3734 4724 populi
3757 4636 3831 4697 ῧεί

629 4757 1013 4827 utrarumque
1070 4754 1328 4828 partium
1388 4753 1730 4827 respiciunt,
1763 4758 1821 4811 et
1850 4754 1900 4811 si
1930 4755 2174 4812 forsitan
2223 4755 2294 4811 de
2349 4754 2459 4811 hoc
2515 4754 2946 4812 dubitationem
3006 4754 3203 4822 habet,
3237 4769 3336 4811 me
3392 4768 3526 4810 cum
3553 4765 3617 4806 eo
3643 4738 3832 4804 minimo

530 4849 596 4905 15
633 4851 842 4907 debere
871 4851 1172 4924 conjungi.
1206 4853 1520 4925 Postquam
1551 4851 1712 4925 ipsas
1742 4851 2004 4908 civitates
2034 4851 2370 4921 reddiderit,
2403 4851 2452 4909 si
2499 4869 2593 4909 me
2622 4869 2758 4909 cum
2790 4851 2919 4925 ipso
2961 4868 3077 4908 non
3125 4851 3486 4924 condunxero
3514 4841 3827 4919 loquendum.

635 4947 929 5005 licentiam
961 4949 1172 5006 habeat
1198 4967 1296 5007 eas
1323 4951 1515 5007 denuo
1546 4949 1892 5024 occupandi.
1925 4951 2072 5006 Nam
2131 4949 2181 5007 si
2242 4949 2405 5023 prius
2436 4949 2597 5024 ipsas
2627 4949 2892 5007 civitates
2952 4967 3066 5006 non
3126 4947 3466 5014 reddiderit,
3496 4951 3552 5004 et
3595 4934 3828 5016 justiti!In

633 5045 803 5102 nobis
849 5047 1092 5104 minime
1149 5048 1365 5115 fecerit,
1399 5048 1546 5104 sciat
1601 5065 1706 5120 pro
1763 5051 1940 5114 certo,
1975 5064 2166 5104 meam
2223 5063 2596 5121 nequaquam
2627 5046 2846 5104 videbit
2876 5047 3105 5104 faciem.
3139 5045 3305 5104 Unde
3361 5061 3494 5102 ecce
3548 5031 3830 5112 σοίιιιίρθάθε

630 5149 852 5200 vestros
883 5144 1131 5219 dirigere
1171 5145 1417 5201 studebo
1449 5162 1609 5201 meos
1667 5145 1881 5202 missos
1913 5146 1982 5201 ad
2016 5145 2288 5202 eumdem
2345 5151 2604 5202 vestrum
2664 5160 2882 5218 regem,
2913 5144 3015 5217 qui
3061 5145 3295 5201 easdem
3348 5141 3644 5216 recipiant,
3669 5131 3713 5192 εἰ
3736 5125 3828 5185 ταί·

629 5242 764 5298 dere
793 5241 1058 5309 voluerit,
1089 5242 1371 5310 civitates,
1405 5247 1462 5299 et
1490 5243 1563 5299 de
1613 5243 1884 5317 praesenti
1915 5261 2032 5316 qua
2085 5243 2230 5300 hora
2259 5243 2372 5300 mei
2404 5242 2568 5303 missi
2602 5243 2849 5316 receptis
2877 5241 3100 5299 eisdem
3131 5241 3472 5299 civitatibus
3525 5237 3596 5295 ad
3645 5246 3725 5289 me
3749 5227 3828 5281 110°

517 5341 593 5398 20
631 5340 824 5413 ipsum
855 5340 1192 5398 nuntiantes
1223 5339 1434 5397 reversi
1463 5341 1698 5409 fuerint,
1731 5341 2010 5399 continuo
2062 5341 2135 5398 ad
2183 5341 2311 5414 ejus
2343 5341 2444 5398 ubi
2473 5340 2738 5410 voluerit,
2772 5344 2840 5396 ut
2867 5339 3091 5399 dictum
3121 5343 3232 5410 est,
3262 5337 3585 5412 properabo
3627 5338 3828 5406 Ρτεεοιν

625 5437 768 5494 tiam
796 5437 868 5494 ad
902 5437 1081 5494 simul
1113 5455 1248 5494 cum
1281 5455 1347 5495 eo
1378 5437 1760 5510 loquendum.

695 5537 851 5593 δυο
879 5536 1144 5608 Ipsisque
1203 5536 1715 5609 Longobardorum
1773 5535 1973 5592 missis
2032 5537 2481 5610 properantibus
2525 5540 2700 5610 atque
2729 5535 2803 5594 ad
2836 5553 3012 5594 suum
3072 5535 3494 5594 revertentibus
3545 5515 3828 5602 regemvdi‘

1665 5666 1916 5713 NOTULE
1956 5668 2341 5716 HABGIRALBS
2385 5667 2707 5717 FABIOT'I‘I.

555 5758 639 5826 (α)
668 5755 731 5823 Β,
763 5753 1062 5813 inclinare.
1141 5757 1260 5827 (b)'
1292 5754 1395 5828 qui
1427 5754 1619 5813 utiles.
1695 5757 1767 5830 (c)
1803 5757 2247 5816 obsecratorias.
