4044 6168
273 209 436 279 1173
998 211 1370 276 HISTORIA
1411 211 1515 274 DE
1557 212 1764 277 VITIS
1810 211 2001 277 ROM.
2043 214 2276 278 PONT.
2308 249 2388 262 -
2430 216 2494 280 S.
2540 216 2960 282 ADRIANUS.
3526 224 3683 286 1174

411 342 560 402 rexit
587 343 718 417 ejus
748 346 838 402 ter
864 342 1166 402 beatitudo
1196 345 1471 403 continuo
1501 346 1572 403 ad
1606 347 1879 405 eumdem
1909 347 2274 406 Desiderium
2308 366 2500 424 regem
2529 368 2667 408 suos
2700 351 2914 410 missos
2947 352 3019 410 ad
3051 353 3287 412 easdem
3321 355 3687 429 recipiendas

415 441 702 509 civitates,
733 441 957 500 scilicet
987 442 1260 511 Pardum,
1294 443 1633 519 religiosum
1663 461 2019 519 egumenum
2063 448 2401 520 praefectum
2442 449 2796 506 monasterio
2827 451 2980 508 beati
3013 453 3199 522 Saba,
3233 457 3291 510 et
3314 455 3693 514 Anastasium

415 541 678 614 primum
709 541 1104 612 defensorem;
1138 543 1591 617 praesentatique
1639 544 1768 615 ejus
1816 543 2141 614 obtutibus,
2175 549 2233 602 et
2262 545 2375 620 ipsi
2421 546 2669 620 pedibus
2701 549 2829 620 ejus
2861 553 3217 619 corruentes,
3253 550 3527 626 lacrymis
3559 571 3694 627 pro-

338 639 382 697 5
415 637 565 696 fusis
595 655 731 696 eum
762 638 1144 711 deprecantes
1172 645 1239 696 ut
1269 639 1595 698 antedictas
1626 642 1893 698 redderet
1922 641 2203 712 civitates,
2227 643 2636 716 promittentes
2667 645 2717 700 ei
2741 663 2844 718 per
2875 646 3256 718 apostolicam
3285 650 3693 709 auctoritatem

419 738 530 794 sub
567 737 956 811 jurejurando
986 737 1125 810 quia
1154 738 1204 795 si
1236 756 1335 796 eas
1383 737 1754 808 reddidisset,
1789 740 1990 796 statim
2039 741 2499 814 praanominatus
2528 742 2819 799 almiﬁcus
2868 743 3129 816 pontifex
3171 745 3245 801 ad
3295 763 3430 803 eum
3480 766 3691 822 prope-

418 840 575 892 raret
606 835 1118 910 proﬁciscendum,
1148 837 1220 893 ad
1253 836 1706 910 colloquendum
1747 838 1983 910 pariter.
2016 839 2128 896 Sed
2181 857 2283 913 per
2314 840 2539 898 nullam
2591 841 2876 898 rationem
2927 843 3055 914 ejus
3106 843 3356 900 ferreum
3405 850 3608 917 pectus
3637 851 3695 903 et

420 935 804 992 durissimum
835 938 1092 992 mentem
1122 933 1352 992 mollire
1381 935 1457 1009 (a)
1488 939 1831 1008 potuerunt;
1882 936 2148 1010 nihilque
2188 939 2536 1011 recipientes
2585 939 2712 996 sine
2760 941 2968 996 effectu
3019 941 3230 996 reversi
3281 947 3436 997 sunt.
3471 945 3691 1000 Tamen

418 1050 538 1090 non
569 1033 894 1090 desistebat
923 1033 1254 1090 antedictus
1285 1032 1545 1107 pontifex
1575 1049 1715 1090 suos
1740 1033 1954 1092 missos
1984 1035 2056 1092 ad
2089 1051 2224 1092 eum
2256 1053 2359 1109 per
2388 1037 2498 1093 hoc
2529 1037 2726 1110 ipsum
2757 1037 3131 1111 dirigendum
3161 1042 3282 1094 tam
3307 1040 3388 1111 (b)
3410 1041 3480 1096 de
3511 1057 3695 1097 sacer-

309 1131 380 1187 10
416 1129 654 1189 dotibus
683 1146 980 1204 quamque
1011 1131 1082 1188 de
1111 1131 1362 1204 singulis
1418 1130 1673 1204 religiosi
1729 1131 1967 1189 habitus
1999 1131 2337 1202 ordinibus;
2386 1135 2486 1190 sed
2543 1134 2689 1191 nihil
2747 1136 2901 1209 apud
2960 1153 3095 1192 eum
3154 1135 3470 1209 impetrare
3498 1138 3692 1194 value-

417 1233 557 1286 runt
589 1245 603 1285 :
637 1229 836 1302 potius
864 1245 1215 1302 permanens
1246 1229 1307 1286 in
1339 1247 1448 1286 sua
1476 1228 1786 1303 iniquitate
1817 1229 2015 1287 multis
2043 1231 2381 1288 civitatibus
2414 1250 2481 1289 ac
2511 1232 2730 1290 ﬁnibus
2773 1234 3170 1290 Romanorum
3203 1234 3414 1291 inferre
3446 1236 3696 1292 faciebat

418 1341 490 1384 ex
515 1327 676 1385 omni
704 1330 870 1402 parte
897 1325 1056 1384 mala
1083 1331 1140 1384 et
1171 1343 1417 1401 magnas
1462 1326 1969 1400 comminationes,
1999 1327 2260 1401 dirigens
2290 1329 2479 1386 eidem
2512 1330 2803 1405 praecipuo
2835 1331 3094 1404 pontiﬁci
3134 1349 3197 1388 se
3240 1349 3374 1388 cum
3407 1332 3694 1390 universis

418 1424 940 1499 Langobardorum
969 1425 1318 1483 exercitibus
1369 1430 1818 1499 properaturum
1847 1427 1920 1482 ad
1953 1426 2279 1484 Romanam
2319 1427 2614 1485 civitatem
2655 1429 3194 1502 constringendam.
3231 1431 3334 1486 Pro
3367 1448 3480 1503 quo
3513 1431 3696 1502 nimio

418 1523 558 1580 ﬁetu
587 1522 714 1597 ipse
744 1523 1159 1581 sanctissimus
1191 1524 1450 1597 pontifex
1478 1541 1614 1582 cum
1646 1541 1752 1582 suo
1801 1523 2020 1598 populo
2071 1525 2320 1598 positus,
2353 1531 2552 1599 portas
2581 1526 2832 1584 civitatis
2866 1529 3138 1584 Romanae
3189 1527 3382 1584 claudi
3423 1529 3608 1600 jussit
3637 1532 3696 1585 et

307 1621 379 1678 15
416 1619 564 1678 alias
591 1638 661 1678 ex
689 1621 774 1694 eis
805 1621 1078 1679 fabricari
1107 1620 1244 1678 fecit
1271 1624 1366 1692 (ο).

487 1720 639 1777 801
669 1721 742 1776 Et
769 1720 912 1776 dum
943 1719 1004 1776 in
1035 1736 1252 1794 magna
1279 1720 1556 1794 angustia
1586 1738 1653 1778 ac
1684 1720 2060 1779 tribulatione
2109 1721 2476 1790 consisteret,
2509 1722 2856 1780 necessitate
2899 1723 3262 1796 compulsus,
3299 1723 3510 1779 direxit
3555 1741 3695 1782 suos

417 1816 633 1875 missos
660 1817 891 1874 marino
921 1817 1128 1874 itinere
1155 1834 1291 1874 cum
1324 1817 1660 1891 apostolicis
1692 1819 1903 1876 litteris
1933 1819 2005 1875 ad
2037 1818 2594 1877 excellentissimum
2617 1819 2888 1878 Carolum
2924 1837 2958 1877 a
2988 1822 3104 1878 Deo
3137 1826 3463 1894 protectum
3499 1838 3696 1896 regem

418 1917 775 1974 Francorum
803 1919 863 1973 et
893 1915 1207 1990 patricium
1240 1917 1660 1988 Romanorum,
1683 1918 2004 1989 deprecans
2033 1918 2163 1989 ejus
2192 1917 2595 1975 excellentiam
2627 1923 2694 1975 ut
2721 1919 2876 1975 sicut
2909 1937 3054 1976 suus
3086 1924 3250 1992 pater
3270 1925 3483 1976 sanctae
3516 1937 3693 1976 mem.

417 2013 723 2086 Pippinus,
752 2019 812 2071 et
838 2013 965 2088 ipse
996 2018 1375 2070 succurreret
1424 2019 1599 2088 atque
1651 2014 1990 2072 subveniret
2045 2019 2260 2071 sancta:
2316 2015 2412 2072 Dei
2471 2015 2763 2086 Ecclesiaa,
2794 2020 2852 2072 et
2879 2015 3106 2073 afflicta:
3166 2019 3561 2074 Romanorum
3592 2035 3696 2073 seu

337 2111 380 2168 5
417 2112 763 2172 exarchatus
793 2112 1216 2170 Ravennatium
1249 2113 1575 2186 provinciae,
1608 2116 1783 2186 atque
1814 2112 2105 2186 plenarias
2143 2113 2298 2170 beati
2330 2113 2480 2170 Petri
2521 2113 2787 2186 justitias
2817 2118 2874 2172 et
2903 2113 3191 2172 abstultas
3222 2116 3300 2185 (ά)
3331 2115 3593 2172 civitates
3624 2116 3696 2172 ab

417 2209 622 2268 eodem
651 2209 952 2267 Desiderio
981 2224 1116 2284 rege
1144 2210 1396 2284 exigeret
1420 2210 1513 2284 (ε).
1535 2212 1609 2266 At
1634 2227 1768 2267 vero
1789 2211 1934 2268 dum
1965 2227 2070 2284 per
2099 2209 2323 2267 nullam
2353 2210 2676 2268 occasionis
2697 2210 3014 2269 versutiam
3039 2213 3328 2286 potuisset
3357 2213 3544 2269 isdem
3578 2229 3698 2273 ma-

418 2306 620 2381 lignus
651 2307 990 2365 Desiderius
1017 2309 1370 2382 persuadere
1419 2309 1741 2365 antefatum
1790 2307 2231 2365 sanctissimum
2264 2308 2601 2381 pontiﬁcem
2633 2310 2705 2366 ad
2737 2326 2799 2366 se
2829 2327 2963 2366 eum
3013 2311 3444 2377 deducendum,
3471 2315 3534 2366 ut
3563 2313 3698 2366 ante

421 2405 524 2464 fati
553 2405 739 2463 ϐιωιὶ
770 2405 967 2480 Magni
996 2405 1150 2462 ﬁlios
1180 2423 1346 2480 reges
1394 2397 1770 2474 unxisset,et
1815 2406 2012 2479 ipsum
2045 2405 2367 2463 almiﬁcum
2415 2406 2751 2479 pontiﬁcem
2782 2425 2816 2463 a
2847 2408 3136 2464 charitate
3166 2413 3224 2464 et
3254 2408 3560 2465 dilectione
3590 2425 3700 2464 sae-

423 2503 601 2577 pefati
643 2502 1127 2560 Christianissimi
1157 2503 1345 2560 Caroli
1377 2504 1572 2578 Magni
1594 2503 1749 2578 regis
1776 2521 2049 2578 separare
2079 2503 2380 2561 voluisset.
2413 2505 2578 2560 Tunc
2607 2505 2927 2577 pertinacia
2975 2510 3031 2560 et
3075 2505 3319 2561 audacia
3367 2522 3638 2578 egressus
3667 2523 3703 2561 a

305 2602 384 2659 10
420 2619 530 2659 uo
559 2601 777 2676 palatio
807 2618 943 2658 cum
971 2601 1245 2676 Adalgiso
1301 2602 1536 2676 proprio
1574 2602 1694 2658 ﬁlio
1725 2606 1782 2659 et
1809 2601 2067 2658 exercitu
2126 2601 2667 2675 Longobardorum,
2702 2603 2967 2658 deferens
3026 2619 3226 2658 secum
3286 2608 3342 2658 et
3401 2619 3608 2659 uxores
3641 2607 3701 2661 et

419 2699 572 2756 ﬁlios
604 2698 901 2772 saepedicti
939 2700 1239 2772 quondam
1271 2699 1700 2766 Carolomanni,
1733 2714 1959 2756 necnon
1991 2703 2050 2756 et
2076 2698 2488 2769 Autcharium,
2522 2699 2623 2771 qui
2670 2700 2742 2754 ad
2792 2717 2947 2768 eum,
2983 2704 3049 2754 ut
3078 2699 3300 2755 dictum
3349 2704 3456 2768 est,
3492 2701 3694 2773 fugam

422 2796 792 2870 arripuerunt
823 2813 836 2853 :
868 2796 965 2854 hic
993 2812 1128 2854 vero
1155 2797 1402 2853 Romam
1433 2813 1745 2870 properare
1797 2796 2111 2864 nitebatur,
2144 2795 2270 2853 sine
2302 2794 2548 2852 scientia
2594 2796 2871 2852 antedicti
2922 2797 3216 2869 pontiﬁcis
3265 2797 3526 2870 dirigens
3560 2814 3702 2853 suos

423 2895 660 2966 missos,
691 2893 916 2952 scilicet
943 2893 1432 2967 prienominatum
1461 2895 1754 2950 Andream
1796 2893 2275 2960 referendarium,
2307 2898 2367 2949 et
2396 2893 2541 2950 alios
2573 2894 2723 2950 duos
2769 2910 2839 2950 ex
2889 2895 3014 2950 suis
3062 2894 3381 2967 iudicibus,
3415 2895 3544 2966 ejus
3596 2895 3704 2951 ad-

417 2996 657 3049 ventum
686 2992 1124 3049 denuntiantes.
1157 2991 1381 3060 Quibus
1411 2992 1658 3048 Romam
1687 2991 2202 3064 conjungentibus,
2234 2991 2719 3064 presentatisque
2748 2991 3083 3064 apostolicis
3109 2992 3434 3059 obtutibus,
3460 2991 3572 3048 tale
3602 2992 3688 3048 eis

305 3092 384 3148 15
419 3090 676 3147 reddidit
717 3105 1065 3163 responsum
1099 3107 1114 3146 :
1147 3091 1304 3163 quod
1334 3089 1448 3147 nisi
1480 3094 1546 3147 ut
1567 3091 1695 3162 jam
1727 3088 1812 3145 illi
1843 3089 2133 3163 promisit,
2169 3088 2487 3146 reddiderit
2514 3089 2682 3146 beato
2715 3089 2878 3146 Petro
2921 3090 3184 3146 civitates
3242 3089 3373 3145 illas
3405 3107 3554 3162 quas
3585 3090 3696 3146 sub

421 3204 552 3245 meo
577 3192 841 3261 tempore
869 3186 1136 3256 abstulit,
1169 3192 1228 3243 et
1253 3186 1577 3260 plenariam
1609 3186 1768 3260 parti
1791 3190 2004 3244 nostrae
2043 3186 2244 3243 fecerit
2282 3185 2602 3258 justitiam,
2636 3185 2797 3243 nullo
2829 3188 3003 3243 modo
3051 3187 3131 3242 sit
3177 3186 3260 3242 illi
3293 3203 3530 3243 necesse
3561 3186 3692 3243 fati-

415 3284 711 3360 gationem
742 3283 1035 3351 sumendi,
1067 3284 1209 3358 quia
1238 3285 1482 3341 minime
1513 3284 1638 3340 ﬁeri
1669 3288 1864 3357 potest
1892 3301 1987 3340 me
2018 3283 2183 3356 prius
2210 3301 2347 3340 cum
2376 3282 2478 3339 illo
2509 3284 2870 3356 praesentari.

492 3383 646 3440 308
678 3382 1017 3455 Suscipiens
1046 3397 1179 3438 vero
1218 3381 1406 3439 isdem
1457 3380 1792 3438 Desiderius
1834 3381 1944 3437 hoc
1993 3397 2364 3454 responsum,
2399 3397 2770 3454 nequaquam
2819 3379 3024 3437 exinde
3055 3380 3370 3454 repedavit,
3403 3381 3503 3436 sed
3537 3398 3688 3453 ccep-

419 3484 549 3537 tnm
579 3480 827 3537 Romam
851 3477 1128 3553 carpebat
1153 3478 1284 3536 iter.
1307 3479 1634 3552 Cujusjam
1668 3480 1985 3536 adventum
2017 3479 2589 3552 appropinquantem
2621 3480 2695 3550 (f)
2727 3495 3084 3552 cognoscens
3125 3477 3538 3534 sanctissimus
3569 3477 3697 3551 ipse

423 3577 754 3653 pmcipuus
796 3581 1020 3652 pastor,
1049 3592 1376 3650 aggregans
1424 3577 1764 3633 universum
1816 3575 2099 3649 populum
2131 3575 2377 3647 Tusciae,
2411 3575 2740 3648 Campaniae
2789 3580 2848 3632 et
2894 3577 3144 3632 ducatus
3192 3575 3477 3644 Perusini,
3512 3579 3569 3632 et
3595 3574 3698 3631 ali-

423 3679 676 3749 quantos
707 3676 779 3732 de
807 3674 1143 3732 civitatibus
1181 3674 1585 3747 Pantapoleos,
1609 3673 1862 3730 munivit
1917 3674 2069 3730 hanc
2124 3673 2417 3730 civitatem
2476 3673 2825 3740 Romanam,
2857 3690 3179 3746 omnesque
3234 3672 3448 3729 armati
3508 3672 3700 3746 parati

339 3775 386 3832 5
420 3777 588 3830 erant
619 3789 634 3828 :
667 3777 733 3829 ut
761 3773 812 3829 si
845 3773 970 3846 ipse
997 3788 1100 3829 rex
1126 3770 1445 3840 adveniret,
1469 3772 1520 3828 ei
1555 3771 1778 3828 fortiter
1808 3788 1942 3827 cum
1992 3771 2093 3827 Dei
2126 3771 2339 3827 auxilio
2371 3775 2428 3827 et
2457 3771 2611 3827 beati
2646 3770 2818 3838 Petri,
2843 3771 2973 3826 fulti
3024 3770 3390 3827 orationibus
3439 3769 3700 3844 praedicti

420 3870 781 3928 sanctissimi
813 3869 1100 3944 praesulis,
1129 3869 1215 3925 illi
1245 3869 1601 3933 resisterent.
1624 3869 1772 3924 Nam
1802 3867 2078 3925 ecclesias
2106 3868 2258 3924 beati
2292 3869 2442 3924 Petri
2475 3873 2531 3924 et
2561 3868 2725 3923 Pauli
2755 3885 3033 3924 exornare
3052 3871 3130 3939 (g)
3162 3869 3298 3924 fecit
3326 3868 3455 3940 ejus
3484 3867 3698 3924 sancti-

415 3974 531 4035 tas,
553 3973 612 4026 et
639 3972 854 4025 cuncta
879 3984 1083 4024 eorum
1104 3967 1325 4024 cimilia
1347 3971 1406 4023 et
1434 3971 1679 4023 ornatus
1699 3965 1761 4021 in
1793 3965 1944 4022 hanc
1969 3964 2262 4022 civitatem
2293 3966 2618 4022 Romanam
2651 3965 2993 4035 introduxit,
3019 3965 3210 4021 claudi
3243 3965 3461 4020 faciens
3492 3981 3696 4020 omnes

413 4067 632 4140 januas
661 4065 919 4123 ecclesiae
949 4065 1102 4122 beati
1135 4065 1310 4133 Petri,
1341 4069 1398 4121 et
1427 4065 1664 4120 deintus
1696 4063 1863 4120 ferris
1895 4062 2146 4136 supponi
2178 4081 2244 4119 ac
2284 4063 2502 4119 muniri
2523 4063 2745 4135 jussit:
2777 4068 2844 4118 ut
2873 4063 2920 4118 si
2954 4063 3077 4135 ipse
3109 4068 3412 4134 protervus
3443 4079 3540 4117 rex
3569 4061 3694 4118 sine

415 4163 653 4222 licentia
679 4167 738 4222 et
766 4163 1054 4238 permisso
1083 4161 1378 4236 pontiﬁcis
1409 4161 1762 4231 advenisset,
1801 4159 2046 4218 minime
2075 4161 2300 4217 aditum
2332 4160 2390 4215 in
2431 4162 2698 4217 eamdem
2731 4160 3038 4216 ecclesiam
3069 4159 3401 4216 introeundi
3435 4159 3691 4228 haberet,

301 4263 382 4319 10
418 4260 536 4319 nisi
565 4261 804 4319 brachio
831 4261 969 4318 forti
1008 4261 1081 4318 ad
1129 4276 1248 4316 sua:
1297 4258 1506 4316 animae
1555 4258 1856 4316 interitum
1888 4258 2048 4332 ipsas
2079 4257 2472 4332 confringeret
2493 4259 2732 4331 januas.
2769 4261 3034 4329 Dumque
3083 4257 3204 4312 haec
3253 4256 3451 4313 omnia
3497 4255 3694 4329 dispo-

417 4359 638 4417 suisset
665 4362 930 4432 exemplo
979 4359 1132 4416 facto
1163 4358 1224 4414 in
1254 4357 1488 4430 scriptis
1520 4357 1916 4415 anathematis
1945 4358 2120 4414 verbo
2178 4357 2389 4412 direxit
2417 4356 2606 4413 eidem
2657 4355 2955 4412 Desiderio
3013 4355 3134 4428 regi
3190 4359 3310 4411 tres
3367 4354 3692 4427 episcopos,

419 4457 480 4514 id
509 4461 619 4525 est,
650 4456 1014 4514 Eustratium
1050 4455 1465 4528 Albanensem,
1497 4456 1790 4512 Andream
1852 4458 2277 4512 Pranestinum
2335 4459 2392 4512 et
2449 4455 2845 4511 Theodosium
2877 4453 3194 4510 Tiburtinae
3255 4452 3526 4523 civitatis,
3556 4469 3694 4524 pro-

418 4559 643 4612 testans
673 4572 807 4612 eum
861 4554 921 4611 in
981 4554 1184 4611 eodem
1243 4552 1620 4628 obligationis
1677 4552 2213 4625 exhortationisque
2240 4553 2436 4624 verbo,
2470 4557 2529 4609 et
2560 4553 2842 4625 adjurans
2899 4569 3002 4625 per
3057 4552 3255 4607 omnia
3315 4549 3510 4606 divina
3569 4567 3693 4623 my-

421 4651 617 4720 steria,
651 4655 716 4708 ut
757 4651 920 4710 nullo
978 4653 1152 4708 modo
1181 4651 1242 4707 in
1300 4651 1518 4709 ﬁnibus
1552 4653 1631 4724 (h)
1669 4651 2067 4707 Romanorum
2126 4651 2254 4707 sine
2309 4651 2438 4723 ejus
2496 4649 2864 4706 absolutione
2919 4649 3147 4723 ingredi
3206 4652 3309 4705 aut
3365 4646 3693 4704 conculcari

309 4749 386 4808 15
423 4748 896 4823 praesumpsisset
925 4750 1014 4822 (ι’),
1045 4765 1236 4822 neque
1269 4748 1416 4822 ipse,
1448 4765 1639 4822 neque
1667 4747 1963 4822 quispiam
1998 4747 2541 4820 Longobardorum,
2577 4747 2678 4804 sed
2711 4763 2818 4804 nec
2847 4745 3205 4802 Autcharius
3238 4747 3514 4802 Francus.
3547 4745 3693 4801 Sus-

421 4852 704 4920 ceptoque
733 4847 938 4904 eodem
991 4846 1370 4920 obligationis
1398 4847 1572 4902 verbo
1616 4863 1719 4918 per
1755 4845 2043 4902 antefatos
2075 4846 2400 4918 episcopos,
2435 4845 2560 4918 ipse
2617 4845 3133 4918 Longobardorum
3191 4861 3288 4900 rex
3344 4843 3498 4899 illico
3557 4861 3692 4899 cum

422 4962 637 5018 magna
666 4945 986 5003 reverentia
1031 4963 1068 5002 a
1115 4945 1346 5002 civitate
1374 4943 1739 4999 Viterbiense
1786 4944 2068 5000 confusus
2098 4944 2170 4999 ad
2205 4943 2442 5015 propria
2471 4959 2739 4999 reversus
2769 4947 2878 4999 est.
2917 4943 3050 4999 Post
3096 4941 3216 4998 hac
3265 4942 3695 5014 conjunxerunt

421 5044 498 5102 ad
528 5044 727 5101 sedem
759 5041 1140 5117 apostolicam
1173 5041 1341 5098 missi
1385 5040 1600 5114 saepius
1631 5040 1770 5096 dicti
1801 5041 1990 5098 Caroli
2021 5039 2494 5097 excellentissimi
2525 5041 2679 5114 regis
2711 5042 3066 5097 Francorum
3113 5045 3171 5097 et
3218 5040 3447 5113 patricii
3480 5041 3691 5096 Roma-

420 5158 664 5211 norum;
696 5140 754 5198 id
786 5147 894 5212 est,
922 5139 1207 5215 Georgius
1264 5138 1680 5196 sanctissimus
1734 5138 2064 5212 episcopus,
2089 5138 2408 5195 Gulfardus
2439 5138 2747 5212 religiosus
2807 5140 2990 5196 abbas
3047 5143 3104 5195 et
3159 5138 3551 5205 consiliarius,
3587 5154 3690 5192 seu

304 5240 384 5295 20
422 5237 666 5296 Albinus
694 5238 1010 5296 deliciosus
1040 5237 1230 5313 ipsius
1262 5237 1437 5310 regis,
1465 5236 1830 5310 inquirentes
1861 5236 1911 5292 si
1942 5236 2218 5310 praefatus
2248 5237 2764 5310 Langobardorum
2794 5255 2890 5294 rex
2917 5237 3208 5294 abstultas
3240 5238 3312 5309 (j)
3343 5235 3602 5292 civitates
3631 5237 3690 5288 et

421 5353 630 5394 omnes
649 5337 920 5409 justitias
949 5336 1102 5394 beati
1133 5335 1284 5393 Petri
1325 5334 1694 5404 reddidisset,
1727 5335 1880 5391 sicut
1910 5333 2054 5392 false
2101 5336 2160 5390 in
2213 5333 2518 5392 Franciam
2568 5335 2876 5409 dirigebat,
2906 5353 3175 5393 asserens
3224 5351 3285 5391 se
3333 5331 3529 5390 omnia
3558 5330 3686 5386 red-

422 5433 665 5490 didisse.

462 5434 665 5493 idisse.

1464 5521 1714 5567 norum
1756 5520 2059 5566 lARGlNAI

1464 5521 1714 5567 HOTULE
1756 5520 2144 5567 IARGINALES
2187 5521 2501 5567 FABROTTI.

352 5603 438 5676 (a)
467 5604 716 5680 ﬂectere.
745 5603 896 5680 “(pr
929 5619 1033 5680 pro
1065 5602 1174 5660 hoc
1203 5602 1332 5680 ipso
1376 5603 1447 5658 ad
1499 5619 1631 5658 eum
1653 5674 1662 5680 ι
1683 5602 1933 5680 dirigere
1960 5607 2118 5680 tam._
2139 5674 2153 5680 _
2182 5608 2248 5672 (ε)
2280 5605 2692 5680 muro_scilicet
2733 5604 3000 5680 claudi.“
3023 5601 3101 5680 (ρ)
3130 5596 3415 5680 ablatas.“
3453 5597 3524 5665 (e)
3560 5595 3694 5652 Vide

275 5668 471 5805 gurdo:
493 5668 897 5820 ad
929 5668 1016 5746 '(f)
1045 5668 1567 5748 appropinquasse.
1645 5674 1720 5745 (g)
1750 5668 2047 5741 eieraare,
2096 5674 2153 5730 id
2192 5668 2302 5742 est,
2354 5677 2574 5732 nudare
2624 5680 2850 5732 ornatu.
2927 5671 3005 5742 (ἠ)
3035 5668 3200 5724 ﬁnes.
3279 5669 3344 5740 (ἱ)
3376 5668 3438 5738 Β,
3474 5683 3691 5740 praesu-

347 5763 442 5804 ere
477 5788 490 5802 .
770 5763 832 5804 a-
905 5787 918 5801 .
