4044 6168
433 159 591 246 1179
1583 162 1994 228 ANASTASII
2040 167 2687 232 BIBLIOTHECARII.
3653 177 3786 250 uae

574 294 729 354 beati
758 292 909 351 Petri
940 293 1499 370 appr0pinquantes,
1523 315 1765 373 seseque
1795 299 1963 371 proni
1993 299 2211 357 ibidem
2245 303 2697 373 prosternentes,
2723 300 2840 357 Deo
2888 303 3088 358 nostro
3131 301 3512 376 omnipotenti
3555 308 3608 361 et
3631 306 3788 368 eidem

475 397 541 452 10
578 391 977 466 apostolorum
1007 393 1258 468 principi
1290 397 1526 470 propria
1549 398 1925 454 reddiderunt
1955 404 2106 466 vota,
2123 398 2517 472 glorificantes
2543 398 2800 456 divinam
2824 399 3147 472 potentiam
3179 399 3237 455 in
3266 417 3336 456 eo
3355 401 3508 472 quod
3539 402 3694 460 talem
3712 423 3795 479 per

575 490 1068 548 interventionum
1101 493 1379 566 suffragia
1407 496 1672 566 ejusdem
1703 496 1985 570 principis
2032 497 2432 569 apostolorum
2475 498 2788 554 concedere
2825 498 3014 570 jussit
3056 498 3382 555 victoriam.
3413 499 3640 573 Expleta
3680 521 3792 561 vero

575 589 779 645 eadem
810 590 1092 658 oratione,
1126 590 1332 648 obnixe
1362 593 1705 665 deprecatus
1736 597 1824 650 est
1855 594 2043 650 isdem
2075 596 2430 652 Francorum
2463 612 2562 651 rex
2591 594 2948 651 antedictum
3000 595 3321 652 almiﬁcum
3372 597 3686 670 pontificem
3726 601 3794 658 illi

573 687 873 744 licentiam
906 688 1082 745 tribui
1106 691 1349 747 Romam
1373 691 1738 765 ingrediendi
1770 693 1840 748 ad
1873 709 1981 748 sua
2012 693 2341 749 orationum
2359 697 2493 750 vota
2528 710 2630 766 per
2649 692 2908 750 diversas
2930 693 3030 750 Dei
3054 693 3329 751 ecclesias
3351 694 3724 768 persolvenda.
3743 700 3798 756 Et

577 786 997 844 descendentes
1023 788 1240 861 pariter
1266 789 1338 845 ad
1371 806 1584 862 corpus
1616 791 1764 846 beati
1801 789 1949 845 Petri
1982 795 2100 846 tam
2134 790 2260 864 ipse
2288 791 2700 847 sanctissimus
2735 809 2885 865 papa
2910 809 3208 866 quamque
3238 794 3528 850 antefatus
3554 795 3797 853 excellen-

577 883 845 941 tissimus
876 886 1230 942 Francorum
1249 905 1346 943 rex
1364 904 1499 942 cum
1513 886 1816 959 judicibus
1831 889 2226 944 Romanorum
2248 892 2305 944 et
2327 889 2950 962 Francorum,seseque
2975 893 3180 945 mutuo
3202 907 3305 962 per
3319 896 3799 963 sacramentum’a)

578 982 932 1049 munientes,
968 983 1268 1057 ingressus
1301 989 1388 1040 est
1421 985 1664 1040 Romam
1698 985 1975 1042 continuo
2006 1004 2142 1043 cum
2173 986 2374 1044 eodem
2407 986 2682 1060 pontiﬁce
2705 986 2829 1060 ipse
2861 988 3220 1044 Francorum
3243 1005 3345 1044 rex
3374 1003 3508 1044 cum
3537 987 3651 1048 suis
3664 991 3800 1062 judi-

580 1081 746 1138 cibus
775 1087 832 1138 et
861 1082 1073 1156 populo
1106 1082 1163 1138 in
1189 1083 1390 1139 eodem
1423 1084 1676 1140 Sabbato
1707 1089 1928 1140 sancto.

653 1181 802 1237 311
838 1181 908 1236 Et
934 1181 991 1236 in
1022 1180 1267 1237 basilica
1297 1181 1611 1238 Salvatoris
1632 1182 1803 1253 juxta
1820 1182 2216 1252 Lateranis(b)
2239 1183 2457 1255 pariter
2480 1181 2730 1256 ingressi
2776 1182 2994 1240 ibidem
3036 1182 3162 1256 ipse
3189 1181 3702 1240 excellentissimus
3726 1203 3803 1242 rex

581 1295 716 1335 cum
748 1278 1023 1336 omnibus
1054 1279 1178 1336 suis
1210 1297 1516 1352 quousque
1546 1280 1730 1336 sancti
1763 1281 2136 1354 baptismatis
2168 1286 2602 1337 sacramentum
2653 1280 2984 1338 antedictus
3032 1286 3122 1338 ter
3167 1281 3547 1339 beatissimus
3583 1283 3803 1357 pontifex

581 1375 911 1451 celebravit.
935 1377 1006 1433 Et
1037 1377 1116 1432 ita
1139 1377 1512 1450 postmodum
1543 1379 1613 1433 ad
1640 1378 1878 1434 beatum
1911 1379 2144 1435 Petrum
2176 1380 2302 1452 ipse
2332 1378 2710 1436 beatissimus
2741 1378 3038 1454 repedavit
3061 1396 3179 1436 rex.

655 1475 807 1532 ³18
837 1475 964 1531 ΑΙὶο
993 1493 1126 1532 vero
1156 1477 1248 1533 die
1276 1476 1646 1536 illucessente
1676 1479 1977 1537 Dominico
2009 1482 2234 1546 sancto,
2259 1478 2319 1533 in
2367 1477 2497 1550 ipsa
2545 1477 2948 1534 sacratissima
2989 1477 3252 1550 paschali
3305 1476 3612 1535 festivitate
3637 1478 3805 1535 direxit

582 1573 841 1631 diluculo
867 1573 990 1648 ipse
1021 1574 1434 1632 sanctissimus
1459 1577 1671 1651 praesul
1703 1581 1944 1634 cunctos
1965 1576 2200 1649 judices
2229 1580 2286 1632 et
2315 1575 2588 1632 universa
2612 1575 2894 1648 obsequia
2915 1574 3138 1632 militia
3160 1575 3234 1631 ad
3251 1576 3526 1632 eumdem
3548 1592 3738 1649 regem,
3762 1581 3805 1633 et

584 1689 719 1729 cum
751 1690 964 1748 magno
990 1674 1209 1731 honore
1238 1691 1373 1731 eum
1399 1675 1783 1749 suscipientes
1814 1675 1872 1731 in
1905 1674 2151 1732 ecclesia
2178 1680 2393 1731 sanctae
2430 1673 2528 1732 Dei
2558 1673 2868 1731 Genitricis
2915 1675 2988 1731 ad
3035 1675 3294 1746 Praesepe
3338 1673 3659 1747 properavit
3697 1691 3802 1730 cum

585 1770 860 1827 omnibus
888 1771 988 1844 qui
1019 1788 1153 1828 cum
1175 1788 1242 1828 eo
1274 1773 1628 1830 advenerant
1657 1773 1914 1830 Francis.
1947 1775 2017 1830 Et
2047 1777 2179 1846 post
2203 1771 2522 1829 missarum
2553 1771 2842 1829 solemnia
2871 1771 3162 1829 celebrata
3181 1771 3440 1846 perrexit
3459 1787 3590 1828 cum
3624 1789 3804 1844 praeno-

512 1868 550 1924 5
585 1868 807 1925 minato
839 1871 1110 1942 pontifice
1142 1871 1203 1927 in
1228 1872 1615 1928 Lateranense
1645 1871 2090 1945 patriarchium,
2114 1870 2350 1944 illicque
2381 1871 2453 1927 ad
2485 1887 2751 1927 mensam
2782 1869 3162 1943 apostolicam
3195 1868 3419 1942 pariter
3446 1868 3652 1941 epulati
3677 1873 3805 1925 sunt.

583 1964 708 2022 Alio
733 1983 865 2023 vero
896 1967 989 2022 die
1020 1967 1279 2023 secunda
1308 1968 1452 2024 feria
1477 1969 1658 2026 simili
1689 1970 1861 2026 modo
1891 1969 1951 2025 in
1983 1967 2229 2025 ecclesm
2259 1967 2411 2024 beati
2443 1968 2593 2024 Petri
2625 1985 2787 2025 more
2827 1967 2997 2024 solito
3046 1967 3173 2040 ipse
3211 1965 3569 2038 conspicuus
3595 1965 3743 2022 Pater
3763 1969 3808 2022 et

583 2063 854 2138 egregius
883 2064 1140 2138 pontifex
1169 2066 1486 2123 missarum
1519 2066 1805 2124 solemnia
1833 2067 2155 2136 celebrans,
2189 2067 2305 2124 Deo
2337 2066 2722 2140 omnipotenti
2752 2070 2810 2123 et
2838 2066 3078 2139 prmfato
3108 2063 3314 2122 Carolo
3367 2063 3806 2121 excellentissimo

585 2162 708 2236 regi
742 2163 1098 2218 Francorum
1128 2167 1186 2219 et
1215 2164 1458 2236 patricio
1491 2165 1887 2221 Romanorum
1919 2163 2125 2221 laudes
2156 2164 2396 2220 reddere
2417 2164 2571 2220 fecit.
2606 2163 2804 2220 Tertia
2833 2179 2965 2220 vero
2998 2163 3114 2235 die,
3137 2163 3311 2235 juxta
3359 2166 3427 2218 ut
3474 2177 3596 2218 mos
3637 2165 3730 2230 est,
3762 2159 3805 2215 in

585 2258 831 2316 ecclesia
850 2259 1002 2314 beati
1035 2259 1195 2315 Pauli
1227 2261 1474 2332 apostoli
1508 2262 1723 2318 missas
1754 2261 1945 2317 eidem
1976 2261 2096 2335 regi
2131 2261 2282 2318 fecit.
2317 2263 2390 2318 At
2438 2278 2572 2318 vero
2621 2265 2833 2334 quarta
2881 2259 3025 2317 feria
3073 2277 3350 2334 egressus
3400 2257 3808 2333 praenominatus

484 2355 550 2411 10
587 2354 847 2428 pontifex
875 2372 1009 2412 cum
1041 2357 1166 2415 suis
1187 2357 1492 2428 judicibus
1521 2362 1643 2414 tam
1673 2358 1808 2414 cieri
1833 2376 2128 2432 quamque
2153 2359 2374 2415 militia:
2391 2359 2451 2415 in
2472 2359 2719 2417 ecclesia
2736 2358 2890 2416 beati
2913 2358 3066 2416 Petri
3087 2355 3686 2432 apostoli,pariterque
3703 2371 3806 2413 cum

589 2453 792 2510 eodem
826 2470 959 2527 rege
989 2471 1051 2511 se
1082 2456 1155 2511 ad
1181 2455 1540 2528 loquendum
1571 2455 2298 2530 conjungens,constanter
2327 2473 2464 2513 eum
2495 2458 2841 2531 deprecatus
2870 2460 2980 2528 est,
2995 2461 3172 2528 atque
3202 2453 3592 2522 admonuit,et
3611 2458 3807 2526 paterno

589 2552 798 2608 affectu
829 2552 1122 2609 adhortari
1152 2553 1400 2621 studuit,
1416 2558 1482 2610 ut
1512 2555 1964 2628 promissionem
1995 2553 2158 2610 illam
2191 2572 2367 2627 quam
2400 2556 2528 2628 ejus
2558 2559 2773 2612 sanctae
2804 2554 3097 2611 memoriae
3125 2552 3361 2627 genitor
3380 2551 3650 2626 Pippinus
3667 2554 3810 2619 rex,et

589 2649 713 2723 ipse
742 2649 1315 2724 praecellentissimus
1336 2651 1577 2710 Carolus
1608 2671 1743 2710 cum
1771 2669 1877 2710 suo
1898 2669 2176 2726 germano
2199 2651 2621 2710 Carolomanno
2649 2657 2822 2726 atque
2843 2650 3446 2724 omnibusjudicibus
3465 2648 3684 2707 Francis
3701 2649 3811 2703 fece-

593 2751 724 2804 rant
753 2749 920 2805 heato
951 2749 1117 2806 Petro
1147 2754 1206 2806 et
1236 2752 1365 2823 ejus
1383 2750 1597 2807 vicario
1628 2756 1841 2808 sancte
1874 2749 2166 2807 memoriae
2196 2751 2411 2807 domno
2444 2751 2738 2824 Stephano
2763 2749 2987 2824 juniori
3010 2748 3442 2822 papae,quando
3464 2747 3523 2803 in
3556 2744 3810 2803 Franciam

488 2846 554 2902 15
591 2846 844 2919 perrexit
873 2863 975 2919 pro
997 2849 1386 2906 concedendis
1406 2849 1652 2906 diversis
1673 2849 2008 2906 civitatibus
2030 2866 2096 2905 ac
2117 2849 2424 2906 territoriis
2445 2848 2618 2905 istius
2641 2847 2820 2904 Italiae
2841 2846 3236 2922 provincias,et
3264 2845 3810 2904 contradendisbeato

593 2944 756 3002 Petro
785 2945 1030 3019 ejusque
1058 2945 1333 3003 omnibus
1355 2946 1588 3003 vicariis
1628 2946 1688 3002 iu
1736 2951 2085 3020 perpetuum
2136 2945 2530 3019 possidendis,
2553 2945 2899 3020 adimpleret
2929 2946 2989 3000 in
3021 2944 3334 3013 omnibus;
3375 2959 3620 3016 cumque
3661 2941 3811 3014 ipsam

592 3042 1042 3116 promissionem
1073 3061 1202 3117 quas
1234 3044 1293 3100 in
1327 3045 1570 3101 Francia
1597 3043 1657 3100 in
1690 3045 1814 3101 loco
1843 3044 1942 3117 qui
1968 3048 2207 3101 vocatur
2235 3043 2565 3100 Carisiacus
2598 3043 2751 3101 facta
2797 3047 2905 3111 est,
2941 3043 3054 3099 sibi
3102 3042 3282 3116 relegi
3315 3042 3566 3110 fecisset,
3592 3037 3812 3110 compla-

593 3145 840 3198 cuerunt
868 3140 952 3197 illi
984 3146 1043 3199 et
1066 3143 1195 3214 ejus
1215 3142 1521 3215 judicibus
1552 3143 1751 3200 omnia
1780 3160 1909 3216 quae
1941 3143 2160 3198 ibidem
2191 3147 2357 3199 erant
2383 3143 2626 3211 adnexa,
2661 3146 2719 3199 et
2747 3142 2986 3216 propria
3012 3140 3334 3208 voluntate,
3366 3141 3518 3198 bono
3546 3155 3608 3196 ac
3645 3133 3809 3194 libenti

595 3237 790 3295 animo
821 3237 995 3295 aliam
1022 3239 1352 3298 donationis
1374 3240 1823 3313 promissionem
1855 3241 1926 3296 ad
1949 3240 2135 3297 instar
2152 3240 2461 3297 anterioris
2483 3240 2606 3312 ipse
2629 3239 2957 3297 antedictus
2978 3237 3558 3312 prmoellentissimus
3573 3240 3626 3292 et
3643 3252 3695 3292 re
3710 3249 3812 3288 vera

451 3337 557 3399 “20
592 3336 1132 3396 Christianissimus
1163 3337 1402 3395 Carolus
1433 3340 1788 3396 Francorum
1822 3355 1921 3395 rex
1951 3337 2164 3395 ascribi
2187 3336 2370 3410 jussit
2400 3354 2503 3411 per
2531 3337 2835 3394 Etherium
2867 3336 3207 3412 religiosum
3231 3337 3311 3393 ad
3342 3332 3808 3410 prudentissimum

596 3434 964 3508 capellanum
996 3439 1054 3492 ct
1081 3436 1374 3493 notarium
1405 3437 1706 3505 suum,ubi
1741 3436 2030 3492 concessit
2059 3435 2297 3492 easdem
2323 3434 2585 3492 civitates
2613 3439 2670 3492 et
2692 3434 2984 3492 territoria
3005 3436 3173 3492 beato
3195 3435 3602 3506 Petro,easque
3619 3429 3808 3504 praefato

598 3532 856 3604 pontifici
890 3533 1154 3590 contradi
1185 3534 1517 3606 spopondit,
1550 3551 1654 3606 per
1681 3533 2145 3607 designationem
2179 3534 2521 3601 confinium,
2555 3533 2707 3590 sicut
2736 3534 2794 3588 in
2827 3534 3030 3590 eadem
3061 3532 3380 3590 donatione
3399 3530 3808 3588 contineremono

600 3633 839 3696 stratur,
867 3630 922 3685 id
959 3634 1094 3686 esta
1123 3630 1305 3686 Lunis
1335 3647 1469 3686 cum
1492 3629 1689 3688 insula
1719 3631 1971 3699 Corsica,
2005 3631 2217 3686 deinde
2246 3631 2306 3686 in
2338 3632 2607 3700 Suriano,
2641 3631 2848 3688 deinde
2879 3631 2938 3686 in
2970 3635 3168 3688 monte
3197 3631 3486 3698 Bardone,
3502 3629 3558 3684 id
3581 3631 3662 3683 est
3686 3624 3733 3679 in
3756 3625 3807 3691 (ε)

597 3725 860 3795 Verceto,
893 3727 1101 3784 deinde
1131 3727 1193 3784 in
1220 3728 1445 3798 Parma,
1477 3729 1686 3785 deinde
1717 3729 1776 3784 in
1806 3728 2047 3803 Rhegio,
2080 3733 2138 3786 et
2165 3728 2372 3785 exinde
2403 3730 2462 3786 in
2492 3730 2932 3802 Mantua,atque
2953 3729 3240 3802 monte(d)
3264 3724 3743 3797 Silicis,simulque
3765 3724 3807 3775 et

491 3825 564 3882 25
600 3825 938 3883 universum
969 3825 1349 3884 exarcbatum
1381 3827 1807 3884 Ravennatium
1829 3827 1984 3883 sicut
2013 3826 2342 3899 antiquitus
2373 3832 2522 3896 erat,
2552 3831 2727 3900 atque
2757 3825 3084 3901 provincias
3108 3826 3492 3884 Venetiarum
3520 3829 3575 3880 et
3603 3819 3804 3878 Istriam.

601 3942 826 3982 necnon
855 3930 913 3983 et
942 3930 1220 3982 cunctum
1242 3927 1520 3982 ducatum
1553 3924 1921 3998 Spoletinum
1950 3930 2007 3982 et
2035 3925 2530 3980 Beneventanum.

672 4026 826 4082 ³19
859 4025 1148 4098 Factaque
1177 4025 1382 4080 eadem
1412 4023 1815 4092 donatione,et
1844 4022 2080 4096 propria
2111 4040 2221 4079 sua
2257 4040 2436 4079 manu
2467 4022 2592 4096 ipse
2622 4021 3161 4080 Christianissimus
3213 4023 3568 4079 Francorum
3596 4034 3681 4073 rex
3711 4027 3806 4070 eam

601 4122 1313 4190 corroborans,universos
1344 4121 2328 4196 episcopos,abbates,duces,etiam
2359 4125 2417 4177 et
2445 4121 2784 4194 Graphones
2815 4120 2875 4176 in
2897 4138 2965 4178 ea
2994 4119 3208 4178 ascribi
3229 4122 3305 4190 (ε)
3327 4120 3665 4185 fecit.Quam
3684 4110 3809 4186 prius

605 4241 781 4299 super
809 4221 990 4281 altare
1023 4221 1176 4279 beati
1204 4220 1450 4288 Petri,et
1470 4221 1847 4293 postmodum
1868 4220 2031 4276 intus
2062 4219 2122 4275 in
2144 4224 2350 4277 sancta
2379 4219 2508 4291 ejus
2538 4218 2904 4276 confessione
2934 4223 3184 4293 ponente
3203 4222 3326 4275 tam
3367 4218 3491 4291 ipse
3513 4217 3808 4272 Francorum

605 4339 704 4379 rex
730 4327 969 4395 tamque
986 4321 1114 4392 ejus
1135 4319 1388 4392 judices,
1403 4319 1570 4375 beato
1585 4319 1750 4375 Petro
1767 4323 1826 4374 et
1841 4319 1968 4391 ejus
1997 4317 2210 4374 vicario
2243 4316 2618 4374 sanctissimo
2638 4317 2894 4373 Adriano
2915 4317 3218 4390 papae,sub
3240 4313 3491 4374 terribili
3505 4310 3808 4370 sacramento

531 4423 568 4478 5
605 4437 732 4479 sese
754 4419 952 4476 omnia
965 4421 1410 4476 conservaturos
1441 4433 1568 4490 quae
1600 4417 1659 4472 in
1689 4417 1892 4472 eadem
1915 4415 2227 4473 donatione
2257 4415 2649 4483 continentur,
2662 4415 3071 4490 promittentes
3096 4411 3806 4484 tradiderunt.(f)Apparem

605 4517 794 4594 ipsius
825 4515 1158 4574 donationis
1188 4532 1292 4589 per
1314 4494 1589 4571 eumdem
1615 4513 1918 4570 Etherium
1950 4513 2160 4570 ascribi
2195 4513 2412 4570 faciens
2442 4513 2566 4587 ipse
2594 4511 3136 4570 Christianissimus
3171 4528 3271 4568 rex
3300 4512 3658 4574 Francorum,
3685 4503 3804 4558 intus

605 4633 783 4690 super
809 4632 1022 4689 corpus
1042 4613 1196 4672 beati
1223 4613 1373 4670 Petri
1404 4613 1614 4670 subtus
1645 4611 1980 4685 Evangelia,
2009 4627 2137 4684 quas
2167 4611 2387 4669 ibidem
2419 4611 2763 4668 osculantur
2800 4628 2904 4685 pro
2944 4608 3290 4667 ﬁrmissima
3319 4607 3542 4666 cautela
3565 4608 3618 4662 et
3641 4604 3805 4658 eterna

607 4714 864 4771 nominis
893 4713 984 4770 sui
1014 4731 1080 4768 ac
1110 4711 1272 4787 regni
1303 4712 1658 4768 Francorum
1689 4709 2258 4784 memoria,propriis
2287 4709 2412 4767 suis
2443 4709 2718 4766 manibus
2747 4708 2962 4782 posuit.
2980 4707 3224 4781 Aliaque
3243 4707 3507 4779 ejusdem
3535 4692 3802 4760 donationis

537 4833 551 4847 '
609 4811 872 4885 exempla
900 4828 1004 4884 per
1032 4809 1404 4867 scriniarium
1435 4809 1615 4882 hujus
1646 4812 1859 4866 sanctas
1890 4812 2102 4866 nostras
2127 4807 2394 4866 Ecclesia
2424 4806 2737 4881 descripta,
2768 4808 2898 4880 ejus
2917 4804 3257 4864 excellentia
3285 4821 3485 4862 secum
3521 4789 3799 4873 deportavit.

507 4910 573 4965 10
611 4909 1015 4980 Reversusque
1034 4923 1169 4964 cum
1192 4907 1315 4964 suis
1341 4906 1690 4966 exercitibus
1713 4905 2137 4980 Ticinum,ipse
2159 4903 2683 4962 excellentissimus
2697 4906 3053 4962 Francorum
3070 4920 3170 4962 rex
3190 4902 3524 4975 fortiterque
3543 4892 3798 4955 debellatis,

612 5010 786 5078 atque
817 5005 1091 5062 obsidens
1111 5004 1401 5061 civitatem
1425 5005 1832 5079 Papiam,dum
1854 5004 1941 5060 ira
1971 5004 2072 5061 Dei
2098 5021 2276 5078 super
2304 5021 2508 5061 omnes
2541 5003 2955 5078 Longobardos
2977 5003 3078 5076 qui
3107 5001 3169 5058 in
3201 5002 3404 5059 eadem
3433 4998 3642 5056 civitate
3658 4987 3798 5050 erant.

611 5105 979 5178 grassaretur
1007 5106 1182 5173 atque
1207 5102 1450 5171 saeviret,
1475 5108 1533 5160 et
1561 5103 1760 5177 plures
1807 5102 2192 5177 languoribus
2237 5119 2343 5158 seu
2392 5101 2768 5158 mortalitatis
2815 5101 2980 5157 clade
3023 5100 3393 5168 defecissent,
3429 5096 3508 5154 ita
3558 5089 3644 5148 Dei
3688 5085 3798 5142 Ποία

611 5200 878 5258 eamdem
908 5197 1221 5266 civitatem,
1253 5199 1550 5273 simulque
1569 5206 1627 5257 et
1655 5200 2024 5258 Desiderium
2058 5199 2584 5274 Longobardorum—
2607 5216 2825 5274 regem,
2849 5203 3022 5273 atque
3043 5203 3284 5256 cunctos
3313 5194 3415 5270 qui
3435 5209 3560 5252 eum
3595 5205 3653 5247 eo
3676 5181 3799 5242 erant

611 5298 739 5372 ipse
757 5295 1282 5355 excellentissimus
1303 5298 1659 5355 Francorum
1677 5316 1777 5356 rex
1795 5298 2321 5372 comprehendit,et
2352 5317 2472 5356 suae
2492 5298 2764 5373 potestati
2788 5302 3067 5356 cunctum
3087 5312 3334 5372 regnum
3353 5286 3796 5366 Longobardorum

1655 5493 1908 5540 NOTULE
1948 5493 2342 5542 KARGINALES
2383 5494 2694 5541 FABROTTI.

478 5639 1041 5772 id(a)£Sacramlenta.
1101 5638 1178 5711 (b)
1209 5640 1580 5696 Lateranum.
1666 5636 1736 5710 (ο)
1768 5636 1833 5705 B,
1865 5636 2001 5694 inde
2031 5637 2109 5695 in.
2166 5638 2246 5708 (ά)
2275 5640 2337 5695 Β.
2369 5641 2564 5710 ponte.
2643 5639 2716 5708 (ε)
2747 5638 2811 5707 Β,
2844 5653 2973 5695 eam
3003 5635 3386 5696 subscribere.
3446 5631 3512 5702 (Γ)
3537 5628 3789 5699 Apparet“:

561 5729 616 5771 es
667 5727 872 5772 exemp
899 5729 950 5770 a.

561 5727 641 5771 eu
667 5727 950 5784 exempla.
