4044 6168
306 177 455 247 usi
1042 184 1417 249 HISTORIA
1458 185 1574 249 ΒΕ·
1603 185 1808 249 vms
1853 185 2045 250 ROM.
2093 185 2422 249 PONT.-—
2451 186 2516 249 s.
2565 185 2990 250 ADRIANUS.
3555 174 3718 252 uel

335 315 407 375 i5
441 313 1128 390 subjugavit.Prasfatum
1157 333 1292 373 vero
1322 317 1688 376 Desiderium
1723 319 2243 392 Longobnrdorum
2276 333 2472 391 regem
2502 321 2561 374 et
2589 318 2718 390 ejus
2745 317 3056 392 conjugem
3089 331 3289 375 secum
3319 314 3378 372 in
3405 314 3711 373 Franciam

441 414 787 488 deportavit.
822 415 960 471 Erat
987 415 1146 471 enim
1177 416 1488 488 saepefatus
1521 417 1896 474 beatissimus
1927 417 2187 490 pontifex
2212 421 2439 472 amator
2467 415 2870 472 ecclesiarum.

515 511 674 570 820
703 511 808 568 Hic
837 511 993 568 enim
1024 511 1392 586 coangelicus
1422 513 1511 569 vir
1538 514 1673 571 fecit
1702 515 1762 571 in
1793 513 2037 572 ecclesia
2061 515 2217 572 beati
2253 514 2397 572 Petri
2426 513 2673 587 apostoli
2702 519 2924 570 vestem
2957 513 3116 570 miris
3152 510 3610 586 pulchritudinis
3640 527 3711 570 ex

445 625 590 666 auro
617 614 675 666 et
701 610 976 683 gemmis,
1007 610 1319 667 habentem
1351 613 1781 686 praaﬂguratam
1813 613 2120 670 historiam
2154 613 2407 686 qualiter
2435 614 2642 669 beatus
2674 613 2878 668 Petrus
2910 629 2945 668 a
2989 610 3238 668 vinculis
3285 627 3389 684 per
3433 609 3708 683 angelum

421 713 682 781 ereptus
714 711 984 765 est.ltem
1012 709 1072 763 in
1103 710 1307 766 eadem
1338 709 1581 766 basilica
1609 712 1682 767 ab
1715 711 1954 767 introitu
1985 713 2058 768 de
2084 728 2262 785 rugas
2292 727 2480 784 usque
2513 711 2585 767 ad
2607 708 3035 767 confessionem
3065 708 3461 782 pavimentum
3482 706 3713 764 vestivit

443 805 516 861 de
545 810 784 878 argento
814 805 1151 878 purissimo,
1194 808 1349 880 quod
1383 825 1546 880 pens.
1590 807 1770 866 libras
1801 814 2035 865 centum
2067 809 2519 883 quinquaginta.
2555 808 2712 865 Fecit
2759 807 2934 864 etiam
2965 806 3025 862 iu
3055 807 3258 862 eadem
3310 805 3440 880 ipsa
3469 805 3713 862 basilica

363 905 407 960 5
435 903 589 960 beati
623 903 772 960 Petri
796 905 968 976 juxta
989 906 1206 978 jauuas
1236 907 1488 978 majores
1516 911 1822 980 argenteas
1853 907 2109 963 cortinas
2141 907 2302 963 miras
2334 906 2761 981 magnitudinis
2790 907 2863 962 de
2893 903 3086 978 palliis
3116 903 3412 960 stauracin
3446 919 3550 960 seu
3571 919 3712 975 qua-

442 1000 721 1074 drapolis.
755 1001 903 1057 Nam
933 1005 992 1057 et
1021 1019 1126 1076 per
1153 1003 1458 1059 universos
1489 1019 1660 1060 arcus
1682 1004 1947 1076 ejusdem
1978 1004 2378 1078 apostolorum
2402 1005 2686 1078 principis
2713 1003 2967 1060 basilica
2998 1003 3070 1058 de
3101 1001 3295 1074 palliis
3322 999 3490 1074 tyriis
3535 1005 3713 1073 atque

443 1099 704 1156 fundatis
736 1099 872 1159 fecit
897 1099 1026 1157 vela
1055 1117 1300 1158 numero
1331 1101 1634 1173 sexaginta
1662 1099 1943 1175 quinque.
1975 1103 2237 1176 Denique
2267 1104 2397 1175 ejus
2431 1101 2728 1158 beatitudo
2761 1100 2896 1157 fecit
2923 1103 2981 1156 et
3005 1099 3258 1173 pharum
3308 1099 3590 1170 majorem
3650 1097 3710 1153 iu

441 1199 646 1254 eadem
679 1202 740 1253 Β.
776 1197 927 1254 Petri
959 1198 1204 1255 ecclesia
1234 1198 1294 1254 in
1315 1203 1522 1272 typum
1555 1200 1766 1267 crucis,
1800 1200 1897 1272 qui
1931 1201 2145 1273 pendet
2191 1206 2327 1256 ante
2375 1199 2824 1274 presbyterium,
2856 1199 3171 1255 habentem
3221 1194 3497 1252 candelas
3552 1193 3712 1250 mille

443 1299 736 1352 trecentas
768 1298 826 1352 et
855 1295 1248 1370 septuaginta.
1282 1297 1354 1353 Et
1383 1295 1687 1354 constituit
1717 1301 1782 1354 ut
1810 1302 2062 1372 quatuor
2088 1298 2315 1355 vicibus
2345 1297 2404 1354 in
2437 1314 2590 1354 anno
2621 1298 2816 1372 ipsum
2846 1297 3097 1370 pharum
3129 1295 3500 1363 accendatur,
3533 1293 3591 1349 id
3623 1295 3714 1350 est

311 1391 404 1449 »10
441 1393 501 1449 in
527 1393 837 1450 Nativitate
868 1393 1123 1462 Domini,
1155 1395 1215 1450 in
1247 1394 1488 1465 Pascha,
1520 1394 1580 1450 iu
1613 1395 1794 1451 natali
1826 1396 2243 1469 aportolorum,
2275 1401 2335 1452 et
2361 1397 2421 1452 in
2455 1395 2633 1452 natali
2665 1395 2979 1468 pontificis.

514 1489 664 1548 88!
703 1491 962 1564 itemque
989 1492 1263 1564 praefatus
1294 1492 1708 1550 sanctissimus
1738 1493 1948 1566 praesul
1974 1494 2107 1550 fecit
2126 1494 2188 1550 in
2209 1511 2278 1550 ea
2306 1493 2551 1550 basilica
2580 1493 2821 1550 calicem
2853 1492 3164 1548 fundatum
3186 1495 3710 1565 argenteum,peus

443 1588 627 1646 libras
655 1587 1119 1662 quinque,quem
1150 1594 1206 1646 et
1235 1589 1433 1663 posuit
1463 1590 1522 1646 in
1553 1591 1910 1664 presbyterio
1942 1609 2046 1664 pro
2074 1609 2140 1649 eo
2167 1592 2270 1664 qui
2299 1592 2548 1664 perierat
2569 1590 2934 1664 temporibus
2955 1589 3155 1647 domui
3179 1587 3339 1645 Pauli
3362 1587 3709 1662 papae.Nam

443 1691 503 1744 et
527 1686 586 1743 in
615 1686 860 1744 ecclesia
889 1687 1045 1744 beati
1061 1689 1302 1746 Andreae
1321 1688 1710 1762 apostoli,sita
1724 1691 1894 1762 juxta
1914 1691 2180 1746 eamdem
2204 1691 2360 1748 beati
2385 1690 2536 1746 Petri
2555 1688 2802 1762 apostoli
2833 1688 3139 1745 ecclesiam
3160 1686 3464 1761 cyburiam
3486 1683 3712 1741 noviter

443 1802 514 1842 ex
541 1789 782 1859 argento
812 1785 1208 1843 mundissimo
1237 1786 1362 1860 ipse
1392 1791 1482 1843 ter
1510 1787 1888 1844 beatissimus
1917 1788 2176 1860 pontifex
2207 1787 2476 1861 fecit,qui
2507 1787 2858 1861 pens.libras
2886 1790 3123 1844 centum
3153 1784 3394 1859 triginta
3423 1782 3708 1856 quinque.

366 1885 407 1940 5
444 1883 648 1957 Itaque
675 1888 734 1940 et
761 1883 821 1940 in
851 1883 1097 1942 ecclesia
1124 1884 1279 1941 beati
1313 1884 1476 1941 Pauli
1505 1885 1750 1958 apostoli
1783 1887 2076 1944 investivit
2104 1904 2319 1960 corpus
2347 1887 2612 1959 ejusdem
2643 1886 2899 1944 doctoris
2929 1883 3136 1942 mundi
3158 1901 3228 1940 ex
3249 1881 3487 1940 laminis
3508 1897 3711 1954 argen-

441 1981 576 2049 teis,
607 1998 750 2054 pens
780 1981 962 2038 libras
992 1982 1256 2056 triginta.

515 2079 670 2137 828
702 2081 857 2147 Quas
887 2079 1114 2137 addidit
1141 2081 1330 2138 isdem
1363 2081 1772 2140 saustissimus
1801 2083 2321 2156 prasul,quouiam
2353 2087 2660 2158 argentum
2693 2082 2860 2151 illud,
2883 2082 3037 2156 quod
3078 2079 3354 2155 primitus
3379 2075 3708 2145 erat,uimis

443 2177 807 2234 confractum
837 2176 1139 2234 existebat.
1155 2183 1299 2236 Item
1331 2178 1468 2235 fecit
1495 2179 1553 2235 in
1586 2181 1791 2237 eadem
1818 2180 2061 2238 basilica
2081 2181 2233 2238 beati
2248 2182 2408 2237 Pauli
2430 2181 2678 2254 apostoli
2698 2181 2986 2237 cortinam
3009 2181 3290 2251 majorem
3305 2178 3479 2249 juxta
3489 2176 3708 2248 januas

444 2275 797 2348 principales
825 2291 894 2332 ex
924 2275 1117 2348 palliis
1149 2276 1527 2350 quadrapolis
1557 2278 1629 2334 ad
1662 2277 1853 2335 instar
1881 2280 2138 2347 cortinaa,
2171 2296 2348 2353 quam
2381 2279 2440 2335 in
2471 2277 2729 2336 Ecclesia
2759 2279 2912 2335 beati
2948 2277 3099 2334 Petri
3133 2276 3286 2334 fecit.
3316 2275 3428 2332 Sed
3451 2279 3510 2330 et
3531 2271 3708 2330 aliam

445 2372 730 2430 cortinam
761 2374 1042 2445 majorem
1072 2375 1208 2431 fecit
1235 2379 1292 2431 et
1322 2374 1516 2447 palliis
1547 2377 2080 2450 quadrapolis,quae
2112 2379 2325 2450 pendet
2354 2378 2464 2434 sub
2496 2395 2634 2434 arcu
2671 2378 2892 2450 majore
2913 2377 3084 2448 juxta
3103 2373 3286 2431 altare
3305 2392 3318 2443 ;
3337 2371 3514 2429 etiam
3531 2375 3588 2429 et
3607 2386 3711 2444 per

368 2471 410 2527 5
445 2471 704 2528 diversos
735 2471 1124 2545 arcusipsius
1155 2473 1410 2529 ecclesia;
1440 2491 1508 2529 ex
1539 2473 1734 2547 palliis
1756 2476 2133 2549 quadrapolis
2158 2477 2294 2532 fecit
2312 2476 2440 2532 vela
2456 2491 2700 2532 numero
2717 2472 3339 2548 septuaginta.Atrium
3363 2487 3498 2527 vero
3520 2469 3708 2544 ipsius

445 2570 596 2627 beati
631 2569 791 2627 Pauli
821 2570 1098 2643 ecclesias,
1131 2572 1286 2644 quod
1311 2576 1446 2627 ante
1475 2573 1801 2629 desolatum
1830 2573 2247 2641 existebat,ubi
2277 2575 2450 2630 boves
2480 2578 2656 2646 atque
2686 2572 2896 2631 caballi
2927 2569 3407 2644 ingrediebantur
3433 2569 3505 2625 ad
3529 2565 3711 2641 pabu-

448 2666 689 2724 laudum
720 2673 958 2741 propter
982 2668 1223 2726 herbam
1270 2687 1398 2742 quas
1443 2669 1662 2726 ibidem
1710 2671 2080 2737 nascebatur,
2112 2670 2434 2743 inspiratus
2483 2689 2518 2727 a
2546 2672 2661 2726 Deo
2691 2671 2880 2726 isdem
2911 2667 3322 2725 sanctissimus
3353 2665 3611 2739 pontifex
3638 2681 3709 2720 ex

448 2764 842 2821 marmoribus
871 2765 1132 2838 pulchris
1159 2771 1419 2822 sternere
1450 2767 1601 2823 fecit.
1638 2768 1700 2823 In
1733 2766 1978 2824 ecclesia
2007 2771 2223 2824 sanctae
2247 2766 2346 2823 Dei
2379 2767 2692 2824 Genitricis
2718 2767 2791 2822 ad
2841 2767 3099 2837 Praesepe
3144 2763 3280 2820 fecit
3319 2767 3510 2819 vestes
3558 2762 3708 2817 duas

448 2879 625 2936 super
652 2861 832 2920 altare
862 2864 1100 2936 majore,
1135 2881 1315 2920 unam
1347 2881 1415 2921 ex
1445 2882 1587 2922 auro
1617 2864 1934 2938 purissimo
1962 2869 2138 2938 atque
2166 2864 2437 2938 gemmis,
2470 2864 2784 2921 habentem
2831 2861 3296 2936 assumptionem
3342 2863 3558 2917 sanctas
3603 2857 3706 2915 Dei

331 2960 411 3014 70
448 2959 777 3028 Genitricis,
810 2965 869 3017 et
899 2961 1076 3017 aliam
1107 2963 1178 3018 de
1208 2962 1524 3018 stauracim
1546 2963 1622 3033 (a)
1651 2967 1916 3019 ornatam
1947 2963 2006 3018 in
2038 2963 2287 3019 circuitu
2319 2962 2526 3019 blattin
2551 2963 2646 3036 (b).
2685 2962 2840 3018 Fecit
2869 2962 2929 3017 in
2961 2977 3029 3017 ea
3070 2959 3317 3017 ecclesia
3362 2961 3422 3015 et
3449 2957 3707 3015 cortinas

440 3057 695 3130 majores
725 3075 794 3114 ex
823 3057 1016 3131 palliis
1045 3059 1423 3132 quadrapolis
1452 3061 1520 3132 (ο)
1550 3061 1623 3117 ad
1653 3059 2102 3117 similitudinem
2135 3076 2312 3134 quam
2334 3060 2394 3115 in
2424 3059 2667 3117 ecclesia
2697 3059 2883 3116 sancti
2907 3057 3055 3116 Petri
3085 3057 3240 3114 fecit.

513 3155 666 3212 828
696 3155 808 3212 Sed
837 3159 896 3212 et
925 3172 1028 3228 per
1055 3157 1316 3214 diVersos
1345 3174 1517 3214 arcus
1547 3158 1811 3229 ejusdem
1841 3157 2094 3214 basilicae
2126 3162 2342 3215 sancta:
2375 3158 2475 3214 Dei
2499 3157 2809 3216 Genitricis
2839 3156 3021 3214 simili
3053 3157 3226 3213 modo
3255 3171 3325 3212 ex
3351 3153 3526 3228 pellis
3557 3171 3706 3227 qua-

441 3251 700 3325 drapolis
730 3252 869 3309 fecit
894 3252 1023 3309 vela
1052 3270 1297 3310 numero
1326 3255 1714 3328 quadraginta
1742 3255 1880 3311 duo.
1913 3256 1977 3312 In
2008 3255 2252 3312 basilica
2281 3272 2414 3312 vero
2445 3255 2764 3312 Salvatoris
2794 3254 3026 3311 Domini
3071 3253 3256 3310 nostri
3303 3253 3442 3310 Jesu
3488 3251 3703 3308 Christi

429 3349 603 3422 juxta
633 3349 938 3407 Lateranis
967 3350 1241 3407 similiter
1261 3351 1397 3408 fecit
1423 3356 1643 3409 vestem
1678 3353 1748 3409 de
1771 3353 2067 3409 stauracin
2100 3371 2202 3410 seu
2233 3352 2520 3410 cortinam
2553 3355 2836 3426 majorem
2875 3369 2946 3409 ex
2974 3349 3146 3426 pallis
3175 3349 3572 3425 quadrapolis,
3604 3349 3706 3406 sed

440 3451 498 3504 et
525 3464 629 3520 per
656 3447 915 3506 diversos
946 3465 1119 3505 arcus
1146 3448 1272 3505 vela
1293 3449 1492 3520 Syrica
1522 3467 1766 3507 numero
1789 3451 2220 3524 quinquaginta
2247 3451 2698 3524 septem,omnia
2716 3467 2786 3506 ex
2813 3449 3008 3524 palliis
3033 3449 3409 3523 quadrapolis
3432 3465 3534 3504 seu
3553 3451 3706 3503 stau-

368 3547 403 3602 4
441 3545 796 3603 racin.Fecit
823 3547 884 3601 in
916 3546 1162 3603 ecclesia
1191 3547 1345 3604 beati
1369 3547 1665 3604 Laurentii
1698 3549 1971 3622 martyris
2001 3549 2144 3605 foris
2175 3565 2396 3617 muros,
2413 3549 2636 3606 scilicet
2665 3549 2765 3604 ubi
2798 3552 3068 3604 sanctum
3099 3548 3228 3620 ejus
3250 3562 3464 3620 corpus
3485 3544 3706 3618 requie~

444 3644 803 3711 scit,vestem
825 3644 906 3701 ‘de
936 3644 1274 3712 stauracim,
1304 3645 1447 3701 etin
1478 3644 1724 3703 ecclesia
1751 3647 1970 3718 Majore
1999 3645 2175 3703 aliam
2205 3646 2481 3704 similiter
2510 3645 2644 3703 fecit
2671 3650 2911 3703 vestem.
2947 3645 3094 3702 Nam
3126 3649 3185 3702 et
3198 3649 3418 3702 tectum
3439 3643 3706 3717 ejusdem

443 3741 597 3799 beati
627 3743 921 3799 Laurentii
953 3742 1205 3799 basilicae
1227 3743 1521 3816 martyris,
1545 3746 1702 3817 quod
1717 3746 1844 3816 jam
1876 3744 2190 3801 distectum
2214 3751 2357 3814 erat,
2381 3751 2438 3802 et
2459 3747 2652 3803 trabes
2683 3746 2812 3817 ejus
2841 3745 3171 3813 confracta,
3205 3743 3431 3800 uoviter
3453 3742 3606 3799 fecit.
3642 3741 3706 3797 In

439 3838 684 3896 basilica
707 3845 901 3896 autem
931 3839 1387 3897 beatiValentini
1415 3841 1591 3896 simili
1623 3843 1797 3898 modo
1829 3842 1966 3898 fecit
1995 3846 2216 3899 vestem
2248 3844 2318 3900 de
2339 3844 2756 3900 stauracim.ln
2774 3841 3019 3899 basilica
3039 3841 3192 3898 beati
3215 3840 3500 3896 Pancratii
3529 3839 3705 3896 aliam

444 3935 624 3994 simili
656 3938 828 3995 modo
848 3940 920 3995 de
951 3938 1267 3996 stauracim
1287 3939 1425 3996 fecit
1446 3945 1688 3996 vestem.
1705 3941 1768 3996 In
1786 3939 2032 3997 ecclesia
2050 3957 2182 3998 vero
2201 3941 2353 3998 beati
2376 3942 2753 4014 Marci,cujus
2769 3946 2987 3997 tectum
3001 3943 3129 4013 jam
3139 3941 3426 3996 vetustate
3446 3937 3704 4010 positum

333 4036 406 4094 40
441 4035 698 4092 vicinum
729 4037 912 4092 ruinae
943 4036 1244 4106 existebat,
1275 4037 1558 4110 depositis
1604 4037 2021 4094 vetustissimis
2067 4039 2353 4108 trabibus,
2387 4045 2444 4096 et
2463 4039 2596 4095 aliis
2639 4039 2956 4112 impositis,
2984 4037 3210 4094 noviter
3255 4037 3453 4108 ipsum
3484 4039 3702 4091 tectum

441 4138 618 4206 atque
647 4133 907 4208 porticus
937 4134 997 4190 in
1023 4133 1270 4192 circuitu
1302 4135 1457 4202 fecit,
1489 4136 1874 4208 eamdemque
1903 4135 2209 4193 ecclesiam
2242 4137 2606 4194 restauravit.
2639 4138 2824 4193 Arcus
2851 4153 2985 4192 vero
3015 4140 3156 4202 tres,
3189 4133 3290 4208 qui
3320 4130 3704 4189 vetustissimi

439 4236 627 4300 erant,
655 4233 878 4290 addens
908 4233 1098 4290 isdem
1130 4234 1506 4291 beatissimus
1532 4234 1788 4307 pontifex
1817 4235 2041 4309 argenti
2073 4235 2204 4291 libr.
2238 4235 2808 4310 duodecim,noviter
2838 4233 2992 4290 fecit.
3019 4233 3174 4289 Fecit
3200 4230 3377 4288 etiam
3407 4229 3468 4285 in
3499 4227 3703 4284 eadem

440 4329 688 4388 ecclesia
716 4347 894 4404 super
922 4330 1092 4387 altari
1114 4333 1334 4404 majore
1361 4336 1581 4388 vestem
1610 4333 1682 4389 de
1713 4333 2136 4402 stauracin,sed
2168 4338 2225 4390 et
2253 4349 2356 4407 per
2374 4332 2632 4390 diversos
2663 4349 2834 4389 arcus
2855 4331 3121 4404 ejusdem
3143 4327 3400 4386 ecclesias
3419 4343 3489 4384 ex
3509 4323 3702 4398 palliis

441 4427 817 4502 quadrapolis
838 4427 972 4485 fecit
999 4444 1244 4486 numero
1271 4429 1398 4486 vela
1424 4430 1630 4504 viginti
1661 4430 2212 4505 septem,simulque
2231 4436 2288 4488 et
2315 4447 2590 4488 coronam
2612 4447 2681 4488 ex
2702 4429 2922 4488 eisdem
2951 4427 3148 4503 palliis
3168 4423 3703 4500 quadrapolis,quaa

333 4525 407 4584 15
443 4527 658 4600 pendet
686 4527 797 4584 sub
827 4527 1014 4598 trabe,
1046 4527 1199 4584 fecit.

511 4624 670 4682 824
698 4626 942 4682 Tectum
956 4640 1090 4682 vere
1117 4625 1370 4700 basilicae
1400 4626 1555 4684 beati
1587 4627 1904 4684 Laurentii.
1945 4669 1958 4683 .
1994 4671 2007 4684 .
2047 4669 2060 4683 .
2095 4671 2108 4684 .
2147 4669 2160 4684 .
2195 4671 2210 4686 .
2244 4629 2315 4684 ad
2348 4627 2865 4694 Taurellum,dum
2897 4623 3076 4682 nimis
3091 4621 3563 4682 vetustissimum
3586 4618 3707 4676 iue-

439 4725 551 4792 rat,
573 4739 780 4779 omues
811 4723 940 4796 ejus
968 4723 1162 4780 trabes
1191 4739 1368 4780 novas
1399 4724 1618 4780 ibidem
1649 4725 1846 4798 posuit
1875 4725 2138 4798 illudque
2167 4727 2532 4783 restauravit.
2567 4724 2872 4797 Simulque
2899 4727 2958 4780 et
2987 4726 3206 4780 vestem
3257 4721 3330 4778 de
3373 4715 3703 4793 quadruplo

439 4835 618 4893 super
645 4819 830 4877 altare
858 4821 1126 4892 ejusdem
1159 4820 1415 4878 ecclesiae
1447 4821 1583 4878 fecit
1612 4827 1786 4894 atque
1815 4823 2042 4880 obtulit.
2081 4823 2330 4879 Basilica
2357 4841 2491 4881 vero
2523 4823 2674 4880 beati
2709 4821 2916 4880 Felicis
2947 4821 3139 4895 posita
3167 4821 3228 4876 iu
3263 4818 3612 4890 Pincis,qua3
3643 4815 3704 4872 in

437 4915 609 4973 ruina
633 4921 778 4987 erat,
810 4921 867 4974 et
896 4921 1116 4974 tectum
1139 4919 1268 4990 ejus
1297 4918 1609 4974 distectum
1640 4919 2105 4989 existebat,facta
2135 4923 2340 4978 eodem
2370 4925 2523 4978 tecto
2556 4921 2780 4979 noviter
2821 4921 3012 4994 ipsam
3044 4917 3350 4976 ecclesiam
3385 4911 3700 4981 renovavit,

351 5010 401 5070 ’5
427 5019 487 5071 et
513 5019 732 5071 vestem
763 5031 942 5089 super
971 5015 1154 5072 altare
1184 5017 1449 5088 ejusdem
1479 5016 1735 5074 ecclesia
1768 5019 1840 5074 de
1870 5020 2250 5093 quadrapolis
2279 5019 2496 5078 faciens
2525 5020 2757 5077 obtulit.
2810 5018 3127 5075 Reuovavit
3173 5015 3350 5074 etiam
3397 5018 3455 5071 et
3482 5017 3700 5069 tectum

435 5110 689 5170 basilica
720 5113 909 5168 sancti
941 5113 1262 5179 Laurentii,
1294 5129 1472 5185 quam
1509 5113 1743 5170 Damasi
1769 5120 1999 5185 vocant,
2024 5117 2125 5172 ubi
2158 5121 2216 5174 et
2241 5123 2459 5174 vestem
2492 5134 2670 5191 super
2698 5117 2827 5190 ejus
2856 5116 3038 5173 altare
3068 5117 3141 5172 de
3170 5107 3700 5180 stauracin,simul-

436 5222 553 5281 que
583 5213 640 5265 et
661 5209 837 5266 aliam
864 5214 1084 5266 vestem
1115 5211 1187 5267 de
1213 5214 1344 5284 post
1372 5209 1555 5267 altare
1587 5211 1847 5282 fecit,ubi
1880 5214 2194 5286 requiescit
2222 5233 2436 5289 corpus
2466 5216 2652 5272 sancti
2683 5213 3217 5273 Damasi.Basilicaa
3249 5213 3446 5284 itaque
3475 5209 3702 5279 aposto-

437 5303 720 5363 lorum'in
748 5306 842 5364 via
870 5309 1014 5364 Lata
1041 5308 1300 5381 porticus
1330 5307 1390 5363 iu
1422 5307 1670 5365 circuitu
1714 5311 2026 5380 renovavit,
2061 5329 2210 5386 quas
2241 5318 2412 5370 antea
2459 5314 2792 5370 initiaverat
2840 5314 2969 5386 ejus
3019 5312 3410 5386 predecessor
3443 5307 3700 5362 domnus

436 5403 656 5461 Paulus
684 5421 857 5479 papa,
889 5411 949 5463 et
975 5422 1092 5462 non
1122 5405 1468 5480 expleverat,
1493 5407 1692 5464 omnia
1720 5409 1836 5465 Deo
1864 5410 2114 5484 prepitio
2143 5412 2422 5484 praefatus
2453 5411 2835 5470 beatissimus
2863 5411 3120 5486 pontifex
3148 5403 3456 5480 reparavit,
3489 5400 3697 5458 simul-

330 5503 403 5559 10
438 5519 552 5576 que
579 5503 886 5562 et’tectum
912 5505 1109 5578 majus
1131 5504 1494 5564 restauravit.
1511 5506 1657 5563 Nam
1689 5507 1958 5566 absidam
1990 5511 2177 5583 ipsius
2215 5512 2472 5569 ecclesiae
2503 5528 2749 5570 cernens
2778 5512 2965 5568 isdem
3015 5504 3393 5564 beatissimus
3440 5500 3698 5575 pontifex

1479 5631 1726 5679 NOTULE
1767 5635 2147 5682 [ARGINALES
2189 5637 2264 5682 PA
2271 5637 2506 5684 BROT‘I‘I.

365 5717 488 5786 (a)'
520 5717 835 5776 stauracio.
947 5717 1026 5790 (b)
1047 5720 1069 5742 '
1100 5718 1321 5776 blattis.
1436 5720 1544 5792 (c)'
1575 5722 1936 5797 quadraplis,
1965 5724 2055 5783 vel
2087 5726 2455 5800 quadruplis.
