4056 6178
487 194 640 258 “.37
1428 184 1430 186 ’
1629 188 2041 252 ANASTASII
2085 187 2737 254 BIBLIOTHECARII.
3682 195 3802 260 1188

623 341 750 398 qua
767 325 1069 397 ponuntur
1082 338 1260 394 super
1274 335 1451 393 rugas
1468 320 1527 377 in
1553 320 1792 377 introitu
1821 319 2378 393 presbyterii.Unam
2403 320 2641 393 quidem
2663 319 2978 376 habentem
2998 316 3229 376 vultum
3251 318 3534 392 depictum
3552 322 3806 386 Salvatoris

623 420 855 476 Domini
887 419 1072 478 nostri
1095 419 1238 476 Jesu
1270 417 1518 488 Christi;
1541 423 1600 474 et
1629 435 1698 474 ex
1727 418 2037 490 utriusque
2068 417 2348 474 lateribus
2380 417 2667 491 imagines
2687 416 2948 489 depictas
2968 416 3252 474 habentes
3269 417 3486 490 efﬁgies
3505 421 3806 494 angelorum,

511 522 584 577 20
621 518 723 592 qui
755 515 1268 590 peus.libr.vigiuti
1299 514 1738 590 qnatuar.Fecit
1769 521 1826 572 et
1854 517 1912 572 in
1946 516 2192 574 basilica
2221 515 2710 589 apastalarum,in
2738 515 2827 573 via
2859 517 3020 584 Lata,
3040 515 3168 573 vela
3195 515 3266 572 de
3291 514 3478 589 palliis
3521 518 3701 591 syricis
3723 539 3809 578 nu-

622 634 783 675 mero
809 616 1100 690 viginti,et
1128 615 1281 672 linea
1308 613 1608 688 viginti.1n
1641 615 1886 671 ecclesia
1913 631 2044 671 vero
2075 614 2228 672 beati
2259 613 2560 671 Laurentii
2590 614 2863 687 martyris
2893 617 3070 686 atque
3099 612 3282 670 levita
3311 615 3448 672 foris
3475 631 3655 674 muros
3669 617 3810 692 huius

622 715 872 774 civitatis
905 716 1175 771 Romana
1205 713 1341 771 fecit
1361 713 1488 770 vela
1515 729 1584 768 ex
1613 712 1810 786 palliis
1842 711 2046 785 syricis
2078 714 2319 768 num.20
2347 717 2406 770 et
2433 711 2590 769 linea
2616 713 2860 768 20.Nam
2891 716 2949 769 et
2975 711 3035 768 in
3067 711 3312 772 ecclesia
3343 713 3515 769 beata
3560 713 3650 772 Dei
3673 716 3810 774 Geni.

618 815 784 872 tricis
813 814 886 870 ad
915 812 1198 886 Martyres
1229 809 1404 868 simili
1437 811 1608 867 modo
1639 810 1765 877 vela
1795 811 1866 866 de
1899 809 2095 883 palliis
2130 809 2335 884 syricis
2366 827 2610 867 numero
2640 809 2928 884 viginti,et
2947 809 3101 868 linea
3127 809 3500 884 viginti.ltsm
3525 811 3688 870 isdem
3708 832 3816 870 sau-

617 912 917 971 ctissimns
947 909 1205 984 pontifex
1234 909 1370 982 fecit
1399 926 1502 982 per
1529 909 1789 965 diversas
1816 908 2018 965 titulos
2047 907 2174 965 vela
2199 908 2271 965 de
2301 908 2595 965 stauracia
2627 925 2732 965 seu
2756 909 2906 982 tyria
2948 925 3052 982 per
3094 925 3568 982 unumquemque
3607 910 3808 968 titulum

511 1014 584 1070 25
621 1027 864 1067 numero
894 1005 1182 1081 viginti,et
1201 1004 1357 1061 linea
1384 1004 1613 1078 viginti,
1647 1021 1772 1077 qua
1804 1005 1954 1061 ﬁunt
1981 1004 2158 1060 simul
2187 1005 2313 1061 vela
2343 1005 2532 1078 syrica
2562 1021 2806 1062 numero
2837 1010 3091 1078 quatuor
3118 1009 3355 1062 centum
3386 1009 3442 1061 et
3459 1007 3811 1081 quadraginta.

689 1109 843 1166 882
876 1107 1004 1179 Ipse
1032 1121 1164 1161 vero
1196 1102 1524 1176 praecipuus
1554 1103 1812 1176 pontifex
1836 1102 1970 1158 fecit
1998 1101 2287 1175 imagines
2313 1120 2384 1159 ex
2412 1101 2650 1160 laminis
2681 1103 2973 1177 argenteis
3003 1103 3300 1160 deauratis
3322 1102 3592 1168 habentes
3607 1103 3814 1179 efﬁgiem

619 1205 933 1264 Salvataris
965 1201 1192 1260 Domini
1222 1202 1406 1258 nostri
1436 1201 1577 1258 Jesu
1609 1199 1844 1267 Christi,
1877 1217 2004 1273 qua
2035 1201 2228 1274 posita
2253 1205 2343 1257 est
2371 1217 2549 1273 super
2574 1200 2821 1258 introitu
2852 1200 3106 1258 basilica
3130 1201 3285 1258 beati
3319 1201 3467 1258 Petri
3495 1201 3814 1274 apostoli,ubi

618 1308 796 1379 parta
826 1305 1109 1375 argentea
1140 1301 1418 1366 existunt,
1449 1315 1578 1371 qua
1627 1297 1981 1371 peus.libras
2027 1297 2474 1371 quinquaginta.
2508 1299 2654 1355 Nam
2685 1303 2743 1354 et
2771 1315 2875 1371 per
2905 1298 3164 1356 diversas
3203 1298 3501 1356 diaconias
3528 1298 3653 1358 fecit
3673 1299 3815 1356 simili

617 1402 790 1460 modo
819 1399 944 1457 vela
973 1396 1263 1456 stauracia
1292 1413 1394 1454 seu
1423 1395 1575 1470 tyria
1603 1413 1706 1468 pro
1733 1412 2083 1468 unaquaque
2111 1394 2378 1452 diaconia
2418 1413 2662 1453 numera
2711 1413 2831 1463 sex,
2864 1414 2992 1470 qua
3039 1396 3190 1454 ﬁnnt
3233 1396 3412 1454 simul
3456 1395 3577 1454 vela
3619 1414 3815 1455 numero

515 1533 517 1536 ‹
541 1505 579 1559 5
617 1499 934 1573 nonaginta
963 1497 1233 1555 sex.ltem
1264 1495 1449 1551 isdem
1476 1494 1887 1551 sanctissimus
1915 1510 2128 1566 praesul
2159 1495 2409 1550 formam
2437 1511 2565 1567 qua
2585 1493 2758 1552 Jabia
2775 1497 2852 1564 (a)
2873 1499 3266 1568 vacatur,qua
3290 1511 3393 1568 per
3415 1493 3636 1556 evoluta
3651 1496 3815 1569 viginti

613 1605 904 1648 annorum
935 1586 1124 1660 spatia
1154 1583 1328 1640 nimis
1359 1584 1656 1640 confracta
1675 1583 1911 1656 jacebat
1925 1601 1961 1639 a
1977 1583 2375 1640 fundamentis
2404 1586 2733 1640 restaurare
2755 1582 3106 1640 fecit.Simili
3131 1584 3304 1641 modo
3325 1583 3462 1642 fecit
3478 1588 3534 1640 et
3552 1585 3608 1642 in
3625 1584 3818 1641 basilica

613 1686 765 1745 beati
797 1684 1082 1742 Pancratii
1132 1681 1427 1755 martyris,
1457 1698 1583 1753 qua
1633 1685 1723 1736 est
1768 1681 1910 1737 faris
1958 1697 2158 1736 muros
2210 1679 2389 1752 hujus
2439 1679 2692 1739 civitatis
2723 1681 3018 1750 Romana,
3051 1679 3177 1738 vela
3205 1682 3278 1737 de
3306 1681 3559 1738 stauraci
3587 1698 3681 1746 seu
3703 1681 3819 1755 tyria

614 1802 858 1844 numera
886 1782 1126 1856 triginta
1156 1785 1305 1849 acto,
1339 1783 1396 1836 et
1425 1779 1579 1836 linea
1608 1779 1850 1853 triginta
1877 1781 2040 1847 acto;
2073 1781 2130 1834 et
2174 1778 2232 1833 iu
2282 1777 2526 1835 basilica
2572 1778 2726 1834 beati
2775 1777 3057 1852 Stephani
3106 1780 3548 1853 protomartyris
3588 1779 3645 1844 in
3683 1780 3818 1837 Calio

611 1888 811 1941 mante
839 1881 974 1937 fecit
999 1879 1127 1936 vela
1157 1879 1228 1936 de
1258 1877 1575 1945 stauracia,
1607 1894 1712 1934 seu
1758 1877 1910 1947 tyria
1956 1893 2201 1933 numera
2243 1875 2478 1950 viginti,
2510 1881 2568 1932 et
2597 1875 2752 1934 linea
2797 1876 3024 1950 viginti.
3055 1876 3168 1934 Sed
3213 1881 3273 1933 et
3317 1878 3376 1934 in
3429 1876 3661 1946 basilica
3698 1877 3818 1934 beati

508 1986 576 2041 10
612 1979 966 2055 Apollinaris
997 1975 1177 2033 simili
1209 1977 1381 2032 modo
1410 1975 1537 2031 vela
1566 1976 1637 2031 de
1665 1973 1890 2047 octaplo
1923 1991 2165 2030 numera
2197 1975 2484 2042 decem,et
2513 1975 2668 2031 linea
2695 1975 2918 2032 decem.
2944 1976 3086 2032 Item
3118 1976 3179 2032 in
3207 1975 3454 2032 basilica
3481 1975 3626 2034 beati
3652 1975 3818 2033 Valen-

611 2081 717 2136 tini
753 2075 1048 2150 martyris,
1081 2091 1209 2146 qua
1239 2074 1354 2130 sita
1381 2078 1471 2130 est
1501 2073 1639 2130 faris
1670 2091 1871 2130 muros
1903 2072 2082 2144 hujus
2112 2071 2362 2130 civitatis
2394 2073 2968 2143 Romana,similiter
2996 2073 3134 2132 fecit
3159 2073 3287 2130 vela
3316 2075 3388 2131 de
3420 2073 3716 2146 stauracia,
3740 2091 3820 2130 seu

609 2176 822 2248 actapli
855 2190 1098 2230 numera
1123 2171 1325 2245 viginti
1355 2173 1490 2239 duo,
1523 2175 1581 2226 et
1601 2171 1756 2227 linea
1781 2172 1987 2244 viginti
2019 2171 2154 2229 duo.

680 2275 834 2333 838
866 2273 1016 2328 Dum
1045 2286 1178 2326 vero
1210 2269 1397 2323 forma
1420 2286 1547 2340 qua
1569 2269 1809 2324 Claudia
1836 2274 2075 2325 vocatur
2105 2287 2206 2342 per
2233 2286 2522 2326 annorum
2549 2270 2741 2343 spatia
2770 2269 3048 2326 demolita
3088 2287 3218 2327 esse
3268 2270 3595 2338 videbatur,
3624 2271 3759 2328 unde
3780 2274 3824 2326 et

607 2374 667 2430 in
701 2369 922 2429 balneis
955 2365 1442 2424 Laterauensibus
1471 2365 1543 2421 de
1571 2365 1702 2438 ipsa
1730 2383 1884 2438 aqua
1912 2366 2091 2422 lavari
2123 2367 2430 2435 selebat,et
2469 2368 2529 2424 in
2578 2367 2919 2441 baptisteria
2968 2367 3224 2426 ecclesia
3275 2368 3590 2426 Salvatoris
3633 2367 3822 2424 Domini

608 2469 793 2529 nostri
824 2468 963 2524 Jesu
994 2464 1210 2522 Christi
1239 2469 1297 2520 et
1328 2464 1384 2519 in
1417 2462 1616 2536 plures
1638 2463 1912 2520 ecclesias
1935 2463 1994 2519 in
2019 2465 2111 2520 die
2132 2468 2335 2522 sancta
2348 2465 2581 2522 Pascha
2603 2467 2910 2523 decurrere
2930 2464 3193 2524 solebat:
3221 2471 3278 2524 et
3298 2466 3445 2523 dum
3472 2467 3688 2524 modica
3704 2480 3825 2538 aqua

607 2572 679 2627 de
712 2565 1132 2641 pranominata
1157 2563 1345 2619 forma
1373 2561 1534 2618 intus
1577 2561 1868 2618 civitatem
1918 2563 2285 2629 decurrebat,
2316 2562 2679 2635 prospiciens
2740 2563 3068 2637 praecipuus
3115 2569 3174 2620 et
3216 2564 3586 2639 coangelicus
3631 2561 3821 2638 prasul,

531 2663 569 2717 5
605 2671 930 2733 aggregans
960 2651 1396 2709 multitudinem
1429 2650 1627 2724 populi
1652 2668 1720 2707 ex
1743 2651 2009 2724 partibus
2032 2651 2379 2724 Campania.
2390 2668 2493 2725 per
2511 2653 2894 2725 semetipsum
2920 2653 2992 2709 ad
3016 2653 3430 2710 fabricandum
3451 2659 3622 2727 atque
3640 2656 3824 2708 restau-

606 2755 860 2812 randum
887 2749 1156 2808 eamdem
1187 2748 1436 2805 formam
1465 2748 1603 2805 tatis
1629 2747 1852 2805 viribus
1880 2749 2232 2822 properavit,
2268 2753 2330 2805 ut
2357 2753 2580 2805 tantam
2621 2766 2824 2806 curam
2872 2767 2941 2807 ac
2987 2750 3445 2808 sollicitudinem
3493 2751 3552 2807 in
3602 2749 3824 2823 ejusdem

606 2855 804 2911 forma
835 2848 1055 2907 fabrica
1103 2845 1384 2916 exhibuit,
1416 2846 1515 2919 qui
1564 2845 1740 2902 etiam
1789 2845 2013 2902 naviter
2049 2863 2177 2902 eam
2211 2845 2507 2903 renovavit
2535 2850 2710 2920 atque
2739 2848 3106 2918 restauravit,
3139 2854 3200 2906 et
3227 2849 3539 2908 confestim
3567 2865 3633 2906 ex
3657 2845 3824 2904 eadem

604 2952 794 3008 forma
822 2963 985 3021 aqua
1017 2945 1078 3002 in
1109 2944 1350 3018 prafata
1379 2944 1589 3000 balnea
1617 2944 1792 3000 etiam
1820 2948 1879 3000 et
1909 2944 2068 3000 intus
2098 2943 2572 3012 civitatem‘,sicut
2601 2945 2950 3018 antiquitus,
2970 2947 3340 3004 abundanter
3369 2948 3670 3004 decurrere
3697 2943 3823 3000 fecit.

604 3049 792 3120 Hujus
819 3044 1186 3119 temporibus
1215 3042 1526 3098 defunctus
1559 3042 1873 3098 Leonimus
1904 3041 2108 3098 consul
2137 3046 2195 3099 et
2223 3043 2362 3111 dux,
2396 3043 2775 3116 postmodum
2790 3060 2924 3101 vero
2939 3045 3266 3102 monachus
3283 3045 3359 3104 ab
3376 3045 3605 3104 veniam
3622 3057 3825 3101 suarum

497 3151 565 3207 10
603 3145 970 3210 delictorum,
1003 3146 1122 3197 tres
1169 3138 1373 3196 uncias
1422 3155 1629 3195 massa
1675 3139 1964 3196 Aratiaua
1993 3140 2090 3210 (b),
2125 3157 2240 3213 qua
2269 3157 2338 3196 ex
2367 3140 2703 3197 hareditate
2750 3147 3060 3215 parentum
3098 3159 3344 3199 suarum
3372 3143 3684 3207 fruebatur,
3708 3139 3822 3195 sitas

601 3245 676 3301 ab
706 3243 816 3298 hac
847 3240 1110 3297 Romana
1141 3238 1284 3294 urbe
1314 3236 1586 3294 milliaria
1617 3241 1777 3294 sexto
1806 3237 2054 3304 decima,
2084 3237 2178 3293 via
2204 3237 2536 3306 Ardeatina,
2570 3238 2630 3293 in
2680 3256 2796 3311 quo
2839 3244 2896 3296 et
2940 3238 3245 3297 ecclesiam
3296 3240 3456 3298 beati
3506 3237 3681 3297 Edisti
3720 3250 3824 3293 esse

599 3338 984 3416 dignoscitur,
1015 3352 1194 3410 quam
1226 3336 1352 3408 ipse
1378 3333 1756 3392 beatissimus
1783 3352 1936 3408 papa
1964 3351 2189 3409 magna
2228 3335 2680 3394 constructionis
2729 3336 2966 3393 fabricis
3014 3338 3323 3407 decoravit,
3356 3337 3752 3412 ampliavitque
3775 3333 3821 3388 in

597 3440 834 3497 easdem
853 3441 973 3493 tres
1004 3435 1209 3491 uncias
1237 3432 1645 3506 suprascripta
1675 3449 1884 3489 massa
1913 3433 2199 3490 Aratiana
2229 3432 2376 3490 alias
2407 3450 2510 3490 sex
2540 3433 2745 3491 uncias
2777 3451 2811 3490 a
2839 3435 3006 3491 Petro
3037 3436 3270 3503 comite,
3298 3440 3482 3509 atque
3509 3437 3716 3509 Agnete
3754 3446 3822 3487 ro-

595 3538 736 3594 licta
760 3533 1083 3607 Agathonis
1111 3530 1434 3597 Scriniarii,
1463 3530 1774 3586 Theodata
1804 3530 2016 3586 relicta
2047 3532 2344 3604 quondam
2378 3531 2664 3588 Dominici
2697 3532 3032 3590 Perfecturii
3063 3534 3155 3607 (ο).
3191 3533 3363 3590 Fines
3390 3533 3572 3592 etiam
3600 3549 3664 3589 ex
3691 3526 3819 3586 omni

492 3638 563 3695 15
599 3636 762 3709 parte
787 3628 1306 3702 cauquisivit.Data
1334 3627 1491 3683 enim
1522 3627 1701 3700 digna
1731 3629 2205 3700 compensatione
2228 3629 2452 3684 nemini
2482 3629 2598 3685 vim
2631 3629 2908 3699 inferens,
2943 3632 3046 3688 sed
3077 3630 3289 3705 magis,
3303 3637 3372 3687 ut
3393 3631 3666 3688 condecet
3683 3624 3822 3702 patri.

597 3733 808 3790 cuncta
837 3744 1006 3784 secus
1035 3726 1306 3782 eumdem
1339 3724 1534 3781 laeum
1566 3723 1756 3781 amica
1782 3726 2048 3798 pactione
2078 3725 2218 3782 emit
2246 3727 2484 3798 pradia.
2519 3728 2588 3784 Et
2619 3729 2862 3785 domum
2895 3729 3113 3786 cultam
3156 3729 3328 3786 beata
3375 3731 3544 3787 Petra
3590 3725 3820 3784 eumdem

595 3827 789 3885 locum
812 3827 948 3899 jure
978 3827 1256 3899 perpetua
1286 3822 1491 3880 statuit
1519 3824 2005 3896 permanendum.
2041 3827 2222 3892 Quem
2255 3829 2312 3882 et
2340 3825 2582 3881 domum
2631 3825 2847 3883 cultam
2888 3827 3075 3884 sancti
3105 3827 3312 3884 Edistii
3344 3832 3560 3884 vacant
3587 3840 3754 3898 usque
3775 3821 3821 3877 in

593 3925 904 3983 hodierum
936 3923 1114 3980 diem.
2550 3911 2553 3913 ’

663 4024 821 4082 884
850 4021 1072 4079 Pariter
1098 4020 1364 4100 etiamet
1395 4037 1592 4077 massa
1639 4036 1768 4093 qua
1817 4025 2055 4078 vocatur
2098 4021 2398 4090 Acatiana,
2431 4039 2559 4094 qua
2596 4023 2769 4094 juxta
2820 4023 3088 4080 eamdem
3145 4024 3392 4080 domum
3453 4022 3666 4080 cultam
3715 4032 3820 4075 esse

591 4121 837 4178 videtur.
871 4119 944 4176 ab
974 4119 1178 4176 eadem
1209 4117 1463 4175 Leouina
1494 4118 1662 4175 beata
1711 4118 1876 4176 Petro
1925 4136 2204 4176 concessa
2251 4124 2359 4176 est.
2393 4120 2539 4176 Item
2589 4119 2716 4192 ipse
2753 4123 2842 4176 ter
2868 4120 3248 4178 beatissimus
3277 4121 3495 4194 prasul
3528 4121 3586 4177 in
3617 4116 3821 4175 basilica

591 4219 821 4292 majori,
854 4235 980 4291 qua
1011 4215 1340 4291 appellatur
1368 4220 1580 4273 sancta
1610 4215 1710 4273 Dei
1742 4216 2074 4285 Genitricis,
2105 4217 2204 4289 qui
2239 4218 2440 4274 aderat
2461 4218 2633 4290 juxta
2673 4218 2980 4275 basilicam
3027 4218 3183 4275 beati
3233 4218 3537 4276 Laurentii
3585 4211 3822 4285 martyris

590 4321 765 4390 atque
795 4316 1002 4384 levita,
1037 4315 1138 4372 ubi
1187 4315 1316 4386 ejus
1365 4317 1633 4372 sanctum
1665 4331 1876 4386 corpus
1907 4313 2220 4387 requiescit
2249 4314 2390 4371 faris
2419 4331 2622 4372 muros
2652 4315 2834 4388 hujus
2862 4316 3113 4374 civitatis
3144 4315 3362 4386 Roma,
3397 4315 3611 4375 obtulit
3630 4311 3744 4370 vels
3763 4308 3821 4364 de

515 4417 554 4474 5
589 4413 887 4473 stauracia
917 4430 1020 4470 seu
1051 4411 1426 4485 quadrapolis
1456 4427 1701 4468 numero
1729 4410 2086 4484 quindecim,
2119 4416 2178 4468 et
2205 4411 2361 4468 linea
2385 4411 2742 4485 quindecim.

657 4510 812 4570 885
843 4511 1087 4568 Tectum
1115 4525 1248 4566 vero
1279 4507 1434 4566 tituli
1466 4507 1620 4565 beati
1649 4507 1982 4576 Clementis,
2015 4509 2171 4581 quod
2201 4509 2378 4566 etiam
2411 4527 2687 4567 casurum
2718 4513 2843 4567 erat
2869 4513 2927 4568 et
2956 4509 3022 4566 in.
3057 4510 3244 4568 ruinis
3292 4511 3558 4585 positum
3603 4501 3819 4581 regionis

586 4609 791 4676 tertia,
822 4607 1047 4665 naviter
1074 4607 1440 4674 restauravit,
1471 4622 1697 4663 necnon
1728 4611 1787 4663 et
1814 4606 2120 4663 basilicam
2152 4607 2305 4664 beati
2338 4607 2596 4666 Silvestri
2623 4608 2972 4666 confessoris
3003 4613 3180 4682 atque
3231 4609 3558 4684 pontiﬁcis,
3586 4607 3742 4666 sitam
3771 4602 3818 4656 in

586 4706 836 4780 Orphea,
871 4722 998 4778 qua
1019 4705 1148 4777 jam
1176 4705 1236 4761 iu
1267 4703 1454 4762 ruinis
1484 4703 1675 4777 posita
1703 4708 1846 4772 erat,
1878 4707 1936 4760 et
1963 4709 2188 4761 tectum
2215 4705 2346 4776 ejus
2375 4705 2637 4762 dirutum
2667 4706 2973 4779 existebat,
3009 4708 3160 4764 facta
3189 4708 3397 4764 eodem
3427 4711 3601 4775 tecto,
3631 4701 3820 4760 naviter

586 4804 777 4878 ipsam
807 4801 1114 4859 ecclesiam
1139 4800 1648 4859 renavavit.Simili
1679 4802 1853 4859 modo
1883 4805 1941 4859 et
1967 4801 2026 4858 in
2061 4802 2458 4861 famosissima
2486 4807 2725 4878 totaque
2755 4804 2894 4861 orbe
2915 4809 3204 4864 terrarum
3225 4804 3510 4878 praeclara
3525 4797 3820 4862 venerandi

513 4905 550 4962 5
581 4900 826 4960 basilica
855 4899 1008 4956 beati
1042 4899 1192 4957 Petri
1223 4897 1622 4973 apostolorum
1653 4899 1958 4974 principis,
1993 4901 2134 4956 dum
2165 4917 2269 4974 per
2297 4900 2518 4958 olitaua
2548 4906 2814 4976 tempora
2839 4902 3245 4961 vetutissimas
3264 4885 3466 4972 trabes
3486 4919 3612 4978 qua
3631 4897 3815 4956 ibidem

585 4997 1196 5067 existebant,cerneret
1224 4998 1411 5054 isdem
1442 4997 1771 5071 pracipuus
1801 4997 2078 5071 pontifex,
2111 4999 2351 5056 mittens
2379 4999 2727 5056 Januarium
2755 4999 3092 5058 vestiarium
3122 5015 3690 5076 suum,aoguascens
3705 5007 3817 5053 eum

584 5098 850 5154 idaneem
881 5113 1354 5170 personam,cum
1385 5095 1762 5154 multitudine
1793 5095 1994 5171 pepuli
2025 5097 2272 5154 mutavit
2301 5098 2520 5155 ibidem
2552 5098 2753 5156 trubes
2785 5116 3026 5158 numero
3055 5100 3530 5172 quatuardecim,
3559 5101 3723 5170 atque
3745 5097 3817 5147 to-

582 5199 711 5253 tum
739 5195 1005 5267 ejusdem
1037 5194 1293 5251 basilica
1322 5198 1542 5251 tectum
1568 5198 1626 5251 et
1653 5195 1912 5268 porticus
1943 5195 2167 5252 naviter
2194 5195 2562 5253 restauravit.

653 5294 808 5352 888
841 5293 941 5350 llic
967 5293 1124 5350 idem
1154 5291 1446 5349 almiﬁcus
1475 5291 1710 5366 prasul,
1743 5292 1940 5350 divina
1968 5293 2350 5367 inspiratione
2369 5293 2626 5367 repletus
2647 5299 2824 5368 atque
2847 5295 3246 5354 misericordia
3269 5296 3692 5364 motus,forma
3708 5299 3816 5363 quo

579 5391 840 5468 Virginis
870 5390 1366 5467 appellatur,dum
1397 5407 1501 5466 per
1524 5408 1814 5448 annorum
1845 5391 2036 5465 spatia
2066 5391 2594 5466 demolita,atquea
2610 5393 2796 5451 ruinis
2819 5392 2994 5468 plena
3009 5392 3412 5461 existebat,vix
3437 5391 3669 5452 modica
3686 5399 3819 5460 aqu

1701 5573 1947 5621 NOTULE
1987 5576 2370 5625 IARGINALES
2410 5577 2728 5626 ΕΔΒΒΟΤΤῙ.

508 5720 584 5805 (a)
613 5718 797 5782 Jovia.
875 5719 975 5801 (b)‘
1003 5718 1272 5781 Aricina.
1347 5717 1422 5802 (ο)
1446 5721 1516 5793 Β,
1548 5717 1890 5799 prafectari.
