4044 6168
225 208 385 273 U93
936 207 1308 281 HISTORIA
1349 205 1456 269 DE
1496 205 1705 268 VlT-IS
1748 204 1938 268 ΗΘΜ.
1983 202 2215 266 PQN'I‘.
2248 235 2325 246 —
2361 205 2425 265 S.
2473 204 2896 268 ADRIANUS.
3484 208 3638 268 H94

366 340 549 397 beata:
582 337 902 397 Petronium
933 339 1005 395 ad
1038 339 1272 396 beatum
1304 338 1538 395 Petrum
1571 335 1901 410 apostolum
1934 352 2105 392 arcus
2136 340 2442 410 argenteos
2473 352 2592 404 sex,
2624 342 2940 408 pensantes
2971 337 3153 395 libras
3183 339 3632 413 quinquaginta.

369 436 632 496 Titulum
663 453 795 495 vero
825 440 1039 493 sanctae
1075 435 1343 494 Praxedis
1373 454 1442 493 cx
1473 440 1638 508 parte
1668 438 1932 492 ruentem
1966 434 2026 490 in
2058 435 2351 508 integrum
2379 434 2691 491 renovavit.
2727 436 2853 492 Imo
2874 440 2932 492 ct
2960 437 3261 494 basilicam
3294 442 3508 494 sanctae
3528 439 3636 493 Eu-

370 535 552 610 geniae
583 539 704 591 tam
736 534 898 592 intus
929 551 1225 607 quamque
1257 533 1396 591 foris
1427 552 1461 590 a
1490 551 1635 590 novo
1667 531 2033 589 restauravit.

392 632 600 715 ..345
642 630 839 689 Simili
863 633 1035 689 modo
1067 636 1124 689 et
1152 629 1456 691 basilicam
1488 630 1674 687 sancti
1701 629 1975 687 Gordiani
2007 633 2180 702 atque
2213 629 2653 703 Epimachi,seu
2682 631 3079 688 ccemeterium
3098 633 3364 705 ejusdem
3387 633 3641 690 ecclesiae

369 724 658 804 Simplicii
687 735 864 802 atque
893 728 1221 799 Semiliani,
1246 733 1422 802 atque
1450 727 1651 796 Quarti
1683 731 1740 783 et
1768 726 1966 795 Quinti
2000 732 2346 801 martyrum,
2374 732 2431 784 et
2460 728 2638 784 beatae
2690 727 2918 801 Sophia:
2967 747 3086 785 una
3135 748 3267 786 cum
3310 732 3639 787 cmmcterio

372 827 568 885 sancti
601 817 947 884 Tertulliani
979 826 1120 884 foris
1151 832 1381 900 portam
1412 826 1681 883 Latinam
1713 843 1747 882 a
1776 841 1921 881 novo
1952 825 2265 893 renovavit,
2299 841 2521 881 necnon
2555 830 2613 881 et
2641 824 2946 881 ecclesiam
2970 826 3121 882 beati
3144 828 3391 884 Tiburtii
3411 836 3467 886 et
3484 829 3646 885 Vale-

374 924 546 994 riani,
580 929 761 999 atque
783 924 1043 994 Maximi,
1075 942 1180 981 seu
1213 924 1517 982 basilicam
1549 923 1736 981 sancti
1766 922 2010 980 Zenonis
2040 940 2159 979 una
2189 940 2323 980 cum
2355 923 2683 980 cmmeterio
2713 929 3050 980 sanctorum
3080 924 3295 981 Urbani
3327 928 3640 998 pontificis,

295 1019 337 1081 5
375 1014 722 1081 Felicissimi
750 1028 809 1080 et
831 1022 1275 1097 Agapiti,atque
1297 1022 1561 1079 Januarii
1592 1026 1650 1078 et
1678 1020 1874 1095 Cyrini
1904 1024 2230 1094 martyrum
2262 1021 2402 1077 foris
2433 1026 2661 1093 portam
2690 1021 2938 1095 Appiam
2969 1039 3087 1078 uno
3120 1022 3475 1079 cohaerentes
3494 1023 3642 1092 loco,

374 1139 503 1195 qum
525 1132 594 1178 ex
614 1120 826 1195 priscis
847 1124 1222 1176 mare‘uerant
1246 1120 1634 1193 temporibus,
1657 1136 1693 1175 a
1720 1135 1867 1175 novo
1889 1116 2255 1174 restauravit.
2274 1118 2539 1192 Itemque
2557 1117 2795 1174 titulum
2815 1124 3028 1176 sancta:
3046 1120 3145 1175 Dei
3170 1120 3480 1178 Gcnitricis
3498 1138 3647 1177 sem-

374 1236 593 1294 perque
610 1216 862 1292 virginis
889 1198 1268 1290 Mariamque:
1300 1221 1542 1275 vocatur
1571 1215 1775 1273 Calixti
1806 1220 1970 1273 trans
1999 1215 2278 1287 Tiberim,
2311 1235 2345 1273 a
2374 1234 2519 1274 novo
2550 1217 2608 1273 in
2639 1216 2932 1291 integrum
2973 1235 3042 1274 ex
3089 1218 3249 1274 omni
3297 1219 3645 1276 restauravit

375 1321 577 1391 parte;
597 1307 779 1373 simili
814 1316 985 1371 modo
1017 1300 1073 1370 et
1101 1313 1342 1370 titulum
1370 1313 1558 1371 sancti
1592 1312 1870 1384 Marcelli,
1902 1312 1990 1368 via
2020 1314 2162 1370 Lata
2193 1314 2394 1383 situm,
2416 1332 2611 1371 anovo
2644 1315 3006 1371 restauravit.
3027 1316 3096 1371 Et
3117 1315 3420 1373 basilicam
3441 1334 3648 1373 cmme-

377 1408 509 1471 te'rii
540 1416 881 1470 sanctorum
914 1416 1238 1487 martyrum
1271 1411 1579 1482 Hermetis,
1614 1411 1810 1468 Prothi
1832 1415 1891 1467 et
1910 1410 2241 1485 Hyacinthi,
2263 1416 2439 1485 atque
2470 1412 2775 1468 basilicam
2794 1412 2955 1468 mirae
2973 1412 3650 1486 magnitudinisinnova—

262 1506 339 1570 10
375 1511 476 1569 vit.
509 1500 916 1568 Cmmeterium
947 1526 1078 1567 vero
1104 1513 1318 1566 sanctae
1352 1507 1668 1569 Felicitatis
1696 1509 1789 1566 via
1820 1508 2068 1581 Salaria,
2100 1527 2219 1566 una
2248 1527 2383 1565 cum
2435 1508 2697 1567 ecclesiis
2756 1509 2943 1566 sancti
2992 1509 3209 1567 Silvani
3260 1511 3554 1584 martyris,
3590 1514 3648 1567 et

374 1608 562 1667 sancti
592 1608 733 1665 Boni
745 1608 874 1665 facii
904 1608 1256 1665 confessoris
1285 1612 1462 1681 atque
1488 1607 1805 1680 pontiﬁcis,
1827 1624 1944 1663 uno
1965 1606 2321 1664 cohaerentes
2342 1607 2487 1678 solo,
2512 1607 2671 1663 miraa
2696 1608 3041 1663 restauravit
3071 1608 3639 1681 magnitudinis.Scd

372 1711 433 1765 et
460 1698 764 1764 basilicam
795 1704 985 1763 sancti
1015 1705 1336 1773 Saturnini,
1369 1704 1428 1761 in
1461 1703 1737 1778 praedicta
1764 1704 1858 1762 via
1887 1704 2112 1763 Salaria
2139 1705 2413 1778 positam,
2445 1723 2565 1762 una
2596 1722 2729 1762 cum
2753 1705 3079 1762 cmmeterio
3107 1710 3442 1763 sanctorum
3464 1706 3638 1780 Chry-

372 1805 530 1863 sauti
554 1810 612 1861 et
642 1794 826 1862 Duriae
858 1803 1178 1870 renovavit,
1211 1808 1387 1876 atque
1415 1802 1811 1860 ccemeterium
1841 1807 2061 1860 sanctae
2092 1803 2322 1860 Hilaris:
2353 1803 2667 1871 innovavit,
2694 1804 2814 1861 imo
2845 1808 2902 1860 et
2930 1803 3325 1861 cmmeterium
3356 1804 3640 1861 Jordano-
3662 1866 3675 1871 _

374 1919 528 1972 rum,
551 1896 821 1959 videlicet
843 1905 1179 1958 sanctorum
1203 1899 1512 1957 Alexandri
1535 1905 1597 1957 et
1611 1899 1839 1968 Vitalis,
1864 1906 1923 1957 et
1944 1900 2229 1957 Martialis
2252 1904 2597 1976 martyrum,
2612 1919 2713 1958 seu
2739 1906 3074 1959 sanctarum
3097 1906 3320 1975 septem
3332 1901 3641 1974 Virginum

262 1996 337 2058 15
373 2010 408 2059 a
439 2018 585 2058 novo
617 1999 983 2057 restauravit.
1019 1998 1238 2055 Pariter
1269 1998 1328 2054 in
1377 1998 1581 2055 eadem
1610 1997 1705 2054 via
1748 1997 1972 2054 Salaria
2027 1998 2426 2057 coemeterium
2485 1999 2675 2057 sancti
2736 1996 2997 2056 Silvestri
3057 1999 3409 2056 confessoris
3468 2003 3643 2073 atque

372 2094 697 2167 Pontificis,
733 2097 1100 2170 aliorumque
1156 2101 1497 2154 sanctorum
1557 2095 1903 2163 multorum,
1932 2096 1992 2151 in
2052 2094 2240 2152 ruinis
2297 2096 2557 2169 positum
2616 2097 2945 2166 renovavit;
2978 2114 3203 2153 necnon
3247 2102 3306 2154 et
3336 2097 3643 2154 ecclesiam

370 2197 560 2254 sancti
595 2192 821 2265 Felicis,
855 2195 1108 2270 positam
1161 2194 1301 2251 foris
1348 2198 1575 2267 portam
1627 2194 2028 2263 Portuensem,
2060 2212 2095 2250 a
2124 2212 2270 2251 novo
2302 2194 2668 2252 restauravit.
2702 2194 3009 2268 Simulque
3038 2200 3096 2252 et
3126 2195 3429 2253 basilicam
3472 2213 3640 2253 sanc-

372 2300 570 2354 torum
596 2294 811 2351 Abdon
836 2297 897 2350 et
923 2294 1175 2362 Senncn,
1209 2296 1385 2365 atque
1414 2292 1595 2349 beatae
1626 2292 1922 2360 Candida),
1952 2310 2072 2349 una
2100 2310 2235 2361 cum
2267 2292 2491 2350 caateris
2520 2298 2859 2349 sanctorum
2891 2293 3238 2350 cmmeteriis
3269 2294 3329 2350 in
3377 2294 3637 2367 idipsum

369 2388 588 2470 pariter
618 2395 931 2452 renovavit.
957 2394 1115 2450 ldem
1147 2392 1416 2467 egregius
1446 2391 1657 2466 praesul
1691 2393 1967 2466 praefatus
1996 2393 2301 2450 basilicam
2333 2394 2555 2450 scilicet
2580 2394 2733 2450 beati
2758 2394 2993 2450 Adriani
3021 2395 3315 2469 martyris,
3334 2398 3390 2451 et
3411 2400 3641 2452 sancto-

253 2493 334 2550 20
369 2510 505 2551 rum
534 2492 756 2551 Cosmae
788 2495 846 2549 et
879 2490 1161 2561 Damiani,
1196 2509 1229 2548 a
1254 2508 1399 2548 novo
1431 2490 1796 2548 restauravit.
1833 2490 2142 2550 Diaconias
2191 2492 2518 2560 constituit,
2551 2492 2611 2547 in
2643 2492 2859 2566 quibus
2889 2497 2947 2549 et
2978 2492 3162 2550 multa
3192 2494 3346 2550 bona
3379 2494 3513 2550 fecit
3543 2511 3645 2567 per

374 2609 548 2649 suam
570 2591 989 2664 sempiternam
1012 2589 1377 2657 memoriam,
1402 2589 1727 2645 concedens
1746 2588 1831 2645 eis
1851 2605 2044 2661 agros,
2068 2589 2291 2656 vineas,
2310 2589 2539 2658 oliveta,
2561 2605 2782 2655 servos,
2806 2589 3049 2646 ancillas
3066 2595 3122 2645 et
3145 2591 3373 2663 peculia
3394 2591 3645 2660 diversa,

376 2693 553 2762 atque
575 2705 667 2745 res
696 2686 964 2755 mobiles,
990 2692 1056 2745 ut
1078 2687 1148 2744 de
1178 2686 1368 2743 reditu
1400 2702 1600 2742 eorum
1633 2686 1851 2742 crebris
1882 2687 2285 2744 exactionibus
2316 2687 2595 2743 diaconiae
2626 2687 2994 2761 proﬁcientes
3025 2705 3310 2762 pauperes
3328 2687 3539 2745 Christi
3563 2705 3645 2744 re-

377 2787 711 2843 ficerentur.

450 2880 604 2942 846
636 2878 699 2940 In
729 2883 970 2956 praefata
991 2899 1124 2939 vero
1157 2881 1425 2938 diaconia
1474 2880 1664 2938 sancti
1697 2880 1937 2938 Adriani
1968 2881 2182 2939 obtulit
2209 2880 2271 2936 in
2301 2886 2540 2956 argento
2571 2883 2828 2939 canistra
2857 2883 3189 2953 duodecim,
3213 2900 3406 2941 amam
3437 2902 3642 2957 unam,

378 2972 665 3057 scyphum
697 2997 907 3051 unum,
938 2983 1212 3053 patenam
1244 2994 1444 3048 unam,
1478 2977 1718 3035 calicem
1749 2995 1961 3048 unum,-
1990 2978 2249 3035 amulam
2281 2980 2639 3036 ot‘fertoriam
2667 2998 2871 3049 unam,
2899 2999 3061 3054 pens.
3094 2981 3229 3039 libr.
3263 2982 3564 3057 sexaginta
3592 2990 3651 3041 et

376 3084 622 3154 septem.
660 3078 803 3135 Item
830 3094 933 3150 per
956 3076 1137 3134 nimis
1166 3076 1440 3133 solertem
1464 3092 1664 3132 curam
1687 3079 1865 3147 atque
1904 3072 2257 3133 industriam
2296 3078 2677 3150 aquaeductus
2710 3078 3042 3135 Sabbatinze
3083 3097 3118 3136 a
3148 3097 3293 3136 novo
3324 3080 3583 3138 formatae
3617 3099 3651 3138 a

377 3178 759 3235 fundamento
787 3176 1084 3231 aediﬁcans
1112 3174 1323 3229 fautori
1356 3189 1463 3229 suo
1494 3173 1661 3228 beato
1695 3172 1859 3228 Petro
1890 3173 2151 3245 apostolo
2176 3173 2451 3229 ﬂuentem
2475 3191 2687 3247 aquam
2710 3176 2998 3248 perduxit,
3016 3181 3139 3233 tam
3159 3178 3219 3234 in
3240 3179 3457 3235 fontem
3482 3181 3643 3237 basi-

297 3279 341 3334 5
375 3276 522 3345 lices,
554 3275 654 3350 qui
684 3291 789 3348 per
816 3272 1081 3330 vehicula
1110 3270 1487 3346 implebatur,
1519 3286 1698 3343 quam
1727 3269 1788 3325 in
1821 3269 2036 3326 atrium
2069 3272 2333 3344 ejusdem
2367 3271 2620 3328 basilicae
2651 3277 2708 3329 et
2737 3272 2913 3330 simul
2936 3274 3212 3332 balneum
3244 3277 3305 3332 in
3327 3277 3639 3334 utilitatem

377 3374 821 3449 peregrinorum
840 3372 1060 3428 ibidem
1081 3369 1459 3427 servientium
1481 3385 1822 3442 procurans.
1848 3368 1969 3424 Imo
1991 3372 2048 3424 et
2068 3368 2373 3425 basilicam
2405 3362 2591 3425 sancti
2621 3370 2959 3439 Secundini,
2977 3373 3229 3444 positam
3254 3374 3313 3429 in
3340 3375 3480 3431 urbe
3504 3375 3643 3431 Prae-

379 3470 631 3543 nestina,
662 3469 763 3527 ubi
793 3485 1006 3542 corpus
1036 3469 1167 3541 ejus
1196 3466 1468 3540 quiescit,
1501 3466 1560 3522 in
1590 3464 1778 3521 ruinis
1808 3464 2065 3539 positam
2092 3483 2126 3521 a
2157 3482 2301 3522 novo
2332 3466 2698 3537 restauravit.

452 3564 599 3626 341
644 3555 868 3624 Pariter
896 3566 1073 3623 etiam
1105 3569 1168 3621 et
1189 3565 1251 3620 in
1283 3562 1527 3621 basilica
1579 3560 1736 3621 beati
1792 3562 1967 3636 primi
2026 3563 2302 3636 martyris
2359 3564 2662 3638 Stephani,
2698 3565 2812 3622 sita
2844 3566 2905 3622 in
2937 3566 3103 3625 Caelio
3136 3572 3354 3636 monte,
3387 3586 3515 3643 quae
3546 3588 3650 3644 per

380 3664 600 3724 olitana
617 3670 882 3739 tempora
902 3666 1294 3730 marcuerant,
1317 3661 1607 3718 maximas
1629 3660 1685 3716 in
1712 3677 1781 3716 ea
1802 3660 1999 3739 trabes
2018 3665 2182 3716 vasta
2203 3661 2379 3729 mole,
2400 3661 2544 3734 quin
2564 3662 2741 3718 etiam
2765 3664 3026 3735 porticus
3038 3665 3651 3727 mirificeintrinsecus

381 3769 440 3822 et
458 3763 822 3821 extrinsecus
844 3779 878 3818 a
898 3777 1044 3817 novo
1066 3759 1380 3817 renovavit.
1407 3760 1580 3815 Porro
1604 3763 1660 3815 et
1682 3759 1741 3814 in
1764 3757 2009 3815 basilica
2028 3758 2208 3815 beata:
2230 3760 2523 3834 Eugenizn,
2540 3777 2715 3833 quam
2734 3763 2860 3833 jam
2883 3762 3107 3818 dudum
3128 3764 3256 3835 ejus
3279 3771 3651 3823 renovaverat

380 3860 634 3930 almitas,
660 3860 933 3918 solertem
953 3859 1013 3915 in
1031 3875 1098 3915 ea
1113 3874 1322 3933 gerens
1339 3875 1562 3927 curam,
1578 3856 1998 3913 monasterium
2021 3856 2351 3929 puellarum
2370 3858 2593 3914 noviter
2613 3858 2830 3915 ibidem
2853 3877 2888 3914 a
2908 3859 3307 3918 fundamentis
3328 3864 3585 3919 aadiiican
3595 3881 3648 3936 s,

302 3954 346 4019 5
382 3951 687 4016 constituit
714 3960 779 4014 ut
802 3956 1027 4031 jugiter
1071 3955 1189 4011 illic
1237 3954 1675 4020 Deo,canerent
1720 3953 1947 4021 laudes,
1978 3953 2247 4010 videlicet
2302 3954 2447 4028 hora
2502 3954 2712 4027 prima,
2745 3955 2940 4028 tertia,
2968 3962 3148 4025 sexta,
3176 3974 3350 4026 nona,
3382 3977 3643 4034 vespera,

384 4054 695 4113 matutina.
732 4055 795 4112 In
823 4070 941 4128 qua
969 4056 1026 4113 et
1054 4052 1225 4128 plura
1253 4051 1470 4109 obtulit
1497 4052 1670 4120 dona,
1704 4051 1762 4107 id
1793 4053 1902 4121 est,
1935 4067 2127 4125 agros,
2158 4051 2379 4121 vineas,
2414 4053 2640 4122 domos,
2676 4069 2873 4111 servos
2904 4057 2961 4110 et
2988 4054 3252 4124 ancillas,
3283 4056 3649 4130 diversisque

382 4142 626 4228 peculii‘s
658 4156 718 4209 et
745 4150 967 4209 caeteris
1000 4150 1318 4208 mobilibus
1345 4149 1525 4206 rebus
1542 4149 1781 4206 dotavit.
1815 4148 1927 4205 Sed
1955 4150 2013 4204 et
2040 4148 2100 4205 in
2130 4147 2300 4204 titulo
2333 4147 2695 4206 Pammachii
2735 4154 3074 4207 sanctorum
3103 4152 3348 4211 Joannis
3379 4159 3435 4211 et
3466 4155 3649 4229 Pauli,

388 4260 516 4324 que
545 4267 649 4324 per
675 4246 904 4323 elapsos
934 4251 1305 4305 marcuerant
1333 4263 1539 4315 annos,
1574 4247 1772 4303 omnia
1802 4249 1961 4303 sarta
1990 4248 2144 4302 tecta
2171 4246 2436 4317 ejusdem
2468 4246 2624 4302 tituli
2655 4248 2969 4303 renovavit.

458 4336 613 4406 $48
652 4340 755 4405 Hic
774 4364 909 4404 vero
932 4346 1201 4422 egregius
1224 4345 1494 4402 sacerdos
1515 4345 1587 4401 ob
1611 4343 1869 4401 nimium»
1892 4360 2152 4401 amorem
2185 4344 2612 4401 confessionem
2642 4344 2797 4401 beati
2827 4345 2979 4402 Petri
3009 4350 3191 4403 totam
3224 4347 3386 4405 intus
3411 4366 3479 4405 ex
3511 4367 3652 4406 auro

386 4444 705 4520 purissimo
726 4442 786 4500 in
807 4432 1047 4501 laminis
1067 4442 1429 4515 diversisque
1457 4441 1717 4498 historiis
1741 4447 1970 4515 compte
1990 4442 2237 4510 ornavit,
2254 4442 2514 4515 pondera
2540 4446 2934 4499 trecentarum
2957 4442 3239 4500 librarum
3265 4463 3508 4519 ponens,
3524 4447 3654 4503 etin

392 4548 621 4618 postem
652 4542 926 4618 superius
957 4542 1222 4615 ejusdem
1254 4558 1431 4598 sacra:
1463 4540 1846 4597 confessionis
1876 4539 2003 4597 auri
2036 4540 2415 4598 mundissimi
2446 4541 2627 4599 libras
2658 4541 3097 4615 tredecim,pari
3122 4544 3293 4599 modo
3315 4548 3372 4600 et
3392 4543 3451 4599 in
3471 4544 3656 4618 ipsius

390 4636 637 4716 apostoli
665 4640 1052 4698 confessionis
1081 4638 1339 4695 liminari
1372 4638 1635 4695 inferiori
1661 4637 1845 4695 libras
1871 4638 2078 4712 viginti
2111 4637 2392 4711 quinque.
2423 4642 2742 4713 Aspectum
2784 4657 2917 4696 vero
2948 4639 3151 4697 altaris
3180 4658 3356 4714 super
3385 4644 3654 4700 eamdem

313 4736 355 4797 5
391 4737 842 4809 confessionem,
878 4743 1051 4811 atque
1082 4738 1302 4806 dextra,
1335 4736 1592 4809 laevaque
1618 4741 1783 4809 parte
1808 4736 1977 4809 juxta
2007 4736 2226 4809 gradus
2250 4738 2376 4808 jam
2408 4737 2576 4792 dictae
2608 4736 2990 4794 confessionis
3022 4739 3243 4795 addens
3263 4739 3324 4795 in
3345 4757 3414 4797 ea
3432 4742 3659 4816 argenti

389 4832 572 4909 libras
594 4840 830 4894 centum
851 4835 1093 4910 triginta
1113 4851 1212 4891 sex
1233 4832 1460 4890 curiose
1481 4832 1557 4905 (α)
1580 4832 1873 4889 renovavit
1893 4833 1943 4905 ej
1954 4850 2138 4907 usque
2160 4833 2435 4890 historias
2457 4851 2525 4891 ex
2545 4852 2687 4890 auro
2700 4833 3016 4906 purissimo
3032 4835 3213 4893 libras
3234 4837 3435 4895 decem
3459 4845 3516 4896 et
3531 4846 3660 4898 octo

395 4929 755 4990 nitidissime
784 4928 1097 4991 decoravit.
1121 4930 1429 5002 Simulque
1454 4934 1510 4986 et
1526 4930 1840 4986 cantharas
1871 4931 1931 4985 in
1952 4931 2153 4986 eadem
2173 4929 2275 4987 Dei
2293 4930 2539 4988 ecclesia
2566 4932 2825 5003 Apostoli
2856 4950 3099 4989 numero
3123 4935 3320 4992 decem
3344 4938 3661 5009 renovavit,

393 5029 617 5087 addens
649 5028 709 5087 in
739 5031 824 5088 eis
853 5029 1079 5105 argenti
1108 5027 1289 5085 libras
1320 5030 1576 5083 centum.
1608 5027 1749 5082 Ante
1770 5027 1988 5099 januas
2016 5044 2149 5084 vero
2182 5028 2487 5101 argenteas
2511 5029 2644 5085 fecit
2668 5030 2957 5087 canistrcs
2989 5037 3294 5105 argenteos
3327 5036 3658 5106 duodecim,

392 5144 638 5202 pensan.
670 5120 854 5185 libras
881 5127 1125 5202 triginta
1153 5143 1273 5183 sex.
1306 5123 1491 5181 Simili
1524 5124 1695 5180 modo
1727 5128 1783 5180 et
1810 5123 1869 5180 in
1901 5128 2061 5181 turre
2100 5126 2389 5183 canistros
2437 5131 2744 5201 argenteos
2792 5129 3123 5201 duodecim,
3155 5148 3322 5203 pene.
3359 5133 3501 5189 inibi
3529 5134 3660 5189 libr.

281 5218 357 5284 10
396 5226 792 5300 quadraginta
821 5227 1103 5301 quinque,
1135 5224 1196 5281 in
1226 5224 1431 5282 eadem
1461 5221 1677 5296 quippe
1706 5222 1858 5279 beati
1890 5222 2041 5280 Petri
2071 5222 2315 5281 ecclesia
2344 5240 2449 5297 per
2477 5223 2736 5282 diversas
2779 5242 3023 5285 coronas
3065 5228 3201 5285 fecit
3257 5229 3567 5303 delphinos
3598 5245 3665 5284 ex

395 5328 637 5399 argento
668 5321 853 5383 libras
881 5328 1138 5382 centum.

467 5416 623 5482 849
660 5418 733 5480 Et
760 5423 820 5479 in
852 5418 1099 5482 ecclesia
1127 5420 1282 5478 beati
1313 5418 1477 5477 Pauli
1510 5417 1758 5493 apostoli
1788 5416 1975 5476 instar
2003 5435 2206 5478 eorum
2236 5436 2385 5494 quos
2415 5425 2694 5494 posuerat
2724 5422 2785 5480 in
2829 5423 3074 5481 ecclesia
3116 5422 3306 5481 sancti
3335 5422 3513 5492 Petri,
3546 5421 3666 5479 del-

1455 5614 1701 5662 NOTULE
1742 5612 2125 5663 HARGINALES
2166 5615 2481 5663 FABROTI‘I.

363 5720 442 5799 (α)
474 5730 544 5795 Β,
575 5724 891 5783 cariosum.

578 5851 854 5917 Pauor.
896 5850 1213 5917 CXXVI-II.
3271 5854 3352 5917 38
