4056 6178
481 231 636 295 1195
1647 226 1690 284 Α
1702 221 2053 286 NAS'I‘ASII

2197 219 2714 285 SLIOTHECARII
3679 231 3799 292 1196

621 364 832 437 phines
853 359 1050 433 posuit
1071 359 1376 430 argenteos
1407 355 1688 411 librarum
1715 361 1950 412 centum
1982 355 2353 427 octuaginta;
2383 355 2600 426 pariter
2619 359 2674 409 et
2705 355 2762 410 in
2781 355 3026 411 ecclesia
3055 351 3386 421 Salvatoris,
3409 372 3526 428 qua:
3543 359 3808 432 appellatur

621 457 1124 524 Constantiniana,
1153 455 1287 511 fecit
1309 453 1618 526 delphinos
1651 457 1955 526 argenteos
1987 451 2270 508 librarum
2295 452 2553 524 triginta.
2581 453 2734 508 Fecit
2762 457 2819 508 et
2849 452 2906 508 in
2931 453 3175 510 ecclesia
3195 445 3506 509 beatiPetri
3529 457 3810 527 perdiversa

620 558 872 617 oratoria
900 557 1158 612 canistra
1189 557 1463 626 argentea
1495 569 1737 608 numero
1766 552 2098 618 duodecim,
2131 568 2374 623 pensan.
2397 550 2572 606 simul
2601 551 2780 606 libras
2807 551 3300 624 quadraginta.Et
3317 552 3558 624 rugasin
3579 557 3816 629 presbyte-

546 659 584 715 5
621 658 705 715 rio
737 676 772 714 a
795 659 958 730 parte
987 653 1245 710 virorum
1277 655 1333 707 et
1355 649 1666 706 mulierum
1695 666 1763 705 ex
1785 653 2023 722 argento
2047 647 2386 721 purissimo,
2413 665 2655 720 pensan.
2679 648 2859 704 libras
2881 653 3116 704 centum
3141 649 3398 722 triginta,
3413 667 3618 706 necnon
3639 657 3688 708 et
3705 653 3816 712 alias

621 773 797 830 rugas
819 756 878 810 in
901 756 1078 826 caput
1095 748 1438 824 presbyterii
1462 752 1594 804 ante
1617 747 2040 803 confessionem
2065 763 2134 802 ex
2153 751 2412 820 argento,
2430 763 2669 819 pensan.
2689 745 2866 802 simul
2880 750 3114 802 centum
3131 751 3186 803 et
3202 753 3468 820 quatuor.
3477 748 3547 824 fit
3561 749 3614 803 in
3625 751 3822 808 ecclesia

621 859 836 912 sanctae
857 852 958 908 Dei
989 847 1300 907 Genitricis
1333 847 1526 902 Mariae
1559 851 1721 900 trans
1750 845 2008 900 Tiberim
2041 844 2177 900 fecit
2205 843 2462 900 canistra
2494 849 2771 918 argentea
2801 845 3083 918 quinque,
3115 862 3276 918 pens.
3313 844 3485 900 simul
3509 845 3671 902 libras
3691 848 3818 919 quin.

622 955 832 1012 decim.
857 951 1162 1009 Enimvero
1185 947 1244 1002 in
1269 945 1514 1002 basilica
1534 949 1746 1002 sanctae
1769 944 1868 999 Dei
1901 942 2230 1014 Genitricis,
2265 959 2392 1015 quze
2421 945 2510 998 est
2537 942 2608 997 ad
2643 943 2919 1014 Praasepe,
2953 941 3014 996 in
3045 941 3211 998 altari
3243 941 3428 1014 ipsius
3459 945 3696 1017 prasepii
3721 947 3823 1002 fecit

623 1053 875 1110 laminas
905 1067 972 1106 ex
1001 1065 1144 1104 auro
1175 1045 1494 1119 purissimo
1525 1043 1787 1100 historiis
1817 1041 2084 1114 depictis,
2119 1057 2361 1115 pensan.
2397 1039 2572 1097 simul
2599 1040 2778 1096 libras
2804 1044 3040 1096 centum
3072 1039 3348 1114 quinque,
3374 1057 3442 1097 ex
3471 1047 3686 1114 argento
3701 1043 3820 1100 intus

517 1158 584 1214 10
623 1147 1031 1225 suprascripta
1061 1143 1444 1201 confessionis
1475 1140 1705 1197 tabulas
1732 1141 1899 1208 duas,
1933 1156 2178 1212 pensan.
2213 1138 2390 1194 simul
2423 1138 2604 1195 libras
2635 1137 2995 1211 quindecim.

698 1249 852 1307 350
889 1244 1206 1302 Ecclesium
1239 1259 1370 1298 vero
1405 1241 1584 1295 beatae
1613 1237 1851 1310 Agnetis
1881 1236 2178 1309 martyris,
2213 1253 2314 1292 seu
2347 1235 2653 1292 basilicam
2685 1235 2864 1291 beata:
2907 1234 3348 1305 Emerentianaa,
3381 1237 3590 1310 pariter
3613 1239 3759 1293 etiam
3782 1243 3824 1294 et

627 1347 930 1406 ecclesiam
963 1342 1116 1398 beati
1149 1338 1497 1406 Nicomedis,
1533 1337 1704 1392 sitam
1735 1335 1873 1391 foris
1905 1339 2133 1407 portam
2163 1335 2616 1401 Numentanam,
2654 1331 2829 1388 simul
2861 1337 2917 1390 et
2944 1334 3340 1390 coemeterium
3391 1335 3542 1390 beati
3587 1335 3822 1408 Hippolyti

627 1443 898 1518 martyris
920 1443 1091 1513 juxta
1122 1441 1391 1494 sanctum
1427 1433 1828 1500 Laurentium,
1863 1450 1990 1504 qua:
2023 1450 2056 1488 a
2087 1431 2295 1505 priscis
2329 1435 2701 1488 marcuerant
2733 1432 3118 1504 temporibus,
3143 1449 3176 1487 a
3205 1449 3350 1488 novo
3385 1433 3662 1488 renovavit
3689 1451 3700 1488 :
3729 1431 3823 1488 Pan'

625 1544 795 1600 modo
815 1543 873 1597 et
894 1537 1198 1595 ecclesiam
1233 1533 1382 1590 beati
1417 1531 1626 1588 Christi
1661 1529 1935 1603 martyris
1966 1529 2268 1601 Stephani,
2303 1529 2477 1585 sitam
2502 1531 2672 1602 juxta
2701 1529 3040 1601 praedictum
3080 1529 3479 1586 cmmcterium
3527 1531 3696 1588 sancti
3719 1531 3824 1603 Hip-

551 1646 586 1699 5
625 1639 824 1716 polyti,
859 1635 1128 1693 similiter
1161 1629 1524 1690 restauravit.
1561 1629 1716 1685 Fecit
1745 1645 1876 1683 vero
1909 1633 1966 1682 ct
1995 1627 2054 1682 in
2086 1627 2448 1683 confessione
2509 1627 2660 1683 beati
2720 1627 2882 1682 Pauli
2940 1626 3185 1698 apostoli
3245 1645 3312 1683 ex
3371 1645 3511 1684 auro
3568 1628 3826 1700 purissimo

623 1737 937 1812 imaginem
971 1735 1030 1788 in
1053 1732 1295 1788 modum
1319 1727 1766 1800 Evangeliorum
1795 1725 1956 1780 intus
1979 1741 2156 1798 super
2177 1725 2442 1796 ejusdem
2463 1725 2926 1781 sacratissimum
2951 1742 3183 1798 corpus,
3205 1741 3452 1798 pensan.
3471 1725 3639 1782 libras
3655 1725 3826 1798 viginti.

696 1836 844 1892 351
892 1834 1048 1888 Idem
1079 1846 1210 1886 vero
1243 1827 1506 1883 omnium
1527 1827 1811 1881 bonorum
1832 1823 2160 1897 praecipuus
2183 1822 2394 1896 praesul
2419 1841 2450 1878 a
2472 1839 2617 1878 novo
2639 1821 2926 1878 dedicavit
2947 1827 3120 1898 atque
3137 1823 3446 1879 constituit
3470 1825 3828 1882 monasterium

625 1937 960 1991 sanctorum
981 1928 1218 1984 Adriani
1234 1931 1409 1998 atque
1433 1923 1910 1995 Laurentii,qu0d
1935 1923 1994 1976 in
2011 1921 2200 1976 ruinis
2216 1922 2606 1978 marcescebat
2621 1937 2652 1975 a
2667 1920 3339 1994 priscistemporibus,et
3353 1926 3626 1994 tanquam
3639 1927 3830 1995 cryptae

628 2030 1008 2088 saecularibus
1031 2024 1494 2081 inhabitabatur.
1521 2022 1648 2094 Ipse
1667 2039 1801 2078 vero
1833 2019 2102 2093 egregius
2133 2019 2380 2076 antistes
2395 2035 2584 2075 anovo
2601 2019 2656 2074 id
2674 2023 2864 2076 restau
2875 2019 3086 2075 ravitin
3103 2019 3512 2092 praedictorum
3531 2027 3827 2090 sanctorum,

627 2128 896 2186 videlicet
924 2122 1162 2181 Adriani
1193 2127 1250 2178 et
1281 2119 1597 2188 Laurentii,
1633 2119 1891 2186 nomine,
1921 2119 1982 2172 in
2013 2135 2128 2190 quo
2161 2121 2218 2172 et
2247 2117 2436 2172 multa
2465 2117 2702 2172 donavit
2733 2121 2850 2172 tam
2885 2118 2942 2172 in
2975 2134 3116 2173 auro
3149 2135 3446 2191 quamque
3467 2125 3522 2174 et
3547 2119 3602 2175 in
3623 2125 3828 2193 argento,

557 2234 592 2284 5
631 2246 733 2286 .eu
763 2227 824 2281 in
858 2223 1014 2296 agris
1045 2225 1219 2292 atque
1245 2219 1304 2272 in
1338 2217 1578 2272 familiis
1605 2216 1969 2287 diversisque
1997 2215 2244 2287 peculiis
2274 2215 2568 2286 simulque
2592 2219 2648 2270 et
2677 2232 2745 2271 ex
2777 2214 3110 2270 mobilibus.
3135 2215 3204 2270 Et
3231 2217 3537 2273 constituit
3564 2218 3618 2273 in
3645 2217 3831 2273 basilica

638 2327 851 2382 sanctae
874 2321 974 2377 Dei
999 2315 1308 2375 Genitricis
1321 2331 1665 2386 semperque
1676 2313 1919 2386 virginis
1931 2312 2124 2368 Mariae.
2137 2313 2210 2368 ad
2235 2311 2646 2385 Praesepe,etin
2669 2312 2889 2369 caeteris
2913 2313 3285 2369 monasteriis
3301 2313 3520 2370 ibidem
3535 2317 3830 2384 constitutis,

636 2426 752 2481 Deo
783 2421 876 2477 die
905 2421 1198 2488 noctuque
1226 2417 1500 2470 canentes
1530 2411 1732 2467 solitas
1754 2411 1945 2466 dicere
1967 2410 2188 2466 laudes.
2215 2409 2368 2466 Fecit
2395 2411 2612 2466 ibidem
2643 2427 2940 2485 praesagus
2982 2411 3226 2467 antistes
3257 2412 3318 2467 in
3347 2414 3692 2470 confessione
3717 2415 3830 2470 beati

637 2517 934 2579 Laurentii
965 2511 1238 2587 martyris
1269 2511 1409 2567 foris
1439 2526 1676 2565 murum
1709 2508 2024 2580 imaginem
2042 2524 2261 2563 exauro
2283 2507 2599 2580 purissimo
2629 2507 2687 2562 in
2712 2509 2950 2564 modum
2981 2509 3706 2583 Evangeliorum,ejusdem
3719 2512 3832 2568 beati

637 2615 934 2678 Laurentii
965 2613 1189 2685 effigies
1219 2609 1635 2676 continentem,
1669 2624 1794 2680 qua:
1825 2623 2065 2680 pensan.
2102 2605 2281 2662 libras
2313 2605 2671 2678 quindecim.

707 2716 860 2775 352
897 2717 965 2768 In
995 2709 1240 2768 ecclesia
1267 2725 1401 2764 vero
1431 2705 1768 2771 Salvatoris,
1796 2721 1922 2776 qua:
1943 2709 2185 2760 vocatur
2214 2703 2718 2774 Constantiniana,
2747 2703 2884 2759 fecit
2903 2709 3040 2760 ante
3067 2705 3428 2762 vestibulum
3461 2705 3650 2763 altaris
3675 2725 3835 2764 aureas

633 2822 752 2874 tres
784 2813 1046 2886 gabatas,
1075 2823 1318 2880 pensan.
1350 2805 1530 2860 libras
1565 2805 1786 2859 decem.
1820 2802 1930 2858 Sed
1962 2807 2016 2857 et
2037 2803 2096 2857 in
2121 2799 2362 2858 basilica
2381 2801 2560 2856 beata:
2585 2801 2682 2856 Dei
2711 2801 3024 2858 Genitricis
3045 2803 3116 2858 ad
3140 2803 3402 2876 Praesepe
3433 2804 3563 2860 fecit
3590 2803 3838 2878 delphinos

634 2915 939 2988 argenteos
969 2923 1072 2980 per
1102 2905 1362 2961 diversas
1394 2919 1659 2970 coronas,
1693 2917 1858 2972 pens.
1892 2898 2072 2956 libras
2103 2899 2310 2973 viginti
2333 2902 2602 2971 quatuor.
2633 2899 3160 2956 Prazstantissimus
3191 2901 3350 2956 idem
3383 2901 3627 2958 eximius
3645 2903 3836 2958 antistes

633 3012 767 3071 fecit
795 3010 856 3064 in
887 3005 1130 3064 ecclesia
1159 3002 1312 3058 beati
1347 3000 1494 3057 Petri
1529 2997 1775 3071 apostoli
1808 2998 1878 3053 ad
1913 3014 2125 3070 corpus
2154 2997 2492 3070 imaginem,
2531 3013 2656 3068 qua:
2684 2997 2908 3052 dudum
2941 3011 3010 3053 ei.
3039 3002 3278 3071 argento
3312 2999 3522 3071 inerat,
3550 2999 3829 3066 Salvator-is,

560 3117 596 3171 5
633 3112 846 3169 sanctae
877 3103 978 3162 Dei
1010 3099 1342 3166 Genitricis,
1378 3101 1714 3154 sanctorum
1745 3093 2142 3169 apostolorum
2177 3095 2325 3150 Petri
2359 3111 2424 3150 ac
2457 3093 2618 3150 Pauli
2650 3099 2824 3166 atque
2855 3095 3204 3164 Andreae,de
3223 3113 3367 3154 auro
3399 3099 3696 3170 purissimo
3714 3098 3832 3154 mire

633 3200 1080 3280 magnitudinis,
1113 3213 1355 3270 pensan.
1387 3195 1568 3251 libras
1599 3195 1900 3250 ducentas.

704 3303 858 3362 353
898 3299 1002 3357 Hie
1027 3293 1502 3370 elegantissimus
1532 3291 1748 3366 prmsul
1775 3296 1948 3364 atque
1979 3289 2336 3346 fortissimus
2386 3294 2552 3346 recta:
2610 3288 2744 3346 ﬁdei
2803 3289 3146 3362 praedicator
3200 3291 3414 3349 direxit
3469 3293 3670 3349 missos
3711 3309 3828 3359 suos,

629 3402 897 3462 videlicet
924 3395 1328 3470 presbyterum
1361 3391 1594 3447 Petrum
1627 3393 1838 3446 sanctae
1873 3371 2147 3446 Romanis
2175 3387 2464 3454 Ecclesiae,
2485 3393 2542 3443 et
2561 3387 2794 3444 Petrum
2826 3387 3164 3462 religiosum
3197 3389 3476 3446 abbatem
3505 3389 3828 3447 venerabilem

630 3496 972 3558 monasterii
1003 3491 1190 3550 sancti
1221 3491 1405 3556 Saba,
1439 3487 1594 3560 quod
1627 3486 1955 3559 appellatur
1982 3485 2136 3542 Cella
2163 3485 2339 3552 Nova,
2373 3487 2444 3541 ad
2477 3485 2889 3558 imperatorem
2920 3485 3374 3544 Constantinum
3407 3493 3467 3544 et
3497 3493 3714 3545 matrem
3739 3488 3831 3559 ejus

631 3601 880 3662 Irenam,
912 3592 1230 3648 adhortans
1261 3604 1358 3643 eos
1386 3573 1560 3658 atque
1591 3583 1840 3640 fideliter
1871 3583 2194 3655 praedicans
2227 3600 2329 3656 per
2360 3601 2498 3640 suas
2529 3582 2879 3656 apostolicae
2927 3582 3154 3640 litteras
3185 3601 3288 3657 pro
3321 3586 3510 3643 sacris
3539 3585 3831 3660 imaginibus

557 3701 594 3755 5
630 3693 1000 3756 erectionem,
1029 3685 1280 3758 qualiter
1309 3700 1410 3755 per
1439 3681 1776 3738 testimonia
1796 3680 2226 3752 Scripturarum
2252 3698 2353 3737 seu
2371 3681 2746 3737 traditionem
2781 3679 3173 3754 probabilium
3205 3685 3451 3740 Patrum
3473 3683 3834 3756 apriscistem-

626 3791 868 3868 poribus
898 3801 1085 3857 usque
1115 3783 1398 3838 hactenus
1429 3779 1746 3836 orthodoxe
1777 3782 2126 3834 venerantur
2157 3779 2216 3833 in
2249 3783 2452 3834 sancta
2481 3777 2766 3834 catholica
2797 3781 2854 3834 et
2889 3777 3210 3850 apostolica
3267 3780 3534 3837 Romana
3589 3778 3828 3844 Ecclesia;

628 3889 780 3964 quod
811 3883 1032 3959 praefati
1063 3881 1464 3954 imperatores,
1488 3878 1754 3933 eamdem
1776 3879 2115 3932 venerantes
2147 3881 2321 3948 atque
2353 3875 2771 3949 amplectentes
2803 3876 3184 3949 apostolicam
3218 3877 3551 3950 epistolam,
3581 3877 3832 3936 concilium

627 3990 686 4045 in
709 3987 899 4043 Nicaea
917 3977 1258 4052 congregari
1279 3977 1539 4033 fecerunt
1555 3979 1948 4030 trecentorum
1966 3973 2398 4046 quinquaginta
2413 3973 2841 4046 episc0porum,
2867 3974 2966 4046 qui
2991 3976 3320 4031 secundum
3347 3977 3662 4034 doctrinam
3681 3972 3834 4048 pradi-

627 4083 873 4144 cationis
905 4077 1233 4152 apostolicae
1265 4073 1520 4147 epistola:
1569 4073 1850 4128 nimirum
1899 4071 2289 4128 crediderunt.
2324 4071 2392 4126 Hi
2441 4071 2883 4144 promulgantes
2940 4077 3298 4129 censuerunt
3349 4081 3410 4130 et
3455 4093 3556 4148 per
3599 4072 3830 4147 synodum

517 4190 587 4246 10
625 4178 1013 4244 universalem
1046 4174 1400 4232 deﬁnierunt
1430 4170 1695 4228 unanimi
1728 4170 2048 4227 assertione
2079 4186 2181 4242 pro
2215 4169 2570 4226 honorandis
2600 4169 2957 4242 imaginibus
2988 4171 3362 4228 erectionem.
3387 4176 3568 4242 Quam
3597 4170 3828 4246 synodum

616 4285 743 4357 jam
785 4277 924 4335 dicti
974 4273 1140 4330 missi
1185 4272 1243 4327 in
1293 4271 1486 4328 Graeco
1537 4285 1802 4326 sermone
1844 4284 2044 4324 secum
2075 4265 2334 4324 detulere
2365 4283 2484 4322 una
2514 4283 2646 4322 cum
2677 4265 3084 4340 imperialibus
3116 4269 3302 4326 sacris
3331 4272 3602 4326 manibus
3629 4265 3828 4343 propriis

623 4377 1042 4448 subscriptam,
1067 4387 1312 4443 eamque
1345 4367 1657 4442 przedictus
1686 4365 1954 4440 egregius
1983 4364 2226 4421 antistes
2257 4364 2316 4419 in
2349 4364 2612 4420 Latinam
2645 4363 2908 4438 linguam
2941 4365 3278 4423 translatari
3305 4369 3511 4442 jussit,
3544 4373 3598 4426 et
3625 4367 3676 4423 in
3702 4379 3828 4422 sacra

619 4475 975 4535 bibliotheca
995 4470 1211 4543 pariter
1232 4465 1486 4534 recondi,
1511 4465 1749 4538 dignam
1773 4464 1852 4519 ibi
1873 4463 2204 4520 orthodoxa:
2227 4461 2362 4518 fidei
2385 4463 2726 4519 memoriam
2749 4467 3024 4520 aeternam
3047 4465 3287 4522 faciens.
3321 4467 3428 4523 Hie
3461 4468 3604 4523 idem
3625 4463 3823 4521 eximius

619 4591 772 4648 papa
805 4571 984 4628 altare
1015 4565 1167 4623 beati
1203 4564 1360 4620 Pauli
1399 4561 1644 4635 apostoli
1677 4579 1795 4618 una
1822 4578 1957 4617 cum
1989 4562 2253 4632 ejusdem
2285 4561 2636 4617 confessoris
2667 4561 2890 4618 foribus
2935 4580 3076 4620 auro
3125 4565 3348 4621 mundo
3395 4565 3574 4621 sacris
3598 4564 3822 4620 decorans

511 4677 578 4730 15
615 4671 879 4728 historiis
909 4666 1153 4723 mirifice
1185 4662 1428 4729 ornavit,
1464 4677 1624 4732 pens.
1663 4659 1795 4716 libr.
1829 4663 2063 4717 centum
2095 4657 2374 4730 triginta;
2409 4659 2510 4714 sed
2543 4661 2596 4713 et
2627 4663 2787 4715 sarta
2831 4663 2983 4716 tecta
3027 4661 3182 4716 tituli
3235 4667 3573 4718 sanctorum
3617 4663 3824 4727 Quatuor

615 4771 1054 4831 Coronatorum,
1089 4779 1216 4834 quae
1247 4760 1304 4816 in
1339 4757 1525 4814 ruinis
1553 4757 1896 4825 existebant,
1931 4757 2126 4812 trabes
2157 4755 2375 4810 ibidem
2427 4754 2625 4827 plures
2679 4756 3010 4829 imponens,
3045 4757 3244 4814 omnia
3273 4777 3308 4814 a
3341 4777 3486 4816 novo
3515 4753 3820 4815 restauravit.

617 4870 760 4924 Item
793 4864 927 4920 fecit
956 4865 1228 4934 patenam
1259 4863 1314 4915 et
1341 4857 1580 4913 calicem
1613 4855 1672 4910 in
1713 4854 1956 4911 basilica
2003 4853 2154 4910 beati
2211 4852 2358 4908 Petri
2407 4852 2654 4926 apostoli
2703 4871 2806 4926 pro
2855 4855 3211 4927 quotidianis
3269 4857 3606 4914 ministeriis
3633 4873 3690 4911 ex
3714 4865 3822 4909 auro

613 4963 1122 5037 purissimo,pens.
1149 4956 1326 5014 simul
1351 4955 1481 5011 libr.
1505 4954 1709 5028 viginti
1733 4957 2001 5025 quatuor.
2027 4955 2174 5006 Item
2195 4951 2576 5007 beatissimus
2597 4951 2686 5006 vir
2705 4951 2841 5007 fecit
2862 4953 2920 5007 in
2944 4953 3186 5010 ecclesia
3209 4961 3426 5011 sanctaa
3450 4954 3546 5011 Dei
3567 4945 3822 5011 Genitricis

611 5060 804 5118 Maria:
835 5059 904 5114 ad
937 5063 1194 5128 Priusepe
1229 5059 1498 5128 patenum
1531 5057 1588 5107 et
1619 5051 1858 5107 calicem
1891 5053 2160 5104 sanctum
2203 5065 2271 5104 ex
2303 5065 2445 5104 auro
2493 5049 2722 5122 obryzo,
2751 5065 2916 5122 pens.
2949 5049 3128 5106 libras
3175 5051 3404 5125 viginti.
3437 5058 3578 5108 Item
3609 5051 3658 5104 in
3687 5044 3820 5102 titulo

501 5162 573 5218 20
611 5157 903 5228 Eudoxiae,
927 5154 1194 5211 videlicet
1215 5153 1366 5208 beati
1393 5151 1542 5206 Petri
1569 5148 1814 5222 apostoli
1837 5149 1910 5204 ad
1927 5145 2195 5216 Vincula,
2223 5146 2358 5202 fecit
2377 5145 2634 5202 canistra
2655 5147 2987 5219 duodecim,
3011 5165 3173 5220 pens.
3195 5148 3380 5205 libras
3413 5149 3638 5223 triginta
3663 5161 3760 5210 sex,
3777 5143 3822 5196 et

609 5255 916 5329 delphinos
969 5269 1071 5326 per
1119 5251 1376 5306 diversas
1424 5265 1668 5304 coronas
1717 5246 1961 5319 triginta
1991 5245 2270 5318 quinque,
2296 5261 2462 5317 pens.
2493 5244 2675 5300 libras
2705 5250 2833 5302 octo
2860 5264 2872 5313 ;
2907 5246 3239 5320 pariterque
3266 5251 3322 5304 et
3352 5247 3647 5304 ecclesiam
3677 5245 3817 5298 beata

607 5353 856 5421 Sabinas,
886 5353 1061 5408 sitam
1095 5350 1152 5404 in
1187 5347 1476 5403 territorio
1501 5343 1908 5410 Fcrcntinello,
1939 5361 1973 5398 a
2002 5359 2148 5398 novo
2179 5341 2484 5415 reparavit.
2519 5341 2621 5398 Hic
2653 5343 2777 5415 ipse
2807 5343 3099 5401 almificus
3133 5345 3340 5418 prazsul
3377 5345 3510 5402 fecit
3537 5344 3592 5399 in
3623 5337 3818 5398 basilica

603 5451 757 5509 beati
791 5448 948 5507 Pauli
981 5444 1226 5520 apostoli
1263 5448 1536 5516 patenam
1570 5459 1638 5498 ex
1670 5459 1810 5497 auro
1841 5442 2072 5512 obryzo,
2101 5457 2235 5495 cum
2265 5439 2442 5496 calice
2471 5443 2695 5508 sancto,
2727 5456 2969 5512 pensan.
3005 5441 3183 5498 simul
3215 5443 3398 5499 libras
3427 5440 3640 5515 viginti.

673 5549 828 5606 854
870 5545 1152 5603 Similiter
1167 5543 1297 5598 etin
1315 5539 1560 5596 ecclesia
1577 5539 1728 5594 beati
1763 5537 2054 5593 Laurentii
2089 5537 2359 5610 martyris
2387 5537 2526 5593 foris
2559 5555 2794 5594 murum
2827 5539 2962 5594 fecit
2991 5557 3059 5595 ex
3089 5557 3231 5596 auro
3261 5539 3572 5614 purissimo
3587 5541 3814 5609 patenum

604 5663 740 5703 cum
769 5645 947 5701 calice
979 5645 1204 5708 sancto,
1235 5653 1479 5713 pensan,
1513 5635 1690 5692 simul
1721 5635 1902 5691 libras
1933 5635 2292 5707 quindecim.
2327 5635 2469 5690 Item
2519 5635 2846 5691 diaconiam
2905 5643 3243 5694 sanctorum
3299 5637 3484 5710 Sergii
3539 5640 3594 5691 et
3641 5627 3812 5688 Bacchi

601 5743 864 5816 ejusdem
889 5741 1165 5798 diaconitc
1189 5738 1580 5810 dispensator,
1605 5737 1840 5808 propter
1869 5737 2091 5790 metum
2121 5731 2348 5805 templi,
2367 5733 2520 5804 quod
2541 5732 2718 5788 situm
2739 5751 2918 5807 super
2934 5751 3033 5792 eas
3055 5737 3380 5806 videbatur,
3403 5737 3651 5792 evertens
3667 5741 3812 5799 super

603 5841 870 5910 eamdem
902 5837 1206 5898 ecclesiam
1238 5853 1271 5894 a
1303 5833 1702 5894 fundamentis
1731 5833 1921 5910 ipsam
1951 5831 2256 5892 basilicam
2287 5829 2714 5892 exterminavit.
2757 5835 2942 5906 Quam
2991 5839 3319 5896 restaurare
3367 5831 3600 5894 minime
3625 5826 3809 5894 valens,
