4044 6168
252 227 412 290 H97
991 226 1359 290 HISTORIA
1405 224 1507 287 DE
1549 222 1753 288 VITIS
1798 224 1989 294 ΒΟΜ.
2038 224 2265 288 PONT.
2297 257 2377 271 —
2409 226 2472 287 S.
2519 225 2934 289 ADRIANUS.
3422 308 3437 323 ο
3500 231 3659 293 H98

317 362 357 416 5
394 359 798 417 misericordia
825 364 1023 415 motus
1054 360 1127 417 ab
1155 374 1358 415 eorum
1399 362 1723 431 martyrum
1774 374 1972 414 amore
2020 374 2319 431 praesagus
2365 358 2629 427 antistes,
2663 375 2697 413 a
2745 360 3144 416 fundamentis
3194 361 3253 414 in
3304 357 3652 433 ampliorem

394 457 765 530 restauravit,
797 457 1003 514 decore
1028 456 1279 513 nimium
1307 459 1546 513 statum.
1582 455 1892 512 Basilicam
1922 472 2056 512 vero
2089 455 2429 513 monasterii
2464 455 2617 511 beati
2647 456 2937 512 Anastasii
2971 457 3184 513 Christi
3214 460 3509 532 martyris,
3542 478 3661 517 uua

388 572 524 613 cum
557 554 900 629 baptisterio
930 557 987 611 et
1017 553 1470 628 egumenarchio
1495 555 1839 627 caeterisque
1870 553 2132 610 aedificiis
2162 571 2265 626 per
2294 553 2581 609 incuriam
2617 555 3039 610 monachorum
3086 560 3369 612 nocturno
3421 557 3657 614 silentio

380 656 650 711 exustam
678 670 714 709 a
744 652 1145 709 fundamentis
1174 669 1362 725 usque
1392 652 1465 708 ad
1497 668 1799 708 summum
1850 655 2069 708 tectum
2121 668 2256 707 eum
2306 649 2529 707 audivit
2575 649 3165 708 misericordissimus
3216 654 3449 726 praesul,
3480 655 3651 710 valde

372 749 634 809 diluculo
661 748 937 808 velociter
966 748 1450 824 currens,reperit
1478 765 1607 807 eam
1633 750 1825 808 adhuc
1851 750 2151 807 ardentem
2182 754 2241 806 et
2260 748 2630 805 solummodo
2644 764 2841 804 arcam
2858 749 3120 820 ejusdem
3141 752 3414 825 martyris
3426 758 3655 810 erutam

262 850 335 905 10
370 847 433 905 in
465 848 661 905 media
689 852 852 905 eurte
874 849 1409 920 jacentem;caetera
1435 864 1567 904 vero
1599 848 1937 905 sanctuaria
1966 864 2069 905 seu
2100 846 2428 904 ministeria
2455 851 2578 903 tam
2608 846 2669 902 in
2702 846 2947 903 ecclesia
2977 864 3153 919 quam
3186 849 3243 904 in
3275 850 3545 907 vestiario
3574 853 3650 908 ab

369 946 499 1020 ipso
527 945 664 1020 igne
694 946 1052 1020 conﬂagrata
1082 945 1356 1015 sunt.Qui
1388 945 1570 1003 nimio
1603 962 1848 1002 maerore
1879 962 2014 1002 cum
2046 945 2172 1002 suis
2204 943 2691 1001 ministerialibus
2723 944 2989 1000 certatim
3020 945 3395 1019 exstinguens
3425 947 3647 1021 ignem,

372 1043 682 1101 confestim
704 1043 930 1101 viribus
961 1043 1101 1101 totis
1133 1061 1167 1100 a
1196 1042 1562 1100 ﬂammiferis
1592 1042 1783 1099 ruinis
1809 1046 2039 1099 erutam
2070 1059 2106 1098 a
2133 1058 2279 1098 novo
2309 1040 2371 1097 in
2405 1040 2708 1098 meliorem
2742 1045 2961 1098 statum
2985 1043 3322 1114 praedictam
3353 1045 3657 1102 ecclesiam

348 1134 506 1200 'cum
535 1141 807 1198 vestiario
836 1146 896 1198 et
924 1141 1381 1216 egumenarchio
1410 1146 1734 1214 casteraque
1775 1140 2022 1197 aadificia
2052 1138 2442 1196 renovavit.Et
2472 1139 2730 1212 amplius
2759 1139 2820 1196 in
2850 1157 2919 1197 ea
2935 1142 3269 1198 sanctuaria
3298 1146 3471 1214 atque
3493 1142 3663 1199 mini-

368 1240 550 1297 steria
579 1243 636 1295 et
666 1244 1014 1297 ornamenta
1044 1239 1270 1313 majora
1300 1256 1479 1313 quam
1510 1256 1638 1312 quae
1668 1237 1891 1296 ibidem
1918 1239 2239 1295 combusta
2266 1251 2425 1309 sunt,
2459 1236 2724 1294 contulit.

449 1345 603 1403 855
635 1346 764 1419 Ipse
792 1363 926 1403 vero
956 1347 1094 1415 Deo,
1130 1350 1196 1403 ut
1227 1345 1462 1413 dicitur,
1494 1349 1792 1419 protectus
1823 1344 2060 1419 praesul,
2096 1344 2471 1418 conspiciens
2500 1362 2702 1401 muros
2731 1345 2911 1417 hujus
2950 1346 3202 1403 civitatis
3254 1348 3525 1404 Romanze
3559 1364 3661 1420 per

372 1442 596 1501 olitana
625 1448 894 1518 tempora
924 1443 984 1500 in
1017 1443 1205 1501 ruinis
1238 1443 1547 1519 positos,et
1577 1460 1680 1517 per
1709 1442 1838 1501 loca
1866 1442 2064 1517 plures
2096 1447 2288 1499 turres
2316 1459 2505 1515 usque
2538 1444 2610 1499 ad
2640 1447 2855 1499 terram
2886 1461 3245 1517 eversas,per
3275 1463 3447 1501 suum
3480 1446 3659 1502 soler-

378 1539 677 1599 tissimum
708 1541 972 1599 studium
1001 1545 1153 1599 totas
1182 1541 1445 1599 civitates
1458 1546 1579 1599 tam
1592 1541 1818 1598 Tuscia:
1832 1558 2128 1615 quamque
2145 1540 2476 1614 Campaniae
2495 1557 3003 1615 eongregans,una
3015 1559 3149 1598 cum
3168 1544 3382 1617 pepulo
3396 1545 3658 1601 Romano

379 1640 626 1712 ejusque
656 1639 1035 1708 suburbanis,
1069 1656 1292 1695 necnon
1325 1644 1383 1697 et
1412 1644 1533 1696 toto
1564 1639 1960 1718 ecclesiastico
1990 1638 2650 1713 patrimonio,omnibus
2680 1638 3001 1711 praedicens
3031 1644 3089 1696 et
3119 1639 3383 1697 dividens
3403 1658 3471 1697 ex
3502 1658 3635 1697 sum

304 1739 347 1793 5
383 1737 585 1811 ptibus
614 1737 983 1811 dapibusque
1012 1737 1367 1811 apostolicis,
1398 1741 1583 1794 totam
1614 1736 1828 1794 Urbem
1858 1736 1919 1793 in
1951 1736 2198 1794 circuitu
2229 1736 2867 1807 restaurans,universa
2896 1738 3188 1794 renovavit
3219 1743 3395 1811 atque
3426 1740 3660 1796 decora-

385 1834 506 1904 vit;
537 1835 863 1909 praasertim
896 1840 952 1892 et
979 1836 1038 1891 in
1071 1835 1239 1893 altari
1283 1835 1493 1909 majori
1522 1835 1783 1892 ecclesiae
1832 1834 1988 1891 beati
2039 1833 2190 1891 Petri
2238 1833 2488 1908 apostoli
2534 1835 2673 1891 fecit
2717 1851 2786 1891 ex
2833 1852 2974 1892 auro
3025 1836 3344 1908 purissimo
3394 1837 3656 1893 diversas

390 1930 689 2002 historias,
724 1949 889 2006 pens.
919 1932 1099 1990 libras
1129 1933 1484 2006 quingentas
1515 1932 1835 2007 nonaginta
1861 1936 2122 2005 septem;
2157 1937 2213 1987 et
2240 1932 2402 1988 intus
2430 1932 2487 1986 in
2533 1931 2893 1988 confessione
2942 1932 3259 2006 imaginem
3308 1934 3367 1989 in
3415 1936 3658 1991 modum

390 2029 841 2105 Evangeliorum
871 2048 941 2088 ex
969 2048 1111 2089 auro
1142 2032 1372 2107 abryzo,
1401 2048 1646 2106 pensau.
1677 2030 1859 2087 libras
1888 2029 2095 2103 viginti
2127 2029 2335 2099 simul;
2369 2033 2427 2085 et
2449 2029 2738 2086 cancellos
2770 2035 2905 2086 ante
2936 2031 3205 2087 eamdem
3232 2033 3659 2089 confessionem

364 2145 463 2186 ex
491 2146 634 2186 auro
666 2129 1005 2203 purissimo,
1038 2147 1282 2204 pensau.
1313 2130 1495 2186 libras
1524 2130 1957 2203 quinquaginta
1985 2144 2085 2184 sex
2117 2145 2130 2184 :
2166 2128 2266 2201 qui
2300 2128 2435 2184 fecit
2465 2128 2644 2185 simul
2675 2128 2734 2184 i’n
2765 2129 2933 2184 altari
2974 2130 3135 2186 intus
3182 2130 3242 2185 in
3292 2148 3457 2187 sacro
3508 2130 3661 2185 ultro

277 2228 353 2282 10
390 2232 651 2299 citroque
681 2226 1047 2283 confessione
1078 2228 1396 2302 imaginem
1428 2227 1486 2283 in
1519 2227 1762 2283 modum
1793 2230 1850 2283 et
1880 2224 2323 2298 Evangeliorum
2358 2242 2581 2280 necnon
2613 2225 2747 2279 etin
2782 2225 3050 2297 postibus
3079 2226 3453 2283 inferioribus
3484 2232 3541 2282 et
3569 2245 3666 2284 su-

391 2323 716 2397 perioribus
747 2329 923 2398 atque
954 2324 1253 2397 cancellis,
1282 2324 1459 2381 simul
1487 2324 1665 2381 etiam
1695 2328 1752 2380 et
1771 2323 1927 2381 circa
1951 2339 2164 2396 corpus
2194 2339 2264 2378 ex
2295 2339 2436 2379 auro
2466 2323 2675 2396 obryzo
2705 2322 2887 2379 libras
2912 2323 3070 2379 mille
3122 2328 3409 2383 trecentas
3456 2325 3665 2397 viginti

395 2426 546 2479 octo.

467 2517 714 2575 8501a
743 2518 1019 2576 vicesimo
1050 2520 1208 2578 enim
1238 2519 1464 2594 praefati
1514 2518 1710 2576 eximii
1762 2517 2056 2593 pontificis
2104 2533 2278 2588 anno,
2312 2533 2511 2574 mense
2563 2517 2923 2585 Decembris,
2956 2518 3273 2576 indictione
3321 2522 3408 2588 45,
3454 2521 3666 2579 fluvius

394 2616 622 2673 Tiberis
650 2634 685 2674 a
713 2634 822 2675 suo
850 2634 1123 2691 egressus
1152 2619 1312 2676 alveo
1342 2618 1744 2674 intumescens
1775 2633 1903 2673 sese
1935 2633 2039 2689 per
2067 2615 2419 2689 campestria
2450 2614 2644 2684 dedit;
2679 2615 2777 2688 qui
2812 2616 2988 2671 etiam
3020 2634 3134 2689 prae
3186 2618 3371 2674 nimia
3416 2619 3669 2676 inunda-

397 2713 556 2771 tione
584 2718 814 2788 portam
847 2732 974 2789 quae
1004 2715 1221 2773 dieitur
1251 2715 1538 2773 Flaminia
1567 2714 2089 2788 ingressus,ipsam
2120 2731 2154 2768 a
2184 2712 2584 2770 fundamentis
2614 2711 2866 2768 evellens
2893 2718 3338 2788 portam,usque
3370 2718 3440 2772 ad
3464 2734 3667 2772 arcum

404 2811 504 2885 qui
532 2814 774 2869 vocatur
799 2813 942 2871 Tres
974 2812 1300 2872 Faccicelas
1328 2830 1460 2871 eam
1492 2811 1979 2881 deduxit,interea
2004 2814 2062 2866 et
2092 2826 2295 2867 muros
2324 2809 2383 2865 in
2415 2809 2716 2883 aliquibus
2746 2810 3108 2867 transcendit
3138 2811 3484 2887 locis,atque
3517 2814 3670 2872 ultra

329 2912 367 2966 5
403 2908 711 2969 basilicam
742 2911 932 2969 sancti
962 2911 1143 2970 Marci
1172 2918 1435 2970 evertens
1464 2911 1756 2985 porticum
1787 2927 1913 2983 quae
1944 2912 2183 2966 vocatur
2212 2907 2561 2977 Palatina,et
2590 2925 2692 2981 per
2720 2907 2944 2982 plateas
2975 2925 3037 2965 se
3064 2912 3380 2969 extendens
3392 2930 3578 2985 usque
3599 2914 3671 2970 ad

407 3011 647 3081 pontem
678 3008 980 3078 Antonini,
1014 3010 1328 3084 ipsumque
1360 3013 1624 3066 evertens
1653 3023 1915 3079 murum,
1951 3022 2224 3079 egressus
2252 3004 2312 3060 in
2346 3022 2453 3061 suo
2484 3021 2546 3061 se
2574 3004 2788 3061 iterum
2819 3005 3007 3063 univit
3036 2998 3215 3077 alveo,
3247 3007 3328 3064 ita
3376 3014 3440 3065 ut
3480 3009 3541 3065 in
3582 3011 3677 3067 via

405 3106 550 3162 Lata
578 3104 836 3180 amplius
866 3123 1043 3181 quam
1074 3107 1224 3165 duas
1252 3110 1511 3164 staturas
1540 3106 1806 3178 ejusdem
1838 3102 2102 3160 ﬂuminis
2134 3120 2290 3175 aqua
2318 3101 2683 3173 excrevisset,
2716 3107 2895 3175 atque
2938 3104 3010 3160 ad
3040 3108 3269 3177 portam
3318 3107 3472 3163 beati
3520 3109 3673 3167 Petri

405 3219 594 3276 usque
623 3204 696 3260 ad
726 3208 964 3276 pontem
994 3204 1258 3262 Milvium
1286 3222 1449 3278 aquae
1481 3204 1924 3269 descenderant,
1947 3202 2117 3273 juxta
2145 3199 2454 3256 remissam
2480 3199 2598 3256 vim
2632 3200 2851 3273 impius
2880 3201 3142 3260 ﬂuminis
3172 3204 3442 3261 reddidit.
3459 3206 3672 3263 Domos

405 3294 615 3374 itaque
632 3301 857 3373 evertit,
888 3319 1059 3377 agros
1088 3302 1421 3369 desertavit,
1452 3300 1703 3359 evellens
1734 3305 1793 3356 et
1820 3298 2124 3356 eradicans
2154 3298 2397 3355 arbusta
2422 3302 2479 3354 et
2507 3301 2750 3371 segetes.
2784 3299 2931 3355 Nam
2961 3316 3065 3355 nec
3098 3317 3288 3358 serere
3317 3320 3452 3374 pars
3482 3305 3673 3358 maxi-

299 3398 372 3455 10
409 3415 507 3455 ma
536 3398 935 3457 Romanorum
964 3399 1148 3457 valuit
1176 3401 1305 3475 ipso
1336 3402 1680 3474 tempore,et
1709 3414 1815 3471 per
1841 3397 1951 3454 hoc
1980 3396 2328 3452 imminebat
2356 3394 2655 3452 tribulatio
2687 3412 2920 3469 magna.
2942 3400 3066 3465 Quo
3096 3399 3292 3456 audito
3318 3400 3443 3472 ipse
3472 3401 3674 3473 praeci-

408 3512 563 3569 puus
591 3497 809 3570 praesul
839 3499 948 3555 hoc
977 3498 1256 3572 quoniam
1288 3516 1391 3572 per
1416 3498 1680 3555 triduum
1710 3495 1907 3569 ipsum
1938 3494 2157 3551 ﬂumen
2189 3493 2356 3567 quasi
2384 3510 2487 3566 per
2516 3493 2745 3550 alveum
2770 3511 2874 3567 per
2898 3494 3191 3552 civitatem
3214 3498 3572 3564 currebat,se
3594 3498 3678 3554 ni-

409 3592 526 3651 mis
553 3592 614 3650 in
639 3593 1162 3653 lamentationibur
1188 3595 1429 3664 dedit,et
1458 3594 1625 3652 humi
1652 3594 1711 3651 in
1742 3591 2061 3650 orationem
2094 3594 2421 3665 prostratus
2446 3590 3074 3664 persistens,misertus
3095 3594 3380 3652 Dominus
3401 3597 3529 3669 ejus
3551 3612 3680 3653 ora-

410 3691 671 3749 tionibu
700 3697 836 3767 post
864 3692 1127 3751 triduum
1157 3693 1423 3750 cessavit.
1458 3694 1570 3750 Sed
1602 3680 1707 3765 per
1734 3690 1932 3765 plures
1965 3691 2092 3746 dies
2121 3706 2275 3763 aqua
2303 3689 2549 3746 Romam
2581 3680 2833 3746 detinuit
2863 3690 3156 3762 invasam;
3190 3694 3290 3765 qui
3325 3694 3450 3767 ipse
3479 3693 3682 3767 praeci-

411 3805 566 3863 puus
595 3789 864 3860 antistes,
898 3791 1095 3848 divina
1124 3796 1424 3865 permotus
1454 3790 1860 3864 inspiratione,
1888 3804 1993 3861 per
2022 3786 2319 3843 naviculas
2350 3787 2716 3842 morantibus
2748 3788 2839 3843 via
2870 3793 3006 3845 Lata
3036 3790 3195 3847 cibos
3220 3792 3538 3858 advexit,ut
3569 3809 3686 3849 non

306 3886 383 3944 45
420 3886 574 3945 fame
604 3892 972 3958 necarentur,
1004 3906 1071 3947 eo
1120 3891 1277 3962 quod
1327 3889 1573 3946 minime
1620 3887 1747 3945 suis
1790 3884 2106 3943 domiciliis
2132 3884 2285 3941 exire
2316 3883 2641 3956 nequibant
2671 3901 2787 3957 prae
2820 3885 3007 3942 nimia
3035 3887 3344 3944 altitudine
3376 3906 3685 3961 aquarum.

420 3984 802 4044 Postmodum
832 4004 966 4044 vero
996 3988 1251 4044 arefacta
1279 4003 1431 4059 aqua
1460 4003 1666 4043 omnes
1695 4002 1763 4042 ex
1790 3983 1922 4057 ipsa
1951 3982 2184 4056 regione
2212 3981 2306 4038 via
2336 3982 2481 4038 Lata
2507 3982 2568 4037 in
2598 3983 2772 4038 domo
2820 3984 3157 4041 consolatus
3202 3991 3310 4041 est.
3346 3988 3504 4043 Idem
3552 4004 3686 4045 vero

418 4074 859 4143 sacratissimus
888 4085 1102 4160 praesul
1129 4089 1329 4159 portas
1358 4101 1536 4142 aereas
1567 4084 1821 4156 majores
1852 4081 2015 4138 mirze
2046 4078 2472 4153 magnitudinis
2502 4080 2802 4136 decoratas
2833 4082 3095 4138 studiose
3126 4100 3159 4137 a
3189 4083 3419 4140 civitate
3451 4085 3684 4142 Perusi-

418 4197 498 4239 na
525 4181 822 4249 deducens
851 4183 913 4240 in
943 4182 1249 4241 basilicam
1279 4183 1433 4240 beati
1466 4182 1617 4239 Petri
1649 4178 1898 4255 apostoli
1931 4178 2004 4235 ad
2033 4181 2256 4235 turrem
2299 4182 2529 4251 compte
2573 4178 2774 4233 erexit.
2809 4178 2922 4235 Sed
2970 4179 3030 4234 in
3082 4179 3249 4237 titulo
3299 4181 3451 4237 beati
3506 4183 3687 4240 Marci

417 4279 695 4337 nutritori
728 4298 835 4338 suo
865 4281 1003 4338 fecit
1031 4284 1307 4355 patenam
1337 4285 1396 4338 et
1425 4270 1665 4338 calicem
1696 4285 1967 4335 sanctum
1997 4276 2068 4333 de
2098 4291 2240 4333 auro
2270 4272 2610 4348 purissimo,
2642 4290 2884 4346 pensau.
2917 4273 3098 4332 libras
3139 4277 3449 4349 undecim;
3479 4279 3598 4337 imo
3629 4285 3687 4338 et

298 4377 378 4433 20
414 4376 626 4435 caliees
658 4383 965 4454 argenteos
996 4383 1271 4454 quatuor,
1296 4396 1542 4453 pensau.
1574 4377 1757 4435 libras
1788 4374 2118 4433 duodecim.

496 4476 645 4535 ³67
683 4478 964 4536 Praeterea
991 4478 1052 4534 in
1083 4477 1327 4536 basilica
1355 4478 1659 4535 beatorum
1698 4476 1921 4532 Cosme;
1970 4478 2029 4530 et
2074 4469 2344 4529 Damiani
2392 4468 2664 4526 similiter
2711 4473 2984 4543 patenam
3033 4477 3101 4529 et'
3134 4473 3373 4531 calicem
3426 4491 3687 4540 ex.auro

418 4568 651 4649 obryso,
682 4592 926 4649 pensau.
957 4575 1139 4633 libras
1170 4575 1388 4650 pariter
1416 4574 1711 4644 undecim,
1745 4570 1976 4630 obtulit.
2007 4570 2223 4627 Verum
2254 4568 2430 4626 etiam
2460 4572 2522 4625 at
2551 4568 2611 4625 in
2642 4568 2912 4625 diaconia
2936 4571 3123 4626 sancti
3147 4572 3387 4629 Adriani
3415 4579 3690 4647 patenam

421 4675 479 4728 et
506 4672 746 4730 calicem
777 4691 847 4733 ex
869 4691 1012 4732 auro
1042 4675 1265 4732 mundo
1296 4673 1567 4740 contulit,
1588 4689 1833 4746 pensau.
1857 4667 2034 4728 simul
2068 4667 2248 4724 libras
2278 4665 2572 4723 undecim.
2612 4667 2765 4723 Fecit
2794 4671 2991 4725 autem
3024 4672 3081 4725 et
3112 4669 3170 4726 in
3204 4670 3471 4729 diaconia
3500 4673 3692 4730 sancti
3728 4748 3731 4749 ν

421 4770 662 4828 Adriani
691 4773 970 4847 martyris
1000 4790 1173 4830 arcus
1202 4774 1281 4829 de
1301 4776 1541 4846 argento
1572 4772 1743 4837 duos,
1774 4785 2019 4844 pensau.
2050 4767 2232 4823 libras
2261 4765 2488 4838 viginti.
2522 4765 2591 4821 Et
2616 4764 2677 4821 in
2706 4765 2951 4823 basilica
2977 4772 3192 4825 sancta
3224 4768 3487 4828 Martium
3520 4789 3691 4829 arcus

348 4869 386 4924 5
423 4868 495 4925 de
524 4874 764 4944 argento
793 4854 934 4939 tres,
954 4887 1199 4945 pensau.
1222 4870 1404 4928 libras
1433 4869 1693 4943 triginta.
1727 4870 1853 4925 Imo
1884 4871 1943 4924 et
1970 4865 2031 4922 in
2063 4863 2307 4922 ecclesia
2336 4879 2568 4936 semper
2594 4863 2838 4937 virginis
2870 4865 3086 4935 Mariae,
3119 4868 3275 4939 quod
3307 4869 3380 4925 ad
3411 4870 3695 4944 Martyres
3748 4883 3752 4886 ‘

419 4969 982 5039 voeatur,renovavit
1010 4969 1317 5043 cyburium
1349 4968 1421 5025 de
1450 4970 1713 5041 argento,
1730 4964 1886 5039 quod
1915 4981 1984 5021 ex
2012 4965 2303 5019 vetustate
2323 4963 2740 5033 consumptum
2770 4966 2911 5031 erat,
2936 4966 2994 5019 et
3024 4964 3251 5022 addidit
3280 4966 3341 5023 in
3372 4984 3440 5024 eo
3471 4968 3698 5042 argenti

425 5060 608 5121 libras
637 5066 1023 5140 sexaginta,et
1051 5067 1111 5123 in
1143 5064 1458 5140 pristinum
1493 5082 1627 5121 eum
1660 5062 1840 5120 erexit
1868 5061 2092 5121 noviter
2118 5058 2452 5116 locum.Sed
2485 5061 2543 5113 et
2573 5074 2774 5115 areum
2802 5058 2863 5114 in
2893 5062 3095 5118 eadem
3125 5065 3699 5122 venerabiliecclesia

425 5159 562 5217 fecit
590 5161 664 5219 de
692 5168 953 5238 argento,
984 5181 1230 5239 pensau.
1266 5163 1450 5220 libras
1466 5161 1797 5219 duodecim.
1830 5159 1935 5216 Hic
1964 5155 2346 5214 beatissimus
2378 5154 2635 5227 pontifex
2661 5155 2859 5213 omnia
2904 5158 3129 5217 utiliter
3177 5162 3515 5235 noviterque
3562 5162 3698 5217 fecit

419 5258 633 5315 tamin
666 5259 1054 5335 eleemosynis
1083 5277 1412 5335 pauperum
1440 5276 1739 5334 quamque
1782 5258 1843 5314 in
1892 5252 2254 5313 ornamentis
2302 5256 2641 5309 sanctarum
2691 5253 3070 5314 ecclesiarum
3121 5260 3450 5333 proficiens.
3481 5260 3695 5314 Verum

314 5353 389 5409 10
425 5354 602 5413 etiam
632 5374 875 5416 cursum
906 5376 1327 5418 consummans
1357 5362 1532 5432 atque
1562 5358 1738 5415 fidem
1768 5355 2151 5413 orthodoxam
2178 5344 2559 5409 solertissime
2574 5354 2942 5423 servans,Dei
2958 5358 3258 5413 vocatione
3284 5357 3463 5413 vitam
3487 5353 3697 5411 ﬁniens

434 5455 508 5511 ad
539 5459 819 5516 aeternam
849 5458 1121 5533 migravit
1148 5457 1434 5532 requiem.
1466 5457 1574 5524 Qui
1604 5456 1743 5512 fecit
1771 5452 2169 5513 ordinationes
2200 5451 2348 5506 duas
2371 5465 2474 5521 per
2503 5465 2767 5507 mensem
2800 5452 3473 5527 Martium;presbyteros
3493 5452 3702 5525 viginti

433 5555 994 5625 quatuor,diaconos
1024 5555 1581 5631 septem,episcopos
1615 5572 1718 5629 per
1747 5554 1976 5610 diversa
2004 5550 2133 5607 loca
2164 5563 2409 5604 numero
2440 5551 2678 5605 centum
2711 5551 3046 5623 octuaginta
3076 5550 3704 5625 quinque;etsepultus

430 5654 521 5708 est
550 5651 611 5709 in
644 5653 888 5713 basilica
917 5655 1069 5713 beati
1100 5654 1251 5714 Petri
1281 5653 1529 5729 apostoli
1558 5671 1638 5712 vu
1669 5651 1794 5712 Kal.
1825 5649 2114 5725 Januarii,
2146 5646 2332 5705 indict
2362 5647 2415 5703 4.
2450 5645 2582 5704 Fuit
2610 5652 2805 5707 autem
2856 5649 3216 5722 temporibus
3264 5648 3453 5708 Caroli
3504 5649 3705 5726 Magni

436 5765 615 5826 regis.
