4044 6168
248 214 412 279 me
1034 250 1041 255 -
1098 218 1467 281 HISTORIA
1510 218 1612 281 DE
1655 220 1859 284 vms
1904 176 2094 284 acM.
2143 223 2371 285 PONT.
2404 257 2483 269 —
2510 225 2662 288 LEO
2705 225 2813 287 111.
3501 227 3659 292 1210

1621 466 1912 537 XCVIII.
1969 467 2132 543 Ι.Εο
2183 466 2296 538 IlI.

1248 618 1412 669 anno
1452 621 1691 669 εηιιηιςτι
1730 608 1874 681 795,
1918 622 2310 673 consumar:
2352 622 2552 672 sonus
2593 611 2656 671 6.

1743 747 2168 765 _———_

464 829 618 889 858
655 832 771 889 Leo
802 831 1282 901 tertius,natione
1313 835 1633 904 Romanus,
1665 853 1733 892 ex
1760 841 1926 909 patre
1956 837 2232 911 A'zuppio,
2266 838 2416 895 sedit
2446 840 2631 898 adnos
2660 837 2903 914 viginti;
2935 856 3167 899 menses
3215 842 3500 917 quinque,
3531 842 3660 901 dies

393 930 593 986 decem
624 933 682 985 et
712 934 955 1002 septem.
989 930 1097 997 Qui
1125 948 1159 986 a
1188 948 1363 1004 parva
1397 937 1561 989 atate
1592 933 1651 988 in
1682 934 1955 991 vestiario
1986 935 2321 1008 patriarchii
2354 936 2644 995 enutritus
2675 942 2733 994 et
2764 938 3068 1007 educatus,
3103 954 3455 1015 omnemque
3486 940 3661 998 eccle-

391 1027 692 1084 siasticam
725 1026 1096 1101 disciplinam
1127 1029 1510 1102 spiritualiter
1537 1030 1821 1101 eruditus,
1846 1035 1965 1087 tam
1999 1033 2058 1087 in
2091 1033 2368 1107 psalterio
2401 1052 2699 1109 quamque
2745 1034 2805 1093 in
2834 1034 3042 1094 sacris
3091 1037 3302 1096 divinis
3338 1039 3661 1113 Scripturis

390 1124 634 1198 pollens,
668 1125 1067 1184 subdiaconus
1095 1127 1284 1184 factus
1314 1127 1375 1183 in
1406 1128 1749 1203 presbyterii
1802 1129 2078 1185 honorem
2132 1136 2436 1202 provectus
2485 1136 2592 1190 est.
2641 1133 2779 1191 Erat
2824 1133 2982 1191 enim
3029 1134 3120 1189 vir
3166 1139 3386 1204 castus,
3427 1135 3662 1212 loquela

313 1224 353 1280 5
381 1224 671 1280 facundus
701 1227 759 1279 et
782 1224 978 1280 animo
1005 1229 1301 1282 constans.
1336 1225 1443 1281 Ubi
1473 1243 1605 1282 vero
1636 1225 1969 1283 inveniebat
1998 1225 2254 1301 aliquem
2286 1230 2645 1303 pracipuum
2677 1231 3033 1289 monachum
3061 1231 3148 1289 vel
3183 1250 3415 1295 servum
3464 1234 3567 1299 Dei
3598 1230 3659 1291 in

391 1320 698 1395 colloquiis
729 1321 944 1378 divinis
973 1325 1028 1377 et
1058 1323 1487 1391 oratione,cum
1520 1341 1585 1381 eo
1608 1324 1844 1397 penitus
1863 1342 2068 1387 vacare
2098 1343 2214 1382 non
2246 1327 2531 1387 cessabat.
2556 1329 2626 1384 Et
2654 1328 2818 1387 valde
2845 1328 3144 1405 nimisque
3173 1331 3380 1389 hilaris
3416 1333 3476 1389 in
3508 1332 3660 1391 elea-

389 1419 650 1495 mosynis
679 1419 987 1489 existebat,
1019 1437 1220 1477 verum
1252 1421 1426 1478 etiam
1453 1427 1511 1479 et
1540 1422 1912 1479 inﬁrmorum
1945 1441 2186 1497 prorsus
2218 1424 2511 1483 maximus
2540 1425 2826 1497 visitator,
2860 1428 3185 1500 pradicans
3234 1428 3354 1487 illis
3401 1430 3659 1505 scriptu-

387 1518 587 1576 raliter
608 1518 705 1591 (a),
729 1523 796 1574 ut
823 1535 1025 1575 eorum
1057 1519 1285 1575 animas
1317 1519 1393 1592 (b)
1425 1519 1483 1575 in
1514 1520 1901 1596 eleemosynis
1926 1521 2296 1581 redimerent.

459 1616 613 1674 329
652 1616 759 1688 Qui
783 1615 980 1689 plures
1010 1617 1139 1687 ejus
1166 1616 1683 1689 praedicationibus
1714 1624 2061 1690 annuentes,
2096 1619 2381 1693 quidquid
2414 1618 2510 1676 ille
2537 1638 2640 1694 pro
2672 1620 2901 1683 Christo
2930 1626 3406 1692 commendabat,
3431 1626 3659 1684 occulte

385 1714 480 1771 die
508 1717 801 1786 noctuque
829 1713 1187 1787 pauperibus
1219 1715 1569 1787 erogabant;
1605 1715 1862 1777 fructum
1891 1714 2225 1774 animarum
2262 1717 2464 1775 crebro
2496 1718 2832 1794 oll‘erens(c)
2854 1719 3168 1778 salubriter
3216 1727 3346 1789 Deo.
3396 1725 3467 1780 Et
3513 1725 3657 1781 dum

386 1810 582 1868 taliter
612 1811 671 1866 in
701 1811 829 1887 ipso
857 1810 1131 1867 vestiario
1163 1810 1451 1884 pracipue
1480 1813 1697 1886 degens
1728 1813 2079 1886 splenderet,
2094 1818 2151 1870 et
2181 1815 2309 1889 ejus
2341 1814 2785 1874 solertissimam
2817 1834 3018 1878 curam
3040 1816 3165 1893 ipse
3185 1819 3496 1879 vestiarius
3518 1821 3658 1878 diri-

385 1912 567 1983 geret,
596 1908 670 1965 ab
700 1907 978 1965 omnibus
1010 1908 1417 1966 amantissime
1446 1908 1818 1987 diligebatur.
1835 1913 2198 1989 Quapropter
2226 1911 2423 1973 divma
2449 1912 2833 1989 inspiratione
2853 1932 2972 1977 una
3001 1916 3660 1993 concordia,eademque

310 2007 351 2064 5
386 2005 684 2063 voluntate
714 2024 750 2063 a
779 2005 1006 2064 cunctis
1037 2007 1439 2064 sacerdotibus
1479 2025 1581 2065 seu
1608 2008 1947 2083 proceribus
1997 2012 2054 2065 et
2097 2010 2256 2069 omni
2302 2010 2475 2082 clero,
2509 2027 2735 2067 necnon
2782 2015 2839 2068 et
2881 2014 3266 2089 Optimatibus
3309 2014 3400 2072 vel
3447 2019 3658 2074 cuncto

387 2103 604 2177 populo
635 2104 917 2173 Romano,
935 2104 1037 2160 Dei
1069 2107 1217 2160 nutu
1247 2104 1307 2160 in
1338 2104 1516 2161 natali
1541 2106 1618 2178 (d)
1642 2105 1796 2162 beati
1826 2106 2002 2183 primi
2027 2107 2303 2180 martyris
2335 2106 2614 2182 Stephani
2646 2107 2867 2169 electus
2896 2114 3006 2180 est,
3040 2115 3099 2168 et
3140 2111 3407 2185 sequenti
3454 2111 3549 2168 die
3596 2113 3656 2169 in

385 2200 567 2258 natali
586 2203 680 2271 (θ),
703 2200 892 2258 sancti
919 2200 1165 2259 Joannis
1195 2201 1444 2275 apostoli
1475 2207 1531 2258 et
1560 2202 1923 2279 evangelista
1955 2205 2025 2259 ad
2058 2203 2293 2260 laudem
2324 2208 2381 2260 et
2419 2205 2667 2277 gloriam
2697 2207 3115 2280 omnipotentis
3158 2209 3262 2264 Dei
3308 2210 3569 2285 pontifex
3597 2209 3658 2266 in

385 2300 521 2357 sede
550 2298 870 2372 apostolica
898 2298 1205 2356 ordinatus
1235 2303 1338 2356 est.
1375 2301 1513 2356 Erat
1544 2299 1700 2357 enim
1731 2301 2259 2357 ecclesiasticarum
2294 2319 2490 2358 rerum
2522 2302 2811 2373 defensor,
2846 2307 2902 2359 et
2930 2304 3359 2365 contrariorum
3409 2304 3657 2363 fortissi-

385 2413 519 2452 mus
548 2399 930 2472 expugnator,
961 2400 1020 2453 et
1046 2397 1228 2454 nimis
1275 2395 1656 2470 mitissimus,
1689 2403 1746 2454 et
1790 2398 1979 2454 cidem
2029 2398 2298 2455 Ecclesia
2343 2398 2656 2456 benevolus
2704 2401 3021 2474 praclarus
3070 2407 3315 2473 amator,
3348 2404 3554 2460 tardus
3585 2404 3658 2461 ad
3724 2416 3733 2427 ‘

268 2493 349 2551 40
383 2494 775 2562 inscendam,
808 2496 866 2550 et
893 2493 1057 2551 velox
1086 2495 1159 2550 ad
1194 2495 1628 2565 miserandum;
1663 2494 1808 2551 nulli
1841 2495 2064 2551 malum
2095 2510 2199 2571 pro
2232 2495 2386 2552 malo
2418 2496 2689 2564 reddens,
2724 2514 2912 2570 neque
2962 2498 3284 2560 vindictam
3333 2501 3658 2565 secundum

385 2591 659 2649 meritum
686 2592 972 2656 tribuens,
1006 2594 1106 2650 sed
1138 2593 1273 2669 pius
1302 2610 1368 2649 ac
1400 2593 1733 2650 misericors
1762 2610 1796 2649 a
1824 2597 2085 2667 tempore
2112 2594 2499 2651 ordinationis
2551 2612 2671 2651 sua
2725 2594 3001 2653 omnibus
3051 2597 3366 2671 studuit(f)
3388 2597 3657 2672 justitias

383 2690 801 2764 facere.(g)'liic
827 2707 961 2748 vero
992 2707 1194 2765 rogem
1216 2693 1296 2761 (ἢ)
1326 2689 1478 2748 clero
1508 2708 1615 2748 suo
1646 2691 1705 2746 in
1738 2692 2098 2765 presbyterio
2129 2692 2382 2748 maxime
2414 2692 2735 2765 ampliavit.
2760 2693 2921 2751 Fecit
2949 2693 3106 2751 enim
3138 2693 3197 2750 in
3226 2692 3475 2753 basilica
3502 2694 3658 2752 beati

387 2787 539 2843 Petri
570 2786 852 2863 principis
882 2788 1286 2862 apnstolorum
1317 2787 1590 2844 nutritori
1622 2805 1729 2845 suo
1774 2789 2146 2846 thuribulum
2193 2808 2436 2848 aureum
2467 2795 2601 2848 ante
2629 2790 2987 2848 vestibulum
3019 2791 3245 2861 altaris,
3278 2809 3442 2869 pens.
3477 2791 3659 2851 libras

381 2885 584 2942 decem
615 2890 672 2941 et
701 2890 947 2958 septem.
964 2885 1086 2943 Imo
1117 2889 1174 2942 ct
1202 2886 1263 2941 in
1296 2884 1661 2942 confessione
1680 2886 1947 2959 ejusdem
1975 2886 2220 2960 apostoli
2253 2905 2429 2962 rugas
2449 2906 2517 2944 ex
2537 2905 2678 2944 auro
2700 2888 3021 2962 purissimo
3048 2907 3183 2951 cum
3205 2889 3457 2964 gemmis
3478 2889 3660 2949 diver-

262 2982 345 3039 45
379 2982 488 3051 sis,
516 2999 762 3056 pensan.
794 2982 977 3039 libras
995 2983 1386 3057 quadraginta
1414 2987 1473 3040 et
1501 2983 1890 3040 novem.Item
1923 3001 2166 3040 coronas
2200 2985 2450 3061 majores
2472 2995 2776 3063 argenteas
2798 2990 2937 3054 tres,
2954 3002 3201 3061 pensan.
3220 2986 3403 3049 libras
3431 2990 3661 3051 trecen-

378 3083 473 3136 tas
503 3085 559 3137 et
588 3085 836 3154 septem.
867 3080 1086 3136 Verum
1108 3081 1283 3137 etiam
1316 3085 1373 3137 et
1393 3081 1648 3137 cortinas
1679 3080 1843 3137 albas
1873 3080 2228 3138 holosericas
2258 3086 2486 3139 rosatas
2516 3082 2800 3140 habentes
2821 3083 2881 3139 in
2913 3084 3107 3141 medio
3138 3101 3371 3146 crucem
3403 3085 3474 3147 de
3498 3086 3661 3160 chry-

384 3177 621 3235 soclabo
651 3177 735 3252 (ι’),
769 3182 826 3235 et
844 3178 1158 3252 periclysin
1190 3179 1262 3235 de
1292 3179 1534 3235 fundato
1566 3196 1768 3235 unam.

453 3276 611 3333 πο
642 3275 815 3333 Sarta
830 3292 963 3333 vero
985 3280 1138 3332 tecta
1169 3276 1421 3333 basilica
1450 3276 1608 3333 beati
1639 3276 1791 3333 Petri
1826 3277 2094 3350 apostoli,
2117 3277 2175 3333 id
2207 3281 2297 3334 est
2329 3295 2534 3335 navem
2566 3279 2874 3351 majorem,
2895 3281 2996 3338 sed
3028 3284 3086 3337 et
3116 3280 3291 3340 aliam
3322 3298 3528 3343 navem
3557 3299 3656 3340 su-

378 3391 486 3448 per
513 3374 694 3431 altare
724 3391 856 3430 cum
879 3373 1321 3448 quadriperticu
1354 3373 1531 3431 simul
1558 3379 1615 3431 et
1643 3375 2066 3447 fontem,atque
2088 3379 2219 3431 ante
2242 3375 2395 3432 fores
2418 3377 2977 3450 argenteas.Verum
3004 3378 3181 3435 etiam
3199 3383 3256 3435 et
3275 3383 3497 3440 turrem
3521 3398 3655 3453 cum

378 3471 629 3529 cameris
646 3471 774 3529 suis
805 3472 879 3529 ab
910 3471 1028 3529 imo
1059 3489 1246 3545 usque
1276 3473 1349 3528 ad
1383 3472 1922 3542 summum,omnia
1953 3472 2013 3528 in
2044 3473 2321 3530 omnibus
2353 3473 2577 3530 noviter
2606 3476 2971 3535 restauravit.
2987 3476 3313 3535 Prasertim
3339 3477 3655 3553 imaginem

374 3569 693 3627 Salvatoris
724 3587 859 3626 cum
891 3568 1133 3643 reliquis
1164 3568 1323 3625 mira
1352 3569 1809 3642 pulchritudinis
1840 3569 2132 3643 depictam
2172 3571 2243 3627 ad
2294 3571 2566 3627 decorem
2598 3574 3009 3649 suprascripta
3036 3573 3308 3633 Ecclesia
3329 3574 3389 3634 in
3423 3576 3656 3653 fastigio

300 3669 342 3725 5
367 3669 481 3724 sub
511 3684 650 3725 areu
683 3666 891 3740 majori
921 3668 1138 3741 posuit.
1170 3667 1299 3724 ’Pari
1333 3668 1504 3724 modo
1534 3671 1592 3724 et
1619 3667 1682 3724 in
1709 3668 1952 3725 basilica
1979 3668 2133 3725 beati
2156 3668 2316 3726 Pauli
2340 3669 2609 3755 apostoli,
2642 3674 2818 3747 atque
2848 3671 2907 3728 in
2938 3671 3185 3729 basilica
3210 3672 3527 3731 Salvatoris
3558 3673 3654 3730 in-

379 3771 505 3824 star
528 3768 594 3840 (j)
623 3766 914 3840 imagines
943 3766 1078 3823 fecit
1106 3770 1166 3822 et
1195 3766 1517 3823 constituit.
1535 3767 1701 3823 Sarta
1730 3771 1883 3823 tecta
1913 3784 2044 3823 vero
2077 3767 2231 3823 tituli
2264 3769 2447 3835 beata
2478 3769 2958 3843 Anastasia,qua
2989 3788 3024 3827 a
3049 3771 3260 3847 priscis
3291 3772 3656 3849 temporibus

377 3881 486 3939 per
508 3865 799 3921 incuriam
827 3869 1220 3930 marcuerant,
1253 3868 1311 3920 et
1342 3880 1485 3936 pene
1515 3882 1724 3920 casura
1754 3869 1937 3933 erant,
1969 3882 2077 3920 suo
2109 3865 2262 3921 almo
2285 3865 2479 3921 studio
2508 3866 2731 3923 noviter
2760 3867 3126 3923 restauravit.

451 3962 597 4020 861
638 3961 923 4020 Similiter
951 3966 1008 4019 et
1035 3961 1277 4019 titulum
1307 3966 1520 4018 sancta
1543 3962 1769 4018 Sabina
1799 3962 2061 4019 studiose
2091 3962 2404 4019 renovavit.
2439 3963 2503 4019 ln
2539 3980 2655 4036 quo
2702 3981 2835 4025 vero
2880 3962 3100 4039 templo
3149 3964 3336 4025 isdem
3384 3967 3654 4043 egregius

375 4059 594 4134 praeui
624 4060 761 4116 fecit
789 4076 857 4116 ex
882 4064 1120 4133 argento
1152 4074 1395 4116 coronas
1418 4060 1698 4133 quinque,
1727 4077 1964 4133 pensan.
1989 4059 2172 4116 libras
2199 4060 2674 4132 quatuordecim;
2708 4061 2966 4118 canistra
3014 4062 3152 4132 duo,
3194 4080 3440 4137 pensan.
3471 4063 3653 4125 libras

373 4162 495 4214 tres
527 4161 584 4214 et
614 4157 828 4225 semis;
860 4157 1147 4231 gabathas
1176 4157 1536 4214 interrasiles
1554 4158 1637 4227 (k)
1666 4174 1892 4227 novem,
1928 4173 2173 4231 pensan.
2209 4157 2388 4214 libras
2420 4158 2713 4216 undecim.
2748 4158 2905 4215 Fecit
2953 4163 3147 4217 autem
3197 4164 3255 4218 et
3297 4160 3357 4217 in
3409 4160 3653 4221 basilica

377 4255 558 4312 beata
579 4254 682 4311 Dei
712 4255 1039 4323 Genitricis,
1064 4272 1190 4328 qua
1220 4254 1548 4328 appellatur
1576 4256 1647 4311 ad
1678 4259 1969 4328 Prasepe;
2003 4254 2310 4328 cyburium
2341 4272 2410 4312 ex
2439 4260 2677 4328 argento
2705 4256 3217 4330 purissimo,quod
3238 4263 3447 4337 pensat
3468 4257 3650 4318 libras

294 4353 337 4409 5
376 4350 677 4409 sexcenias
707 4356 764 4408 et
792 4352 1096 4420 undecim;
1130 4350 1306 4408 simul
1339 4355 1396 4408 et
1424 4368 1601 4433 rugas
1632 4357 1939 4426 argenteas
1968 4353 2028 4407 in
2076 4351 2348 4427 ingressu
2388 4353 2755 4429 presbyterii,
2788 4370 3033 4429 pensan.
3056 4354 3239 4415 libras
3289 4357 3649 4443 octuaginta,

373 4453 551 4522 atque
581 4449 866 4507 cortinam
913 4450 1197 4522 majorem
1245 4448 1491 4506 sericam
1540 4448 1756 4518 albam,
1788 4449 2100 4507 habentem
2148 4450 2482 4524 periclysin,
2518 4457 2576 4513 et
2625 4468 2860 4509 crucem
2904 4453 2976 4509 de
3022 4452 3285 4511 fundato.
3334 4451 3457 4513 Imo
3497 4460 3555 4512 et
3585 4455 3645 4512 in

374 4544 773 4604 sacratissimo
813 4546 982 4604 altari
1028 4547 1237 4619 majori
1280 4547 1418 4603 feeit
1464 4551 1685 4604 vestem
1731 4547 1802 4604 de
1850 4548 2251 4621 chrysoclabo,
2280 4549 2594 4606 habentem
2646 4548 2956 4611 historiam
2989 4550 3328 4623 nativitatis,
3361 4556 3419 4608 et
3461 4554 3649 4610 sancti

252 4710 257 4713 κ
370 4643 701 4714 Simeonis,‘
719 4648 777 4701 et
806 4644 866 4700 in
897 4643 1090 4701 medio
1122 4643 1521 4701 cheritismon.‘
1552 4644 1744 4701 Simul
1776 4645 1952 4700 etiam
1984 4649 2041 4702 et
2073 4645 2131 4701 in
2160 4662 2392 4705 camera
2420 4646 2684 4719 ejusdem
2706 4645 2997 4716 Ecclesia,
3029 4646 3161 4709 etin
3184 4648 3648 4727 quadriparticu,

373 4758 601 4799 necnon
631 4745 688 4798 et
720 4758 965 4799 coronas
987 4745 1290 4819 argenteas
1316 4739 1799 4815 tres,pens.inibi
1829 4742 2010 4799 libras
2038 4748 2275 4800 centum
2308 4742 2699 4821 quadraginta
2726 4744 2986 4819 quinque
3017 4744 3081 4821 (ι)
3106 4747 3164 4802 et
3194 4746 3399 4809 uncias
3419 4765 3647 4813 novem.

258 4840 343 4898 ιθ
376 4839 605 4897 Interea
634 4842 691 4896 et
717 4839 779 4895 in
805 4838 1048 4896 basilica
1078 4839 1232 4896 beati
1277 4839 1488 4896 Christi
1524 4833 1814 4914 ‘martyris
1864 4841 2183 4907 Laurentii,
2218 4841 2331 4897 sita
2381 4842 2522 4899 foris
2570 4859 2791 4911 muros,
2826 4841 2960 4898 fecit
3004 4842 3295 4922 imagines
3343 4852 3652 4924 argenteas

370 4941 493 4994 tres
525 4954 539 4993 :
571 4936 906 5006 Salvatoris,
938 4937 1095 4994 beati
1126 4936 1276 4993 Petri
1306 4937 1574 5010 apostoli,
1602 4942 1659 4994 et
1687 4937 1875 4994 sancti
1901 4938 2215 5009 Laurentii,
2247 4957 2490 5013 pensan.
2523 4938 2699 5001 simul
2732 4939 2914 4997 libras
2944 4939 3373 5021 quinquaginta
3402 4949 3653 5022 quatuor

372 5039 431 5090 et
458 5034 640 5091 semis
665 5051 682 5090 :
716 5037 774 5091 et
800 5033 862 5090 in
892 5050 1057 5091 sacro
1088 5033 1257 5091 altari
1286 5034 1508 5091 vestem
1539 5035 1787 5091 sericam
1820 5035 2281 5109 chrysoclabam,
2308 5038 2621 5094 habentem
2648 5037 2962 5099 historiam
2992 5038 3311 5103 Dominica
3356 5042 3651 5115 passionis

370 5135 430 5187 et
457 5122 920 5188 resurrectionis.
953 5131 1218 5204 Itemque
1251 5131 1546 5189 renovavit
1576 5137 1735 5188 sarta
1764 5137 1918 5188 tecta
1941 5133 2095 5189 beati
2146 5132 2351 5191 Felicis
2406 5139 2464 5190 et
2491 5134 2737 5197 Audacti
2793 5141 3142 5215 martyrum,
3160 5139 3332 5215 juxta
3380 5145 3649 5200 sanctum

372 5219 621 5277 Paulum
652 5219 1004 5294 apostolum,
1038 5220 1139 5277 sed
1170 5226 1227 5277 et
1252 5220 1313 5276 in
1342 5220 1649 5278 basilicam
1699 5221 1890 5278 sancti
1947 5222 2189 5289 Manna,
2223 5227 2397 5295 atque
2446 5223 2602 5280 tituli
2647 5224 2805 5282 beati
2846 5223 3059 5284 Vitalis
3104 5226 3319 5286 Christi
3350 5226 3646 5318 martyris,

244 5317 337 5374 15
370 5332 597 5375 necnon
628 5320 688 5374 et
716 5318 1115 5376 eameterium
1142 5318 1299 5375 beati
1317 5319 1485 5389 Sixti,
1516 5323 1692 5392 atque
1721 5319 1968 5377 Cornelii
1996 5319 2092 5376 via
2121 5320 2329 5394 Appia.
2362 5319 2669 5395 Simulque
2700 5326 2758 5381 et
2786 5324 3190 5382 cameterium
3216 5325 3401 5382 sancti
3447 5317 3644 5394 Zotici,

366 5414 466 5472 vta
492 5414 797 5473 Lavieana.

1415 5522 1658 5569 NOTULE
1699 5522 2080 5570 HARGINALES
2122 5524 2446 5571 FABROTTI.

290 5599 931 5690 Ariﬂcriptunaskw),
959 5605 1027 5659 ut
1055 5618 1161 5676 pro
1181 5617 1324 5690 cuna
1350 5618 1679 5690 pauperum
1702 5603 2150 5690 animas-suas.“
2174 5607 2250 5680 (b)
2282 5608 2404 5690 Αζεἴ
2431 5607 2759 5690 offerentes.
2786 5600 3201 5690 '(d)lna.tallitio.
3233 5604 3325 5690 te)
3350 5604 3642 5690 ‘natalitjo.

214 5671 489 5760 ςίλ
679 5673 766 5760 ιθ)
1193 5674 1323 5757 79ᾂ.
1352 5671 1654 5760 '(hfroga,
1688 5676 1875 5760 idest,
1898 5671 2283 5750 stipendium.
2333 5671 2409 5748 (ἰ)
2435 5671 2827 5754 chrysodavol
2866 5671 2953 5749 '(j)
2978 5675 3188 5747 instar,
3218 5671 3281 5733 id
3302 5671 3385 5735 eu
3421 5676 3644 5736 similes

216 5742 538 5817 imagines.
570 5742 651 5818 (k)
677 5742 1051 5802 fntersatiles.
1105 5744 1168 5818 (ι)
1200 5742 1939 5820 ᾳιιὶῐιᾳὶιὰεἰηῖάίχυίηᾳὶιθ.
