4044 6168
348 148 499 210 1211
949 187 963 191 -
1497 147 1910 211 ANASTASlI

2167 149 2605 212 0THECARII.
3599 152 3764 213 1212

559 279 715 338 862
746 277 966 336 Pariter
990 282 1048 336 et
1076 278 1382 337 ecclesiam
1415 283 1627 336 sanetae
1654 280 1755 336 Dei
1784 279 2092 337 Genitricis
2123 297 2469 354 semperque
2499 281 2743 355 virginis
2791 280 2985 338 Mariae
3035 281 3284 338 dominae
3316 286 3549 348 nostrae,
3584 283 3768 340 sitam

490 377 546 434 in
580 377 916 444 Fonticana,
936 395 1063 451 quae
1095 394 1197 450 per
1225 377 1445 433 olitana
1464 383 1814 434 marcuerat.
1852 377 2004 433 Fecit
2035 382 2230 434 autem
2263 379 2448 435 isdem
2471 378 2684 451 praesul
2719 379 2778 434 in
2811 379 3053 436 basilica
3080 379 3334 436 doctoris
3365 381 3574 436 mundi
3608 381 3770 436 beati

490 475 653 532 Pauli
674 476 919 548 apostoli
949 475 1395 544 confessionem,
1429 475 1606 531 simul
1638 479 1695 531 et
1724 492 1900 549 rugas
1931 493 1998 531 ex
2027 493 2167 531 auro
2193 477 2425 548 obryzo,
2459 476 2742 533 habentes
2764 493 3028 550 gemmas
3060 478 3344 549 pretiosas
3395 479 3586 534 instar
3607 477 3777 533 beati

489 574 641 630 Petri
673 573 940 647 apostoli,
973 590 1216 646 pensan,
1251 572 1431 629 libras
1460 577 1696 629 centum
1727 572 2155 646 quinquaginta
2175 577 2232 629 et
2261 590 2394 642 sex;
2429 578 2486 630 et
2515 590 2692 646 super
2719 574 2915 646 ipsum
2947 590 3181 629 sacrum
3209 573 3390 631 altare
3437 575 3777 649 imaginem

418 674 456 729 5
491 689 727 730 auream
756 666 1070 727 habentem
1103 671 1459 727 Salvatorem
1490 674 1547 726 et
1591 670 1898 727 duodecim
1949 670 2261 743 apostolos,
2297 688 2538 744 pensan.
2591 671 2771 727 libras
2820 671 3198 744 septuaginta
3248 672 3540 745 quinque;
3575 673 3686 730 sed
3722 676 3786 728 et

493 787 785 829 cameram
815 770 1079 842 ejusdem
1106 767 1360 825 basilica:
1392 768 1450 823 in
1484 769 1723 823 modum
1759 768 1911 824 beati
1939 768 2091 824 Betri
2125 767 2372 840 apostoli
2409 769 2631 824 noviter
2662 768 2817 836 fecit,
2849 769 3170 841 praasertim
3201 774 3259 825 et
3289 787 3531 826 coronas
3551 787 3784 843 argen-

490 876 616 928 teas
645 874 784 936 tres,
819 884 1060 940 pensan.
1096 865 1154 921 in
1188 883 1305 921 una
1334 865 1516 921 libras
1547 866 1831 921 ducentas
1861 870 1919 921 et
1940 864 2174 938 viginti;
2205 869 2261 921 et
2289 865 2417 921 vela
2439 865 2766 922 holoseriea
2793 868 3019 938 majora
3050 866 3331 940 sigillata,
3353 867 3637 924 habentia
3670 886 3787 940 pe-

491 967 748 1042 riclysin,
780 970 836 1023 et
867 981 1098 1021 crucem
1130 964 1200 1019 de
1227 962 1478 1031 batthin,
1504 981 1606 1018 seu
1640 964 1880 1019 fundato
1913 980 2154 1020 numero
2187 963 2552 1036 quindecim;
2585 963 2710 1020 vela
2733 965 3069 1036 promiscua
3096 965 3324 1037 majora
3351 965 3422 1021 de
3439 964 3784 1038 quadraplo

491 1065 784 1130 investita,
808 1081 933 1136 quae
965 1063 1220 1136 pendent
1249 1061 1307 1116 in
1339 1062 1593 1118 arcubus
1624 1061 2014 1135 quadraginta
2042 1065 2189 1129 tres;
2213 1061 2340 1118 vela
2369 1061 2598 1118 modica
2628 1061 2906 1135 sigillata,
2939 1080 3065 1135 qua:
3111 1063 3368 1135 pendent
3398 1063 3457 1118 in
3509 1063 3786 1119 arcubus

387 1166 456 1224 10
493 1163 820 1221 minoribus
849 1165 1055 1217 ornata
1079 1158 1401 1232 quadraplo
1423 1158 1623 1232 viginti
1657 1176 1670 1212 :
1701 1159 1840 1215 item
1862 1158 1986 1214 vela
2016 1159 2246 1214 modica
2276 1160 2346 1215 de
2377 1159 2842 1232 stauracin,qua3
2874 1161 3131 1232 pendent
3159 1159 3219 1216 in
3251 1161 3506 1216 arcubus
3536 1162 3786 1228 decem,

493 1265 550 1318 et
578 1260 694 1318 alia
724 1261 943 1327 decem,
976 1275 1044 1313 ex
1073 1255 1287 1329 quibus
1319 1255 1431 1312 tria
1460 1255 1677 1312 habent
1707 1255 2016 1329 periclysin
2049 1257 2118 1311 de
2149 1256 2552 1328 chrysoclovo;
2589 1256 2728 1312 item
2759 1256 2885 1312 vela
2914 1261 3168 1330 quatuor
3213 1257 3310 1313 ﬁlo
3356 1257 3484 1330 pari
3523 1256 3791 1314 Alexan-

493 1357 689 1426 drina;
720 1355 860 1411 item
891 1353 1085 1410 velum
1118 1351 1361 1408 alithino
1396 1355 1608 1424 rotatu,
1641 1352 1864 1408 habens
1895 1351 2205 1426 periclysin
2229 1358 2386 1408 rotas
2416 1369 2552 1409 cum
2583 1353 2879 1422 cancellis,
2913 1358 2972 1410 et
3001 1353 3062 1408 in
3103 1353 3295 1410 medio
3345 1370 3578 1410 crucem
3635 1370 3786 1409 cum

493 1454 764 1528 gemmis,
791 1457 848 1508 et
878 1456 1130 1525 quatuor
1162 1454 1320 1507 rotas
1351 1450 1421 1506 de
1450 1450 1598 1523 tyrio
1631 1449 1726 1506 ﬁlo
1760 1467 1950 1522 pares.

565 1553 716 1609 808
750 1549 906 1606 Fecit
935 1552 1131 1604 autem
1164 1551 1221 1602 et
1250 1547 1309 1602 in
1341 1545 1582 1603 basilica
1612 1545 1764 1602 beati
1793 1547 2028 1602 Andreas
2062 1547 2133 1601 ad
2163 1546 2400 1602 beatum
2434 1547 2667 1602 Petrum
2691 1546 3021 1618 apostolum
3052 1563 3229 1620 rugas
3260 1552 3591 1620 argenteas,
3627 1564 3789 1621 pen-

495 1667 621 1707 san.
654 1648 833 1705 libras
862 1645 1215 1719 octuaginta.
1250 1644 1466 1701 Verum
1493 1644 1669 1700 etiam
1700 1633 1756 1700 et
1785 1644 1846 1700 in
1877 1643 2122 1700 basilica
2154 1644 2490 1709 Salvatoris,
2524 1661 2651 1716 quae
2685 1643 3012 1716 appellatur
3033 1644 3535 1712 Constantiniana,
3567 1663 3786 1702 came-

494 1764 619 1804 ram
643 1745 802 1803 mira
833 1743 1281 1818 magnitudinis.
1314 1743 1417 1799 Hic
1448 1742 1739 1799 almiﬁcus
1760 1741 1972 1816 prasul
1996 1741 2130 1798 fecit
2158 1742 2218 1797 in
2249 1741 2418 1798 altari
2451 1742 2658 1814 majori
2690 1741 2843 1798 beati
2874 1741 3025 1799 Petri
3056 1741 3453 1815 apostolorum
3487 1743 3791 1816 principis

493 1853 712 1902 vestem
756 1840 1196 1916 chrysoclabam
1247 1840 1518 1913 pretiosis
1564 1839 1814 1912 gemmis
1864 1843 2151 1908 ornatam,
2179 1839 2490 1896 habentem
2521 1839 2797 1895 historias
2849 1844 2970 1895 tam
3014 1838 3350 1908 Salvatoris,
3384 1841 3551 1897 beato
3605 1841 3788 1897 Petro

422 1946 460 2002 5
495 1941 758 2016 apostolo
789 1939 1009 2014 ligandi
1033 1937 1412 2011 solvendique
1442 1942 1790 2011 potestatem
1821 1937 2155 2004 tribuentis,
2189 1954 2484 2011 quamque
2506 1936 2843 2010 principum
2874 1937 3272 2010 apostolorum
3304 1938 3455 1994 Petri
3504 1943 3559 1995 et
3607 1937 3791 1996 Pauli

496 2041 833 2114 passionem
862 2038 1184 2110 ﬁgurantes
1205 2037 1365 2092 mira:
1398 2033 1823 2109 magnitudinis
1855 2035 1914 2090 in
1938 2034 2130 2091 natale
2159 2033 2556 2107 apostolorum
2591 2033 3080 2107 resplendentem.

571 2148 725 2204 864
763 2145 906 2201 Item
935 2142 1069 2200 fecit
1095 2146 1316 2200 vestem
1349 2141 1408 2197 in
1438 2141 1608 2197 titulo
1631 2140 1900 2198 Eudoxize
1930 2158 2108 2214 super
2135 2141 2316 2197 altare
2349 2140 2558 2214 tyriam
2601 2141 2918 2197 habentem
2965 2157 3186 2215 grypas
3233 2143 3507 2214 majores,
3539 2146 3600 2197 et
3631 2142 3790 2198 duas

497 2247 656 2300 rotas
684 2241 1096 2314 chrysoclabas
1125 2255 1260 2296 cum
1292 2255 1481 2306 cruce,
1501 2243 1558 2293 et
1588 2237 1924 2310 periclysin,
1955 2238 2302 2305 blatthin,et
2330 2237 2750 2312 crysoclavum.
2793 2239 2898 2294 Hic
2927 2243 3128 2295 autem
3178 2239 3521 2312 pracipuus
3566 2258 3793 2324 presul

501 2340 637 2398 fecit
667 2339 725 2395 in
752 2337 996 2395 basilica
1026 2337 1180 2393 beati
1210 2335 1359 2392 Petri
1382 2335 1628 2408 apostoli
1653 2334 1847 2390 larum
1867 2340 2210 2408 argenteum
2239 2340 2372 2391 ante
2395 2335 2823 2410 presbyterium
2845 2354 2981 2393 cum
3001 2336 3236 2409 gabatis
3258 2336 3560 2410 argenteis
3580 2337 3798 2412 trigin_

499 2443 578 2507 ta,
612 2441 668 2494 et
697 2435 1021 2494 canistrum
1051 2433 1319 2508 octogoni
1353 2434 1412 2489 in
1445 2433 1656 2500 medio,
1674 2450 1917 2506 pensan.
1950 2433 2132 2489 libras
2164 2435 2467 2508 sexaginta
2498 2439 2554 2490 et
2583 2438 2733 2503 tres;
2766 2439 2824 2490 et
2851 2434 2912 2490 in
2935 2435 3237 2492 cantharis
3256 2435 3702 2508 argenteis,tam
3727 2437 3793 2491 in

427 2539 465 2594 5
501 2536 750 2594 circuitu
782 2533 1006 2600 altaris,
1039 2549 1216 2606 quam
1246 2531 1305 2587 in
1336 2530 1694 2604 presbyterio
1725 2530 1922 2603 posuit
1952 2535 2273 2588 cereostata
2319 2534 2616 2605 argentea,
2646 2544 2812 2604 pens.
2837 2531 2983 2588 inibi
3012 2531 3196 2589 libras
3227 2533 3511 2589 ducentas
3551 2538 3614 2589 et
3641 2534 3793 2590 duo-

501 2633 708 2691 decim.
730 2633 800 2688 Et
828 2631 887 2686 in
919 2629 1099 2686 altare
1131 2629 1309 2686 beata:
1334 2627 1657 2684 Petronilla
1688 2627 1886 2700 posuit
1909 2631 2129 2684 vestem
2159 2627 2558 2685 de'stanracin
2582 2629 3104 2696 unam,habentem
3127 2628 3440 2702 periclysin
3463 2631 3536 2686 de
3557 2630 3790 2708 blattis,

503 2749 605 2789 seu
638 2728 1038 2804 chrysoclabo.
1074 2727 1232 2784 Fecit
1269 2731 1466 2782 autem
1515 2730 1572 2782 et
1617 2725 1676 2781 in
1724 2725 1967 2781 basilica
2015 2724 2350 2794 Salvatoris,
2385 2744 2511 2799 qua:
2551 2731 2608 2782 et
2655 2727 3157 2796 Constantiniana,
3187 2733 3409 2784 vestem
3455 2727 3787 2785 habentem

500 2829 807 2887 historiam
837 2824 1129 2890 Crucifixi,
1161 2828 1218 2881 et
1247 2825 1318 2880 de
1349 2823 1790 2881 Resurrectione
1821 2822 2053 2879 Domini
2085 2823 2269 2880 nostri
2292 2823 2433 2881 Jesu
2461 2823 2696 2891 Christi,
2728 2823 3046 2880 habentem
3095 2823 3406 2899 periclysin
3448 2826 3521 2882 de
3547 2826 3793 2897 chryso-

501 2927 686 2984 clabo.
739 2925 852 2983 Sed
903 2927 961 2980 et
1003 2923 1062 2978 in
1108 2920 1351 2978 basilica
1395 2920 1544 2977 beati
1596 2920 1912 2977 Clementis
1959 2925 2178 2977 vestem
2239 2921 2308 2977 de
2371 2920 2667 2977 stauracin
2716 2938 2916 2991 unam,
2968 2922 3280 2979 habentem
3332 2922 3654 2996 periclysin
3710 2925 3788 2980 de

398 3026 466 3081 10
495 3021 890 3100 chrysoclabo.
926 3018 1083 3078 Fecit
1138 3017 1313 3075 etiam
1361 3023 1420 3074 et
1465 3018 1524 3074 in
1572 3018 1826 3074 arcubus
1876 3017 2168 3091 argenteis
2216 3017 2472 3076 ecclesiae
2525 3018 2621 3075 Dei
2675 3019 2925 3092 apostoli
2972 3018 3102 3076 vela
3148 3020 3220 3076 de
3255 3020 3581 3077 stauracim
3613 3021 3784 3079 valde

502 3118 922 3195 pulcherrima.

576 3218 727 3275 805
763 3217 892 3290 Ipse
920 3232 1054 3272 vero
1084 3212 1414 3288 praecipuus
1445 3211 1702 3285 pontifex
1732 3212 1791 3269 in
1821 3212 1993 3270 titulo
2046 3214 2226 3270 beatae
2275 3215 2578 3285 Susanna,
2612 3215 2713 3271 ubi
2763 3219 2820 3272 et
2876 3215 3177 3289 presbyter
3234 3215 3545 3272 ordinatus
3577 3217 3788 3284 fuerat,

502 3317 643 3372 dum
703 3313 954 3371 breviter
999 3312 1333 3369 destructus
1383 3308 1611 3376 fuisset,
1642 3315 1700 3366 et
1723 3311 1851 3383 jam
1908 3329 2012 3384 per
2064 3309 2369 3384 longitana
2419 3317 2686 3385 tempora
2740 3312 2880 3386 ipsa:
2929 3311 3228 3386 parietinae
3260 3312 3679 3382 marcuissent,
3713 3315 3788 3370 ob

503 3413 754 3470 nimium
787 3428 1047 3468 amorem
1078 3407 1378 3483 ampliavit
1408 3402 1738 3477 aedilicium,
1772 3412 1829 3464 et
1857 3409 2082 3465 noviter
2128 3408 2188 3465 in
2232 3408 2417 3465 altum
2451 3410 2676 3466 fodiens
2723 3409 3136 3466 firmissimum
3191 3410 3387 3483 posuit
3435 3411 3788 3468 fundamen-

502 3515 651 3576 tum,
685 3514 741 3566 ct
771 3513 938 3565 eruta
977 3507 1219 3580 planitie
1270 3483 1514 3562 miriﬁce
1561 3505 1788 3562 excelsa
1833 3523 2010 3578 super
2059 3507 2187 3579 ipsa
2247 3507 2631 3564 fundamenta
2678 3507 2986 3563 mdificavit
3035 3506 3344 3564 ecclesiam
3393 3525 3533 3564 cum
3585 3509 3790 3565 absida

431 3609 468 3664 5
505 3606 892 3680 amplissima,
925 3610 984 3660 et
1039 3603 1348 3660 cacumina
1406 3603 1655 3660 mirifica
1709 3604 1780 3660 de
1835 3604 2085 3673 musivo,
2114 3609 2292 3676 atque
2349 3622 2642 3661 cameram
2701 3607 3034 3662 decoratam
3088 3622 3192 3661 seu
3242 3605 3698 3679 presbyterium,
3732 3613 3790 3662 et

505 3704 904 3779 pavimentum
963 3700 1357 3758 marmoribus
1414 3701 1678 3774 pulchris
1735 3702 1980 3758 ornavit.
2011 3702 2228 3758 Verum
2277 3702 2452 3758 etiam
2497 3704 2700 3759 dextra
2744 3703 3020 3776 laevaque,
3054 3707 3112 3760 et
3159 3704 3420 3776 porticus
3467 3705 3599 3776 ejus
3653 3721 3787 3761 cum

506 3801 800 3860 columnis
862 3800 1209 3857 marmoreis
1268 3799 1615 3856 construxit.
1639 3800 1750 3856 Sed
1811 3804 1869 3856 et
1924 3800 2335 3874 baptisterium
2397 3799 2476 3856 ibi
2533 3800 2856 3869 constituit,
2889 3801 2991 3856 ubi
3045 3804 3103 3857 et
3159 3801 3314 3858 dona
3361 3801 3597 3870 obtulit,
3629 3802 3786 3858 vide-

504 3900 659 3969 licet,
693 3898 978 3973 gabathas
1039 3914 1247 3954 aureas
1309 3897 1584 3954 fundatas
1641 3900 1780 3966 tres,
1841 3902 2158 3970 pensantes
2212 3897 2395 3954 libras
2450 3902 2703 3970 quatuor
2763 3902 2822 3954 et
2880 3897 3072 3968 senis;
3121 3915 3323 3955 cruces
3380 3916 3591 3956 aureas
3640 3901 3787 3956 duas

505 4015 638 4056 cum
667 3996 938 4071 gemmis,
971 4012 1215 4070 pensan.
1251 3994 1380 4051 libr.
1434 4011 1644 4063 unam;
1680 3999 1804 4051 tum
1847 3995 2042 4069 virgas
2092 4000 2418 4069 argenteas,
2447 4013 2690 4069 pensan.
2739 3995 2922 4052 libras
2977 4000 3097 4052 tres
3145 4000 3204 4051 et
3261 3995 3467 4052 uncias
3526 4002 3780 4071 septem;

399 4097 469 4152 40
506 4095 808 4153 lucernam
841 4098 1176 4168 argenteam
1209 4111 1409 4163 unam,
1441 4110 1686 4165 pensan.
1721 4091 1905 4149 libras
1936 4093 2223 4166 quinque;
2256 4093 2543 4168 imagines
2575 4098 2883 4166 argenteas
2915 4099 3053 4162 tres,
3085 4110 3307 4166 pensan
3341 4092 3526 4150 libras
3550 4095 3785 4168 triginta

507 4193 790 4267 quinque.

578 4293 734 4348 866
772 4290 930 4346 Pecit
977 4292 1036 4345 et
1065 4288 1492 4346 confessionem
1522 4289 1786 4360 ejusdem
1835 4287 2040 4344 altaris
2089 4305 2158 4344 ex
2205 4291 2445 4362 argento
2494 4287 2834 4362 purissimo,
2867 4305 3113 4362 pensan.
3147 4288 3328 4346 libras
3383 4293 3624 4346 centum
3674 4294 3785 4346 tres

509 4392 567 4446 et
597 4387 801 4444 uncias
821 4388 1000 4456 duas;
1035 4385 1339 4443 columnas
1369 4388 1674 4458 argenteas
1706 4390 1832 4442 octo
1865 4389 1921 4442 et
1949 4384 2285 4459 gammadia
2314 4386 2450 4454 duo,
2484 4390 2543 4442 et
2587 4403 2758 4443 arcus
2806 4386 2974 4455 duos,
3007 4402 3142 4442 cum
3189 4385 3467 4443 crucibus
3499 4386 3783 4460 argenteis

509 4485 792 4560 quinque,
821 4489 878 4542 et
906 4483 1192 4559 gabathas
1245 4482 1604 4557 quindecim,
1645 4500 1887 4557 pensan.
1940 4483 2118 4540 simul
2167 4482 2299 4540 libr.
2360 4487 2596 4540 centum
2655 4483 3125 4558 quinquaginta;
3157 4501 3390 4541 crucem
3452 4484 3780 4558 diacopton,

511 4599 678 4657 pens.
709 4582 843 4639 libr.
876 4579 1340 4655 quatuordecim.
1401 4579 1736 4637 Canistrnm
1793 4597 1862 4636 ex
1909 4581 2048 4637 cede
2101 4581 2320 4648 cal‘otii,
2355 4597 2520 4653 pens.
2564 4581 2745 4638 libras
2799 4581 3108 4638 duodecim
3159 4585 3217 4638 et
3265 4580 3480 4652 semis;
3515 4597 3780 4638 coronam

439 4683 473 4738 5
512 4682 795 4754 majorem
854 4680 926 4736 de
983 4683 1221 4751 argento
1281 4696 1400 4736 una
1447 4695 1582 4735 cum
1627 4677 1918 4750 delphinis
1966 4678 2209 4752 triginta
2251 4679 2504 4748 duobus,
2546 4695 2791 4752 pensan.
2822 4678 3004 4736 libras
3050 4678 3292 4753 triginta
3347 4680 3529 4748 duas;
3563 4696 3776 4736 necnon

513 4782 570 4834 et
598 4777 921 4834 canistrum
951 4780 1293 4850 argenteum
1324 4793 1531 4845 unum,
1565 4792 1810 4848 pensan,
1843 4774 2025 4832 libras
2045 4776 2245 4832 decem
2276 4780 2333 4832 et
2390 4780 2541 4846 octo,
2573 4777 2674 4833 sed
2723 4781 2782 4833 et
2831 4777 2990 4833 aliud
3041 4776 3366 4834 canistrum
3415 4781 3776 4850 argenteum,

515 4892 758 4950 pensan.
792 4874 973 4931 libras
1003 4875 1202 4931 decem
1233 4878 1290 4931 et
1320 4878 1478 4944 octo;
1511 4891 1652 4930 vasa
1698 4872 1974 4930 colatoria
2018 4877 2293 4947 argentea
2331 4874 2631 4944 deaurata,
2665 4892 2908 4948 pensan.
2941 4874 3122 4932 libras
3171 4879 3427 4947 quatuor
3475 4879 3534 4930 et
3588 4874 3780 4930 uncias

515 4977 661 5042 tres;
688 4971 969 5046 gabathas
1018 4976 1345 5046 argenteas,
1378 4971 1660 5028 habentes
1716 4969 1971 5044 gryphos
2027 4971 2360 5038 deauratos,
2411 4989 2653 5045 pensan.
2700 4972 2883 5028 libras
2941 4973 3124 5041 duas;
3177 4989 3422 5030 coronas
3483 4977 3782 5046 argenteas

517 5071 666 5127 duas
708 5086 842 5126 cum
892 5069 1184 5143 delphinis
1233 5070 1434 5126 decem
1484 5074 1542 5125 et
1588 5073 1735 5138 octo,
1770 5085 2013 5142 pensan.
2059 5067 2240 5126 libras
2290 5069 2490 5126 decem
2540 5075 2598 5126 et
2639 5087 2865 5126 novem.
2897 5069 3205 5126 Enimvero
3236 5070 3425 5126 isdem
3457 5071 3780 5144 praecipuus

412 5170 480 5226 lvO
518 5168 763 5225 antistes
797 5167 933 5225 fecit
961 5167 1021 5224 in
1051 5167 1252 5224 eadem
1283 5165 1531 5224 ecclesia
1559 5171 1778 5223 vestem
1828 5165 2268 5240 chrysoclabam
2319 5184 2452 5224 cum
2500 5167 2792 5241 periclysi,
2825 5183 2962 5224 cum
3015 5167 3393 5242 chrysoclabo
3444 5185 3654 5236 unam;
3686 5165 3780 5223 sed

517 5269 575 5322 et
603 5264 780 5321 aliam
827 5269 1047 5322 vestem
1098 5265 1170 5319 de
1221 5262 1496 5333 blatthin,
1531 5263 1845 5320 habentem
1879 5263 1939 5320 in
1991 5265 2181 5328 medio
2229 5281 2462 5321 crucem
2492 5265 2564 5321 de
2593 5264 3000 5339 chrysoclabo;
3025 5270 3085 5322 et
3115 5265 3349 5322 tabulas
3380 5264 3778 5339 chrysoclabas

519 5367 791 5436 quatuor,
821 5379 955 5418 cum
982 5360 1232 5434 gemmis
1264 5365 1518 5430 ornatas,
1553 5365 1728 5433 atque
1757 5363 2124 5434 gammadias
2150 5361 2210 5418 in
2239 5361 2369 5435 ipsa
2394 5367 2550 5419 veste
2581 5361 2992 5436 chrysoclabas
3024 5367 3296 5436 quatuor,
3330 5380 3466 5420 cum
3516 5359 3772 5436 periclysi

521 5461 594 5518 de
617 5459 1018 5534 chrysoclabo.

593 5559 739 5614 801
779 5556 936 5614 Fecit
965 5559 1164 5612 autem
1187 5557 1245 5611 et
1272 5554 1333 5610 in
1364 5554 1717 5626 patriarchio
1738 5556 2113 5614 Latcranensi
2143 5557 2464 5613 triclinium
2497 5558 2693 5628 majus
2714 5573 2892 5630 super
2905 5558 3104 5614 omnia
3131 5557 3385 5614 triclinia
3422 5555 3765 5614 nominisaae

522 5653 946 5727 magnitudinis
976 5655 1496 5726 decorata,ponens
1517 5651 1577 5708 in
1607 5668 1673 5708 eo
1704 5653 2086 5712 fundamenta
2114 5653 2538 5725 ﬁrmissima,et
2569 5655 2626 5711 in
2660 5654 2906 5713 circuitu
2928 5655 3168 5716 laminis
3190 5655 3530 5714 marmoreis
3550 5649 3756 5712 ornavit
