4044 6168
290 141 446 206 1213
1156 138 1527 203 HISTORIA
1569 139 1672 200 DE
1715 139 1921 203 VITIS
1964 139 2155 204 ROM.
2199 140 2515 204 PONT.-—
2540 141 2693 206 LEO
2736 143 2844 205 III.
3550 147 3708 212 1314

429 277 606 348 atque
634 271 1030 330 marmoribus
1058 270 1116 327 in
1177 270 1474 345 exemplis
1507 271 1734 329 stravit.
1767 272 1838 328 Et
1862 273 2108 330 diversis
2139 271 2450 341 columnis,
2479 277 2601 330 tam
2646 273 3067 348 porphyreticis
3117 291 3414 351 quamque
3461 275 3616 337 aldis
3646 287 3710 339 et

431 371 682 446 sculptis
711 387 846 427 cum
875 369 1115 426 vasibus
1139 375 1197 426 et
1226 369 1367 426 liliis
1397 369 1576 426 simul
1608 369 1875 442 postibus
1905 370 2199 426 decoravit
2229 387 2521 427 cameram
2553 387 2688 427 cum
2722 371 2927 428 absida
2957 373 3028 430 de
3058 373 3370 442 musivo,et
3397 375 3543 432 alias
3558 378 3708 435 duas

355 471 395 527 5
431 470 672 527 absidas
703 469 961 525 diversas
993 467 1268 525 historias
1298 462 1546 542 pingens
1577 485 1753 541 snper
1783 485 2144 524 marmorum
2177 469 2598 525 incrustatione
2629 469 2845 541 pariter
2867 469 2925 526 in
2947 470 3196 528 circuitu
3228 473 3619 532 decoravit.Et
3647 475 3708 532 in

430 567 674 625 basilica
700 568 882 624 beatae
913 567 1124 623 Priscae
1154 567 1290 623 fecit
1317 566 1506 623 isdem
1537 566 1783 622 antistes
1813 566 2056 623 calicem
2088 567 2402 623 fundatum
2433 571 2887 640 superauratum
2920 585 3104 625 unum
3136 575 3192 626 et
3220 586 3464 628 coronas
3494 576 3710 641 tres,ex

431 666 649 739 quibus
678 681 858 721 unam
885 664 1202 720 habentem
1233 663 1542 736 delphinos
1573 665 1859 731 decem,et
1890 663 2036 721 alias
2065 665 2214 722 duas
2244 682 2486 721 numero
2518 682 2758 729 novem;
2784 666 2885 721 sed
2916 670 2971 721 et
2991 667 3278 740 gabatbas
3300 674 3707 742 octo,pensan-

433 761 611 820 simul
642 761 824 819 libras
852 760 1060 835 viginti
1093 779 1299 818 novem
1333 779 1346 817 :
1379 765 1600 818 vestem
1632 759 1826 817 albam
1858 760 2244 819 holosericam
2277 767 2541 818 ornatam
2590 762 2648 818 in
2700 761 2952 819 circuitu
3003 763 3175 820 blatti
3224 766 3531 840 Byzanteo,
3562 772 3619 824 et
3649 766 3708 824 in

436 863 626 918 fronte
655 877 888 918 crucem
918 860 988 916 de
1017 859 1416 933 chrysoclabo.
1441 845 1476 870 ’

504 959 659 1017 888
694 958 797 1014 Hic
828 963 1024 1014 autem
1055 957 1402 1014 venerabilis
1431 962 1490 1014 et
1518 957 1931 1014 sanctissimus
1961 957 2174 1030 praesul
2203 959 2345 1015 dum
2377 958 2437 1014 in
2469 962 2673 1016 sancta
2701 959 2987 1016 catholica
3015 963 3072 1017 et
3102 961 3423 1033 apostolica
3444 963 3713 1021 Romana

434 1055 694 1115 Ecclesia
723 1072 826 1129 per
853 1055 1121 1112 ordinem
1151 1055 1614 1113 ecclesiasticum
1645 1055 1899 1129 degeret,
1930 1060 1987 1113 et
2016 1055 2197 1111 ritum
2245 1056 2576 1113 orthodoxae
2608 1056 2742 1114 fidei
2772 1062 3016 1127 teneret,
3048 1063 3224 1131 atque
3255 1076 3324 1116 ex
3353 1061 3514 1117 omni
3547 1067 3709 1134 parte

434 1160 557 1211 tam
587 1170 691 1228 per
718 1153 978 1209 diversas
1007 1153 1284 1209 ecclesias
1315 1169 1610 1226 quamque
1631 1152 1689 1208 in
1722 1153 2077 1225 patriarchio
2110 1153 2168 1209 in
2201 1153 2414 1226 amplis
2446 1153 2706 1211 adificiis
2731 1160 3078 1212 construens
3098 1160 3328 1230 compte
3352 1162 3585 1214 ornaret
3606 1162 3710 1230 (α),

435 1269 568 1309 cum
599 1250 692 1308 die
721 1249 978 1324 quadam
1009 1266 1170 1306 more
1199 1249 1368 1306 solito
1416 1249 1476 1305 in
1499 1249 1750 1319 letaniis,
1783 1267 1910 1322 quae.
1945 1251 2016 1306 ab
2048 1251 2323 1306 omnibus
2354 1252 2605 1324 Majores
2635 1251 3026 1326 appellantur,
3061 1255 3338 1326 proceder
3361 1259 3438 1323 et,
3473 1255 3572 1311 ubi
3605 1254 3718 1312 sibi

362 1349 401 1405 5
437 1347 690 1422 p0pulus
719 1345 949 1404 obviam
980 1364 1149 1403 sacra
1178 1346 1458 1420 religione
1489 1363 1791 1404 occurrere
1821 1349 2079 1414 deberet,
2111 1351 2168 1404 et
2199 1350 2524 1405 secundum
2555 1366 2815 1406 annuam
2847 1351 3333 1408 consuetudinem
3378 1351 3624 1410 letanias
3656 1356 3714 1409 et

437 1446 757 1503 missarum
789 1443 1076 1502 solemnia
1105 1461 1241 1502 cum
1271 1445 1674 1503 sacerdotibus
1705 1444 2044 1514 celebraret,
2067 1449 2123 1502 et
2154 1445 2538 1519 omnipotenti
2560 1446 2807 1504 Domino
2831 1464 2934 1520 pro
2957 1447 3146 1504 salute
3167 1448 3712 1524 Christionarum(b)

437 1543 640 1618 populi
669 1559 870 1617 preces
900 1543 1192 1611 funderet,
1223 1547 1282 1600 et
1307 1543 1633 1600 secundum
1682 1541 1962 1599 olitanam
2011 1543 2385 1600 traditionem
2416 1560 2451 1599 a
2481 1543 2703 1600 notario
2754 1548 2969 1601 sancta:
3021 1545 3292 1602 Romanae
3342 1546 3613 1604 Ecclosiaa
3646 1547 3707 1606 in

436 1641 681 1698 ecclesia
709 1640 866 1697 beati
901 1639 1132 1714 Georgii
1162 1640 1376 1697 Christi
1408 1641 1684 1713 martyris
1713 1640 1772 1696 in
1804 1640 1933 1712 ejus
1965 1641 2145 1697 natali
2177 1641 2306 1714 ipsa
2335 1640 2553 1697 letauia
2580 1642 2895 1716 praedicata
2936 1643 3165 1712 fuisset,
3199 1660 3404 1700 omnes
3453 1649 3575 1701 tam
3605 1646 3713 1703 viri

440 1755 734 1813 quamque
765 1737 992 1794 femina:
1024 1739 1231 1795 devota
1258 1742 1454 1794 mente
1485 1737 1821 1794 catervatim
1850 1737 1910 1794 in
1941 1738 2188 1794 ecclesia
2219 1739 2370 1796 beati
2401 1738 2617 1796 Christi
2648 1740 2925 1814 martyris
2957 1741 3276 1812 Laurentii,
3310 1757 3438 1814 qua:
3483 1743 3713 1803 Lucina

325 1838 400 1895 40
438 1834 942 1910 nuncupatur,ubi
972 1840 1030 1894 et
1057 1836 1302 1894 collecta
1331 1836 1608 1910 praedicta
1635 1836 1845 1904 inerat,
1878 1840 2277 1894 occurrerunt.

509 1935 664 1992 869
696 1932 804 1990 Ubi
836 1934 976 1989 dum
1008 1934 1324 2006 praedictus
1352 1933 1702 1990 venerabilis
1734 1933 1992 2006 pontifex
2012 1951 2046 1990 a
2065 1932 2419 2007 patriarchio
2441 1949 2715 2008 egressus
2736 1935 3203 2004 fuisset,obviam
3225 1936 3308 1991 illi
3334 1936 3460 1994 sine
3482 1937 3717 2011 planeta

440 2032 680 2105 iniquus
710 2050 815 2090 nec
845 2032 1128 2089 dicendus
1156 2031 1456 2088 Paschalis
1486 2031 1857 2105 primicerius
1887 2031 2225 2100 occurrit,et
2255 2032 2315 2088 in
2349 2032 2639 2107 hypocrisi
2672 2032 2902 2089 veniam
2947 2033 3020 2090 ab
3046 2032 3146 2090 illo
3176 2035 3427 2107 petebat,
3460 2035 3662 2093 dicens
3696 2053 3710 2092 :

439 2131 586 2198 Quia
608 2130 880 2186 infirmus
912 2134 1132 2196 sum,et
1160 2129 1289 2186 ideo
1321 2129 1448 2186 sine
1477 2129 1712 2202 planctu
1739 2129 1902 2198 veni;
1932 2133 2074 2186 tunc
2104 2129 2520 2188 sanctissimus
2550 2130 2763 2204 praisul
2783 2130 3013 2188 veniam
3033 2130 3119 2186 illi
3147 2132 3340 2201 dedit;
3370 2132 3640 2190 similiter
3659 2149 3718 2217 et

436 2228 753 2302 Campulus
781 2227 1122 2285 sacellarius
1147 2244 1161 2283 :
1186 2228 1246 2283 in
1276 2227 1541 2301 ipsorum
1573 2228 1882 2284 dolositate
1914 2229 2132 2301 pariter
2159 2227 2220 2284 in
2252 2227 2573 2302 pontificali
2604 2228 2885 2301 obsequio
2907 2233 3302 2302 pergentes,et
3323 2229 3521 2286 dulcia
3539 2231 3718 2294 verba

363 2331 402 2388 5
439 2347 566 2404 qua:
595 2346 711 2387 non
741 2329 1037 2386 habebant
1069 2328 1129 2384 in
1159 2333 1412 2402 pectore,
1446 2346 1580 2385 cum
1611 2346 1678 2385 eo
1710 2328 2013 2402 loquentes
2048 2347 2060 2386 :
2099 2329 2339 2403 maligni
2376 2328 2553 2386 etiam
2583 2334 2641 2386 et
2671 2327 2880 2403 iniqui,
2902 2347 2969 2386 ac
2995 2329 3527 2403 perversi,falsique
3545 2330 3718 2388 Chri-

442 2426 886 2501 stiani,prorsus
934 2426 1168 2499 pagani,
1193 2413 1297 2481 filii
1330 2425 1570 2497 diaboli,
1602 2426 1661 2480 in
1697 2443 1883 2482 unum
1916 2443 1978 2481 se
2007 2425 2269 2482 satanice
2301 2426 2658 2501 colligentes,
2693 2427 2848 2500 pleni
2884 2427 3088 2500 iniqua
3116 2427 3464 2501 cogitatione
3494 2429 3553 2485 in
3584 2429 3713 2503 ipso

439 2525 647 2582 itinere
677 2528 812 2580 ante
843 2523 1266 2579 monasterium
1297 2527 1635 2579 sanctorum
1669 2523 1949 2596 Stephani
1979 2528 2036 2579 et
2065 2522 2352 2591 Silvestri,
2385 2526 2540 2596 quod
2580 2525 2834 2581 domnus
2888 2524 3103 2581 Paulus
3147 2542 3300 2598 papa
3348 2525 3715 2595 fundaverat,

442 2621 594 2680 clam
621 2621 832 2678 armati
863 2621 1118 2688 astitere,
1152 2626 1328 2694 atque
1360 2624 1594 2693 repente
1626 2621 1698 2677 de
1728 2619 1854 2677 loco
1885 2620 2235 2676 insidiarum
2267 2621 2622 2692 exsilientes,
2647 2623 2722 2678 ad
2753 2622 2949 2695 ipsum
2981 2623 3162 2694 (quod
3204 2622 3366 2679 dictu
3417 2623 3581 2701 nefas
3609 2627 3718 2693 est)

438 2718 618 2793 impie
647 2718 1062 2776 trucidandum
1095 2719 1318 2790 absque
1349 2717 1470 2774 ulla
1500 2717 1822 2774 reverentia
1862 2718 2288 2787 conﬂuxerunt,
2326 2719 2603 2776 Paschale
2650 2720 2723 2776 ad
2774 2724 2952 2792 caput
2998 2724 3211 2788 stante,
3245 2723 3302 2776 et
3330 2719 3611 2793 Campulo
3643 2721 3716 2776 ad

328 2817 402 2874 40
438 2818 616 2892 pedes
645 2817 972 2874 secundum
1001 2815 1275 2889 iniquum
1305 2832 1509 2873 eorum
1541 2815 2002 2884 consilium.Quo
2035 2816 2204 2884 facto,
2237 2817 2454 2886 omnis,
2484 2817 2586 2890 qui
2617 2816 2772 2874 circa
2800 2834 2936 2874 eum
2967 2822 3111 2887 erat,
3145 2817 3421 2892 populus,
3442 2817 3716 2874 videlicet

439 2915 682 2972 inermis
711 2914 764 2972 ei
794 2915 855 2971 in
886 2914 988 2973 Dei
1017 2914 1208 2974 ofﬁcio
1233 2917 1618 2987 praeparatus,
1648 2913 1857 2970 timore
1888 2930 2189 2970 armorum
2222 2914 2585 2987 perterritus,
2618 2915 2679 2972 in
2710 2915 2910 2989 fugam
2940 2931 3254 2972 conversus
3283 2919 3392 2972 est.
3428 2915 3544 2989 Ipsi
3575 2931 3709 2972 vero

448 3012 823 3070 insidiatores
851 3017 1026 3085 atque
1055 3016 1389 3084 operatores
1418 3011 1709 3068 malorum
1737 3010 1980 3068 Judaico
2012 3028 2193 3080 more,
2228 3011 2355 3069 sine
2383 3012 2502 3069 ullo
2533 3012 2728 3069 divino
2756 3011 2846 3069 vel
2879 3013 3137 3070 humano
3179 3013 3420 3070 honoris
3472 3011 3713 3079 intuitu,

440 3109 624 3168 ferino
655 3127 816 3168 more
844 3110 1426 3182 comprehendentes,
1459 3108 1519 3165 in
1551 3114 1767 3166 terram
1797 3126 1932 3165 eum
1980 3111 2375 3183 projecerunt,
2407 3114 2464 3167 et
2493 3110 2719 3183 absque
2769 3110 2890 3166 ulla
2938 3109 3342 3168 misericordia
3395 3111 3717 3169 scindendo

441 3206 830 3282 exspoliantes
860 3225 1018 3279 eum,
1049 3206 1364 3265 crudeliter
1391 3207 1591 3265 oculos
1620 3207 1672 3264 ei
1703 3207 2028 3279 evellere,et
2054 3208 2250 3282 ipsum
2282 3208 2518 3281 penitus
2548 3225 2763 3265 caecare
2789 3209 2982 3265 eonati
3009 3209 3322 3266 sunt.Nam
3352 3209 3556 3284 lingua
3585 3211 3714 3283 ejus

339 3309 406 3365 15
442 3305 683 3382 praecisa
710 3310 822 3376 est,
851 3309 909 3363 et
938 3309 1003 3362 ut
1049 3304 1164 3379 ipsi
1211 3305 1450 3362 omnino
1472 3309 1613 3362 tunc
1663 3305 1928 3362 arbitrati
1978 3310 2136 3376 sunt,
2169 3323 2385 3363 caecum
2416 3324 2551 3364 eum
2576 3311 2635 3363 et
2665 3311 2898 3365 mutum
2931 3307 2990 3364 in
3024 3307 3218 3364 media
3253 3307 3448 3382 platea
3475 3306 3716 3364 dimise-

443 3409 598 3462 runt

514 3503 669 3558 πθ
698 3500 912 3558 Verum
942 3499 1056 3574 ipsi
1088 3499 1332 3574 maligni
1363 3501 1660 3557 Paschalis
1691 3506 1747 3556 et
1776 3501 2116 3575 Campulus,
2147 3502 2302 3558 sicut
2329 3503 2448 3559 veri
2480 3503 2693 3576 pagani
2726 3507 2782 3558 et
2811 3501 2999 3576 impii,
3029 3504 3100 3559 ad
3128 3503 3314 3576 ipsius
3367 3503 3716 3560 monasterii

447 3597 754 3657 ecclesiam
784 3603 918 3655 ante
946 3598 1373 3656 confessionem
1406 3615 1541 3654 eum
1573 3598 1890 3668 trahentes,
1921 3603 2056 3655 ante
2085 3598 2282 3672 ipsum
2313 3599 2640 3656 venerabile
2672 3600 2854 3657 altare
2887 3599 3102 3657 iterum
3135 3601 3334 3658 oculos
3363 3605 3422 3658 et
3452 3601 3717 3675 linguam

444 3697 698 3770 amplius
730 3696 1041 3754 crudeliter
1069 3700 1434 3754 eruerunt.et
1462 3696 1653 3770 plagis
1682 3714 1816 3753 eum
1847 3696 2094 3753 diversis
2122 3702 2180 3753 et
2201 3698 2460 3754 fustibus
2480 3699 2786 3766 caedentes,
2824 3698 3192 3756 laniaverunt
3212 3703 3270 3755 et
3291 3698 3636 3755 semivivum
3656 3698 3718 3754 in

444 3795 734 3870 sanguine
763 3795 1087 3852 revolutum
1122 3799 1258 3851 ante
1287 3794 1484 3867 ipsum
1516 3794 1695 3851 altare
1726 3794 2114 3865 dimiserunt;
2148 3796 2528 3868 postmodum
2549 3812 2683 3851 vero
2705 3797 2816 3852 sub
2841 3796 3109 3852 custodia
3128 3796 3188 3852 in
3213 3795 3341 3868 ipso
3364 3796 3717 3853 monasterio

369 3895 409 3950 5
445 3893 1055 3950 dimiserunt.Timore
1088 3897 1286 3949 autem
1318 3891 1608 3965 perterriti
1640 3909 1712 3948 ne
1741 3909 1776 3948 a
1803 3892 2152 3949 Christianis
2183 3892 2524 3949 hominibus
2555 3893 2785 3949 furatus
2813 3892 2948 3949 inde
2979 3893 3354 3962 fuisset,tunc
3385 3892 3716 3968 malignum

446 3991 760 4048 consilium
791 3991 1006 4064 adepti,
1041 3991 1194 4047 sicut
1223 3990 1349 4064 ipse
1381 3990 1749 4063 hegumenus
1778 3989 2119 4046 monasterii
2150 3989 2338 4046 sancti
2369 3989 2596 4046 Erasmi
2617 3993 2688 4059 (ο)
2711 3991 3013 4062 professus
3043 3995 3151 4058 est,
3185 3991 3447 4047 fecerunt
3476 4007 3611 4047 eum
3642 3991 3717 4046 ad

445 4105 510 4145 se
537 4089 734 4146 venire
762 4088 913 4145 clam
943 4105 1046 4161 per
1074 4092 1325 4155 noctem,
1357 4092 1480 4143 tam
1513 4087 1809 4144 Paschalis
1839 4087 2267 4162 malignus,qui
2299 4092 2439 4144 tunc
2469 4087 2842 4160 primicerius
2873 4093 3016 4158 erat,
3047 4104 3223 4162 quam
3269 4087 3592 4162 Campulus
3622 4105 3716 4144 sa-

445 4185 742 4254 cellarius,
775 4190 835 4242 et
864 4187 1105 4243 Maurus
1134 4185 1484 4258 Nepesinus,
1517 4189 1575 4242 et
1605 4184 1891 4242 miserunt
1919 4203 2055 4242 eum
2081 4185 2142 4241 in
2174 4185 2518 4259 praedictum
2565 4185 2988 4242 monasterium
3040 4186 3226 4243 sancti
3277 4185 3539 4243 Silvestri
3581 4202 3716 4242 cum

446 4283 714 4357 pluribus
743 4283 964 4356 iniquis
994 4283 1402 4340 consentaneis
1434 4283 1696 4356 ipsorum
1729 4283 2301 4356 malefactoribusEt
2325 4283 2410 4340 sic
2437 4299 2540 4357 per
2568 4286 2798 4339 noctem
2827 4300 2964 4340 eum
2995 4283 3200 4340 exinde
3228 4281 3608 4339 abstollentes
3639 4283 3715 4355 (ἀ)

337 4382 411 4439 40
447 4381 813 4438 deduxerunt
840 4380 899 4436 in
930 4379 1352 4437 monasterium
1385 4380 1571 4436 sancti
1601 4379 1913 4448 Erasmi,et
1940 4379 2001 4435 in
2031 4384 2192 4436 arcta
2221 4384 2277 4436 et
2305 4384 2559 4454 angusta
2587 4380 2855 4437 custodia
2874 4397 3010 4437 eum
3033 4379 3537 4436 recluserunt.Sed
3561 4379 3716 4436 Deus

447 4477 946 4552 omnipotens,qui
975 4494 1178 4535 eorum
1208 4476 1497 4534 malitiam
1528 4477 1882 4550 praasciendo
1913 4477 2015 4533 diu
2049 4477 2337 4550 patienter
2366 4475 2800 4550 sustinuit,ipse
2828 4495 3032 4535 eorum
3064 4477 3297 4551 iniquos
3326 4480 3573 4533 conatus
3605 4476 3716 4532 mi-

448 4576 710 4633 rabiliter
731 4575 1298 4648 destruxit.Coutigit
1327 4574 1855 4647 enim,cooperante
1886 4575 2002 4631 Deo
2031 4579 2087 4630 et
2118 4575 2285 4631 beato
2318 4574 2484 4630 Petro
2514 4573 2776 4647 apostolo
2807 4574 3182 4647 suffragante,
3207 4573 3362 4646 quod
3386 4571 3718 4629 antedictus

447 4691 602 4748 papa
625 4690 760 4730 cum
790 4673 861 4729 ab
894 4673 1038 4746 ipsis
1071 4671 1444 4728 carnificibus
1475 4670 1533 4726 in
1581 4671 2003 4728 monasterium
2033 4672 2220 4728 sancti
2252 4671 2479 4729 Erasmi
2509 4670 2570 4727 in
2603 4671 2930 4728 custodiam
2963 4668 3575 4737 mi'teretur,Domino
3606 4686 3719 4725 an-

447 4775 663 4828 nuente
689 4776 864 4844 atque
905 4772 1075 4828 beato
1105 4770 1392 4843 clavigero
1425 4770 1588 4826 Petro
1621 4769 1784 4843 regni
1815 4769 2094 4826 caelorum
2137 4771 2518 4843 suffragante,
2550 4773 2617 4826 ut
2642 4769 2836 4826 visum
2867 4768 3148 4842 receperit
3175 4773 3232 4826 et
3253 4767 3518 4841 linguam
3538 4767 3612 4824 ad
3632 4766 3716 4824 lo-

340 4870 414 4926 15
447 4869 749 4942 quendum
781 4867 865 4924 illi
892 4868 1164 4925 restituta
1195 4867 1290 4923 sit.

519 4967 666 5023 811
701 4966 771 5022 Et
801 4970 865 5022 ut
892 4966 1225 5022 ostenderet
1253 4965 1622 5037 omnipotens
1653 4965 1806 5022 Deus
1839 4983 2017 5038 super
2045 4983 2223 5022 suum
2255 4964 2542 5022 famulum
2574 4964 2806 5022 solitam
2849 4965 3311 5022 misericordiam
3343 4969 3402 5021 et
3432 4981 3714 5038 magnum

450 5063 823 5132 miraculum,
849 5063 1045 5120 divino
1076 5066 1222 5119 nutu
1253 5062 1383 5134 ejus
1411 5079 1446 5118 a
1472 5062 1746 5120 fidelibus
1772 5063 2123 5120 Christianis
2152 5062 2316 5134 viris,
2347 5062 2616 5120 videlicet
2644 5080 2747 5136 per
2773 5063 3052 5120 Albinum
3100 5062 3529 5120 cubicularium
3579 5079 3715 5118 cum

447 5157 580 5216 aliis
602 5158 872 5216 fidelibus
899 5160 1084 5217 Deum
1114 5157 1536 5227 metuentibus,
1567 5175 1636 5214 ex
1665 5158 1790 5232 ipso
1822 5175 1956 5216 eum
1987 5159 2240 5216 claustro
2271 5159 2496 5216 occulte
2527 5159 2925 5228 abstollentes,
2957 5159 3017 5216 in
3068 5159 3313 5217 basilica
3358 5157 3510 5214 beati
3563 5156 3713 5212 Petri

446 5256 846 5331 apostolorum
878 5256 1183 5330 principis,
1207 5256 1305 5314 ubi
1327 5261 1384 5314 et
1412 5257 1553 5330 ejus
1573 5258 2038 5315 sacratissimum
2070 5275 2283 5331 corpus
2315 5257 3092 5330 quiescit,deduxerunt.0ui
3110 5272 3313 5314 omnes
3334 5253 3640 5311 audientes
3660 5254 3716 5306 et

373 5354 412 5410 5
445 5354 708 5411 videntes
733 5353 1028 5412 mirabilia
1058 5353 1290 5427 Dei,qui
1321 5354 1690 5411 innocentem
1718 5357 2016 5427 etjustum
2045 5356 2379 5428 pontificem
2401 5354 2472 5408 de
2494 5353 2767 5411 manibus
2790 5355 3162 5412 inimicorum
3185 5348 3715 5422 eruit,glorificave-

449 5456 586 5506 runt
617 5451 931 5506 Dominum
962 5451 1170 5522 Deum,
1201 5451 1461 5507 dicentes
1495 5467 1508 5504 :
1539 5451 1859 5507 Benedictus
1887 5454 2156 5508 Dominus
2184 5453 2324 5507 Deus
2355 5451 2543 5517 Israel,
2577 5452 2677 5523 qui
2704 5453 2842 5524 facit
2887 5451 3179 5507 mirabilia
3213 5461 3419 5513 magna
3465 5442 3632 5511 solus,
3662 5449 3716 5498 et

446 5564 558 5604 non
585 5547 824 5605 deseruit
851 5558 1124 5620 sperantes
1145 5551 1206 5605 in
1225 5565 1282 5605 se
1300 5550 1388 5618 (θ).
1411 5548 1521 5604 Sed
1543 5547 1602 5603 in
1632 5565 1698 5604 eo
1729 5549 2070 5622 adimplevit
2100 5547 2563 5606 misericordiam
2595 5553 2858 5617 suam,ut
2878 5546 3350 5603 manifestaretur
3379 5539 3562 5615 gloria
3585 5539 3712 5610 Dei,

1488 5662 1735 5709 NOTULE
1776 5665 1859 5708 MA
1870 5663 2161 5710 RGINALRS
2204 5664 2500 5710 FABROTTI
2512 5693 2525 5707 .

352 5754 458 5825 ,(a)
486 5752 670 5812 Baron
699 5770 833 5814 anu.
861 5755 990 5815 799.
1065 5751 1510 5827 (b).Christiani.
1586 5753 1657 5826 (ο)
1688 5753 1994 5812 Gerasimi.
2072 5755 2148 5829 (ἀ)
2179 5754 2609 5813 abstrahentes.
2687 5753 2758 5824 (e)
2787 5751 2934 5808 Psal.
2967 5765 3134 5808 xxxv.
