4044 6168
234 188 391 251 m7
1090 183 1454 246 HISTORIA
1499 135 1617 245 ne
1647 182 1848 247 VFBIS
1894 184 2081 247 non.
2127 184 2360 251 PONT.
2395 216 2472 233 α·-
2499 190 2649 251 LEO
2694 188 2795 250 111.
3489 190 3657 255 ists

377 323 437 377 et
462 333 600 376 cum
631 331 847 390 magno
876 316 1096 373 honore
1126 319 1443 389 susceptus
1473 315 1701 387 fuisset,
1736 316 1871 373 fecit
1900 317 1959 373 in
1986 318 2252 377 eamdem
2283 318 2591 377 ecclesiam
2639 322 2981 395 congregari
3032 321 3503 398 archiepiscopos
3544 341 3651 385 stu

381 417 717 491 episcopos,
743 414 986 473 abbates
1043 416 1105 470 et
1159 430 1394 471 omnem
1444 413 1809 472 nobilitatem
1871 417 2231 474 Francorum
2288 422 2465 489 atque
2517 418 2941 488 Romanorum,
2992 425 3054 478 et
3109 421 3387 480 sedentes
3435 423 3660 496 pariter

302 519 342 574 5
376 520 500 574 tam
530 530 787 587 magnus
817 529 917 568 rex
953 529 1132 585 quam
1182 512 1563 568 beatissimus
1611 513 1893 586 pontifex,
1924 514 2185 572 fecerunt
2229 515 2484 574 residere
2531 521 2593 572 et
2638 518 3051 576 sanctissimos
3095 520 3565 593 archiepiscopus
3596 524 3656 578 et

382 613 649 683 abbates,
677 609 975 669 stantibus
1020 609 1269 682 reliquis
1322 612 1726 668 sacerdotibus
1783 616 1842 667 et
1893 612 2279 685 optimatibus
2337 616 2713 684 Francorum,
2749 619 2808 670 et
2856 604 3283 685 Romanorum,
3314 621 3387 674 ut
3407 617 3658 676 crimina

378 726 510 782 qua:
540 710 823 766 adversa:
853 707 1079 765 almum
1110 708 1450 782 pontiﬁcem
1479 709 1599 765 dict
1618 730 1635 765 ι
1682 710 1939 777 fuerant,
1967 710 2331 768 declinarent
2355 714 2457 782 (ιι).
2487 711 2595 779 Qui
2629 711 2891 769 universi
2937 712 3384 787 archiepiscopi,
3412 720 3473 773 et
3497 715 3654 790 epis-

381 806 532 880 copi,
566 812 624 863 et
648 807 891 863 abbates
932 805 1287 863 unanimiter
1338 806 1664 876 audientes,
1693 808 1967 864 dixerunt
1999 824 2012 863 :
2040 808 2158 865 Nos
2206 810 2405 867 sedem
2452 809 2865 884 spcttolicam,
2888 825 3016 881 quae
3048 815 3140 868 est
3166 817 3355 885 caput
3389 812 3658 870 omnium

381 905 485 962 Dei
517 903 1225 978 Ecclesiarum,judicare
1258 921 1376 961 non
1407 905 1730 976 audemus;
1765 922 1902 961 nam
1931 906 2007 962 ab
2036 905 2169 980 ipsa
2216 924 2324 963 nos
2372 923 2580 965 omnes
2622 910 2682 964 et
2726 906 2941 965 vicario
2985 924 3093 964 suo
3137 908 3500 981 liudicamur,
3531 910 3662 984 ipsa

272 1005 347 1063 10
385 1008 583 1063 autem
609 1020 651 1061 ι
676 1002 909 1060 nemine
930 1002 1257 1075 iudicatur,
1289 1003 1789 1076 quemadmodum
1820 1007 1879 1061 et
1906 1003 2228 1077 antiquitas
2261 1022 2393 1061 mos
2420 1004 2535 1061 fuit
2560 1022 2574 1060 :
2608 1005 2712 1062 sed
2742 1004 2902 1063 sicut
2933 1004 3071 1079 ipse
3107 1022 3379 1065 summus
3405 1008 3661 1081 pontifex

382 1099 699 1168 censuerit,
728 1099 1013 1158 canonice
1036 1099 1402 1159 obediemus.
1430 1092 1796 1159 Venerabilis
1822 1117 1958 1158 vero
1988 1101 2204 1175 presu-l
2232 1101 2465 1176 inquit:
2490 1103 2995 1160 Praedecessorum
3022 1120 3289 1161 meorum
3311 1105 3657 1178 pontificum

385 1197 631 1273 vestigia
660 1214 892 1270 sequor,
926 1203 986 1255 et
1015 1198 1089 1256 de
1114 1197 1335 1256 talibus
1364 1197 1531 1257 falsis
1559 1197 2092 1266 criminationibus,
2124 1216 2253 1273 qua:
2279 1216 2457 1273 super
2487 1216 2580 1256 me
2620 1199 2904 1273 nequiter
2940 1206 3306 1270 exarserunt,
3335 1219 3429 1259 me
3456 1202 3663 1276 purifi-

389 1314 521 1356 ωλι-θ
549 1300 792 1370 paratus
823 1313 979 1353 sum.

459 1395 614 1453 315
648 1393 781 1452 Alia
806 1411 943 1453 vero
974 1394 1068 1450 die
1096 1394 1159 1451 in
1177 1394 1393 1453 cadem
1412 1392 1663 1453 ecclesia
1684 1394 1838 1451 beati
1870 1393 2024 1450 Petri
2055 1394 2324 1468 apostoli,
2357 1412 2491 1453 cum
2523 1412 2730 1454 omnes
2758 1398 3408 1471 adessent-gemraliter
3435 1399 3662 1457 archie-

386 1492 611 1568 piswpi
642 1509 745 1550 seu
775 1492 1033 1566 episcopi
1062 1497 1124 1549 et
1150 1492 1419 1560 abbates,
1447 1496 1509 1549 et
1533 1509 1737 1550 omnes
1764 1492 1972 1550 Franci
1999 1492 2101 1566 qui
2148 1492 2206 1549 in
2260 1494 2499 1551 servitio
2544 1495 2819 1567 ejusdem
2860 1495 3060 1569 magni
3111 1495 3269 1570 regis
3315 1497 3571 1565 fuerunt,
3602 1501 3663 1554 et

387 1591 582 1651 cuncti
607 1590 874 1659 Romani,
910 1590 969 1646 in
1000 1591 1204 1648 eadem
1236 1589 1483 1647 ecclesia
1530 1590 1687 1648 beati
1726 1590 1894 1649 ~Pctri
1945 1590 2218 1664 apostoli,
2252 1591 2312 1648 in
2363 1608 2566 1648 eorum
2614 1593 2944 1665 praesentia,
2979 1593 3341 1667 amplee'ens
3385 1595 3662 1668 praefatus

385 1688 738 1749 venerabilis
765 1689 1026 1762 pontifex
1053 1692 1261 1746 sancta
1286 1687 1501 1746 Christi
1531 1692 1786 1762 quatuor
1809 1687 2125 1762 Evangelia
2150 1705 2351 1746 coram
2376 1689 2656 1748 omnibus
2702 1691 2967 1748 ascendit
3005 1690 3069 1748 in
3096 1693 3430 1761 umbonem,
3461 1696 3524 1750 et
3549 1693 3660 1750 sub

312 1790 354 1845 5
376 1788 766 1862 jurejurando
799 1786 959 1844 clara
985 1803 1123 1845 voce
1153 1786 1302 1842 dixit
1331 1803 1349 1843 :
1376 1786 1523 1852 Quia
1551 1787 1629 1843 de
1652 1785 1784 1844 istis
1814 1785 1979 1843 falsis
2009 1785 2377 1855 criminibus,
2411 1804 2541 1860 quis
2570 1804 2749 1861 super
2788 1804 2885 1845 me
2929 1788 3346 1862 imposuerunt
3389 1789 3660 1857 Romam,

390 1886 491 1959 qui
522 1884 723 1958 inique
752 1901 847 1941 me
876 1882 1169 1958 persecuti
1200 1887 1361 1955 sunt,
1392 1881 1702 1940 scientiam
1732 1900 1849 1940 non
1877 1883 2084 1952 habeo,
2117 1901 2224 1941 nec
2270 1884 2412 1941 talia
2456 1885 2647 1958 egisse
2695 1903 2791 1944 me
2837 1902 3144 1960 cognosco.
3176 1888 3380 1944 Etboc
3425 1891 3661 1961 peracto

395 2000 611 2040 omnes
632 1981 1084 2055 archiepiscopi,
1112 1980 1372 2055 episcopi
1400 1984 1459 2038 et
1485 1981 1749 2049 abbatcs,
1783 1985 1842 2039 et
1871 1981 2068 2040 cuncti
2099 1981 2293 2039 clerici
2323 1981 2544 2039 letania
2571 1983 2747 2052 facta,
2776 1983 2983 2040 laudes
3010 1984 3299 2041 dederunt
3325 1984 3445 2042 Deo
3488 1988 3663 2059 atque

393 2081 495 2138 Dei
522 2079 800 2139 Genitrici
831 2095 1182 2153 semperque
1208 2078 1422 2153 virgini
1453 2079 1675 2150 Mariae,
1704 2079 1952 2139 dominae
1982 2084 2217 2147 nostris,
2249 2084 2307 2136 et
2338 2080 2507 2138 beato
2537 2084 2715 2140 Petro
2738 2080 3151 2154 apostolorum.
3186 2080 3435 2156 principi
3466 2081 3662 2139 omni-

388 2179 625 2251 busque
649 2177 870 2236 sanctis
901 2176 1024 2234 Dei.
2746 2254 2751 2259 ι

460 2277 618 2333 316
645 2279 787 2332 Post
814 2275 935 2330 haec
966 2274 1306 2349 adveniente
1328 2275 1420 2331 die
1450 2274 1629 2332 natali
1657 2274 1891 2331 Domini
1922 2275 2105 2331 nostri
2137 2274 2279 2331 Jesu
2310 2274 2616 2348 Cbristi,in
2636 2275 2769 2348 jam
2805 2276 2969 2333 dicta
3007 2276 3259 2334 basilica
3302 2276 3457 2335 beati
3506 2279 3663 2336 Petri

392 2372 641 2447 apostoli
670 2389 877 2430 omnes
907 2372 1121 2431 iterum
1153 2372 1489 2445 congregati
1519 2376 1743 2439 sunt,et
1770 2376 1919 2429 tunc
1940 2371 2294 2429 venerabilis
2321 2372 2615 2429 almiﬁcus
2644 2372 2903 2445 pontifex
2946 2373 3233 2431 manibus
3261 2373 3395 2433 eis
3412 2374 3665 2448 propriis

391 2470 822 2545 pretiosissima
851 2470 1155 2528 coronavit
1174 2470 1596 2543 eum(b).'l‘unc
1626 2470 1882 2528 universi
1917 2469 2121 2527 ﬁdeles
2147 2469 2685 2539 Romani,v3dentes
2715 2473 2940 2527 tantam
2972 2470 3377 2529 defensionem
3402 2476 3460 2529 et
3488 2471 3668 2529 dilec-

391 2572 615 2626 tionem
645 2586 823 2641 quam
855 2585 995 2642 erga
1022 2572 1289 2625 sanctam
1320 2569 1643 2625 Romanam
1676 2567 2005 2625 Ecclesium
2028 2572 2085 2624 et
2113 2568 2245 2638 ejus
2270 2566 2553 2623 vicarium
2586 2567 2813 2637 habuit,
2848 2567 3209 2629 unanimiter
3257 2569 3668 2627 altisonavoce

316 2668 355 2724 5
390 2667 492 2726 Dei
525 2671 670 2724 nutu
704 2670 881 2739 atque
910 2665 1062 2722 beati
1096 2666 1255 2723 Petri
1278 2665 1553 2739 clavigeri
1583 2665 1745 2739 regni
1796 2664 2076 2722 caelorum
2123 2665 2592 2721 exclamaverunt
2624 2680 2638 2719 :
2674 2666 2870 2723 Carolo
2910 2666 3171 2737 piissimo
3226 2670 3473 2736 “gusto
3498 2684 3533 2723 α
3560 2669 3667 2726 Deo

390 2774 667 2835 coronato,
696 2780 919 2835 magnos
944 2764 1172 2836 paciﬁca
1203 2765 1543 2836 imperatori,
1566 2765 1681 2819 vita
1707 2770 1763 2819 et
1785 2764 2036 2819 υἰεωνὶα.
2062 2762 2299 2835 (c).A1nte
2326 2778 2557 2819 sacram
2584 2761 3009 2821 confessionem
3040 2762 3195 2820 beati
3226 2763 3385 2821 Petri
3411 2764 3665 2838 apostoli

394 2863 593 2937 plures
622 2866 863 2921 sanctos
888 2862 1343 2928 invocantes,ter
1364 2861 1587 2918 dictum
1615 2865 1799 2933 est,et.
1817 2861 1890 2917 ab
1923 2859 2200 2917 omnibus
2227 2860 2582 2917 constitutus
2613 2864 2703 2918 est
2726 2859 3045 2933 imperator
3072 2861 3658 2921 RomanorumJllico

395 2961 812 3018 sanctissimus
842 2959 1093 3017 antistes
1117 2964 1178 3016 et
1205 2959 1464 3032 pontifex
1494 2958 1663 3015 unxit
1689 2958 1815 3017 oleo
1845 2963 2047 3015 sancto
2079 2957 2371 3027 Carolum,
2402 2961 2463 3014 et
2491 2956 3049 3016 excellentissimum
3078 2957 3427 3031 ﬁlium'ejue
3442 2974 3664 3034 regem,

393 3059 456 3115 in
483 3058 614 3132 ipso
641 3057 735 3115 die
768 3057 997 3117 Natalis
1022 3056 1259 3114 Domini
1292 3056 1475 3113 nostri
1507 3057 1649 3113 Jesu
1672 3055 1915 3123 Christi,
1936 3060 1996 3113 et
2019 3056 2205 3113 missa
2233 3060 2467 3128 peracta
2495 3058 2629 3128 post
2653 3055 3115 3113 cetebrationem
3142 3056 3475 3117 missarum.
3492 3058 3665 3115 obtu-

288 3157 363 3213 40
406 3156 475 3212 Iit
494 3155 622 3229 ipse
650 3155 1071 3213 serenissimus
1098 3155 1352 3211 domnus
1381 3153 1699 3227 imperator
1728 3170 1994 3210 mensam
2025 3156 2367 3227 argenteam
2391 3169 2524 3210 cum
2556 3152 2806 3225 pedibus
2834 3152 2981 3222 suis,
3009 3169 3257 3226 pansao.‘
3286 3153 3473 3213 libr...

469 3255 563 3313 ιτ
579 3256 616 3310 π
655 3254 766 3309 Sed
798 3257 856 3309 et
884 3251 943 3309 in
974 3251 1341 3311 confessions
1370 3251 1768 3324 ejusdempDei
1800 3249 2047 3324 apostoli
2077 3250 2289 3307 obtulit
2318 3267 2441 3307 una
2463 3266 2598 3307 cum
2629 3249 3173 3323 preccllentissimo
3190 3250 3316 3311 filio
3328 3268 3437 3311 suo
3458 3267 3597 3327 rege
3610 3257 3668 3310 et

396 3350 630 3411 ﬁliabus
653 3351 883 3408 diversa
907 3366 1048 3406 vasa
1075 3366 1153 3407 ex.
1167 3367 1310 3407 auro
1345 3348 1660 3422 purissimo
1689 3348 1753 3403 in
1779 3347 2103 3406 ministerio
2136 3346 2327 3420 ipsius
2373 3364 2615 3417 mensae,
2643 3364 2887 3420 pensas.
2921 3346 3102 3406 libr...
3135 3349 3237 3406 sed
3285 3353 3343 3405 et
3387 3365 3663 3406 coronam

394 3465 639 3507 auream
658 3465 794 3505 cum
823 3446 1431 3522 gemmismejoribus
1462 3463 1590 3519 quae
1621 3447 1832 3519 pendet
1874 3462 2053 3519 super
2099 3446 2301 3514 altare,
2335 3462 2580 3517 pensan.
2611 3445 2794 3502 libras
2821 3444 3259 3519 quinquaginta.
3280 3446 3667 3519 quiaque;.et

392 3551 666 3620 patenum
697 3562 939 3603 auream
971 3546 1253 3617 majorem
1285 3561 1423 3601 cum
1450 3543 1707 3618 gemmis
1732 3542 2005 3613 diversis,
2030 3560 2276 3616 pcnsan.
2304 3542 2486 3601 libras
2515 3541 2795 3616 triginta;
2820 3547 2883 3599 et
2906 3542 3159 3601 culicem
3199 3545 3485 3617 rumorem
3527 3561 3664 3602 cum

312 3647 355 3702 5
390 3644 643 3718 gemmis
669 3647 727 3700 et
757 3642 924 3701 ansis
951 3643 1211 3711 duabus,
1237 3659 1482 3715 pensan.
1514 3640 1699 3698 libras
1723 3641 2154 3715 quinquaginta
2183 3644 2346 3709 octo;
2377 3639 2519 3698 item
2551 3639 2793 3698 calicem
2841 3642 3127 3713 majorem
3175 3642 3489 3703 fundatum
3527 3659 3664 3700 cum

387 3742 713 3815 scypbone,
733 3758 977 3815 pensan.
1010 3740 1189 3798 libras
1220 3739 1463 3813 triginta
1488 3720 1549 3796 et
1576 3743 1838 3812 septem;
1871 3739 1991 3796 imo
2013 3743 2072 3823 et
2099 3738 2282 3795 alium
2312 3738 2556 3796 calicem
2573 3739 2857 3810 maiorem
2880 3739 3664 3812 fundatum,pensan.libras

386 3838 631 3912 triginta
656 3843 714 3895 et
742 3855 863 3896 sex.
895 3837 1129 3895 Obtulit
1151 3842 1219 3895 et
1239 3853 1418 3910 super
1446 3835 1916 3894 sacratissimum
1948 3835 2133 3893 altare
2162 3836 2316 3893 beati
2352 3835 2501 3893 Petri
2531 3836 2807 3908 apostoli,
2833 3835 2954 3893 imo
3004 3840 3065 3893 et
3108 3836 3171 3894 in
3218 3837 3463 3896 basilica
3508 3839 3662 3894 beati

386 3936 554 3995 Pauli
580 3935 857 4010 apostoli,
883 3952 1161 3993 mensam
1184 3940 1525 4009 argenteam
1551 3934 1839 3991 minorem
1870 3951 2013 3991 cum:
2035 3933 2286 4007 pedibus
2308 3933 2892 4007 suis,penssn.libras
2911 3933 3347 4008 quinquaginta
3372 3935 3660 4009 quinque,

386 4051 526 4091 cum
553 4034 801 4091 diversis
827 4034 985 4090 vasis
1016 4033 1310 4108 argenteis
1339 4032 1506 4089 miras
1535 4030 1966 4106 magnitudinis
1995 4049 2121 4105 qua:
2153 4033 2225 4097 ad
2258 4048 2433 4088 usum
2465 4029 2660 4104 ipsius
2682 4047 2899 4089 mensae
2931 4031 3256 4105 pertinent.

456 4133 611 4190 I78
646 4133 789 4189 Item
819 4131 880 4187 in
912 4131 1157 4188 basilica
1185 4130 1500 4188 Salvatoris
1531 4129 1767 4187 Domini
1795 4129 1983 4187 nostri
2012 4130 2159 4187 Jesu
2179 4128 2419 4200 Christi,
2451 4145 2637 4201 quam
2651 4128 3663 4199 Constantinianamevocankobtulit

380 4247 615 4289 crucem
643 4246 781 4287 cum
802 4229 1055 4304 gemmis
1080 4228 1693 4303 hyacinthinis,quam-
1710 4227 2013 4285 almificus
2037 4227 2295 4300 pontifex
2324 4226 2384 4283 in
2415 4226 2635 4283 latonia
2650 4226 2977 4300 praecedere
2994 4226 3657 4297 muetittﬁtmndum

386 4328 735 4401 petitionem
761 4327 951 4401 ipsius
979 4326 1233 4401 piissimi
1260 4326 1665 4399 imperatoris;
1698 4326 1817 4383 imo
1866 4330 1924 4382 et
1969 4324 2154 4382 altare
2199 4341 2339 4381 cum
2384 4323 2680 4381 columnis
2723 4324 3410 4400 argenteisgetoybonio.
3441 4326 3658 4385 Verum

382 4426 560 4483 etiam
590 4429 649 4482 et
669 4424 1055 4499 Evangelium
1079 4442 1149 4481 ex
1178 4441 1319 4483 auro
1350 4423 1765 4492 mundissimo,
1797 4439 1930 4481 cum
1965 4421 2216 4497 gemmis
2245 4426 2549 4491 ornatum,
2575 4438 2821 4495 pensan.
2848 4421 3032 4481 libr...
3066 4422 3211 4481 Item
3242 4428 3301 4480 et
3329 4422 3395 4481 in
3416 4424 3660 4483 badlica

305 4525 346 4580 5
383 4523 564 4580 beata
592 4523 696 4580 Dei
726 4521 1038 4580 Genitricis
1067 4521 1263 4578 Mariae
1298 4522 1377 4578 ad
1426 4522 1689 4595 Praesepe
1735 4519 1950 4578 obtulit
1998 4519 2149 4577 sicla-
2191 4523 2469 4593 argentea
2508 4521 2754 4592 majora,
2786 4535 3031 4593 pensan.
3062 4519 3249 4580 libri...
3274 4523 3657 4580 Postmodum

380 4636 516 4677 vero
543 4620 693 4677 dum
716 4620 955 4678 deducti
987 4620 1240 4677 fuissent
1266 4618 1627 4692 iniquissimi
1657 4617 1743 4675 illi
1777 4617 2477 4686 malefactores,videlicet
2505 4616 2808 4674 Paschalis
2834 4634 2971 4674 cum
2997 4618 3357 4691 Campuloet
3377 4632 3658 4694 sequaces

382 4734 606 4788 eorum,
639 4717 703 4775 in
728 4736 800 4793 pr
814 4740 837 4775 ε
851 4717 1042 4776 sentis
1066 4717 1323 4791 piissimi
1349 4716 1553 4774 domui
1582 4716 1977 4790 imperatoris,
2007 4716 2530 4774 circumstantibus
2549 4715 2939 4774 nobilissimis
2957 4716 3198 4775 Francis
3217 4722 3274 4774 et
3293 4717 3660 4787 Romanis.et

380 4815 659 4873 omnibus
688 4816 1178 4891 exprobrantibus
1209 4817 1283 4872 de
1309 4814 1482 4872 malis
1511 4815 1774 4897 ipsorum
1791 4813 2056 4871 consiliis
2071 4818 2130 4871 et
2145 4813 2587 4887 operationibus
2600 4812 2942 4886 increpabat
2953 4813 3276 4887 Gampnlus
3294 4814 3658 4885 Paschalem,

379 4913 625 4971 dicendo
649 4932 661 4970 :
690 4914 847 4973 Mala
872 4915 1020 4972 hora
1048 4914 1253 4971 faciem
1286 4917 1447 4969 tuam
1478 4912 1692 4970 vidi.eo
1722 4912 1879 4986 quod
1909 4916 2049 4968 tunc
2080 4929 2174 4968 me
2202 4910 2415 4967 misisti
2436 4910 2496 4966 in
2517 4910 2678 4968 istud
2700 4910 3131 4984 periculum;et
3148 4912 3341 4969 caeteri
3362 4913 3656 4985 similiter,

264 5013 343 5068 10
380 5028 547 5069 unus
565 5011 825 5070 alterum
848 5014 1266 5080 condemnans,
1297 5001 1755 5068 manifestabant
1784 5011 1910 5068 suis
1956 5011 2217 5084 ipsorum
2267 5012 2487 5065 reatus.
2519 5011 2581 5076 01
2611 5008 2633 5064 i.
2675 5010 2818 5066 dum
2861 5013 2985 5066 tam
3032 5010 3299 5068 crudeles
3329 5017 3389 5069 et
3419 5013 3656 5087 iniquos

382 5109 697 5183 piissimus
718 5110 1039 5185 imperator
1067 5110 1452 5184 cognovisset,
1486 5108 1547 5164 in
1577 5107 1851 5165 exsilium
1872 5108 1933 5163 in
1965 5106 2233 5180 partibus
2265 5105 2518 5163 Francia
2553 5106 2737 5165 misit.
2768 5107 3051 5165 Prsafatus
3077 5124 3213 5165 vero
3241 5109 3656 5168 sanctissimm

381 5206 644 5281 pontifex
664 5209 839 5281 juxta
865 5207 1171 5266 ecclesiam
1202 5206 1361 5264 beati
1389 5205 1537 5262 Petri
1569 5205 1818 5278 apostoli
1848 5204 1984 5262 fecit
2014 5204 2075 5259 in
2103 5202 2375 5260 triclineo
2397 5204 2606 5277 majori
2636 5205 2799 5262 mira
2827 5204 3289 5278 pulchritudinis
3323 5207 3655 5264 decor-utam

384 5304 654 5362 absidem
686 5306 757 5362 de
788 5306 1016 5364 musivc
1047 5308 1403 5372 ornatam-,et
1431 5301 1667 5360 absidas
1697 5304 1847 5360 duas
1877 5302 2080 5359 dextra
2105 5300 2364 5375 laevaque
2392 5318 2571 5374 super
2598 5320 2894 5361 marmore
2919 5307 2976 5361 et
2994 5304 3227 5377 pictura
3244 5302 3653 5375 splendentes;

384 5402 895 5477 etinpavimento
923 5399 1580 5475 marmoreisexemmis
1608 5401 1828 5469 stratis,
1859 5417 1995 5458 cum
2037 5398 2260 5456 caeteris
2306 5399 2521 5475 amplis
2569 5400 2853 5471 aedificiis,
2884 5405 3008 5459 tam
3053 5400 3113 5457 in
3162 5412 3425 5458 ascensa:
3458 5397 3650 5468 scala,

1425 5568 1679 5618 NOTULE
1718 5566 2103 5616 IA‘RGINALES
2143 5564 2468 5615 FABROT'I'I.

302 5712 494 5784 abl.
525 5713 947 5775 Manent.
1021 5716 1109 5787 (Ir)
1133 5713 1404 5775 malum
1431 5714 1733 5789 Regnum.
1808 5713 1881 5788 (ε)
1913 5712 2047 5772 γωδ
2077 5712 2376 5772 Βαγαδωά
2401 5726 2536 5771 ama
2563 5712 2699 5770 800..
2780 5756 2785 5761 .
