4056 6178
431 184 589 248 4949
1585 181 1688 241 AN
1694 179 1999 244 ASTASII

2160 172 2692 241 lLIOTHECAttlI.
3642 173 3762 235 ηερ

463 320 536 374 15
573 328 871 389 quamque
896 315 1028 385 post
1062 312 1256 385 ipsum
1289 310 1619 368 triclineum
1652 319 1883 387 compte
1915 313 2067 370 fecit.
2103 317 2364 384 Itemque
2396 307 2531 364 fecit
2560 307 2616 362 in
2650 303 2895 361 basilica
2927 301 3080 358 beati
3125 300 3276 358 Petri
3324 301 3553 373 apostoli
3597 311 3769 364 vestem

573 409 1010 486 chysoclabam,
1041 426 1178 466 cum
1208 409 1480 482 pretiosis
1511 411 1760 485 gemmis
1791 415 2078 478 ornatam,
2111 410 2422 466 habentem
2454 404 2760 462 historiam
2792 399 3106 458 Dominicaa
3148 399 3584 456 resurrectionis.
3613 401 3704 458 Sed
3727 410 3770 462 et

571 509 727 566 inter
754 525 926 564 arcus
957 510 1263 580 argenteos
1292 505 1417 562 vela
1449 508 1635 564 serica
1664 509 1798 564 alba
1826 513 1884 565 et
1912 508 2036 564 vela
2061 509 2131 564 de
2163 511 2429 563 staurace
2460 500 2875 578 pulcherrima.
2903 498 3038 554 Post
3069 495 3448 553 reversionem
3478 515 3626 554 suam
3651 505 3698 556 et
3719 503 3774 557 ob

573 607 825 664 nimium
855 622 1116 662 amorem
1148 605 1283 661 fecit
1311 604 1497 662 eidem
1531 606 1804 663 nutritori
1835 623 1942 663 suo
1992 603 2404 679 prestyterium
2437 601 2660 658 noviter
2690 602 2879 655 totum
2910 611 3305 654 marmoreum
3334 611 3544 669 magna:
3573 597 3782 670 pulchri-

574 704 821 772 tudinis,
858 703 1152 777 sculptum
1186 707 1532 776 compteque
1558 708 1837 760 erectum.
1871 705 1982 761 Sed
2014 709 2072 760 et
2101 720 2278 776 super
2306 701 2486 759 altare
2517 700 2713 771 majus
2743 696 2878 754 fecit
2901 699 3052 752 tetra
3079 693 3204 751 vela
3233 693 3543 750 holoserica
3581 694 3781 754 alithina

461 805 536 860 20
576 825 593 835 ’
613 807 844 871 uatuor,
878 819 1014 858 cum
1041 800 1258 858 astillis
1287 805 1344 858 et
1370 801 1521 858 rosis
1547 801 1930 875 chysoclabis.

643 901 797 957 810
830 901 898 956 Et
921 899 980 955 in
1011 899 1217 956 eodem
1248 897 1430 955 altare
1461 899 1595 954 fecit
1623 916 1756 955 cum
1786 898 2048 956 historiis
2078 897 2338 954 crucifixi
2366 895 2597 953 Domini
2628 897 2849 950 vestem
2878 891 3132 965 Tyriam,
3159 893 3215 946 et
3240 889 3299 944 in
3321 887 3554 946 ecclesia
3579 890 3782 948 doctoris

572 997 776 1055 mundi
809 996 964 1054 beati
996 995 1159 1053 Pauli
1191 995 1437 1069 apostoli
1467 1000 1616 1053 tetra
1658 996 1786 1054 vela
1834 996 2158 1054 holoserica
2207 995 2468 1069 alithyna
2517 997 2789 1067 quatuor,
2823 994 2880 1047 et
2923 992 3146 1045 vestem
3194 1003 3371 1059 super
3423 985 3590 1042 altare
3633 985 3784 1043 albam

580 1094 1044 1169 chrysoclabam,
1078 1094 1388 1172 habentem
1419 1094 1728 1151 historiam
1763 1099 1976 1152 sanctae
2009 1091 2494 1161 Resurrectionis,
2527 1096 2584 1148 et
2613 1089 2789 1148 aliam
2815 1090 3036 1144 vestem
3066 1082 3781 1159 chrysoclabam,habentem

578 1192 886 1250 historiam
918 1191 1241 1248 nativitatis
1271 1191 1502 1248 Domini
1547 1197 1603 1249 et
1647 1198 1985 1250 sanctorum
2037 1191 2464 1251 Innocentium.
2499 1191 2622 1247 lmo
2659 1193 2716 1246 et
2760 1186 2935 1244 aliam
2983 1188 3203 1240 vestem
3246 1182 3500 1256 Tyriam,
3529 1180 3785 1238 habentem

503 1292 540 1346 5
577 1290 883 1347 historiam
916 1289 1049 1346 caeci
1080 1289 1481 1362 illuminati,et
1513 1291 2207 1348 Resurrectionem.Idem
2241 1296 2436 1346 autem
2463 1286 2876 1346 sanctissimus
2907 1281 3119 1358 praesul
3154 1280 3287 1337 fecit
3320 1280 3377 1335 in
3404 1279 3628 1336 basilica
3644 1279 3786 1335 beate

581 1389 776 1445 Mariae
807 1389 879 1444 ad
913 1388 1172 1461 Prmsepe
1201 1392 1423 1444 vestem
1454 1387 1648 1445 albam
1679 1388 2111 1462 chysoclabam,
2145 1389 2457 1444 habentem
2506 1381 2815 1442 historiam
2865 1385 3080 1439 sancta:
3131 1375 3610 1444 Resurrectionis;
3639 1377 3721 1432 sed
3742 1380 3784 1432 et

579 1485 758 1544 aliam
789 1491 1006 1542 vestem
1041 1486 1102 1541 in
1132 1485 1412 1542 orbiculis
1442 1486 1860 1560 chrysoclabis,
1894 1487 2208 1544 habentem
2239 1483 2515 1542 historias
2561 1479 3065 1539 Annuntiationis.
3093 1483 3151 1534 et
3196 1479 3528 1535 senctorum
3572 1473 3788 1530 Joachim

477 1618 480 1622 -
575 1589 634 1642 et
661 1587 858 1642 Annae.
897 1583 1055 1640 Fecit
1083 1583 1142 1639 in
1171 1584 1416 1640 ecclesia
1443 1584 1593 1640 beati
1629 1585 1925 1642 Laurentii
1974 1585 2116 1641 foris
2167 1600 2368 1640 muros
2411 1582 2568 1638 idem
2626 1578 2839 1654 praesul
2893 1581 3115 1634 vestem
3167 1573 3362 1632 albam
3423 1576 3656 1630 rosatam
3686 1588 3788 1627 cum

574 1682 989 1756 chrysoolabo;
1020 1683 1120 1738 sed
1150 1685 1208 1737 et
1236 1681 1412 1738 aliam
1444 1687 1664 1738 vestem
1698 1699 1874 1755 super
1901 1687 2170 1740 sanctum
2201 1698 2416 1754 corpus
2448 1681 2576 1752 ejus
2607 1677 2802 1734 albam
2833 1677 2904 1732 de
2931 1673 3187 1732 stauraci
3219 1671 3660 1746 chrysoclabam,
3688 1686 3788 1726 cum

469 1782 540 1836 10
579 1779 952 1853 margaritis;
985 1783 1042 1835 et
1073 1779 1132 1834 in
1164 1779 1336 1836 titulo
1367 1780 1576 1836 Calixti
1601 1786 1822 1837 vestem
1853 1781 2293 1854 chrysoclabam
2325 1796 2394 1835 ex
2424 1777 2633 1835 blattin
2664 1777 2972 1848 Byzanteo,
3004 1773 3315 1829 habentem
3364 1769 3648 1826 historiam
3677 1766 3790 1823 nati-

579 1878 774 1933 vitatis
804 1875 1121 1945 Domini,et
1145 1877 1333 1933 sancti
1366 1877 1674 1935 Simeonis.
1711 1879 1856 1934 Item
1889 1878 1949 1934 in
1983 1877 2229 1934 ecclesia
2262 1875 2449 1932 sancti
2500 1873 2788 1930 Pancratii
2832 1875 3054 1928 vestem
3104 1869 3362 1942 Tyriam,
3389 1866 3676 1923 habentem
3701 1863 3791 1920 his-

577 1975 789 2031 toriam
822 1973 1190 2030 Ascensionis
1222 1975 1476 2044 Domini,
1508 1993 1608 2031 seu
1641 1980 1697 2031 et
1727 1975 1785 2031 in
1819 1980 2025 2031 sancta
2055 1975 2236 2031 Maria
2267 1975 2335 2030 ad
2372 1974 2656 2045 Martyres
2707 1969 2842 2026 fecit
2885 1972 3105 2025 vestem
3157 1965 3395 2039 Tyriam
3443 1967 3510 2019 ut
3547 1979 3727 2036 supra;
3751 1965 3792 2016 et

579 2073 635 2127 in
670 2071 841 2128 titulo
873 2075 1086 2127 sanctae
1119 2071 1347 2127 Sabinae
1382 2077 1445 2128 ut
1473 2090 1687 2146 supra;
1722 2077 1780 2129 et
1810 2073 1869 2128 in
1901 2073 2167 2129 diaconia
2200 2072 2386 2128 sancti
2418 2068 2696 2126 Bonifacii
2750 2072 2816 2123 ut
2863 2083 3077 2139 supra;
3109 2069 3166 2121 et
3213 2065 3273 2119 in
3322 2061 3585 2118 diaconia
3625 2065 3792 2115 sancta

582 2170 798 2237 Mariaz,
833 2187 958 2242 quae
981 2173 1220 2224 vocatur
1249 2170 1566 2239 Cosmidin,
1600 2177 1667 2227 ut
1695 2189 1908 2244 supra;
1943 2176 2002 2227 et
2030 2171 2089 2226 in
2121 2169 2362 2226 basilica
2391 2173 2728 2226 sanctorum
2761 2169 2979 2223 Cosme:
3012 2169 3068 2221 et
3088 2162 3358 2220 Damiani
3384 2161 3517 2216 fecit
3538 2163 3724 2214 vestem
3743 2157 3793 2212 de

472 2268 542 2324 45
578 2265 746 2322 blatti
777 2267 1079 2339 Byzanteo,
1115 2282 1249 2321 cum
1280 2266 1593 2339 periclysin
1625 2269 1697 2322 de
1728 2267 2106 2340 cbrysoclabo
2139 2272 2196 2324 et
2221 2266 2572 2340 margaritis.

650 2363 807 2420 880
836 2363 982 2418 Item
1015 2362 1073 2417 in
1105 2362 1353 2418 ecclesia
1381 2363 1565 2419 sancti
1595 2363 1886 2420 Valentini
1917 2365 2051 2420 fecit
2078 2369 2296 2421 vestem
2328 2362 2769 2436 chrysoclabam
2801 2365 2857 2417 et
2889 2360 3064 2416 aliam
3095 2363 3315 2415 vestem
3350 2356 3481 2412 fecit
3511 2356 3577 2410 de
3604 2354 3795 2409 fundato

581 2459 1060 2534 pulcherrimam.
1095 2460 1164 2515 Et
1193 2460 1252 2515 in
1283 2460 1552 2516 diaconia
1581 2466 1917 2517 sanctorum
1951 2462 2109 2517 Ferei
2143 2465 2199 2517 et
2227 2459 2484 2516 Achillaei
2517 2460 2652 2515 fecit
2679 2462 2898 2515 vestem
2925 2458 2996 2513 de
3045 2455 3341 2522 stauraci;
3377 2460 3434 2510 et
3481 2454 3537 2508 in
3583 2450 3798 2506 diaconia

577 2563 792 2616 sanctis
829 2557 924 2614 Dei
960 2557 1438 2631 Genetricis,quae
1467 2564 1710 2614 vocatur
1737 2558 2059 2628 Dominica,
2090 2559 2226 2615 fecit
2253 2562 2472 2614 vestem
2506 2558 2576 2612 de
2603 2555 2878 2613 stauraci.
2904 2555 3031 2628 Ipse
3052 2570 3185 2610 vero
3205 2551 3498 2609 almiticus
3517 2549 3740 2624 pontifex
3755 2548 3797 2602 in

574 2654 895 2712 venerabili
931 2655 1286 2712 monasterio
1317 2655 1503 2712 sancti
1536 2657 1700 2712 Sabe:
1733 2657 1868 2713 fecit
1895 2657 2207 2713 butronem
2238 2661 2581 2729 argenteum
2615 2671 2749 2711 cum
2772 2654 3027 2710 canistro
3053 2649 3610 2725 suo.pensan.libras
3631 2646 3803 2703 duode-

504 2754 542 2810 5
577 2753 731 2822 cim;
764 2757 822 2809 et
848 2757 1070 2810 vestem
1103 2754 1173 2810 de
1204 2753 1456 2810 stauraci
1488 2770 1623 2810 cum
1654 2753 2028 2826 chrysoclavo
2077 2758 2135 2810 et
2182 2752 2540 2827 margaritis.
2578 2753 2723 2809 Item
2771 2756 2829 2808 et
2874 2751 2934 2806 in
2984 2753 3340 2806 monasterio
3390 2746 3575 2804 sancti
3616 2742 3801 2801 Erasmi

578 2850 718 2907 fecit
744 2855 967 2907 vestem
994 2850 1065 2906 de
1097 2851 1350 2907 stauraci
1383 2869 1518 2908 cum
1552 2869 1722 2908 cruce
1751 2855 1810 2908 et
1835 2851 2148 2925 gamadiis,
2179 2851 2356 2908 simul
2387 2855 2445 2907 et
2473 2849 2858 2924 paratrapetis
2889 2847 3032 2916 suis,
3067 2864 3203 2904 cum
3233 2844 3505 2920 periclysi
3532 2843 3597 2900 de
3616 2842 3802 2914 chryso-

579 2947 764 3005 clavo.
799 2949 1034 3007 Necnon
1064 2953 1122 3004 et
1151 2949 1211 3005 in
1262 2949 1616 3006 monasterio
1667 2949 1810 3006 Clivi
1852 2949 2055 3006 Scauri
2086 2950 2222 3006 fecit
2252 2953 2472 3006 vestem
2501 2949 2573 3006 de
2604 2947 2859 3005 stauraci
2890 2963 3024 3003 cum
3057 2943 3328 3019 periclysi
3362 2944 3434 3001 de
3461 2939 3801 3016 chrysoclavo.

577 3045 794 3102 Verum
823 3046 1004 3102 etiam
1033 3050 1091 3102 et
1121 3046 1180 3102 in
1213 3046 1384 3103 titulo
1415 3047 1772 3103 Pammachii
1804 3047 1941 3104 fecit
1964 3051 2152 3104 vestes
2186 3047 2358 3118 duas,
2389 3063 2458 3102 ex
2485 3044 2700 3118 quibus
2739 3061 2920 3102 unam
2970 3045 3041 3100 de
3092 3042 3351 3100 stauraci
3401 3057 3534 3098 cum
3585 3029 3803 3113 periclysi

584 3143 655 3199 de
683 3143 1093 3216 chrysoclavo;
1126 3147 1184 3199 et
1215 3143 1390 3199 aliam
1421 3148 1640 3200 vestem
1673 3144 1744 3200 de
1773 3143 2031 3201 imizino.
2067 3143 2426 3216 Saepedictus
2466 3160 2600 3200 vero
2649 3142 2896 3198 antistes
2939 3139 3357 3198 sanctissimus
3405 3136 3646 3196 ecclesia:
3685 3133 3803 3191 beati

473 3242 542 3298 10
577 3240 819 3296 Andreae
850 3239 1124 3313 apostoli,
1155 3240 1279 3297 sitae
1305 3241 1366 3297 in
1396 3241 1694 3298 tricesimo
1723 3241 1814 3298 via
1843 3241 2034 3315 Appia
2062 3241 2121 3297 in
2152 3241 2343 3310 Silice,
2379 3245 2537 3298 sarta
2564 3244 2715 3297 tecta
2745 3240 2968 3298 naviter
2997 3238 3310 3305 renovavit,
3349 3255 3470 3293 una
3510 3253 3633 3291 cum
3658 3231 3805 3305 bapti-

577 3337 846 3406 sterio,et
879 3339 1232 3410 porticus.In
1259 3356 1379 3412 qua
1409 3338 1666 3396 Ecclesia
1695 3339 2101 3412 presbyterum
2126 3337 2559 3408 constituit,ubi
2589 3342 2647 3396 et
2671 3338 2824 3394 dona
2843 3337 3057 3396 obtulit
3076 3342 3197 3393 tam
3219 3336 3280 3392 in
3302 3339 3542 3409 argento
3563 3343 3803 3406 quamque

582 3435 641 3491 in
671 3435 931 3492 vestibus
963 3440 1019 3492 et
1046 3435 1235 3491 libris.
1263 3436 1429 3492 Nona
1456 3453 1590 3493 vero
1621 3436 1960 3505 indictione,
1996 3435 2252 3510 peccatis
2282 3436 2498 3492 nostris
2528 3435 2998 3502 imminentibus,
3033 3434 3230 3492 subito
3268 3437 3630 3490 terrmmotus
3656 3430 3802 3484 factus

583 3531 768 3604 pridie
800 3532 1091 3588 Kalendas
1121 3533 1280 3600 Maii,
1313 3537 1370 3588 et
1402 3533 1649 3590 ecclesia
1676 3534 1829 3590 beati
1864 3533 2024 3589 Pauli
2058 3534 2303 3606 apostoli
2337 3534 2408 3590 ab
2443 3534 2570 3606 ipso
2603 3536 2932 3589 terreamotu
2967 3549 3273 3603 concussa,
3299 3531 3501 3587 omnia
3527 3533 3669 3585 sarta
3689 3528 3804 3582 tecta

583 3631 1016 3695 ruerunt.Quod
1049 3630 1417 3702 conspiciens
1449 3647 1702 3703 magnus
1733 3639 1790 3687 et
1819 3631 2132 3703 praeclarus
2162 3632 2498 3705 pontifsxin
2522 3648 2796 3704 magnam
2818 3631 3056 3688 veniens
3076 3620 3802 3695 tribulationem,lamentari

471 3726 542 3783 45
579 3725 754 3798 coepit
783 3730 904 3782 tam
933 3744 1037 3800 pro
1068 3743 1572 3801 argen.quamque
1601 3747 1706 3802 pro
1736 3729 1960 3786 caeteris
1989 3729 2294 3802 speciebus
2322 3747 2449 3802 quae
2481 3729 2699 3786 ibidem
2720 3727 3010 3785 demolitae
3034 3732 3092 3784 et
3116 3727 3428 3784 confracta:
3450 3721 3704 3783 sunt.Sed
3725 3719 3807 3777 Do.

579 3823 740 3879 mino
772 3829 1088 3892 annuente,
1120 3829 1178 3881 et
1208 3826 1376 3882 beato
1409 3826 1671 3900 principe
1701 3827 2099 3900 apostolorum
2131 3827 2770 3902 protegente,praafatus
2800 3826 3061 3899 pontifex
3090 3829 3148 3882 et
3175 3825 3317 3881 totis
3340 3824 3568 3881 nisibus
3587 3820 3697 3877 suis
3713 3833 3800 3874 eer-

578 3925 776 3978 tamen
807 3939 1032 3995 ponens
1061 3922 1249 3979 instar
1278 3924 1433 3980 sicut
1464 3925 1793 3997 antiquitus
1824 3926 2110 3981 existebat
2141 3925 2356 3999 ampla,
2391 3929 2449 3982 et
2475 3926 2733 3981 maxima
2779 3923 3120 3980 fortitudine
3167 3941 3396 3996 ponens
3445 3922 3504 3978 in
3551 3918 3800 3976 meliorem

581 4018 820 4075 deduxit
849 4024 1109 4090 statum;
1144 4026 1202 4078 et
1230 4021 1291 4077 in
1325 4021 1551 4079 meliori
1591 4023 1784 4096 specie
1831 4041 1961 4079 eam
2006 4023 2400 4080 marmoribus
2449 4023 2763 4092 decoravit,
2796 4026 3036 4095 tamque
3084 4020 3517 4094 presbyterium
3561 4027 3805 4091 quamque

575 4120 763 4174 totam
794 4117 1100 4176 ecclesiam
1131 4121 1529 4191 marmoravit,
1562 4125 1620 4177 et
1651 4122 1779 4194 ejus
1811 4121 2071 4194 porticus
2102 4121 2415 4178 renovavit.

652 4215 801 4272 88‘!
838 4215 1147 4291 Simulque
1177 4221 1234 4274 et
1262 4218 1322 4274 in
1356 4235 1499 4276 nave
1531 4235 1658 4291 qua:
1689 4222 1779 4276 est
1798 4236 1976 4293 super
2004 4218 2187 4276 altare
2218 4223 2379 4277 sarta
2407 4223 2562 4276 tecta
2591 4218 2790 4276 omnia
2818 4218 3043 4275 noviter
3071 4216 3446 4284 restauravit,
3477 4219 3534 4272 et
3561 4219 3668 4270 tres
3694 4209 3805 4266 ima-

575 4311 742 4390 gines
773 4331 978 4370 aureas
1008 4315 1226 4372 ibidem
1257 4316 1722 4386 obtulit,scilicet
1750 4317 2066 4374 Salvatoris
2099 4317 2331 4374 Domini
2366 4316 2551 4375 nostri
2579 4317 2721 4374 Jesu
2749 4316 2988 4386 Christi,
3011 4317 3317 4373 beatorum
3350 4312 3669 4388 principum
3695 4320 3804 4380 apo-

579 4409 862 4467 stolarum
895 4411 1048 4468 Petri
1080 4429 1146 4468 ac
1177 4412 1362 4470 Pauli.
1399 4415 1510 4470 Sed
1542 4418 1600 4470 et
1629 4414 1803 4472 aliam
1847 4415 2165 4489 imaginem
2210 4419 2545 4489 argenteam
2596 4413 2910 4471 Salvatoris
2959 4415 3302 4470 deauratam
3354 4429 3533 4486 super
3574 4403 3806 4483 postesin

580 4507 824 4564 introitu
853 4508 1070 4581 posuit,
1106 4527 1270 4582 pens.
1304 4511 1485 4568 libras
1515 4512 1835 4586 sexaginta.
1862 4514 1969 4570 Sed
2004 4518 2062 4570 et
2081 4529 2254 4570 omne
2275 4517 2618 4586 argenteum
2641 4511 3044 4584 ibidem,quod
3066 4514 3528 4584 conquassatum
3550 4505 3807 4569 fuerat,no-

504 4605 543 4660 5
576 4605 727 4662 viter
757 4607 1371 4666 restauravit.Necnon
1404 4612 1461 4666 et
1490 4610 1774 4667 fenestras
1803 4610 1992 4684 ipsius
2009 4611 2266 4668 ecclesias
2285 4611 2444 4666 mirae
2463 4609 2924 4684 pulchritudinis
2941 4627 3008 4666 ex
3027 4607 3265 4665 metallo
3284 4607 3526 4682 cypsino
3543 4598 3803 4660 decoravit.

587 4702 716 4774 Ipse
745 4720 880 4761 vero
911 4706 1189 4777 praefatus
1219 4707 1478 4780 pontifex
1503 4708 1633 4765 fecit
1655 4708 1716 4764 in
1739 4708 1983 4765 basilica
2004 4708 2474 4781 Salvatoris,quaa
2498 4712 2738 4765 vocatur
2755 4707 3452 4780 Constantiniana,super
3471 4703 3642 4762 altam
3657 4699 3806 4755 vestes

579 4799 822 4868 duas,ex
856 4804 1076 4875 quibus
1106 4821 1286 4862 unam
1317 4822 1452 4863 cum
1483 4805 1858 4880 chrysoclavo
1890 4811 1947 4864 et
1976 4807 2570 4882 gemmis,habentem
2601 4806 2910 4864 historiam
2942 4805 3258 4863 Salvatoris
3279 4802 3622 4862 introeuntis
3641 4798 3690 4853 in
3708 4807 3807 4850 san-

579 4901 734 4954 ctam
767 4899 1144 4970 civitatem,et
1173 4903 1348 4960 aliam
1373 4903 1808 4978 chrysoclavam
1839 4923 1972 4962 cum
1996 4905 2246 4980 gemmis
2263 4904 3052 4979 pretiosissimis,habentem
3066 4903 3376 4960 historiam
3397 4887 3805 4958 Resurrectionis

577 4995 988 5054 Dominice.Et
1020 4999 1078 5054 in
1107 4999 1355 5057 circuitu
1384 5001 1587 5060 altaris
1616 5003 1745 5060 vela
1776 5005 1954 5060 rubeo
1987 5002 2174 5061 serica
2203 5006 2541 5076 quatuor,et
2569 5001 2702 5058 alba
2731 5005 3001 5074 quatuor,
3035 5019 3172 5058 cum
3203 4999 3605 5074 chrysoclavo;
3635 4997 3684 5050 et
3708 4996 3801 5044 tres

471 5092 543 5149 40
579 5097 715 5150 ante
746 5094 1054 5170 imagines,
1086 5115 1222 5155 cum
1254 5099 1409 5167 lista,
1443 5105 1500 5157 et
1531 5101 1676 5158 alias
1703 5101 1866 5159 albas
1897 5103 2113 5160 sericas
2143 5119 2387 5159 numero
2419 5104 2644 5174 septem
2677 5103 2733 5156 et
2754 5099 3100 5173 trigmta.Et
3121 5099 3180 5156 in
3205 5099 3386 5156 altare
3407 5094 3560 5154 beati
3579 5081 3806 5148 Venantii

580 5190 718 5247 fecit
744 5197 960 5250 vestem
991 5196 1064 5252 de
1096 5196 1337 5254 fundato
1369 5215 1504 5254 cum
1535 5199 1677 5255 velis
1709 5200 1976 5270 duobus;
2010 5206 2067 5258 et
2097 5201 2156 5257 in
2188 5198 2456 5257 oratoriis
2505 5201 2843 5255 sanctorum
2887 5197 3133 5254 Joannis
3183 5195 3456 5271 Baptistae
3503 5196 3557 5250 et
3600 5180 3802 5247 Joanniﬂ

579 5290 945 5364 evangelista;
979 5293 1115 5350 fecit
1143 5299 1332 5352 vestes
1362 5295 1512 5353 duas
1543 5297 1612 5354 de
1642 5299 1896 5355 stauraci
1929 5316 2064 5354 cum
2097 5297 2489 5368 chrysoclavo,
2524 5299 2582 5352 et
2609 5294 2735 5352 vela
2764 5295 2902 5352 duo.

653 5388 808 5447 882
841 5391 1034 5447 Isdem
1065 5408 1198 5448 vero
1230 5391 1504 5465 praelatus
1536 5395 1795 5468 pontifex
1824 5412 2001 5468 super
2030 5395 2212 5452 altare
2241 5394 2393 5451 beati
2426 5393 2578 5450 Petri
2611 5393 2859 5466 apostoli
2889 5391 3025 5449 fecit
3047 5394 3268 5448 vestem
3300 5405 3434 5446 cum
3466 5387 3576 5442 vite
3605 5399 3666 5439 ex
3692 5390 3803 5435 auro

581 5485 924 5558 purissimo,
958 5505 1093 5544 cum
1124 5490 1376 5563 gemmis
1405 5491 1849 5563 pretiosissimis
1879 5498 1938 5549 et
1961 5492 2646 5567 margaritis,habentem
2670 5490 2730 5546 in
2753 5489 2944 5547 medio
2966 5489 3197 5546 vultum
3223 5483 3537 5547 Salvatoris
3555 5486 3608 5540 et
3631 5479 3806 5537 sancta

582 5581 685 5638 Dei
717 5583 1028 5642 Genitricis
1059 5586 1253 5643 Maria:
1284 5592 1344 5645 et
1372 5588 1683 5646 duodecim
1713 5590 2132 5663 apostolorum,
2168 5591 2268 5648 ubi
2299 5595 2356 5646 et
2398 5589 2560 5646 misit
2607 5588 2734 5645 auri
2781 5587 2962 5646 libras
3007 5586 3217 5662 viginti
3267 5585 3544 5662 quinque.
3574 5579 3639 5635 Et
3664 5573 3808 5632 aliam

585 5683 810 5737 vestem
841 5681 1296 5756 chrysoclavam,
1327 5684 1642 5742 habentem
1677 5686 1980 5745 historiam
2010 5687 2237 5746 letaniss
2268 5687 2531 5760 majoris.
2564 5687 2678 5744 Sed
2707 5690 2764 5743 et
2792 5685 2969 5743 aliam
2999 5690 3242 5756 vestem,
3275 5683 3583 5742 habentem
3611 5666 3808 5733 tabum

509 5775 546 5834 5
582 5776 989 5854 chrysoclavas
1019 5785 1222 5854 tres,et
1249 5780 1556 5845 historiam
1581 5783 1897 5847 Dominicas
1925 5785 2536 5864 passionis,legentem
2569 5801 2584 5844 :
2615 5785 2726 5846 Hoc
2751 5792 2829 5847 est
2856 5800 3050 5864 corpus
3076 5800 3283 5858 meum,
3293 5779 3549 5863 quod?"
3566 5772 3810 5838 99mm"

3939 340 3943 596 Ι
