4056 6178
446 222 602 287 1227
637 195 642 200 ’
1595 229 2008 292 ANASTASII
2052 230 2700 293 BIBLIOTHECARII.
3640 238 3759 298 1228

588 364 725 415 tres.
754 358 940 415 Simili
976 360 1148 415 modo
1179 365 1235 416 et
1264 344 1440 434 super
1467 362 1647 419 altare
1676 368 1891 420 sancta:
1922 364 2021 420 Dei
2055 364 2502 431 Genitricis,ubi
2537 381 2880 437 supra,quae
2911 363 3241 438 appellatur
3270 365 3537 436 Mediana,
3554 367 3666 425 fecit
3686 387 3764 427 ve-

585 460 734 512 stem
766 457 837 512 de
867 457 1111 514 fundato
1140 475 1274 513 cum
1293 459 1644 533 periclyside
1661 461 2374 534 chrysoclavo,habentem
2393 462 2695 518 historiam
2709 462 3187 519 Annnntiationis
3218 463 3764 520 Domini.Fecitautem

584 552 773 610 isdem
803 555 1182 611 beatissimus
1212 556 1469 627 pontifex
1497 559 1557 613 in
1590 559 1833 615 basilica
1863 560 2118 616 doctoris
2149 560 2355 615 mundi
2386 560 2538 616 beati
2571 560 2736 615 Pauli
2767 560 3315 633 apostolicanistros
3335 578 3400 616 ex
3419 565 3767 634 argentopuro,

588 668 832 707 numero
863 653 1255 726 quadraginta
1286 658 1531 727 septem,
1562 673 1806 727 pensan.
1840 656 2017 713 simul
2044 656 2224 713 libras
2256 659 2538 714 ducentas
2569 658 2961 730 quadraginta
2989 663 3045 713 et
3066 660 3385 731 scptem.Et
3411 658 3463 713 in
3480 659 3769 715 monasterio

481 749 549 805 15
587 753 803 805 sanctis
831 750 1067 823 Agathaa
1100 753 1373 826 martyris
1402 771 1578 826 super
1607 755 1930 810 Suburram
1965 754 2325 811 fecitvestem
2341 756 2580 811 rubeam
2597 755 3257 828 alithynam,habentem
3287 756 3346 811 in
3368 754 3544 812 medio
3563 755 3769 812 tabulam

478 892 505 914 ν.
583 848 654 903 de
685 847 1058 921 cbrysoclavo
1088 865 1222 905 cum
1253 850 1522 924 periclysi
1553 852 1623 907 de
1648 851 2280 924 chrysoclavo.Necnon
2313 858 2370 909 et
2400 853 2459 907 in
2490 854 2844 910 monasterio
2878 853 3062 910 sancti
3092 852 3506 921 l‘ancratii,sito
3520 859 3635 926 post
3652 854 3773 910 basi-

582 944 759 1003 licam
790 945 1309 1019 Salvatoris,quam
1340 948 1885 1005 Constantinianam
1916 950 2288 1022 vocant,fecit
2315 955 2535 1007 vestem
2567 952 2637 1008 de
2659 952 3031 1008 fundato.Hic
3046 952 3180 1007 fecit
3201 952 3367 1007 beato
3390 952 3544 1007 Petro
3563 946 3773 1023 apostolo

585 1044 798 1101 fautori
828 1062 935 1102 suo
964 1045 1276 1119 Evangelia
1303 1063 1481 1103 aurea
1513 1063 1644 1102 cum
1678 1048 1927 1120 gemmis
1959 1050 2210 1119 prasinis
2241 1053 2416 1121 atque
2446 1048 2840 1122 hyacinthinis
2874 1053 2931 1106 et
2959 1049 3108 1105 albis
3139 1049 3299 1104 mirae
3326 1048 3706 1121 magnitudinis
3728 1048 3772 1104 in

585 1142 831 1199 circuitu
862 1148 1086 1211 ornata,
1118 1160 1361 1216 pensan.
1393 1143 1574 1201 libras
1605 1146 1804 1201 decem
1836 1150 1892 1200 et
1917 1150 2140 1219 septem
2171 1150 2228 1203 et
2256 1147 2458 1204 uncias
2489 1152 2760 1220 quatuor.
2782 1148 2884 1204 Hic
2915 1147 3051 1204 fecit
3079 1146 3320 1203 calicem
3351 1164 3577 1202 aureum
3619 1146 3775 1219 praci-

474 1242 547 1298 20
583 1257 791 1314 puum,
824 1241 1068 1298 diversis
1097 1246 1370 1298 ornatum
1401 1241 1696 1315 lapidibus
1726 1243 2019 1316 pretiosis,
2054 1261 2298 1316 pensan.
2330 1245 2512 1302 libras
2542 1245 2748 1320 viginti
2779 1249 2943 1315 octo;
2994 1243 3265 1301 similiter
3311 1248 3369 1300 et
3413 1248 3658 1317 patenam
3697 1260 3775 1299 au-

582 1356 766 1407 ream,
797 1357 1040 1413 pensan.
1074 1339 1255 1395 libras
1283 1339 1487 1412 viginti
1513 1344 1643 1396 octo
1673 1346 1731 1396 et
1760 1342 1965 1397 uncias
1994 1359 2223 1398 novem.

570 1468 577 1473 -
652 1440 808 1496 894
838 1437 966 1496 Pari
997 1439 1170 1494 modo
1196 1437 1256 1493 in
1288 1438 1533 1494 basilica
1562 1438 1749 1510 ipsius
1780 1439 2027 1513 apostoli
2058 1440 2193 1496 fecit
2231 1441 2525 1498 Cherubin
2572 1459 2642 1498 ex
2685 1446 2923 1515 argento
2971 1441 3289 1514 purissimo
3332 1441 3624 1496 deauratos
3665 1454 3775 1510 qua-

577 1540 732 1603 tuor,
764 1536 862 1608 qui
895 1540 1056 1593 stant
1085 1553 1262 1607 super
1290 1536 1482 1608 capita
1511 1536 1918 1593 columnarum
1950 1542 2359 1610 argentcarum
2390 1539 2500 1595 sub
2532 1539 2771 1606 ciborio,
2794 1538 3233 1612 pensan.libras
3261 1537 3572 1611 nonaginta
3596 1540 3647 1591 et
3670 1540 3777 1591 tres.

580 1633 736 1691 Fecit
763 1650 995 1706 quoque
1026 1634 1211 1689 isdem
1243 1634 1573 1706 prazcipuus
1604 1634 1835 1707 prmsul,
1870 1635 1970 1691 ubi
2002 1652 2201 1707 supra,
2234 1636 2551 1709 imaginem
2584 1636 2899 1693 Salvatoris
2931 1652 3193 1704 auream,
3224 1653 3354 1708 quae
3401 1638 3514 1691 stat
3556 1633 3611 1688 in
3653 1631 3779 1687 trabe

489 1769 507 1777 -
575 1749 754 1805 super
781 1732 1112 1806 ingressum
1138 1732 1433 1800 vestibuli,
1469 1732 1820 1805 pens.libras
1849 1734 2223 1807 septuaginta
2252 1738 2307 1790 ct
2338 1752 2563 1791 novem.
2584 1735 2741 1792 Fecit
2769 1738 2964 1791 autem
2996 1735 3055 1790 in
3085 1735 3331 1790 basilica
3359 1732 3601 1789 doctoris
3615 1729 3780 1785 mundi

502 1831 540 1886 5
577 1831 730 1888 beati
763 1829 925 1886 Pauli
960 1829 1205 1902 apostoli
1236 1829 1474 1903 angelos
1502 1847 1570 1885 ex
1601 1836 1841 1903 argento
1871 1830 2190 1902 purissimo
2220 1828 2528 1890 deauratos
2560 1833 2728 1902 duos,
2765 1833 2865 1904 qui
2899 1836 3057 1888 stant
3077 1832 3251 1904 juxta
3280 1829 3587 1903 imaginem
3626 1826 3779 1883 Salva-

574 1928 718 1986 toris
748 1929 809 1985 in
839 1927 1108 2001 ingressu
1139 1926 1432 1995 vestibuli,
1462 1944 1707 2000 pensan.
1735 1927 1916 1984 libras
1948 1933 2182 1984 centum
2213 1935 2272 1985 et
2302 1929 2503 1986 semis.
2531 1930 2745 1987 Verum
2777 1930 2951 1987 etiam
2993 1935 3051 1986 et
3102 1927 3530 2003 polycandilum
3578 1924 3780 1998 porphy-

574 2027 1199 2100 reticum,pendentem
1232 2026 1291 2081 in
1324 2026 1565 2099 pergula
1596 2031 1731 2082 ante
1757 2027 2185 2084 confessionem
2216 2028 2276 2083 in
2309 2028 2593 2085 catenulis
2625 2027 3369 2101 aureis,qua:pens.libram
3390 2025 3782 2081 unam.Pra:ser-

575 2124 681 2180 tim
713 2128 769 2181 et
796 2124 856 2180 in
888 2126 1157 2198 ingressu
1190 2123 1465 2193 basilicae,
1498 2125 1598 2180 ubi
1632 2142 1831 2197 supra,
1861 2126 2050 2199 regias
2082 2126 2337 2197 majores
2368 2126 2502 2182 fecit
2531 2126 2819 2200 imagines
2848 2142 2916 2182 ex
2945 2129 3187 2199 argento
3217 2124 3495 2196 quinque,
3526 2123 3784 2195 pensantes

570 2220 713 2276 inibi
743 2221 919 2279 libra:
956 2223 1237 2278 ducentas
1267 2221 1471 2294 viginti
1501 2227 1558 2278 et
1584 2239 1809 2278 novem.
1843 2224 2169 2291 Enimvero,
2206 2223 2305 2278 ubi
2341 2241 2541 2296 supra,
2576 2224 2713 2280 fecit
2747 2239 3115 2295 aquamanus
3145 2222 3467 2294 antipemto
3505 2220 3783 2283 deauratas,

465 2320 532 2374 10
570 2318 734 2391 paria
763 2319 898 2387 duo,
932 2336 1174 2391 pensan.
1208 2318 1384 2374 simul
1417 2318 1598 2374 libras
1629 2320 2094 2391 quatuordccim.
2122 2320 2279 2375 Fecit
2306 2325 2506 2376 autem
2540 2322 2724 2376 isdem
2757 2336 3054 2393 prmsagus
3084 2318 3352 2384 antistes,
3386 2317 3481 2372 ubi
3514 2332 3690 2388 supra,
3716 2332 3787 2369 ce-

569 2420 822 2474 rostatas
853 2417 1105 2488 majores
1133 2417 1437 2473 versatiles
1466 2416 1827 2490 anaglyphos
1856 2435 1925 2474 ex
1955 2423 2195 2491 argento
2227 2418 3005 2491 purissimo,pensan.simul
3035 2418 3218 2473 libras
3241 2415 3572 2490 octuaginta
3588 2412 3785 2468 ctsexet

569 2515 774 2573 uncias
799 2519 965 2585 octo;
1000 2519 1172 2588 atque
1211 2514 1483 2572 lucernas
1528 2517 1783 2588 majoras
1831 2517 2034 2572 fusilcs
2082 2517 2347 2589 bymixas
2398 2518 2566 2585 duas,
2604 2534 2846 2589 pensan.
2879 2516 3025 2573 inibi
3073 2515 3256 2572 libras
3299 2510 3704 2587 quinquaginta
3744 2511 3787 2562 et

573 2616 799 2685 septem
825 2630 839 2680 ;
871 2617 929 2668 et
957 2613 1265 2669 constituit
1292 2613 1422 2683 ejus
1451 2612 1750 2668 beatitudo
1774 2617 1839 2668 ut
1865 2613 2223 2685 quotidianis
2249 2613 2520 2669 noctibus
2549 2618 2684 2669 ante
2723 2612 2902 2669 altare
2951 2611 3139 2685 ipsius
3186 2608 3437 2684 apostoli
3482 2607 3666 2664 ardere
3708 2604 3785 2658 de-

565 2711 764 2768 beant.
796 2710 921 2780 Hic,
954 2710 1153 2767 divina
1181 2710 1475 2783 aspiratus
1504 2710 1717 2783 gratia,
1748 2710 2042 2767 investivit
2066 2711 2294 2767 trabem
2326 2713 2630 2783 majorem,
2664 2728 2790 2784 quze
2822 2714 2911 2766 est
2942 2711 3051 2767 sub
3096 2726 3235 2766 arcu
3285 2705 3588 2782 principali
3624 2722 3685 2760 ex
3706 2719 3778 2758 ar-
3868 2775 3882 2792 .

466 2812 536 2866 15
570 2813 745 2884 gente
776 2809 1192 2874 mundissimo,
1225 2814 1571 2881 pensantem
1602 2808 1783 2865 libras
1808 2809 1968 2865 mille
1998 2813 2288 2866 trecentas
2320 2809 2749 2884 quinquaginta
2776 2812 2835 2864 et
2864 2809 3031 2877 duas.

641 2906 794 2965 895
829 2906 983 2963 Fecit
1011 2910 1207 2963 autem
1239 2906 1333 2962 hic
1362 2905 1675 2978 praeclarus
1705 2907 1985 2979 pontifex,
2021 2907 2119 2962 ubi
2151 2924 2349 2979 supra,
2384 2907 2443 2962 in
2475 2905 2645 2961 altari
2694 2906 2904 2978 majori
2933 2909 3152 2962 vestem
3184 2902 3612 2977 chrysoclavam
3650 2897 3781 2954 mire

564 3004 991 3080 magnitudinis
1019 3009 1078 3061 et
1107 3002 1565 3077 pulchritudinis
1596 2998 2266 3073 decoratam,habentem
2297 3003 2602 3060 historiam
2630 3003 2946 3060 Salvatoris
2974 3002 3207 3059 Domini
3239 3001 3428 3058 nostri
3454 3001 3485 3056 J
3491 3016 3587 3056 esu
3607 2991 3782 3053 Christi

494 3142 497 3145 λ
567 3107 898 3175 sanctasque
928 3103 1056 3174 ejus
1088 3101 1398 3158 Genitri’cis
1427 3104 1484 3157 et
1515 3100 1828 3156 duodecim
1877 3100 2296 3173 apostolorum,
2329 3118 2465 3158 cum
2513 3099 2783 3174 periclysi
2834 3102 2905 3157 de
2955 3099 3353 3174 chrysoclavo,
3388 3098 3636 3170 undique
3677 3107 3784 3149 cum

567 3200 1218 3274 margaritis'ornatam,
1251 3202 1310 3255 et
1339 3199 1411 3255 ab
1446 3199 1710 3271 utrisque
1738 3197 2024 3255 lateribus
2052 3198 2305 3255 blatthin
2337 3216 2472 3255 cum
2503 3197 2875 3272 chrysoclavo
2907 3199 3260 3267 decoratam,
3281 3214 3415 3269 quae
3446 3196 3505 3251 in
3533 3190 3783 3251 natalibus

492 3300 530 3356 5
566 3297 963 3372 apostolorum
993 3297 1183 3354 isdem
1212 3296 1482 3370 egregius
1514 3296 1724 3369 praesul
1756 3295 1973 3353 ibidem
2002 3297 2137 3369 poni
2169 3295 2495 3353 constituit.
2531 3296 2687 3353 Fecit
2716 3300 2912 3352 autem
2942 3295 3022 3352 ibi
3053 3312 3231 3368 super
3260 3311 3497 3351 crucem
3545 3290 3781 3362 majorem

565 3413 635 3453 ex
663 3411 804 3452 auro
831 3395 984 3452 fulvo
1015 3394 1193 3451 nimis
1224 3393 1647 3467 panoclystam,
1670 3398 1939 3451 ornatam
1971 3393 2222 3467 gemmis
2251 3393 2541 3467 pretiosis,
2556 3410 2717 3466 pens.
2746 3393 2927 3450 libras
2957 3392 3354 3466 quadraginta
3376 3393 3523 3448 duas
3550 3393 3604 3445 et
3617 3384 3780 3442 uncias

565 3494 732 3550 duas.
750 3495 986 3550 Necnon
1016 3497 1073 3550 et
1099 3494 1386 3548 cerostata
1415 3490 1577 3563 paria
1606 3495 1880 3561 quatuor,
1913 3490 2185 3548 investita
2212 3509 2282 3547 ex
2310 3495 2552 3565 argento
2575 3492 3053 3564 deaurato,pens.
3070 3489 3247 3546 simul
3262 3489 3447 3545 libras
3460 3483 3781 3561 septuaginta

563 3596 622 3648 et
651 3595 895 3663 septem.
931 3590 1088 3651 Fecit
1115 3594 1314 3645 autem
1345 3586 1691 3643 venerabilis
1720 3591 1778 3643 et
1805 3587 2118 3658 praeclarus
2169 3589 2429 3661 pontifex
2476 3604 2656 3661 super
2704 3587 2885 3645 altare
2931 3589 3111 3644 beatae
3160 3586 3492 3643 Petronillae
3537 3580 3779 3639 ciborinm

563 3704 699 3746 cum
729 3686 1021 3744 columnis
1049 3674 1470 3759 porphyreticis
1498 3700 1566 3739 ex
1583 3688 1819 3757 argento
1836 3684 2340 3756 purissimo,miraz
2358 3686 2787 3760 magnitudinis
2798 3684 3524 3757 decoratum,pens.1ibras
3538 3681 3780 3738 trecentas

456 3787 525 3844 10
561 3784 953 3859 quadraginta
982 3789 1039 3841 et
1067 3789 1215 3852 octo,
1244 3788 1417 3856 atque
1446 3781 1764 3854 imaginem
1791 3785 2124 3854 argenteam
2156 3786 2407 3839 stantem
2440 3784 2548 3839 sub
2580 3800 2717 3839 arcu
2748 3783 2820 3838 de
2851 3783 2977 3855 ipso
3004 3780 3602 3854 ciborio,pens.libras
3617 3776 3778 3830 decem

561 3885 619 3940 et
646 3882 845 3939 semis.
881 3883 1010 3955 Ipse
1037 3898 1170 3937 vero
1201 3898 1236 3937 ο.
1264 3881 1380 3937 Deo
1412 3883 1707 3952 protectus
1738 3882 1795 3934 et
1825 3878 2137 3951 praeclarus
2171 3880 2427 3952 pontifex
2454 3879 2590 3936 fecit
2618 3880 2677 3934 in
2709 3879 2955 3936 basilica
2984 3878 3239 3935 doctoris
3254 3878 3467 3933 mundi
3490 3873 3632 3932 beati
3650 3866 3777 3927 Pauli

562 3979 810 4054 apostoli
842 3996 1021 4052 super
1049 3977 1230 4035 altare
1261 3980 1455 4051 majus
1484 3982 1703 4033 vestem
1752 3966 2555 4049 chrysoclavam,babentem
2605 3976 2915 4033 historiam
2964 3974 3281 4032 Dominicae
3332 3965 3777 4032 Resurrectionis,

557 4095 691 4136 cum
724 4077 1063 4152 margaritis
1093 4080 1380 4144 ornatam,
1414 4080 1473 4131 et
1503 4073 1816 4148 periclysin
1864 4074 1935 4129 de
1980 4074 2373 4147 chrysoclavo.
2406 4074 2690 4130 Similiter
2736 4091 2806 4130 ex
2854 4072 3187 4147 margaritis
3241 4078 3484 4128 ornatas
3534 4065 3778 4140 imagines

558 4175 962 4250 apostolorum
995 4175 1142 4231 duas
1173 4190 1242 4230 ex
1270 4176 1513 4247 argento
1546 4172 1878 4238 deauratas,
1909 4187 2152 4243 pensan.
2186 4171 2367 4228 libras
2396 4170 2733 4244 octuaginta
2762 4175 2819 4227 et
2848 4187 2967 4227 sex.

628 4275 784 4331 896
816 4273 921 4329 Hic
949 4289 1083 4328 vero
1113 4269 1701 4328 misericordissimus
1727 4269 1988 4342 pontifex
2018 4268 2152 4325 fecit
2182 4270 2241 4325 in
2272 4269 2515 4325 basilica
2545 4274 2757 4325 sanctae
2792 4268 2887 4325 Dei
2919 4266 3233 4325 Genitricis
3252 4267 3327 4323 ad
3361 4267 3613 4337 Praasepe
3637 4272 3780 4331 super

557 4372 739 4430 altare
766 4376 985 4428 vestem
1016 4369 1473 4443 chrysoclavam,
1505 4368 1816 4424 habentem
1848 4366 2152 4423 historiam
2202 4365 2516 4422 Dominica:
2567 4364 3032 4422 Resurrectionis
3078 4364 3239 4420 mirae
3289 4358 3697 4438 magnitudinis
3733 4356 3779 4408 et

552 4468 1009 4543 pulchritudinis
1038 4468 1391 4534 decoratam,
1425 4483 1559 4521 cum
1590 4464 1859 4538 periclysi
1883 4466 1955 4520 de
1986 4463 2379 4537 chrysoclavo,
2413 4463 2670 4536 undique
2700 4481 2768 4519 ex
2798 4462 3135 4537 margaritis
3166 4466 3457 4518 ornatam.
3496 4460 3565 4515 Et
3592 4458 3645 4512 in
3671 4453 3780 4508 titu-

552 4568 610 4624 lo
641 4572 854 4625 sancta:
885 4566 987 4624 Dei
1013 4564 1344 4631 Genitricis,
1377 4577 1505 4636 qua:
1537 4562 1865 4636 appellatur
1893 4561 2119 4629 Calixti,
2154 4562 2289 4617 fecit
2319 4579 2561 4634 regnum
2594 4579 2663 4617 ex
2690 4579 2831 4618 auro
2863 4560 3204 4634 purissimo,
3240 4560 3509 4632 pendens
3537 4569 3695 4627 super
3709 4546 3774 4605 al-

476 4668 514 4723 5
549 4670 674 4722 tare
704 4667 995 4738 majus,ex
1024 4662 1273 4738 gemmis
1302 4660 1576 4734 pretiosis
1605 4664 1901 4727 ornatum,
1932 4677 2096 4733 pens.
2128 4658 2336 4715 libram
2371 4660 2764 4731 unam.Atque
2795 4659 2854 4713 in
2881 4658 3150 4714 diaconia
3170 4656 3362 4731 ipsius
3388 4655 3488 4712 Dei
3504 4645 3773 4752 Genitricis

549 4781 677 4836 quae
710 4762 1039 4836 appellatur
1064 4758 1385 4828 Dominica,
1423 4757 1557 4814 fecit
1587 4774 1832 4830 regnum
1866 4774 1935 4813 ex
1963 4774 2105 4812 auro
2137 4755 2526 4811 mundissimo
2559 4756 2818 4827 pendens
2841 4772 3017 4828 super
3046 4754 3228 4811 altare
3259 4754 3458 4825 majus
3476 4770 3544 4822 ex
3560 4757 3771 4824 gemmis

549 4860 819 4933 pretiosis
850 4864 1138 4924 ornatam,
1170 4873 1415 4930 pensan.
1450 4855 1630 4911 libras
1661 4856 1827 4911 duas.
1863 4854 1964 4910 llic
1995 4853 2373 4910 beatissimus
2418 4852 2652 4926 praesul,
2689 4852 2886 4908 divina
2932 4851 3314 4925 inspiratione
3364 4849 3634 4923 repletus,
3664 4839 3772 4897 fecit

543 4957 605 5013 in
638 4958 880 5013 basilica
906 4958 1005 5013 Dei
1037 4955 1348 5014 Gcnitricis
1378 4955 1449 5010 ad
1485 4955 1741 5026 Praesepe
1769 4952 1829 5008 in
1859 4952 2130 5025 ingressu
2160 4948 2429 5024 prmsepii
2457 4949 2646 5024 regias
2677 4950 2889 5006 vestias
2921 4968 2991 5006 ex
3020 4953 3260 5023 argento
3284 4946 3769 5022 purissimo,pen3-

541 5054 719 5113 simul
751 5054 930 5113 libras
959 5058 1194 5111 centum
1225 5052 1430 5125 viginti
1461 5055 1517 5107 et
1547 5056 1789 5125 septem,
1822 5054 1881 5107 et
1910 5066 2088 5122 super
2116 5049 2274 5122 ipsas
2305 5048 2494 5122 regias
2515 5046 2705 5104 velum
2740 5048 3037 5104 modicum
3072 5044 3701 5112 fundatum,habentem
3721 5031 3769 5085 in

437 5156 505 5211 10
541 5153 790 5211 circuitu
820 5151 1018 5208 listam
1050 5152 1119 5207 de
1149 5149 1540 5221 chrysoclavo.
1575 5148 1808 5205 Necnon
1838 5152 1895 5204 et
1925 5147 2040 5204 alia
2065 5144 2194 5202 vela
2221 5146 2371 5221 tyria
2395 5163 2571 5218 super
2602 5144 2789 5219 regias
2821 5147 3073 5219 majores
3103 5143 3217 5200 tria
3246 5144 3306 5199 in
3336 5143 3606 5215 ingressu
3632 5129 3770 5189 basi-

538 5251 663 5309 licae
695 5267 830 5307 cum
860 5249 1130 5324 periclysi
1161 5248 1232 5305 de
1262 5248 1524 5303 fundato.

609 5351 758 5408 897
798 5348 956 5406 Fecit
987 5352 1182 5403 autem
1216 5346 1402 5401 isdem
1435 5344 1704 5417 egregius
1737 5342 1948 5416 prmsul
1981 5344 2037 5398 in
2070 5341 2313 5400 basilica
2343 5341 2493 5398 beati
2527 5340 2678 5397 Petri
2709 5338 2956 5413 apostoli
2988 5338 3199 5395 calices
3219 5337 3473 5409 majores
3486 5324 3768 5401 exargento

536 5446 952 5512 mundissimo,
983 5443 1085 5517 qui
1116 5442 1320 5500 sedent
1350 5458 1526 5514 super
1555 5441 1749 5497 trabes
1779 5446 2001 5515 argent.
2035 5457 2278 5496 numero
2310 5440 2509 5496 decem
2540 5442 2598 5495 et
2641 5441 2790 5507 octo,
2824 5454 3066 5511 pensan.
3102 5434 3281 5493 simul
3326 5433 3515 5488 libras
3563 5428 3767 5483 centum

532 5522 872 5618 octuaginta
902 5544 1071 5599 duas.
1100 5541 1356 5606 Necnon,
1390 5537 1492 5594 ubi
1523 5556 1722 5611 supra,
1757 5538 1891 5594 fecit
1922 5543 2240 5595 cerostatas
2273 5540 2524 5610 majores
2555 5536 2756 5592 fusiles
2784 5553 2853 5591 ex
2881 5538 3120 5608 argento
3144 5529 3482 5607 purissimo,
3502 5524 3598 5599 qui
3629 5516 3768 5577 stant

531 5646 666 5699 ante
693 5641 1143 5706 confessionem,
1176 5654 1419 5711 pensan.
1447 5635 1629 5692 libras
1659 5640 1897 5692 centum
1929 5636 2250 5708 nonaginta
2278 5639 2425 5690 octo.
2464 5632 2761 5689 Investivit
2789 5649 2922 5688 vero
2969 5647 3145 5703 super
3172 5630 3398 5686 trabem
3447 5642 3514 5681 ex
3554 5618 3766 5692 argento

455 5742 492 5797 5
531 5738 1081 5809 mundissimo,quaa
1111 5740 1202 5792 est
1231 5752 1409 5808 super
1436 5732 1751 5805 imaginem
1789 5750 2027 5789 auream
2059 5732 2119 5787 in
2152 5732 2420 5802 ingressu
2435 5728 2726 5799 vestibuli,
2747 5746 2988 5802 pensan.
3011 5727 3192 5785 libras
3207 5716 3762 5809 centumvigintisex,

528 5839 587 5892 et
614 5834 817 5892 semis.
847 5838 1067 5890 Verum
1095 5832 1294 5904 etiam,
1326 5831 1425 5888 ubi
1458 5846 1657 5902 supra,
1690 5830 1824 5885 fecit
1873 5829 2142 5885 lucernas
2174 5826 2379 5883 fusiles
2409 5828 2558 5882 duas
2607 5844 2676 5882 ex
2703 5829 2941 5899 argento
2969 5824 3307 5899 purissimo,
3338 5836 3578 5895 pensan.
3604 5804 3761 5870 simul

542 5930 722 5996 libras
750 5930 957 6015 viginti
985 5934 1044 5990 et
1071 5929 1391 6007 septem.Et
1418 5926 1528 5986 hoc
1558 5925 1864 5985 constituit
1892 5928 1959 5982 ut
1985 5922 2421 5982 Dominicorum
2448 5923 2572 5981 dies
2584 5922 2674 5983 vel
2692 5923 2753 5983 in
2767 5923 2986 5991 sanctis
2998 5919 3490 5993 solemnitatibus,
3502 5904 3760 5974 hincindo
