4044 6168
264 234 419 295 1229
1101 235 1472 297 HISTORIA
1516 236 1619 297 DE
1662 236 1867 298 Vl'l‘lS
1915 237 2104 298 80M.
2152 238 2383 299 PONT.
2420 273 2492 282 —
2522 239 2672 299 LEO
2718 238 2823 299 IlI.
3515 241 3674 301 1230

389 363 564 435 juxta
591 364 869 421 ectoriam
901 366 1308 436 consisterent,
1332 370 1391 424 et
1420 369 1492 424 ad
1526 368 1841 442 legendum
1864 386 2062 426 sacras
2092 370 2368 425 lectiones
2398 370 2640 426 luminis
2670 371 2978 444 splendore
3010 372 3382 445 refulgereut.
3407 373 3507 428 llic
3541 370 3676 431 fecit

405 462 480 518 ad
510 462 748 519 beatum
781 463 1073 520 Andream
1100 463 1429 536 apostolum
1472 465 1759 521 ciborium
1792 482 1860 522 ex
1889 472 2130 539 argento
2181 468 2497 539 purissimo
2526 486 2705 541 super
2733 469 2915 525 altare
2963 472 3181 541 majus,
3215 486 3460 540 pensau.
3492 472 3676 531 libras

294 560 367 616 10
400 563 689 616 trecentas
719 565 778 616 et
806 561 1086 633 quinque.
1122 561 1224 617 Hic
1255 566 1449 619 autem
1496 562 1828 642 praecipuus
1876 565 2130 637 pontifex
2160 565 2441 621 divinitus
2500 566 2821 639 inspiratus
2877 567 3307 639 baptisterium,
3343 569 3442 623 ubi
3475 587 3674 642 supra,

401 657 792 731 conspiciens,
816 658 956 731 quia
993 660 1119 731 jam
1150 676 1266 732 prie
1296 660 1483 717 nimia
1508 641 1795 716 vetustate
1842 662 2023 717 ruina:
2054 662 2389 734 proximum
2419 662 2628 730 inerat,
2659 667 2719 719 et
2750 663 2888 735 quia
2918 665 3223 737 angustior
3267 664 3430 722 locus
3477 668 3678 739 populi

403 754 689 812 existebat
717 756 818 829 qui
847 757 920 813 ad
954 756 1317 829 baptismum
1337 758 1628 825 veniebat,
1650 757 1839 815 isdem
1866 760 2079 832 praesul
2102 777 2136 816 a
2162 761 2564 818 fundamentis
2593 760 2790 834 ipsum
2821 762 3228 835 baptisterium
3260 763 3320 819 in
3355 767 3677 824 rotundum

400 852 599 925 ampla
623 851 895 927 largitate
924 858 1272 910 construens
1302 854 1362 910 in
1396 854 1694 912 meliorem
1728 857 1909 913 erexit
1937 862 2181 926 statum,
2205 862 2382 931 atque
2413 876 2646 916 sacrum
2672 859 2892 915 fontem
2926 860 2982 913 in
3007 861 3197 916 medio
3219 860 3452 933 largiori
3485 864 3675 935 spatio

399 950 687 1017 fundavit,
710 955 768 1007 et
798 950 859 1006 in
891 951 1138 1007 circuitu
1162 950 1455 1008 columnis
1478 953 1903 1028 porphyreticis
1921 955 2233 1021 decoravit,
2258 961 2316 1012 et
2335 957 2394 1011 in
2417 957 2607 1013 medio
2631 956 2808 1013 fontis
2828 955 3163 1012 columnam
3188 958 3403 1029 posuit,
3419 965 3476 1015 et
3495 977 3674 1034 super

290 1047 366 1102 15
402 1046 738 1104 columnam
764 1064 982 1122 agnum
1006 1065 1075 1105 ex
1094 1055 1336 1123 argento
1359 1050 1701 1122 purissimo,
1726 1051 2068 1107 fundentem
2088 1068 2326 1124 aquam,
2347 1052 2447 1124 qui
2470 1069 2713 1125 pensau.
2739 1052 2920 1109 libras
2941 1053 3140 1109 decem
3163 1058 3221 1109 et
3240 1059 3371 1110 octo
3389 1060 3446 1110 et
3464 1056 3671 1112 uncias

398 1145 619 1200 decem.
642 1144 874 1201 Necnon
907 1150 963 1201 et
993 1144 1176 1201 altare
1196 1147 1389 1219 majus
1412 1148 1523 1203 sub
1545 1147 1753 1203 absida
1770 1149 2119 1215 construxit,
2143 1150 2314 1220 cujus
2344 1148 2549 1206 faciem
2572 1154 2746 1222 atque
2766 1150 3214 1219 confessionem,
3240 1167 3345 1207 seu
3374 1167 3572 1225 rugas,
3596 1153 3670 1209 ad

401 1241 669 1298 decorem
698 1242 889 1316 ipsius
918 1243 1068 1301 sacri
1096 1244 1300 1301 altaris
1329 1245 1622 1301 investivit
1649 1262 1719 1302 ex
1749 1249 1991 1319 argento
2022 1246 2436 1316 mundissimo,
2488 1263 2730 1319 pensau.
2760 1246 2938 1302 simul
2970 1246 3151 1303 libras
3199 1248 3586 1321 quadraginta
3615 1253 3673 1307 et

398 1344 558 1410 octo;
591 1357 793 1397 verum
823 1341 1000 1397 etiam
1031 1347 1089 1398 et
1116 1348 1337 1399 vestem
1371 1344 1441 1399 de
1472 1343 1728 1399 stauraci
1777 1361 1956 1417 super
1984 1361 2113 1400 eam
2141 1345 2358 1417 posuit,
2387 1349 2563 1416 atque
2596 1344 2920 1416 regularem
2954 1345 3033 1401 ibi
3084 1346 3603 1418 superinvestitum
3634 1365 3672 1404 x

398 1443 638 1512 argento
668 1440 987 1511 purissimo
1038 1440 1194 1497 fecit.
1227 1442 1297 1497 Et
1353 1458 1531 1514 super
1579 1442 1774 1515 ipsum
1827 1441 2150 1514 regularem
2210 1443 2410 1514 posuit
2458 1460 2659 1499 arcum
2693 1446 2750 1498 et
2779 1443 3148 1515 gammadias
3177 1461 3247 1500 ex
3274 1449 3535 1517 argento,
3569 1444 3669 1519 qui

278 1536 358 1591 20
398 1542 648 1610 pensant
676 1537 855 1594 simul
885 1538 1066 1594 libras
1096 1539 1457 1613 octuaginta.
1480 1540 1717 1596 Necnon
1744 1543 1803 1595 et
1829 1538 2117 1612 imagines
2145 1544 2284 1607 tres,
2317 1538 2418 1594 ubi
2448 1556 2646 1612 supra,
2669 1539 2883 1611 posuit,
2918 1556 3164 1612 pensau.
3189 1540 3333 1596 inibi
3358 1540 3539 1597 libras
3564 1541 3669 1598 tri-

395 1635 561 1709 ginta
588 1640 648 1691 et
676 1641 902 1709 septem
933 1643 991 1692 et
1018 1637 1223 1693 uncias
1253 1638 1485 1706 decem;
1519 1638 1717 1711 ipsum
1757 1654 1891 1693 vero
1924 1637 2333 1710 baptisterium
2366 1637 2611 1693 diversis
2642 1637 2699 1692 in
2733 1637 2979 1692 circuitu
3011 1637 3305 1693 decoravit
3329 1638 3596 1710 picturis.

467 1734 622 1790 8.8
653 1734 985 1790 Oratorium
1016 1751 1150 1790 vero
1180 1739 1393 1791 sancta:
1424 1735 1649 1803 Crucis,
1675 1735 1774 1792 ubi
1804 1752 2003 1807 supra,
2024 1736 2177 1807 quod
2211 1752 2325 1808 prie
2359 1734 2544 1791 nimia
2570 1738 2696 1791 erat
2722 1738 3011 1790 vetustate
3042 1735 3359 1804 ruiturum,
3393 1735 3489 1791 hic
3520 1753 3665 1809 prae-

396 1831 609 1905 cipuus
637 1836 838 1904 pastor
865 1849 901 1888 a
931 1832 1332 1890 fundamentis
1362 1832 1541 1889 simul
1564 1850 1699 1889 cum
1721 1834 1926 1890 absida
1958 1850 2103 1889 novo
2135 1833 2380 1889 (editicio
2410 1832 2608 1901 erexit,
2626 1836 2686 1889 et
2715 1832 2789 1888 ad
2814 1833 3134 1906 perfectum
3156 1850 3343 1906 usque
3372 1834 3664 1907 perduxit,
3740 1880 3741 1883 η

397 1933 570 2001 atque
601 1928 791 2001 ipsam
821 1929 1088 1985 absidem
1121 1946 1189 1985 ex
1219 1928 1447 1987 musivo
1477 1929 1723 1988 diversis
1752 1932 2086 1988 decoratam
2128 1929 2373 2003 picturis
2415 1934 2589 2003 atque
2630 1930 3023 1987 marmoribus
3050 1930 3200 1987 miro
3232 1929 3542 2004 splendore
3571 1949 3667 1989 or-

397 2024 573 2092 navit,
595 2024 696 2080 ubi
727 2030 786 2082 et
812 2024 1028 2082 obtulit
1056 2026 1344 2082 ciborium
1373 2043 1551 2100 super
1579 2027 1762 2084 altare
1792 2044 1929 2084 cum
1959 2027 2252 2084 columnis
2296 2027 2442 2099 suis,
2471 2033 2645 2100 atque
2677 2028 2881 2084 faciem
2914 2028 3103 2101 ipsius
3143 2027 3346 2084 altaris
3375 2027 3668 2085 investivit

310 2124 354 2179 5
396 2127 636 2197 argento
666 2122 1007 2195 purissimo,
1041 2140 1286 2197 pensau.
1318 2123 1501 2181 libras
1548 2129 1784 2181 centum
1817 2125 2022 2198 viginti
2051 2128 2111 2181 et
2138 2143 2317 2181 unam
2368 2131 2425 2182 et
2471 2125 2676 2181 uncias
2720 2126 2898 2192 duas;
2933 2142 3178 2198 regnum
3227 2125 3666 2200 spanoclystum

394 2238 463 2277 ex
487 2238 629 2277 auro
658 2221 1000 2294 purissimo,
1023 2238 1159 2277 cum
1189 2238 1361 2279 cruce
1390 2222 1449 2278 in
1481 2224 1696 2292 medio,
1720 2225 1982 2296 pendens
2009 2240 2187 2297 super
2207 2224 2401 2296 ipsum
2433 2223 2633 2291 altare,
2653 2241 2896 2297 pensau.
2920 2223 3131 2279 libram
3150 2240 3353 2289 unam,
3377 2228 3435 2279 et
3462 2223 3669 2280 uncias

395 2319 692 2376 undecim.
715 2319 950 2375 Necnon
972 2323 1032 2375 et
1050 2318 1198 2375 alias
1219 2318 1523 2377 columnas
1546 2326 1853 2393 argenteas
1875 2325 2148 2393 quatuor,
2173 2325 2231 2375 et
2251 2336 2428 2393 super
2456 2319 2617 2392 ipsas
2638 2319 2943 2375 columnas
2969 2317 3298 2391 regularem
3325 2318 3667 2376 investitum

393 2434 461 2473 ex
489 2420 728 2489 argento
761 2416 1099 2489 purissimo,
1133 2433 1376 2488 pensau.
1401 2417 1544 2473 inibi
1576 2418 1760 2475 libras
1799 2418 2103 2491 sexaginta
2131 2421 2188 2474 et
2217 2422 2430 2491 quator
2459 2423 2516 2473 et
2544 2418 2750 2473 uncias
2779 2421 2918 2473 tres.
2950 2418 3136 2473 Arcus
3184 2421 3491 2489 argenteos
3520 2421 3662 2482 tres,

394 2530 636 2586 pensau.
662 2513 844 2570 libras
872 2514 1262 2587 quadraginta
1291 2519 1349 2571 et
1378 2520 1496 2571 tres
1527 2521 1586 2572 et
1615 2517 1822 2572 uncias
1859 2522 1991 2572 octo
2025 2534 2038 2572 :
2073 2516 2361 2589 imagines
2398 2518 2704 2587 argenteas
2729 2515 3042 2569 deauratas
3070 2519 3212 2582 tres,
3238 2532 3483 2587 pensau.
3517 2514 3665 2570 inibi

277 2613 353 2667 10
392 2611 573 2667 libras
600 2611 869 2685 triginta;
903 2610 1191 2667 canistros
1219 2617 1528 2684 argenteos
1559 2612 1915 2668 intersatiles
1941 2611 2271 2677 duodecim,
2308 2628 2547 2684 pensau.
2583 2610 2762 2666 simul
2794 2610 2974 2666 libras
3006 2608 3382 2683 Septuaginta
3412 2616 3470 2666 et
3499 2616 3661 2679 octo;

390 2707 673 2781 gabatbas
701 2712 1007 2782 argenteas
1037 2708 1391 2765 intersatiles
1422 2709 1699 2765 fundatas
1720 2708 1925 2782 viginti
1953 2725 2155 2776 unum,
2180 2712 2237 2763 et
2265 2724 2497 2763 crucem
2529 2724 2729 2774 unam,
2754 2724 2919 2779 pens.
2941 2706 2999 2762 in
3031 2723 3216 2762 unum
3248 2706 3351 2764 lib.
3375 2706 3661 2779 quinqua-

390 2806 583 2880 ginta;
613 2811 833 2862 vestem
865 2821 1043 2879 super
1070 2804 1253 2861 altare
1281 2806 1354 2861 de
1384 2805 1627 2861 fundato
1657 2821 1871 2873 unam;
1904 2809 1962 2861 et
1990 2803 2107 2860 alia
2133 2805 2204 2860 de
2235 2804 2505 2873 blatthin,
2529 2821 2666 2860 cum
2709 2802 3102 2877 cbrysoclavo,
3128 2819 3350 2860 necnon
3381 2808 3441 2860 et
3481 2803 3658 2860 aliam

388 2909 608 2961 vestem
630 2902 823 2959 albam
844 2906 1100 2959 rosatam
1122 2919 1259 2959 cum
1279 2901 1652 2976 cbrysoclavo
1674 2919 1688 2958 :
1711 2901 1907 2958 velum
1928 2900 2224 2957 modicum
2251 2901 2754 2974 chrysoclavatum
2776 2917 2909 2957 cum
2936 2899 3230 2972 cruciﬁxo,
3244 2904 3303 2957 et
3321 2900 3656 2974 margaritis

391 3005 693 3069 ornatum;
721 3000 847 3057 vela
873 3001 944 3057 de
964 3000 1216 3057 stauraci
1248 3004 1495 3073 septem,
1520 2999 1646 3056 vela
1667 3000 1739 3056 de
1763 2999 2004 3055 fundato
2027 3003 2297 3071 quatuor,
2322 2998 2449 3054 vela
2468 2999 2718 3066 modica,
2742 3015 2868 3071 qua;
2893 2998 3150 3072 pendent
3168 2998 3228 3055 in
3251 2998 3501 3073 regulari
3524 3004 3658 3057 ante

273 3102 353 3159 15
391 3099 682 3173 imagines
710 3098 918 3172 Tyrias
945 3115 1083 3155 sex:
1109 3098 1236 3154 vela
1263 3098 1406 3154 arba
1434 3098 1638 3166 serica,
1663 3100 1870 3155 ornata
1900 3097 1959 3152 in
1992 3096 2239 3154 circuitu
2270 3097 2342 3153 de
2371 3096 2614 3153 fundato
2645 3096 2982 3164 duodecim;
3009 3095 3203 3152 velum
3232 3098 3427 3169 majus
3455 3096 3655 3154 album

390 3200 957 3264 rosatum,ornatum
981 3197 1233 3269 desuper
1253 3196 1325 3251 de
1346 3194 1677 3268 quadruplo
1700 3211 1907 3261 unum,
1930 3198 1987 3251 et
2007 3193 2166 3250 aliud
2187 3193 2381 3251 velum
2405 3194 2673 3261 rubeam,
2700 3210 2835 3250 cum
2858 3192 3266 3266 bubalo,quod
3288 3195 3503 3267 pendet
3520 3199 3658 3252 ante

389 3295 577 3369 regias
605 3296 892 3367 majores:
914 3293 1042 3350 vela
1065 3292 1298 3349 modica
1315 3293 1388 3349 de
1409 3292 1665 3349 stauraci
1693 3297 1971 3365 quatuor,
1994 3309 2121 3365 quis
2150 3291 2410 3364 pendent
2439 3290 2500 3346 in
2540 3290 2792 3365 regulari
2825 3296 2961 3348 ante
2981 3291 3296 3365 imagines;
3329 3293 3430 3350 sed
3461 3296 3520 3349 et
3543 3291 3659 3350 alia

386 3393 515 3451 vela
541 3392 878 3468 promiscua
905 3392 1092 3449 serica
1121 3407 1366 3447 numero
1400 3391 1695 3447 undecim.
1723 3390 1900 3458 Fecit,
1930 3389 2032 3446 ubi
2062 3407 2262 3463 supra,
2291 3390 2365 3446 ad
2410 3390 2598 3446 fontes
2627 3388 2754 3445 vela
2782 3390 2958 3463 Tyria
2986 3390 3120 3457 tria,
3152 3407 3279 3463 quae
3311 3391 3567 3463 pendent
3594 3391 3655 3448 in

388 3491 712 3566 regularem
743 3495 881 3547 ante
908 3489 1217 3563 imagines,
1249 3493 1308 3545 et
1336 3488 1453 3545 alia
1478 3488 1607 3545 vela
1638 3488 1825 3545 serica
1840 3504 2098 3544 .numero
2127 3487 2337 3561 viginti
2367 3504 2574 3543 unum.

458 3591 612 3646 ιο.
642 3589 747 3645 Hic
775 3587 910 3645 fecit
938 3588 1106 3643 beato
1138 3587 1303 3644 Petro
1332 3586 1594 3659 apostolo
1633 3585 1909 3642 nutritori
1957 3602 2065 3643 suo
2116 3585 2357 3642 calicem
2407 3602 2653 3643 aureum
2702 3586 3061 3658 praecipuum
3110 3586 3546 3661 spanoclystum
3577 3591 3659 3675 (α)

387 3688 632 3746 diversis
660 3691 933 3743 ornatum
964 3684 1260 3758 lapidibus
1291 3684 1581 3757 pretiosis,
1608 3701 1851 3757 pensau.
1874 3683 2057 3741 libras
2076 3684 2341 3757 triginta.
2370 3683 2509 3740 Pari
2528 3683 2702 3739 modo
2727 3684 2860 3739 fecit
2879 3689 2937 3739 et
2958 3689 3229 3757 patenam
3256 3701 3493 3741 auream
3520 3703 3657 3759 spa-

388 3786 734 3860 noclystam,
769 3783 1040 3840 similiter
1067 3782 1312 3838 diversis
1345 3786 1610 3837 ornatam
1661 3781 1933 3855 pretiosis
1962 3781 2279 3854 lapidibus,
2313 3798 2557 3853 pensau.
2581 3780 2764 3836 libras
2793 3782 2999 3853 viginti
3026 3781 3304 3855 quinque.
3331 3783 3488 3839 Fecit
3524 3799 3658 3840 vero

388 3901 566 3958 super
591 3883 879 3940 ciborium
912 3882 983 3938 de
1013 3880 1180 3937 altari
1214 3880 1421 3952 majori
1454 3880 1624 3936 beato
1648 3880 1813 3935 Petro
1835 3879 2095 3951 apostolo
2119 3879 2403 3935 canthara
2427 3880 2652 3949 majora
2676 3880 2931 3950 quatuor
2958 3896 3026 3933 cx
3048 3884 3286 3950 argento
3317 3878 3655 3951 purissimo,

305 3988 346 4042 5
386 3983 665 4040 habentia
692 3980 752 4037 in
784 3979 978 4036 medio
1003 3994 1199 4035 cereos
1217 3995 1286 4034 ex
1316 3981 1555 4051 argento
1577 3977 1908 4060 deauratos,
1936 3993 2179 4049 pensan,
2206 3976 2264 4030 in
2292 3992 2476 4031 unum
2513 3974 2692 4030 libras
2714 3979 2950 4031 centum
2980 3979 3037 4031 et
3066 3975 3473 4048 quadraginta.
3509 3977 3656 4033 Pra-

387 4081 580 4137 dictus
608 4095 742 4136 vero
771 4081 830 4135 et
859 4075 1174 4151 praeclarus
1204 4074 1462 4148 pontifex
1484 4073 1622 4130 fecit
1651 4072 1749 4129 ubi
1770 4090 1951 4145 supra
1978 4072 2349 4129 thuribulum
2373 4070 2758 4144 apostolicum
2780 4089 2850 4128 ex
2871 4090 3013 4128 auro
3045 4070 3386 4144 purissimo,
3409 4089 3654 4146 pensau.

388 4178 569 4235 libras
598 4178 746 4234 duas
775 4179 833 4232 et
864 4174 1071 4232 uncias
1090 4172 1372 4246 quinque.
1399 4172 1557 4229 Fecit
1584 4188 1719 4228 vero
1747 4175 1969 4228 vestem
2001 4186 2179 4243 super
2207 4168 2388 4226 altare
2418 4170 2611 4241 majus
2635 4168 3092 4243 cbrysoclavam,
3115 4170 3361 4227 diversis
3391 4177 3657 4229 ornatam

387 4274 633 4350 picturis
654 4291 832 4348 quam
852 4271 1160 4329 constituit
1177 4275 1432 4344 quatuor
1454 4268 1819 4342 temporibus
1840 4285 1943 4342 per
1962 4283 2185 4325 annum
2217 4267 2277 4322 in
2298 4266 2607 4323 duodecim
2628 4266 2978 4324 lectionibus
3004 4267 3221 4325 ibidem
3242 4284 3474 4341 ponere.
3500 4270 3660 4327 Fecit

389 4372 490 4429 ubi
522 4388 699 4445 super
716 4386 962 4428 coronas
982 4369 1235 4441 majores
1254 4384 1325 4423 ex
1352 4370 1592 4439 argento
1623 4364 1941 4438 purissimo
1972 4366 2247 4437 quatuor,
2271 4379 2516 4435 pensau.
2540 4361 2716 4419 simul
2747 4362 2929 4419 libras
2966 4367 3200 4420 centum
3232 4364 3660 4440 quinquaginta

280 4472 351 4528 10
389 4474 642 4544 quatuor
668 4473 728 4526 et
757 4467 959 4525 semis.
981 4466 1139 4523 Fecit
1155 4482 1289 4522 vero
1308 4464 1410 4520 ubi
1433 4480 1615 4536 supra
1633 4461 1937 4519 lectorium
1962 4478 2033 4518 ex
2052 4465 2294 4535 argento
2317 4459 2634 4533 purissimo
2656 4460 2817 4517 mira:
2837 4462 3266 4535 magnitudinis
3292 4463 3657 4534 decoratum,

389 4585 633 4643 pensau.
658 4566 840 4624 libras
868 4569 1107 4622 centum
1138 4561 1531 4636 quadraginta
1548 4566 1606 4617 et
1629 4565 1778 4629 tres;
1803 4576 2027 4616 necnon
2049 4563 2107 4616 et
2126 4562 2447 4616 cerostatas
2466 4575 2536 4614 ex
2556 4563 2793 4631 argento
2816 4559 3231 4627 mundissimo,
3253 4565 3475 4619 stantes
3488 4564 3661 4635 juxta

386 4667 585 4741 ipsum
612 4664 941 4732 lectorium,
963 4678 1205 4736 pensau.
1230 4659 1409 4717 simul
1441 4658 1624 4716 libras
1653 4657 2041 4733 quadraginta
2068 4661 2128 4714 et
2157 4672 2384 4713 novem.
2408 4655 2624 4712 Verum
2654 4655 2832 4712 etiam
2863 4661 2922 4713 et
2951 4674 3129 4730 super
3156 4657 3315 4731 ipsas
3341 4664 3659 4718 cerostatas

389 4764 528 4822 fecit
552 4763 823 4821 lucernas
854 4761 1058 4829 fusiles
1078 4759 1329 4816 bimixas
1345 4759 1493 4814 duas
1514 4774 1583 4813 ex
1607 4759 1847 4829 argento
1875 4772 2022 4828 puro
2036 4799 2050 4822 ,
2071 4769 2320 4828 pensau.
2344 4751 2526 4810 libras
2544 4751 2747 4826 viginti
2771 4757 2827 4809 et
2846 4758 3091 4827 septem.
3114 4755 3196 4811 Ex
3225 4756 3335 4813 hoc
3354 4757 3662 4816 constituit

389 4868 456 4918 ut
474 4859 913 4919 Dominicorum
935 4858 1048 4929 die,
1070 4856 1159 4914 vel
1182 4857 1242 4913 in
1266 4855 1489 4913 sanctis
1515 4852 2007 4920 solemnitatibus,
2033 4851 2173 4917 hinc
2195 4850 2332 4907 inde
2352 4851 2523 4923 juxta
2547 4849 2851 4907 lectorium
2873 4852 3281 4924 consisterent,
3302 4860 3361 4913 et
3381 4857 3454 4913 ad
3473 4857 3664 4933 legen.

282 4962 353 5019 15
389 4962 533 5017 dum
563 4976 761 5016 sacras
789 4956 1069 5015 lectiones
1097 4953 1341 5011 luminis
1372 4952 1681 5026 splendore
1710 4950 2021 5023 fulgerent.
2047 4947 2549 5005 Pharocautharos
2580 4948 2717 5005 fecit
2759 4949 2818 5005 in
2851 4950 3212 5024 presbyterio
3241 4970 3488 5015 numero
3518 4976 3663 5032 qua-

390 5058 713 5116 tuordecim
744 5073 814 5113 ex
834 5058 1073 5129 argento
1102 5052 1518 5119 mundissimo,
1544 5066 1711 5123 pens;
1732 5047 1907 5106 simul
1941 5047 2122 5104 libras
2144 5046 2565 5119 quadragintas
2594 5047 2838 5120 triginta
2857 5052 2914 5104 et
2934 5052 3084 5122 tres;
3109 5067 3336 5110 necnon
3358 5055 3664 5115 columnas

391 5162 521 5216 octo
549 5162 607 5215 et
634 5172 805 5213 arcus
834 5158 1089 5228 quatuor
1118 5150 1254 5208 fecit
1282 5168 1351 5208 ex
1379 5152 1641 5223 argento,
1668 5163 1908 5221 pensau.
1936 5145 2082 5201 inibi
2110 5145 2294 5201 libras
2320 5147 2555 5200 centum
2589 5146 2963 5219 septuaginta
2992 5153 3050 5204 et
3077 5153 3214 5208 tres.

463 5256 619 5313 ΔΜ
651 5253 804 5311 Fecit
830 5269 965 5310 vero
995 5249 1097 5308 ubi
1127 5266 1308 5323 supra
1335 5247 1547 5305 calices
1578 5246 1853 5302 fundatos
1883 5260 1952 5300 ex
1981 5246 2242 5316 argento,
2268 5242 2369 5314 qui
2403 5243 2659 5313 pendent
2691 5242 2845 5301 inter
2865 5245 3173 5304 columnas
3194 5251 3445 5321 majores
3465 5251 3667 5306 dextra

394 5354 649 5428 lzevaque
677 5351 932 5410 basilicae
961 5366 1207 5407 numero
1238 5345 1541 5419 sexaginta
1564 5348 1834 5417 quatuor,
1860 5358 2103 5414 pensau.
2127 5339 2345 5412 pariter
2370 5338 2553 5397 libras
2574 5342 3035 5417 quadringentae
3059 5346 3364 5419 sexaginta
3384 5350 3443 5402 et
3464 5363 3667 5405 unam.

396 5453 588 5509 Isdem
613 5467 749 5509 vero
781 5464 1081 5523 prasagus
1110 5446 1354 5503 antistes
1387 5444 1485 5500 ubi
1518 5458 1698 5515 supra
1732 5440 1805 5496 ad
1838 5440 2077 5494 beatum
2107 5439 2399 5494 Andream
2432 5438 2765 5511 apostolum
2797 5440 3093 5498 investivit
3135 5442 3315 5498 altare
3363 5443 3557 5515 majus
3601 5461 3670 5502 ex

398 5554 632 5624 argento
654 5548 974 5623 purissimo
996 5547 1294 5612 deaurato,
1319 5542 1466 5598 miro
1486 5542 1691 5597 decore
1713 5540 1942 5606 ornato,
1967 5536 2068 5609 qui
2091 5552 2336 5609 pensau.
2363 5536 2626 5609 undique
2649 5536 2830 5595 libras
2851 5544 3090 5594 centum
3111 5539 3354 5611 triginta
3373 5541 3668 5621 quinque;

327 5650 365 5706 5
399 5649 707 5707 cantharas
735 5665 804 5705 ex
833 5650 1075 5721 argento
1101 5641 1421 5718 purissimo
1441 5638 1774 5706 duodecim,
1799 5653 2046 5711 pensau.
2072 5634 2249 5691 simul
2281 5633 2464 5690 libras
2485 5634 2915 5710 quinquaginta
2943 5641 2999 5693 et
3021 5637 3206 5707 duas;
3230 5638 3532 5700 canistros
3552 5641 3669 5703 duo

1438 5864 1691 5915 NOTULB
1729 5861 2114 5911 κΑιιθιισΑιεε
2156 5857 2479 5908 FABROTTI.

335 5962 408 6045 (α)
434 5963 503 6043 B,
531 5961 978 6043 epanoclistum.
