4044 6168
411 208 566 272 1231
1569 211 1986 273 ANASTASII
2033 210 2661 273 BIBLIOTHECARII
3612 220 3736 283 1232

553 339 740 397 decim
772 357 840 397 ex
871 343 1133 414 argento,
1159 357 1401 414 pensau.
1425 341 1604 398 libras
1626 342 1999 415 septuaginta
2022 345 2080 398 et
2101 345 2248 398 octo.
2275 341 2571 398 Investivit
2587 358 2718 398 vero
2740 341 2922 398 altare
2943 341 3122 399 beatae
3145 342 3450 400 Petronillaa
3468 362 3531 402 ex
3548 357 3740 423 argento

549 439 867 512 purissimo
917 441 1217 507 deaurato,
1249 440 1495 498 diversis
1544 447 1809 498 ornatam
1842 440 2087 514 picturis
2118 441 2398 513 undique,
2427 459 2669 514 pensau.
2694 441 2874 498 libras
2903 447 3138 498 centum
3169 443 3457 517 sexaginta
3482 450 3532 503 et
3556 447 3679 506 duas
3701 456 3744 508 et

547 537 751 594 uncias
773 542 922 595 octo.
947 538 1182 593 Necnon
1215 535 1506 594 investivit
1538 539 1720 596 altare
1765 539 1920 596 beati
1948 537 2208 612 Gregorii
2240 539 2592 595 confessoris
2639 543 2814 611 atque
2844 539 3138 611 pontificis
3167 556 3234 596 ex
3264 547 3492 614 argento
3518 545 3745 605 deaurato

547 635 826 708 undique,
855 651 1096 708 pensau.
1118 634 1298 691 libras
1320 640 1554 691 centum
1578 636 1785 709 viginti
1817 641 1874 693 et
1905 640 2150 708 septem.
2175 635 2332 692 Fecit
2353 636 2452 691 ubi
2476 653 2655 708 supra
2684 636 2742 691 in
2775 636 2997 710 gremio
3029 636 3281 693 basilicae
3312 638 3456 694 beati
3489 641 3618 697 Petri
3644 661 3748 717 apo-

443 733 510 789 10
547 732 680 789 stoli
712 732 998 789 cortinam
1031 733 1312 804 majorem
1343 733 1791 789 Alexandrinam
1825 732 2231 804 holosericam,
2260 733 2574 789 habentem
2605 733 2664 788 in
2707 733 2897 790 medio
2929 735 3272 806 adjunctum
3305 736 3606 806 fundatum,
3633 744 3680 795 et
3702 741 3748 796 in

548 829 793 886 circuitu
817 835 1089 886 ornatum
1113 831 1182 885 de
1215 831 1478 886 fundato.
1501 830 1899 886 Verumetiam
1933 830 2120 886 isdem
2152 830 2481 902 praecipuus
2505 831 2716 903 praesul
2741 831 2876 886 fecit
2905 830 2966 904 th
2977 831 3210 887 uribula
3227 832 3534 904 apostolica
3557 851 3616 891 ex
3638 853 3751 894 auro

548 927 864 1002 purissimo
895 928 1031 1000 duo,
1056 945 1123 984 ex
1154 928 1371 1000 quibus
1405 944 1588 984 unum
1622 927 1782 984 misit
1812 928 1972 983 intus
2004 943 2182 1000 super
2210 945 2424 1000 corpus
2455 929 2604 1000 ejus,
2630 928 2785 1000 quod
2818 945 3062 1000 pensau.
3084 927 3266 985 libras
3286 929 3450 996 duas,
3470 936 3522 986 et
3546 931 3751 991 alterum

552 1043 796 1099 pensau.
830 1025 1010 1082 libras
1042 1027 1190 1082 duas
1221 1029 1278 1081 et
1308 1025 1512 1081 uncias
1543 1029 1694 1092 octo,
1719 1026 1875 1098 quod
1903 1025 2176 1097 praecedit
2204 1042 2310 1098 per
2340 1025 2644 1082 stationes.

621 1125 770 1181 ΑΜ
807 1124 912 1180 Hic
939 1141 1072 1180 vero
1101 1123 1392 1180 almiﬁcus
1423 1122 1633 1196 praesul
1666 1123 1802 1179 fecit
1828 1123 1885 1178 in
1920 1122 2222 1179 basilicam
2257 1123 2406 1178 beati
2434 1123 2596 1178 Pauli
2629 1123 2874 1196 apostoli
2907 1123 3210 1180 thuribula
3230 1123 3535 1198 apostolica
3561 1143 3620 1182 ex
3646 1144 3755 1182 auro

545 1222 865 1296 purissimo
887 1223 1023 1278 duo.
1050 1222 1151 1277 llic
1179 1238 1314 1277 vero
1336 1221 1625 1277 almiiicus
1656 1220 1868 1294 prmsul
1896 1220 2187 1276 investivit
2217 1220 2425 1276 faciem
2447 1220 2650 1277 altaris
2680 1225 2893 1278 sancta:
2919 1221 3013 1277 Dei
3045 1222 3356 1279 Genitricis
3377 1223 3446 1278 ad
3468 1223 3691 1296 Praesepe
3707 1243 3759 1280 ex

553 1324 793 1393 argento
824 1319 1216 1376 mundissimo
1248 1320 1547 1388 deaurato,
1572 1320 1727 1391 quod
1760 1336 1925 1392 pens.
1951 1317 2086 1374 libr.
2114 1317 2450 1392 octuaginta
2487 1322 2544 1374 et
2573 1335 2694 1376 sex.
2719 1319 2875 1375 Fecit
2903 1323 3100 1376 autem
3150 1319 3232 1375 ibi
3279 1337 3515 1376 coronas
3557 1321 3681 1377 duas
3705 1338 3757 1377 ex

553 1420 792 1490 argento
814 1417 1132 1490 purissimo
1155 1434 1319 1489 pens.
1345 1416 1526 1472 libras
1550 1416 1978 1489 quinquaginta
1998 1419 2269 1488 quatuor.
2293 1415 2558 1471 Cortinas
2590 1417 2842 1488 majores
2866 1415 3282 1472 Alexandrinas
3300 1416 3604 1473 holoserica
3626 1434 3760 1473 orna-

477 1516 514 1571 5
552 1517 643 1571 tas
671 1513 732 1570 in
760 1514 1008 1571 circuitu
1042 1515 1111 1571 de
1143 1514 1407 1570 fundato.
1432 1514 1535 1570 Hic
1563 1531 1695 1569 vero
1728 1513 2058 1586 praecipuus
2101 1513 2310 1586 praesul
2343 1529 2412 1568 ex
2443 1513 2710 1587 largitate
2757 1513 3176 1586 omnipotentis
3207 1514 3330 1585 Dei,
3361 1518 3419 1570 et
3463 1515 3600 1570 beati
3640 1515 3760 1571 Petri

550 1612 819 1687 clavigeri
852 1613 1013 1685 regni
1046 1612 1346 1680 caelorum,
1371 1611 1584 1668 obtulit
1612 1629 1715 1684 per
1745 1612 2047 1668 universas
2071 1615 2408 1668 sanctorum
2433 1628 2631 1668 sacras
2662 1611 2939 1668 ecclesias
2959 1611 3140 1682 hnjus
3161 1611 3330 1668 alme
3361 1612 3546 1668 Roma:
3563 1628 3759 1669 coronas

547 1712 636 1768 vel
667 1712 843 1768 etiam
875 1710 1163 1767 canistros
1185 1727 1253 1766 ex
1280 1715 1519 1783 argento
1546 1710 1884 1783 purissimo,
1904 1709 1976 1765 ob
1999 1709 2230 1766 veniam
2258 1709 2582 1765 facinorum
2609 1726 2884 1776 suorum;
2914 1709 3220 1766 videlicet:
3245 1710 3303 1766 in
3327 1709 3560 1766 ecclesia
3578 1708 3758 1766 Domini

551 1809 731 1865 nostri
766 1808 1104 1874 Salvatoris,
1129 1825 1257 1880 quae
1289 1808 1618 1881 appellatur
1651 1807 2152 1874 Constantiniana,
2181 1807 2312 1863 fecit
2342 1824 2584 1863 coronas
2614 1824 2682 1862 ex
2712 1812 2952 1880 argento
2997 1806 3340 1880 purissimo,
3363 1824 3588 1880 pensau.
3619 1805 3760 1863 libras

548 1905 756 1979 viginti
779 1909 918 1962 tres.
941 1906 1013 1960 Et
1032 1905 1091 1961 in
1114 1905 1358 1962 basilica
1379 1909 1593 1961 sanctm
1618 1905 1717 1961 Dei
1741 1905 2050 1961 Genitricis
2073 1905 2143 1960 ad
2175 1905 2435 1977 Praesepe
2455 1903 2641 1960 instar
2662 1903 2793 1960 fecit
2816 1921 3091 1960 coronam
3111 1921 3182 1960 ex
3200 1908 3440 1978 argento
3465 1921 3618 1977 puro,
3638 1920 3764 1977 penu.

451 2005 520 2060 10
556 2004 738 2060 libras
767 2001 1068 2059 tredecim.
1092 2004 1162 2058 Et
1191 2003 1250 2058 in
1282 2003 1525 2059 basilica
1558 2007 1773 2058 sanctae
1805 2002 1906 2058 Dei
1928 2002 2240 2058 Genitricis
2273 2002 2332 2057 in
2362 2001 2532 2058 titulo
2553 2000 2761 2057 Calixti
2793 2001 2930 2057 fecit
2961 2018 3236 2058 coronam
3269 2019 3336 2058 ex
3367 2006 3618 2074 argento,
3639 2018 3771 2074 pecs.

563 2101 743 2157 libras
772 2099 1054 2156 tredecim
1077 2103 1134 2156 et
1155 2100 1360 2156 uncias
1382 2105 1520 2156 tres.
1546 2101 1616 2156 Et
1645 2099 1702 2154 in
1737 2098 2004 2156 diaconia
2035 2099 2222 2172 ipsius
2255 2098 2355 2155 Dei
2377 2098 2709 2167 Genitricis,
2731 2116 2858 2172 quae
2889 2097 3220 2171 appellatur
3263 2098 3534 2170 Antiqua.
3557 2097 3776 2154 similiter

561 2198 698 2254 fecit
730 2214 1005 2254 coronam
1033 2215 1102 2254 ex
1131 2201 1394 2271 argento,
1420 2215 1662 2270 pensau.
1696 2197 1878 2254 libras
1921 2197 2222 2253 tredecim.
2246 2198 2318 2253 Et
2348 2197 2406 2252 in
2438 2196 2682 2252 ecclesia
2725 2199 2939 2253 sanctae
2969 2196 3071 2253 Dei
3112 2195 3426 2253 Genitricis
3453 2196 3523 2252 ad
3551 2196 3779 2269 Martyres

569 2295 708 2351 fecit
738 2310 1014 2350 coronam
1045 2311 1113 2350 ex
1144 2299 1402 2367 argento,
1426 2311 1672 2367 pensau.
1699 2294 1877 2350 libras
1898 2295 2205 2350 duodecim
2228 2299 2284 2350 et
2305 2293 2507 2350 uncias
2529 2298 2666 2350 tres.
2691 2295 2762 2350 Et
2787 2293 2848 2349 in
2871 2293 3138 2350 diaconia
3167 2293 3358 2366 ipsius
3383 2293 3480 2350 Dei
3503 2293 3779 2360 Genitricis,

561 2410 690 2466 quae
720 2392 1050 2466 appellatur
1068 2391 1400 2458 Cosmedin,
1423 2393 1627 2448 eodem
1662 2393 1834 2448 modo
1853 2392 1988 2447 fecit
2009 2409 2282 2447 coronam
2306 2409 2375 2448 ex
2395 2396 2656 2465 argento,
2683 2409 2847 2464 pens.
2872 2390 3054 2448 libras
3078 2391 3412 2460 duodecim,
3435 2408 3639 2448 necnon
3665 2395 3712 2447 et
3735 2391 3779 2447 in

460 2492 530 2548 15
565 2491 835 2547 diaconia
863 2495 1077 2547 sancta:
1102 2489 1200 2546 Dei
1225 2490 1554 2556 Genitricis,
1573 2507 1699 2562 quae
1732 2489 2060 2562 appellatur
2092 2489 2414 2557 Dominica,
2443 2489 2714 2545 simililer
2742 2489 2876 2546 fecit
2901 2505 3176 2545 coronam
3207 2506 3279 2545 ex
3309 2493 3560 2563 argento,
3581 2505 3782 2562 pensau.

565 2588 746 2645 libras
770 2604 996 2644 novem.
1019 2589 1091 2643 Et
1119 2587 1178 2642 in
1211 2587 1479 2642 diaconia
1509 2591 1723 2642 sanctae
1751 2585 1852 2642 Dei
1885 2585 2214 2654 Genitricis,
2241 2603 2368 2658 qua:
2402 2586 2640 2658 ponitur
2668 2587 2762 2642 via
2781 2587 2945 2654 Lata,
2968 2585 3101 2642 fecit
3131 2603 3409 2643 coronam
3458 2603 3525 2644 ex
3569 2589 3782 2660 argento,

569 2703 814 2759 pensau.
838 2685 1018 2741 libras
1049 2701 1277 2741 novem.
1300 2685 1371 2740 Et
1402 2685 1459 2739 in
1492 2683 1759 2740 diaconia
1790 2687 2004 2739 sanctae
2045 2683 2239 2739 Mariae
2272 2684 2330 2738 in
2354 2685 2496 2756 Cyro
2528 2683 2663 2739 fecit
2693 2698 2969 2740 coronam
2999 2686 3359 2758 argenteam,
3382 2700 3611 2757 pensau.
3637 2682 3780 2738 libras

565 2789 714 2842 octo.
739 2784 862 2840 Imo
893 2786 952 2839 et
982 2783 1041 2838 in
1072 2781 1339 2838 diaconia
1370 2782 1549 2838 beata:
1575 2781 1674 2838 Dei
1703 2779 2179 2853 Genitricis,qua3
2209 2780 2448 2852 ponitur
2478 2781 2618 2837 foris
2649 2785 2877 2854 portam
2907 2781 3060 2838 beati
3101 2782 3256 2838 Petri
3290 2781 3551 2855 apostoli,
3573 2781 3688 2837 fecit
3711 2797 3784 2836 co-

565 2897 770 2939 ronam
801 2897 871 2937 ex
901 2884 1164 2953 argento,
1213 2896 1456 2952 pensan.
1505 2878 1685 2935 libras
1715 2877 1973 2951 quinque
2005 2882 2061 2934 et
2090 2877 2296 2934 uncias
2324 2882 2462 2934 tres.
2486 2879 2556 2934 Et
2586 2878 2646 2934 in
2679 2877 2947 2935 diaconia
2991 2877 3179 2952 ipsius
3226 2879 3330 2936 Dei
3357 2878 3781 2950 Genitricis,qus

461 2981 532 3037 2O
567 2978 806 3054 ponitur
835 2978 896 3033 in
927 2977 1201 3033 Adriano.
1235 2977 1437 3033 eodem
1471 2977 1644 3032 modo
1678 2975 1816 3033 fecit
1846 2992 2120 3031 coronam
2153 2992 2222 3031 ex
2253 2978 2513 3049 argento,
2547 2993 2790 3049 pensau.
2826 2976 3008 3032 libras
3039 2976 3326 3049 quinque.

636 3077 791 3134 402
821 3075 1056 3132 Necnon
1086 3078 1143 3130 et
1172 3075 1231 3130 in
1263 3074 1515 3130 oratorio
1559 3077 1775 3130 sanctae
1809 3073 1909 3129 Dei
1942 3072 2272 3140 Genitricis,
2306 3091 2434 3146 quae
2479 3073 2718 3145 ponitur
2746 3073 2807 3131 in
2839 3073 3210 3130 Xenodochio
3262 3073 3493 3141 Firmis,
3515 3072 3638 3131 fecit
3659 3070 3787 3128 cani-

567 3178 754 3230 strum
779 3189 848 3229 ex
868 3176 1130 3245 argento,
1156 3188 1399 3244 pensau.
1424 3171 1607 3227 libras
1629 3172 1776 3227 duas
1805 3174 1864 3226 et
1893 3169 2098 3227 uncias
2118 3175 2364 3242 septem.
2386 3170 2449 3226 In
2472 3169 2716 3227 ecclesia
2739 3170 2892 3227 beati
2919 3170 3070 3227 Petri
3091 3171 3347 3244 apostoli
3370 3171 3503 3228 fecit
3521 3169 3786 3227 canistrum

567 3272 639 3327 de
669 3273 910 3344 argento
941 3268 1279 3342 purissimo,
1303 3285 1546 3341 pensau.
1571 3268 1752 3324 libras
1767 3267 1976 3340 viginti
1999 3268 2176 3335 duas;
2199 3271 2257 3323 et
2283 3266 2342 3322 in
2373 3266 2618 3323 ecclesia
2646 3267 2798 3323 beati
2823 3267 2984 3324 Pauli
3017 3267 3268 3340 apostoli
3300 3267 3485 3324 instar
3512 3267 3634 3324 fecit
3658 3264 3788 3323 cani-

567 3373 759 3426 strum
788 3385 858 3424 ex
887 3371 1127 3440 argento
1158 3366 1498 3438 purissimo,
1529 3382 1773 3437 pensan.
1801 3365 1982 3421 libras
2009 3367 2080 3420 22
2109 3369 2168 3422 et
2218 3364 2423 3421 uncias
2455 3368 2706 3437 quatuor
2735 3369 2793 3421 et
2820 3370 2970 3421 octo.
3005 3365 3129 3422 Imo
3177 3370 3240 3422 et
3288 3366 3352 3422 in
3399 3364 3629 3447 ecclesia
3668 3359 3787 3418 beati

495 3468 532 3522 5
565 3466 808 3521 Andreae
840 3463 1110 3536 apostoli,
1127 3479 1255 3536 quae
1277 3462 1607 3535 appellatur
1627 3462 1920 3528 Eudoxim,
1943 3462 2145 3518 eodem
2169 3463 2342 3518 modo
2367 3462 2501 3518 fecit
2521 3479 2797 3519 coronam
2827 3462 2901 3519 de
2921 3467 3182 3534 argento,
3209 3480 3378 3536 pens.
3403 3463 3577 3520 libras
3603 3474 3785 3517 novem.

568 3562 786 3618 Verum
809 3562 984 3618 etiam
1009 3564 1065 3616 et
1093 3561 1152 3614 in
1185 3559 1429 3615 ecclesia
1453 3560 1602 3615 beati
1636 3559 1881 3616 Joannis
1913 3559 2205 3632 Baptistae,
2232 3576 2359 3631 quae
2382 3559 2800 3632 poniturjuxta
2825 3559 3253 3632 patriarchium
3276 3561 3666 3626 Lateranense,
3687 3554 3788 3613 fecit

567 3675 842 3716 coronam
872 3658 944 3712 de
977 3660 1238 3728 argento,
1263 3672 1506 3728 pensau.
1529 3655 1711 3711 libras
1732 3655 2010 3729 quinque.
2036 3658 2159 3712 lmo
2191 3660 2249 3712 et
2279 3656 2338 3711 in
2369 3655 2615 3712 ecclesia
2645 3656 2797 3712 beati
2828 3656 3076 3713 Joannis
3101 3657 3495 3730 evangelista,
3518 3673 3633 3730 quae
3660 3651 3787 3727 poni-

569 3761 668 3813 tur
694 3754 793 3811 ubi
825 3771 1022 3828 supra,
1048 3752 1184 3809 fecit
1213 3770 1489 3809 coronam
1522 3769 1590 3808 ex
1621 3757 1880 3826 argento,
1913 3769 2156 3825 pensau.
2189 3753 2370 3810 libras
2401 3754 2681 3826 quinque.
2715 3754 2860 3809 Item
2892 3758 2950 3810 et
2982 3754 3039 3809 in
3071 3754 3323 3811 ecclesia
3351 3754 3501 3812 beati
3533 3748 3784 3826 Stephani,

567 3869 695 3927 quis
729 3852 969 3926 ponitur
997 3851 1055 3906 in
1088 3850 1260 3907 Coelio
1293 3855 1510 3916 monte,
1535 3850 1711 3907 simili
1746 3851 1918 3907 modo
1948 3851 2080 3907 fecit
2111 3868 2384 3907 coronam
2415 3868 2483 3908 ex
2513 3856 2777 3924 argento,
2806 3869 3052 3924 pensau.
3084 3851 3268 3910 libras
3300 3858 3523 3926 septem
3549 3856 3602 3908 et
3624 3847 3788 3906 uncias

461 3952 530 4010 10
567 3949 860 4008 undecim.
893 3951 962 4005 Et
991 3949 1050 4004 in
1083 3947 1329 4004 basilica
1372 3947 1794 4020 apostolorum,
1825 3965 1953 4020 qua:
1997 3947 2237 4021 ponitur
2265 3948 2326 4004 in
2358 3947 2450 4004 via
2500 3953 2657 4017 Lata,
2690 3948 2826 4004 fecit
2854 3965 3131 4006 coronam
3180 3949 3254 4005 de
3303 3955 3559 4023 argento,
3588 3961 3785 4020 pensau.

566 4050 746 4106 libras
775 4047 1076 4104 tredecim.
1112 4047 1182 4102 Et
1211 4046 1270 4102 in
1304 4045 1549 4102 Musileo
1581 4045 1762 4101 beata;
1793 4045 2138 4112 Petronillaa,
2171 4027 2325 4117 quod
2378 4045 2620 4118 ponitur
2647 4046 2718 4101 ad
2752 4046 2990 4102 beatum
3041 4047 3278 4103 Petrum
3327 4046 3661 4120 apostolum,
3687 4040 3789 4099 fecit

567 4163 841 4206 coronam
863 4163 930 4202 ex
955 4149 1217 4220 argento,
1243 4161 1492 4217 pensau.
1515 4143 1696 4200 libras
1717 4143 1943 4218 viginti.
1971 4146 2042 4200 Et
2069 4145 2129 4200 in
2152 4143 2397 4200 ecclesia
2427 4143 2956 4216 Hicrusalem,quaa
2988 4145 3227 4217 ponitur
3256 4146 3318 4200 in
3341 4137 3790 4210 Sessoﬁano,t'ecit

565 4261 839 4303 coronam
863 4245 935 4301 de
956 4247 1217 4316 argento,
1241 4259 1485 4315 pensau.
1510 4240 1695 4298 libras
1717 4241 2000 4315 quinque.
2024 4243 2094 4298 Et
2123 4243 2181 4297 in
2209 4241 2454 4299 ecclesia
2483 4241 2636 4299 beati
2661 4242 2979 4308 Laurentii,
2995 4259 3122 4314 quae
3153 4244 3394 4316 ponitur
3415 4243 3550 4300 foris
3577 4252 3790 4307 murum,

564 4343 835 4407 similiter
864 4343 999 4398 fecit
1027 4356 1301 4397 coronam
1329 4341 1399 4396 de
1431 4345 1696 4412 argento,
1725 4357 1967 4412 pensau.
1995 4339 2176 4396 libras
2225 4339 2525 4395 tredecim.
2551 4341 2622 4395 Et
2650 4339 2710 4395 in
2741 4338 2989 4396 ecclesia
3037 4340 3186 4397 beati
3240 4339 3584 4413 Apollinaris
3611 4339 3788 4406 marty-

457 4443 528 4499 45
565 4442 648 4499 ris
678 4440 814 4497 fecit
843 4455 1140 4506 coronam,
1167 4454 1411 4510 pensau.
1443 4436 1625 4493 libras
1658 4437 1920 4510 quinque
1952 4441 2008 4493 et
2051 4437 2258 4494 uncias
2288 4442 2560 4509 quatuor.
2584 4437 2802 4493 Verum
2850 4437 3026 4493 etiam
3055 4441 3112 4494 et
3142 4438 3201 4493 in
3234 4439 3480 4496 basilica
3510 4435 3649 4494 beati
3675 4433 3788 4489 Pau-

563 4538 728 4596 cratii
759 4536 1198 4611 martyris,quaa
1229 4534 1469 4606 ponitur
1498 4533 1639 4590 foris
1659 4551 1918 4600 murum,
1943 4534 2149 4590 eodem
2170 4534 2342 4590 modo
2376 4535 2512 4589 fecit
2541 4549 2816 4589 coronam
2848 4551 2918 4590 ex
2937 4539 3198 4607 argento,
3222 4553 3467 4609 pensau.
3490 4535 3654 4592 libras
3670 4532 3786 4587 octo.

563 4636 720 4692 Fecit
751 4639 942 4691 autem
977 4638 1035 4691 et
1065 4634 1124 4689 in
1156 4631 1403 4689 ecclesia
1432 4631 1588 4688 beati
1617 4631 1907 4688 Valentini
1942 4631 2241 4704 martyris,
2272 4647 2400 4703 quae
2450 4631 2689 4702 ponitur
2720 4630 2860 4687 foris
2910 4649 3172 4700 murum,
3204 4633 3306 4689 ubi
3357 4649 3566 4706 corpus
3586 4629 3696 4702 ejus
3719 4640 3786 4681 m-

561 4732 832 4802 quiescit,
865 4747 1140 4787 coronam
1172 4731 1244 4787 de
1275 4734 1536 4803 argento,
1560 4746 1802 4802 pensan.
1837 4727 2017 4785 libras
2048 4745 2166 4784 sex.
2192 4729 2263 4784 Et
2302 4728 2361 4784 in
2409 4727 2581 4784 titulo
2613 4728 2767 4785 beati
2798 4727 3114 4787 Clementis
3145 4731 3425 4804 martyris
3473 4734 3634 4801 atque
3672 4738 3784 4798 pon-

561 4827 734 4883 tineis
762 4827 895 4883 fecit
922 4844 1197 4884 coronam
1228 4829 1300 4883 de
1329 4831 1590 4901 argento,
1622 4843 1865 4899 pensau.
1900 4825 2079 4882 libras
2111 4825 2468 4898 quindecim.

633 4925 786 4980 408
818 4926 886 4980 Et
916 4925 971 4980 in
1006 4924 1174 4980 titulo
1205 4925 1507 4981 beatorum
1554 4924 1774 4997 Aquilae
1805 4927 1863 4981 et
1895 4907 2098 4980 Priscae
2151 4924 2286 4980 fecit
2315 4939 2589 4981 coronam
2620 4939 2688 4980 ex
2718 4932 2979 4999 argento,
3014 4943 3258 4999 pensau.
3289 4925 3476 4982 libras
3521 4939 3630 4980 sex.
3658 4919 3715 4975 Et
3737 4915 3781 4970 in

560 5020 729 5077 titulo
759 5027 972 5077 sanctas
1001 5022 1252 5078 Balbinae
1283 5023 1555 5078 similiter
1583 5021 1734 5078 fecit:
1771 5022 1894 5078 Imo
1925 5026 1983 5079 et
2013 5023 2073 5077 in
2105 5021 2350 5078 ecclesia
2397 5021 2583 5077 sancti
2619 5021 2767 5078 Sixti
2816 5024 3091 5098 martyris
3140 5029 3322 5096 atque
3372 5019 3652 5096 pontificis
3679 5012 3784 5071 fecit

560 5135 833 5176 coronam
866 5119 1150 5175 similiter.
1187 5124 1250 5174 Et
1280 5120 1338 5174 in
1370 5119 1541 5175 titulo
1564 5119 1750 5176 sancti
1775 5119 2072 5176 Laurentii
2097 5119 2392 5193 martyris,
2418 5136 2545 5191 quae
2577 5120 2815 5192 ponitur
2837 5122 3090 5190 Lucinae,
3115 5120 3391 5178 similiter
3409 5120 3562 5185 fecit,
3584 5126 3780 5190 pensau.

556 5216 738 5273 libras
771 5220 1022 5290 quatuor
1049 5219 1106 5270 et
1126 5216 1327 5271 uncias
1351 5217 1571 5272 decem.
1597 5219 1666 5272 Et
1701 5217 1760 5272 in
1792 5217 1964 5274 titulo
2013 5218 2200 5274 sancti
2251 5216 2548 5273 Laurentii
2577 5218 2873 5291 martyris,
2899 5219 2999 5292 qui
3031 5218 3364 5292 appellatur
3411 5213 3652 5279 Damasi,
3682 5206 3784 5265 fecit

417 5365 424 5372 .
484 5315 522 5372 5
559 5329 834 5371 coronam
867 5328 936 5368 ex
955 5315 1216 5382 argento,
1243 5327 1405 5381 pens.
1433 5311 1613 5368 libras
1639 5314 1919 5386 quinque.
1944 5316 2015 5370 Et
2044 5314 2103 5369 in
2131 5314 2374 5370 ecclesia
2402 5313 2589 5386 ipsius
2612 5316 2909 5389 martyris,
2935 5334 3060 5390 qua:
3084 5317 3322 5389 ponitur
3345 5317 3660 5376 Formosus,
3680 5301 3784 5375 fecit

560 5411 885 5469 canistrum
917 5426 986 5466 ex
1017 5411 1279 5480 argento,
1303 5425 1546 5480 pensan.
1575 5409 1754 5466 libras
1775 5413 1923 5467 duas
1946 5417 2002 5466 et
2024 5411 2228 5468 uncias
2259 5416 2505 5485 septem.
2532 5413 2643 5468 Sed
2667 5417 2724 5468 et
2745 5413 2804 5469 in
2825 5413 2993 5470 titulo
3015 5412 3375 5470 Pammachii
3405 5411 3538 5468 fecit
3554 5416 3781 5465 coronam

554 5526 624 5566 ex
653 5513 910 5583 argento,
936 5523 1102 5580 pens.
1126 5504 1306 5561 libras
1333 5507 1418 5560 10.
1444 5507 1512 5562 Et
1543 5507 1601 5562 in
1633 5507 1802 5564 titulo
1829 5509 2149 5564 Aimiliana:
2182 5510 2306 5581 pari
2332 5511 2503 5566 modo
2531 5508 2666 5566 fecit
2696 5526 2971 5568 coronam
2994 5513 3065 5568 de
3088 5515 3350 5585 argento,
3373 5524 3606 5583 pensau.
3633 5502 3780 5558 libras

555 5608 609 5662 4.
633 5607 865 5663 Necnon
898 5609 954 5662 et
983 5605 1042 5660 in
1077 5602 1242 5660 titulo
1274 5604 1462 5659 sancti
1485 5605 1718 5661 Eusebii
1743 5606 1876 5662 fecit
1897 5624 2170 5662 coronam
2197 5607 2266 5662 de
2288 5612 2549 5679 argento,
2575 5624 2818 5679 pensau.
2849 5608 3029 5666 libras
3051 5626 3170 5666 sex.
3195 5611 3263 5666 Et
3282 5609 3343 5664 in
3364 5605 3530 5663 titulo
3549 5595 3778 5660 Praxedis

559 5704 696 5761 fecit
725 5721 1021 5773 coronam,
1049 5720 1212 5777 pens.
1247 5702 1425 5758 libras
1476 5703 1756 5774 quinque.
1789 5705 1858 5759 Et
1885 5703 1946 5759 in
1977 5703 2145 5760 titulo
2197 5703 2477 5760 Pudentis
2528 5705 2665 5761 fecit
2714 5722 2988 5764 coronam
3039 5725 3108 5764 ex
3154 5710 3414 5780 argento,
3443 5718 3600 5776 peus.
3628 5696 3777 5754 libras

453 5803 786 5858 10~novem.
820 5801 942 5858 Imo
973 5805 1030 5856 et
1069 5801 1129 5857 in
1157 5799 1328 5857 titulo
1377 5799 1531 5855 beati
1559 5797 1768 5853 Vitalis
1799 5783 2072 5872 martyris
2120 5799 2258 5856 fecit
2303 5815 2579 5881 coronam
2627 5817 2697 5859 ex
2744 5808 3006 5877 argento,
3040 5821 3278 5879 pensan.
3314 5802 3495 5860 libras
3523 5810 3703 5856 novem
3729 5793 3776 5846 θα

558 5897 764 5959 uncias
791 5902 932 5958 tres.
954 5898 1026 5957 Et
1055 5897 1116 5956 in
1145 5897 1316 5958 titulo
1347 5900 1560 5956 sanctae
1591 5895 1876 5954 Susanna
1916 5894 2189 5970 martyris
2220 5894 2494 5953 similiter
2522 5897 2661 5956 fecit
2701 5916 2998 5975 coronam,
3030 5918 3272 5979 pensau.
3301 5898 3485 5960 libras
3526 5896 3704 5955 decem
3726 5887 3773 5944 εί
