4044 6168
288 219 438 282 1233
1117 218 1484 282 HISTORIA
1527 221 1630 283 DE
1672 219 1875 283 VITIS

2080 221 2109 280 ’.
2156 219 2385 282 ΡΟΝΤ.
2418 253 2496 265 -
2537 219 2688 282 LEO
2731 219 2839 282 ῙΙῙ.
3521 221 3677 285 1234

421 355 665 425 septem.
689 351 762 408 Et
790 351 850 408 in
882 349 1052 408 titulo
1083 352 1270 408 sancti
1295 350 1516 425 Cyriaci
1541 351 1674 409 fecit
1696 370 1969 410 coronam
1992 355 2062 410 de
2087 357 2346 427 argento,
2369 370 2612 426 pensan.
2635 351 2817 410 libras
2843 351 3120 427 quinque.
3143 353 3214 411 Et
3241 351 3302 411 in
3330 353 3502 412 titulo
3523 356 3680 415 beati

421 449 677 507 Marcelii
710 450 983 522 martyris
1025 449 1160 506 fecit
1207 467 1480 506 coronam
1512 467 1581 506 ex
1611 455 1870 525 argento,
1896 469 2059 524 pens.
2091 450 2272 508 libras
2304 452 2521 507 decem.
2559 451 2792 507 Necnon
2841 456 2898 508 et
2943 451 3002 507 in
3059 451 3230 509 titulo
3287 453 3441 509 beati
3500 453 3680 512 Marci

422 548 695 622 martyris
725 548 863 604 fecit
893 565 1165 604 coronam
1196 547 1485 604 similiter.
1520 550 1589 604 Et
1618 550 1676 605 in
1708 549 1878 605 titulo
1910 551 2091 606 beate
2123 550 2435 606 Anastasie
2466 548 2600 604 fecit
2630 566 2924 615 coronam,
2957 567 3120 623 pcns.
3152 549 3333 607 libras
3371 555 3594 624 septem
3624 556 3682 609 et

312 647 383 705 45
421 647 625 703 uncias
654 663 881 703 novem.
904 645 1139 702 Necnon
1169 650 1227 702 et
1257 645 1316 700 in
1347 645 1518 702 titulo
1549 646 1785 703 Cecilie
1818 647 2004 703 instar
2032 647 2168 704 fecit
2189 664 2462 703 coronam
2493 663 2562 702 ex
2591 651 2849 719 argento,
2875 664 3036 719 pene.
3060 648 3236 704 simul
3268 647 3448 705 libras
3477 649 3679 707 decem

416 750 475 801 et
506 743 740 800 unciam
772 742 1305 799 unam.Elintitulo
1320 743 1469 800 beati
1489 744 3363 818 Chrysogonimartyrisfecitcoronamexargento,pensan.libras
3395 747 3676 820 quinque.

487 844 645 899 404
676 840 1065 897 Verumetirm
1098 845 1156 897 et
1184 841 1242 896 in
1278 841 1545 897 diaconia
1595 847 1933 898 sanctorum
1982 843 2147 899 Nerei
2180 847 2237 900 et
2263 843 2504 899 Achillei
2535 842 2669 900 fecit
2697 859 2972 899 coronam
3026 844 3096 899 de
3143 850 3400 918 argento,
3435 863 3677 918 pensan.

417 939 598 996 libras
620 955 720 995 sex
741 943 800 995 et
822 938 1026 994 uncias
1058 939 1340 1010 quinque.
1367 943 1431 992 Et
1455 938 1514 993 in
1548 939 1818 995 diaconia
1838 945 2051 996 sancte
2078 940 2288 1006 Lucie,
2311 958 2436 1012 que
2470 941 2708 1013 ponitur
2735 941 2794 995 in
2828 945 3048 1013 septem
3070 940 3214 1006 Viis,
3239 942 3375 998 fecit
3403 959 3678 998 coronam

417 1053 485 1094 ex
516 1041 774 1110 argento,
808 1052 1052 1109 pensan.
1084 1035 1266 1092 libras
1298 1053 1398 1092 sex
1427 1040 1485 1091 et
1513 1036 1718 1092 uncias
1750 1041 1996 1110 septem.
2031 1038 2102 1092 Et
2131 1037 2190 1092 in
2223 1038 2490 1093 diaconia
2528 1039 2713 1094 sancti
2745 1038 3022 1093 Bonifacii
3053 1037 3325 1095 similiter
3355 1040 3488 1096 fecit
3515 1057 3678 1096 coro-

417 1151 576 1200 nam,
600 1150 844 1206 pensan.
876 1132 1057 1189 libras
1087 1137 1333 1206 septem.
1362 1134 1432 1189 Et
1464 1133 1521 1188 in
1554 1132 1821 1189 diaconia
1853 1134 2037 1189 sancti
2071 1135 2299 1208 Georgii
2330 1136 2465 1190 fecit
2496 1152 2768 1191 coronam
2817 1152 2886 1192 ex
2934 1141 3196 1207 argento,
3222 1153 3464 1208 pensan.
3498 1136 3680 1194 libras

339 1234 380 1290 5
417 1232 698 1306 quinque.
721 1232 793 1286 Et
817 1231 878 1286 in
908 1230 1176 1287 diaconia
1205 1230 1392 1286 sancti
1447 1229 1736 1286 Theodori
1786 1231 1988 1287 eodem
2041 1233 2213 1288 modo
2264 1232 2400 1289 fecit
2446 1249 2740 1301 coronam,
2776 1250 3016 1306 pensan.
3050 1233 3233 1290 libras
3261 1251 3360 1290 sex
3389 1239 3447 1291 et
3475 1235 3680 1292 unicas

413 1335 560 1388 octo.
594 1329 665 1384 Et
695 1329 754 1383 in
785 1327 1052 1385 diaconia
1081 1332 1419 1384 sanctorum
1451 1327 1635 1401 Sergii
1667 1332 1724 1384 et
1755 1328 1964 1385 Bacchi
1997 1329 2131 1385 fecit
2159 1346 2434 1386 coronam
2480 1347 2548 1386 ex
2587 1336 2846 1405 argento,
2880 1348 3123 1405 pensan.
3153 1331 3336 1389 libras
3366 1349 3485 1390 sex.
3518 1333 3590 1389 Et
3619 1332 3680 1389 in

371 1467 374 1469 -
415 1425 683 1484 diaconia
711 1429 1049 1482 sanctorum
1081 1425 1300 1481 Cosme
1332 1429 1389 1482 et
1419 1425 1686 1480 Damiani
1720 1425 1854 1482 fecit
1899 1443 2195 1494 coronam,
2219 1443 2462 1499 pensan.
2495 1426 2677 1484 libras
2728 1427 2988 1501 quinque
3017 1432 3073 1486 et
3104 1429 3307 1486 uncias
3337 1434 3486 1486 octo.
3520 1431 3591 1486 Et
3618 1429 3680 1488 in

417 1522 685 1582 diaconia
709 1523 895 1579 sancti
924 1521 1162 1578 Adriani
1193 1521 1467 1594 martyris
1513 1521 1646 1578 fecit
1691 1539 1966 1579 coronam
1997 1540 2066 1579 ex
2097 1529 2358 1601 argento,
2394 1542 2637 1598 pensan.
2670 1524 2851 1582 libras
2883 1543 3001 1582 sex.
3037 1527 3148 1583 Sed
3198 1531 3255 1583 et
3302 1527 3362 1583 in
3413 1527 3681 1585 diaconia

417 1621 606 1680 sancti
638 1618 979 1694 Archangeli
1011 1619 1147 1675 fecit
1175 1636 1448 1676 coranam
1482 1636 1551 1675 ex
1581 1623 1839 1692 argento,
1865 1636 2110 1694 pensan.
2134 1621 2316 1678 libras
2345 1639 2462 1678 sex.
2497 1623 2607 1678 Sed
2653 1626 2710 1678 et
2756 1621 2817 1677 in
2867 1622 3134 1680 diaconia
3163 1625 3348 1681 sancti
3381 1626 3680 1684 Eustachii

300 1719 379 1777 40
417 1718 689 1776 similiter
716 1717 872 1784 fecit,
894 1733 1138 1790 pensan.
1162 1716 1346 1774 libras
1375 1733 1474 1772 sex
1502 1721 1559 1773 et
1587 1717 1792 1774 uncias
1822 1717 2102 1791 quinque.
2124 1719 2196 1774 Et
2223 1719 2284 1774 in
2315 1719 2585 1776 diaconia
2614 1725 2828 1776 sancte
2860 1721 3071 1788 Lucie,
3093 1739 3220 1794 que
3252 1724 3490 1796 ponitur
3509 1727 3683 1798 juxta

414 1816 664 1890 Orphea,
683 1815 808 1888 pari
840 1815 1012 1870 modo
1043 1813 1179 1870 fecit
1208 1830 1483 1870 coronam
1514 1831 1583 1870 ex
1611 1818 1874 1888 argento,
1898 1832 2143 1888 pensan.
2168 1816 2349 1873 libras
2380 1835 2481 1874 sex
2516 1822 2575 1873 et
2605 1817 2810 1874 uncias
2848 1819 3016 1876 duas.
3042 1820 3346 1894 Simulque
3374 1827 3432 1878 et
3459 1822 3519 1879 in
3551 1825 3679 1881 dia-

412 1915 580 1972 conia
608 1913 761 1970 beati
791 1912 908 1968 Viti
939 1912 1236 1985 martyris,
1263 1929 1390 1984 que
1422 1912 1660 1984 ponitur
1690 1912 1748 1967 in
1781 1913 2044 1982 Macello,
2069 1913 2204 1971 fecit
2230 1932 2504 1972 coronam
2536 1933 2604 1972 ex
2636 1920 2898 1990 argento,
2935 1935 3180 1990 pensan.
3203 1919 3383 1977 libras
3414 1939 3532 1978 sex.
3557 1923 3680 1981 Imo

410 2017 469 2069 et
495 2012 556 2068 in
585 2011 855 2068 diaconia
883 2013 1096 2066 sancte
1126 2009 1362 2083 Agathe
1384 2009 1654 2066 similiter
1674 2011 1808 2066 fecit
1829 2027 2102 2067 coronam
2135 2027 2203 2068 ex
2232 2017 2492 2086 argento,
2516 2030 2760 2086 pensan.
2785 2014 2966 2071 libras
2994 2016 3273 2090 quinque.
3299 2018 3456 2075 Fecit
3485 2025 3680 2078 autem

407 2115 466 2167 et
493 2110 553 2166 in
585 2109 854 2165 diaconia
881 2107 1068 2164 sancti
1092 2107 1374 2173 Silvestri,
1399 2123 1528 2179 que
1560 2107 1800 2179 ponitur
1848 2110 2021 2180 juxta
2065 2110 2302 2166 beatum
2359 2111 2591 2168 Petrum
2625 2111 2978 2184 apostolum,
3002 2131 3275 2171 coronam
3321 2122 3681 2190 argenteam,

292 2210 372 2266 15
411 2224 654 2282 pensan.
687 2207 868 2262 libras
899 2209 1170 2278 quatuor.
1192 2204 1589 2260 Verumetiam
1621 2208 1678 2260 et
1709 2204 1766 2260 in
1789 2205 2058 2262 diaconia
2077 2208 2263 2264 sancti
2292 2209 2547 2276 Martini,
2573 2226 2702 2281 que
2732 2203 2973 2282 ponitur
2993 2213 3163 2284 juxta
3182 2213 3420 2270 beatum
3447 2215 3680 2274 Petrum

411 2304 765 2379 apostolum,
795 2302 984 2360 instar
1013 2301 1147 2358 fecit
1176 2318 1450 2358 coronam
1490 2319 1560 2358 ex
1602 2306 1866 2375 argento,
1898 2321 2142 2376 pensan.
2178 2305 2361 2362 libras
2392 2306 2652 2379 quinque
2683 2311 2740 2363 et
2770 2309 2975 2365 uncias
3004 2313 3146 2384 tres.
3183 2311 3305 2367 Imo
3333 2316 3391 2368 et
3422 2312 3480 2368 in
3510 2314 3683 2372 titulo

411 2409 748 2461 sanctorum
780 2399 1042 2459 Silvestri
1073 2404 1131 2457 et
1161 2400 1418 2469 Martini,
1443 2400 1543 2473 qui
1574 2399 1812 2474 ponitur
1833 2402 2007 2474 juxta
2035 2402 2288 2477 Orphea,
2322 2421 2597 2461 coronam
2628 2422 2697 2461 ex
2725 2409 2985 2479 argento,
3011 2425 3256 2480 pensas.
3290 2408 3470 2468 libras
3500 2429 3601 2469 sex
3629 2417 3686 2471 et

411 2501 616 2557 uncias
648 2501 816 2556 duas.

412 2635 415 2640 -
484 2598 636 2655 405
671 2598 800 2670 Ipse
826 2613 963 2654 vero
993 2613 1027 2652 a
1055 2596 1171 2652 Deo
1203 2600 1502 2669 protectus
1531 2601 1589 2652 et
1619 2597 1934 2670 preclarus
1964 2597 2223 2668 pontifex
2252 2597 2388 2653 fecit
2419 2597 2476 2654 in
2511 2600 2864 2657 monasterio
2895 2602 3083 2658 sancti
3115 2603 3279 2660 Sabe
3311 2621 3584 2664 coronam
3615 2624 3686 2666 ex

416 2701 679 2770 argento,
703 2712 943 2768 pensan.
969 2694 1150 2750 libras
1180 2697 1213 2750 8
1242 2699 1301 2750 et
1331 2694 1533 2750 uncias
1563 2695 1784 2751 decem.
1808 2695 2204 2750 Verumetiam
2235 2699 2292 2751 et
2320 2696 2379 2750 in
2413 2697 2768 2753 monasterio
2798 2698 2950 2754 beati
2974 2701 3266 2757 Anastasii
3291 2704 3563 2775 martyris
3592 2722 3686 2762 eo-

415 2795 549 2850 dem
579 2793 754 2850 modo
784 2792 919 2849 fecit
947 2809 1222 2849 coronam
1253 2809 1324 2848 ex
1351 2796 1612 2865 argento,
1635 2810 1880 2866 pensan.
1903 2792 2086 2848 libras
2108 2797 2237 2849 octo
2261 2796 2318 2849 et
2341 2793 2546 2851 uncias
2570 2799 2898 2867 quatuoret
2921 2797 3121 2854 semis.
3150 2798 3261 2854 Sed
3291 2803 3349 2856 et
3380 2799 3439 2855 in
3472 2817 3681 2859 mona-

413 2892 590 2948 sterio
623 2890 809 2947 sancti
841 2892 1098 2961 Andreae,
1132 2891 1288 2963 quod
1322 2890 1560 2962 ponitur
1587 2890 1646 2945 in
1680 2890 1868 2946 clibus
1917 2890 2098 2961 cauri,
2128 2889 2400 2947 similiter
2443 2891 2576 2948 fecit
2622 2909 2897 2949 coronam
2929 2910 2997 2949 ex
3026 2899 3264 2968 argento
3311 2913 3479 2969 puro,
3512 2915 3676 2970 pens.

325 2990 372 3046 5
412 2990 590 3046 libras
621 2989 899 3062 quinque.
931 2990 1003 3044 Et
1029 2988 1088 3044 in
1121 2988 1475 3045 monasterio
1519 2988 1701 3044 beate
1729 2988 1966 3062 Agathe
2006 2988 2301 3061 martyris,
2334 2989 2488 3060 quod
2538 2989 2776 3061 ponitur
2822 3007 3000 3063 super
3029 2992 3376 3060 Suburram,
3408 2994 3681 3052 similiter

409 3086 564 3142 fecit.
587 3087 821 3142 Necnon
854 3090 913 3142 et
945 3085 1002 3141 in
1031 3085 1388 3142 monasterio
1411 3086 1596 3141 sancti
1619 3085 1868 3153 Erasmi,
1893 3086 2047 3157 quod
2073 3086 2310 3158 ponitur
2336 3085 2396 3141 in
2423 3085 2598 3142 Celio
2630 3091 2847 3153 monte,
2875 3088 3010 3144 fecit
3028 3106 3303 3146 coronam
3325 3107 3393 3147 ex
3414 3096 3674 3166 argento,

407 3201 649 3256 pensan.
683 3182 865 3240 libras
896 3184 928 3238 4
957 3187 1015 3239 et
1042 3183 1250 3239 uncias
1280 3183 1450 3239 duas.
1484 3182 1674 3239 Simili
1723 3183 1896 3238 modo
1927 3187 1984 3238 et
2014 3183 2074 3238 in
2125 3183 2478 3239 monasterio
2510 3185 2695 3240 sancti
2728 3184 2988 3242 Silvestri
3035 3204 3310 3244 coronam
3340 3205 3409 3246 ex
3438 3194 3676 3264 argento

408 3298 652 3354 pensan.
673 3281 857 3336 libras
875 3283 930 3349 6,
957 3280 1162 3336 uncias
1183 3285 1320 3336 tres.
1355 3281 1425 3335 Et
1455 3280 1514 3335 in
1547 3279 1900 3336 monasterio
1924 3279 2077 3336 beati
2101 3280 2396 3335 Laurentii
2431 3281 2722 3354 martyris,
2746 3281 2846 3354 qui
2867 3283 3197 3357 appellatur
3218 3285 3513 3356 Pallacini,
3540 3288 3678 3346 fecit

407 3378 730 3435 canistrum
762 3379 834 3434 de
864 3381 1127 3450 argento,
1148 3393 1312 3449 pens.
1338 3377 1519 3432 libras
1547 3381 1583 3432 2
1621 3381 1678 3432 et
1708 3377 1913 3433 uncias
1942 3381 2186 3449 septem.
2210 3375 2516 3434 Enimvero
2548 3383 2604 3434 et
2635 3379 2693 3434 in
2728 3381 3080 3438 monasterio
3129 3383 3317 3440 sancti
3365 3384 3675 3454 Pancratii,

284 3476 369 3543 ιο
407 3475 562 3547 quod
595 3473 834 3547 ponitur
854 3475 1028 3546 juxta
1057 3471 1361 3529 basilicam
1393 3471 1729 3538 Salvatoris,
1761 3473 1899 3529 fecit
1942 3489 2217 3528 coronam
2262 3475 2332 3529 de
2364 3479 2623 3548 argento,
2657 3493 2900 3549 pensan.
2925 3478 3161 3536 librasS
3189 3484 3247 3538 et
3291 3482 3489 3540 semis.
3520 3484 3678 3541 Fecit

404 3576 600 3628 autem
630 3575 689 3627 et
717 3571 777 3626 in
809 3570 1162 3626 monasterio
1191 3573 1529 3626 sanctorum
1557 3570 1796 3626 Andree
1817 3575 1874 3626 et
1893 3569 2320 3641 Bartholomei,
2345 3574 2498 3644 quod
2528 3574 2858 3646 appellatur
2881 3576 3116 3645 Honori,
3140 3577 3466 3636 canistrum
3500 3598 3570 3637 ex
3591 3599 3677 3637 ar-

408 3672 606 3743 gento,
628 3684 872 3741 pensan.
896 3667 1079 3724 libras
1099 3671 1238 3723 tres.
1263 3668 1334 3723 Et
1363 3666 1423 3723 in
1456 3667 1808 3724 monasterio
1841 3668 2028 3724 sancti
2062 3668 2364 3741 Stephani,
2398 3671 2554 3742 quod
2595 3671 2834 3743 ponitur
2867 3673 3039 3744 juxta
3068 3675 3390 3743 Lateranis,
3415 3676 3551 3733 fecit
3578 3694 3674 3733 ca~

412 3766 665 3822 nistrum
697 3765 768 3821 de
798 3769 1057 3838 argento,
1080 3780 1324 3837 pensan.
1351 3763 1532 3820 libras
1563 3764 1730 3820 duas.
1754 3763 2058 3836 Simulque
2087 3769 2145 3820 et
2173 3763 2233 3819 in
2267 3766 2621 3824 monasterio
2652 3767 2841 3841 ipsius
2868 3769 3043 3842 primi
3066 3772 3339 3845 martyris
3370 3773 3672 3846 Stephani,

411 3865 569 3936 quod
601 3863 837 3936 ponitur
865 3863 938 3918 ad
971 3861 1208 3918 beatum
1240 3861 1475 3918 Petrum
1506 3860 1858 3933 apostolum,
1883 3860 2019 3916 fecit
2048 3861 2371 3917 canistrum
2403 3879 2472 3918 ex
2501 3870 2760 3936 argento,
2789 3883 3030 3938 pensan.
3056 3867 3235 3925 libras
3253 3874 3372 3926 tres
3394 3875 3451 3926 et
3470 3870 3670 3928 semis.

296 3963 379 4020 45
413 3961 542 4033 Ipse
571 3977 702 4016 vero
733 3959 1024 4015 almiﬁcus
1057 3957 1268 4031 presul
1294 3957 1427 4014 fecit
1454 3957 1512 4013 in
1541 3958 1894 4014 monasterio
1917 3963 2253 4014 sanctorum
2284 3960 2530 4016 Joannis
2559 3965 2617 4018 et
2647 3961 2830 4030 Pauli,
2855 3965 2954 4038 qui
2985 3965 3225 4037 ponitur
3236 3967 3407 4038 juxta
3436 3967 3672 4024 beatum

418 4061 646 4115 Petrum
678 4057 1029 4130 apostolum,
1054 4055 1376 4112 canistrum
1408 4072 1476 4111 ex
1502 4060 1763 4128 argento,
1787 4073 2030 4128 pensan.
2056 4055 2235 4111 libras
2268 4063 2399 4112 tres.
2430 4057 2558 4113 Pari
2591 4060 2764 4116 modo
2792 4061 2926 4116 fecit
2945 4066 3002 4118 et
3030 4061 3088 4117 in
3112 4065 3465 4121 monasterio
3487 4065 3674 4122 sancti

411 4154 669 4220 Martini,
694 4155 846 4226 quod
879 4152 1116 4227 ponitur
1144 4157 1210 4208 ut
1238 4169 1436 4233 supra,
1461 4152 1808 4221 canistrum,
1833 4169 2076 4225 pensari.
2110 4153 2290 4208 libras
2323 4161 2574 4226 quatuor
2621 4161 2677 4212 et
2720 4157 2924 4214 uncias
2957 4159 3125 4216 duas.
3151 4162 3261 4217 Sed
3295 4165 3352 4217 et
3379 4162 3439 4218 in
3471 4181 3673 4220 mona-

411 4252 588 4308 sterio
619 4251 806 4307 sancti
838 4251 1138 4324 Stephani,
1167 4250 1266 4306 ubi
1310 4267 1510 4322 supra,
1531 4251 1686 4322 quod
1714 4249 2041 4322 appellatur
2069 4250 2365 4324 Catagalla
2393 4251 2653 4322 Patritia,
2690 4255 2814 4326 pari
2865 4257 3037 4312 modo
3086 4257 3221 4314 fecit
3251 4259 3575 4317 canistrum
3605 4278 3676 4318 ex

412 4354 673 4422 argento,
707 4365 949 4421 pensan.
981 4347 1160 4404 libras
1208 4349 1357 4403 duas
1386 4351 1444 4404 et
1473 4347 1668 4403 semis.
1705 4347 2010 4420 Simulque
2036 4352 2094 4403 et
2122 4347 2183 4403 in
2217 4350 2570 4406 monasterio
2602 4352 2788 4407 sancti
2821 4352 3074 4423 Cesarii,
3109 4357 3263 4428 quod
3314 4357 3552 4430 ponitur
3599 4361 3672 4416 ad

296 4449 378 4505 20
413 4448 648 4503 beatum
682 4445 928 4501 Paulum
960 4445 1310 4518 apostolum,
1333 4444 1522 4500 instar
1550 4445 1681 4500 fecit
1711 4445 2038 4501 canistrum
2077 4462 2146 4501 ex
2187 4451 2446 4520 argento,
2481 4464 2726 4520 pensan.
2757 4449 2940 4508 libras
2969 4455 3106 4508 tres.
3132 4453 3200 4508 Et
3230 4454 3290 4508 in
3321 4456 3674 4514 monasterio

413 4543 601 4600 sancti
631 4541 936 4615 Stephani,
969 4542 1069 4598 ubi
1102 4559 1303 4615 supra,
1336 4541 1470 4598 fecit
1510 4541 1852 4610 canistrum,
1885 4559 2128 4614 pensan.
2160 4542 2342 4600 libras
2383 4545 2550 4601 duas.
2585 4545 2707 4602 Imo
2738 4552 2795 4603 et
2825 4548 2884 4604 in
2931 4551 3284 4608 monasterio
3333 4558 3673 4611 sanctorum

414 4642 634 4697 Cosme
663 4645 720 4696 et
745 4640 1031 4708 Damiani,
1055 4641 1210 4712 quod
1242 4638 1480 4712 ponitur
1499 4641 1670 4711 juxta
1701 4639 1960 4712 Praesepe
1994 4639 2125 4696 fecit
2164 4640 2487 4698 canistrum
2536 4659 2606 4698 ex
2653 4649 2912 4717 argento,
2950 4663 3194 4718 pensan.
3228 4647 3409 4707 libras
3440 4651 3589 4707 duas
3619 4657 3677 4708 et

415 4739 622 4796 uncias
651 4739 818 4794 duas.
842 4737 1035 4794 Simili
1063 4738 1234 4793 modo
1258 4737 1393 4793 fecit
1412 4737 1470 4792 in
1496 4737 1852 4793 monasterio
1873 4737 2060 4793 sancti
2081 4738 2505 4811 Andree,quod
2529 4740 2855 4813 appellatur
2876 4743 3070 4800 Massa
3087 4745 3676 4814 Juliana,canistrum

374 4875 378 4878 -
417 4852 486 4892 ex
516 4839 778 4908 argento,
799 4851 1039 4907 pensan.
1065 4833 1246 4890 libras
1268 4835 1436 4890 duas.
1461 4834 1694 4890 Necnon
1725 4840 1782 4890 et
1810 4834 1870 4889 in
1902 4836 2255 4891 monasterio
2276 4837 2461 4891 sancti
2480 4837 2740 4906 Adriani,
2765 4841 2920 4912 quod
2943 4842 3184 4914 ponitur
3206 4845 3375 4915 juxta
3395 4845 3676 4922 Praesepe,

298 4936 379 4992 25
414 4934 602 4989 instar
631 4932 766 4988 fecit
783 4930 1126 4999 canistrum,
1151 4947 1316 5004 pens.
1338 4931 1519 4987 libras
1541 4933 1709 4987 duas.
1733 4933 1803 4988 Et
1833 4931 1892 4986 in
1914 4931 2266 4988 monasterio
2288 4933 2473 4990 sancti
2495 4934 2781 5005 Cassiani,
2805 4939 2959 5009 quod
2988 4940 3228 5012 ponitur
3247 4943 3422 5014 juxta
3442 4946 3680 5004 beatum

418 5028 816 5086 Laurentium.
849 5033 1166 5102 martyrem
1196 5028 1337 5084 foris
1368 5045 1626 5095 murum,
1663 5028 1796 5084 fecit
1825 5029 2149 5085 canistrum
2181 5047 2250 5085 ex
2280 5036 2539 5104 argento,
2575 5049 2816 5104 pensan.
2848 5034 3028 5094 libras
3057 5039 3227 5097 duas.

489 5129 645 5184 ΔΜ
675 5127 832 5183 Fecit
871 5131 1067 5182 autem
1098 5126 1156 5181 in
1189 5125 1542 5182 monasterio
1595 5125 1782 5182 sancti
1829 5127 2131 5199 Stephani,
2165 5128 2266 5199 qui
2298 5129 2535 5200 ponitur
2563 5130 2660 5186 ubi
2693 5149 2894 5206 supra,
2928 5137 3253 5197 canistrum
3300 5159 3369 5198 ex
3417 5148 3678 5216 argento,

419 5242 663 5298 pensan.
686 5224 869 5281 libras
896 5224 1045 5280 duas
1064 5228 1122 5280 et
1151 5223 1349 5280 semis.
1372 5223 1768 5280 Verumetiam
1799 5229 1857 5280 et
1883 5224 1942 5280 in
1975 5226 2329 5282 monasterio
2358 5228 2545 5284 sancti
2569 5229 2829 5300 Victorii,
2856 5237 3011 5306 quod
3045 5239 3282 5310 ponitur
3305 5241 3378 5295 ad
3408 5244 3678 5296 sanctum

419 5321 814 5389 Pancratium,
839 5319 974 5377 fecit
995 5321 1315 5376 canistrum
1342 5337 1412 5377 ex
1431 5325 1692 5402 argento,
1718 5339 1960 5393 pensan.
1986 5322 2167 5378 libras
2194 5324 2343 5380 duas
2364 5330 2422 5381 et
2444 5327 2648 5384 uncias
2670 5335 2914 5403 septem.
2939 5335 3009 5390 Et
3037 5335 3094 5391 in
3120 5338 3470 5393 monasterio
3491 5338 3679 5394 sancti

421 5420 779 5495 Chrysogoni
801 5419 1070 5476 similiter
1093 5419 1226 5476 fecit
1246 5420 1592 5487 canistrum,
1614 5438 1855 5493 pensan.
1876 5421 2058 5477 libras
2078 5427 2212 5479 tres.
2242 5423 2368 5495 Ipse
2388 5442 2520 5482 vero
2541 5427 2833 5488 almificus
2855 5435 3062 5505 presul
3089 5435 3222 5490 fecit
3244 5435 3301 5489 in
3326 5438 3681 5500 monasterio

351 5519 389 5574 5
423 5523 639 5574 sancte
669 5517 882 5585 Marie,
907 5518 1060 5589 quod
1095 5517 1424 5589 appellatur
1455 5517 1764 5584 Ambrosii,
1791 5518 2111 5574 canistrum
2140 5537 2207 5574 ex
2238 5527 2496 5594 argento,
2524 5542 2687 5596 pcns.
2712 5527 2891 5585 libras
2923 5532 3087 5586 duas.
3115 5531 3239 5586 Pari
3268 5533 3441 5590 modo
3471 5535 3607 5592 fecit
3625 5541 3686 5594 et

424 5614 484 5671 in
514 5613 870 5670 monasterio
901 5618 1112 5669 sancte
1144 5614 1359 5680 Marie,
1389 5615 1543 5685 quod
1575 5613 1906 5686 appellatur
1933 5616 2121 5684 Julie,
2157 5623 2219 5671 ut
2265 5636 2456 5691 sapra.
2491 5622 2602 5677 Sed
2636 5630 2691 5678 et
2730 5624 2788 5680 in
2822 5628 3172 5684 monasterio
3201 5632 3387 5688 sancti
3419 5636 3684 5707 Andree,

429 5712 584 5785 quod
615 5711 854 5785 ponitur
875 5711 1047 5782 juxta
1077 5710 1378 5768 basilicam
1411 5711 1830 5783 apostolorum,
1867 5711 2001 5768 fecit
2046 5713 2337 5771 similiter.
2371 5717 2675 5791 Simulque
2705 5726 2762 5776 et
2788 5722 2847 5776 in
2880 5725 3130 5782 oratorio
3160 5731 3348 5788 sancti
3382 5734 3684 5809 Stephani,

435 5810 588 5882 quod
621 5807 856 5881 ponitur
882 5807 943 5863 in
971 5806 1202 5875 Dulciti,
1227 5807 1361 5863 iecit
1390 5807 1712 5864 canistrum
1744 5825 1813 5864 ex
1843 5814 2105 5882 argento,
2131 5828 2373 5882 pensan.
2397 5813 2576 5870 libras
2598 5817 2743 5871 duas
2765 5823 2821 5872 et
2843 5822 3045 5879 uncias
3075 5829 3353 5904 quinque.
3380 5806 3685 5896 Eni—[nverd

436 5909 495 5966 et
521 5905 583 5966 in
613 5905 867 5966 oratorio
887 5907 1224 5967 sanctorum
1242 5905 1428 5979 Sergii
1456 5910 1516 5963 et
1535 5905 1763 5977 Bacchi,
1788 5906 1888 5980 qui
1911 5906 2147 5980 ponitur
2175 5908 2234 5965 in
2266 5909 2561 5981 Callinico,
2585 5910 2856 5970 similiter
2876 5918 3011 5978 fecit
3034 5927 3378 5992 canistrum.
3403 5934 3525 5996 Imo
3546 5940 3605 5996 et
3621 5938 3683 5998 in
