4044 6168
431 138 591 200 1235
1581 135 1996 198 ANASTASII
2041 135 2690 198 BlBLIOTHECABII.
3635 145 3760 212 mg
3821 175 3826 184 .

469 271 539 328 10
576 266 928 326 monasterio
961 265 1148 322 sancti
1178 265 1430 340 Agapiti,
1453 267 1608 338 quod
1641 266 1876 338 ponitur
1897 266 2068 338 juxta
2090 265 2327 322 titulum
2347 266 2791 332 Eudoximﬁecit
2813 265 3088 324 similiter
3109 267 3424 326 canistrum
3453 279 3759 348 argenteum,

573 371 630 422 et
659 366 857 422 semis.
885 365 1072 421 Simili
1101 366 1274 422 modo
1303 371 1360 420 et
1391 366 1448 420 in
1473 365 1721 420 oratorio
1743 371 1955 420 sanet-aa
1977 364 2236 436 Agnetis,
2261 363 2416 436 quod
2449 365 2686 436 ponitur
2705 366 2766 420 in
2787 364 3161 432 monasterio,
3185 367 3338 438 quod
3359 368 3653 440 appellatur
3667 375 3764 432 Duo

574 465 786 532 Furna,
813 463 950 518 fecit
979 464 1300 518 canistrum
1333 479 1402 518 ex
1431 467 1692 534 argento,
1717 479 1884 534 pens.
1917 461 2098 518 libras
2127 463 2274 516 duas
2295 467 2353 517 et
2373 461 2576 518 uncias
2607 467 2754 518 octo.
2779 462 3014 518 Necnon
3035 467 3094 518 et
3123 463 3182 518 in
3211 465 3452 521 oratorio
3479 469 3642 524 sancti
3657 472 3766 541 Viti,

573 562 728 632 quod
761 561 997 632 ponitur
1027 561 1086 616 in
1119 559 1494 630 monasterio,
1530 561 1684 631 quod
1733 557 2062 632 appellatur
2091 559 2161 613 de
2193 559 2428 626 Surdas,
2465 559 2602 614 fecit
2631 558 2952 615 canistrum
2983 577 3054 616 ex
3093 565 3350 632 argento,
3381 579 3600 634 pensan,
3625 565 3768 626 libras

573 664 712 714 tres.
747 660 816 714 Et
845 659 903 714 in
937 657 1290 714 monasterio
1317 661 1532 713 sancta:
1559 657 1811 712 Vivianm
1843 655 2116 712 similiter
2145 657 2281 712 fecit
2311 655 2633 712 canistrum
2663 673 2732 712 ex
2761 662 3020 730 argento,
3053 674 3218 730 pens.
3257 658 3432 716 libras
3459 661 3590 719 duas
3615 669 3662 720 et
3685 685 3770 724 un-

472 759 540 814 15
577 757 698 814 cias
729 774 958 814 novem.
985 756 1140 812 Fecit
1169 759 1364 812 autem
1393 758 1453 812 et
1483 755 1540 810 in
1572 755 1824 810 oratorio
1857 758 2072 810 sanctae
2103 753 2311 822 Luciaa,
2337 755 2492 826 quod
2523 755 2762 828 ponitur
2799 755 2860 810 in
2904 756 3260 814 monasterio
3289 757 3358 814 de
3387 758 3594 831 Renati,
3615 765 3770 822 canis-

577 860 736 912 trum
767 872 836 911 ex
866 859 1123 928 argento,
1158 871 1322 926 pens.
1354 853 1536 908 libras
1567 853 1734 908 duas.

650 956 796 1010 401
834 953 1227 1008 Verumetiam
1259 956 1316 1007 et
1345 950 1404 1004 in
1436 950 1685 1006 oratorio
1711 954 1926 1006 sanctae
1959 949 2174 1018 Mariae,
2207 950 2360 1022 quod
2393 951 2632 1024 ponitur
2663 950 2722 1006 in
2755 951 3108 1008 monasterio
3141 952 3456 1022 Michaelis,
3479 954 3643 1014 instar
3665 959 3770 1018 fecit

579 1052 902 1108 canistrum
933 1069 1002 1106 ex
1030 1053 1288 1122 argento,
1315 1065 1558 1121 pensan.
1585 1047 1763 1104 libras
1795 1049 1942 1104 duas
1964 1052 2021 1104 et
2043 1048 2246 1104 uncias
2277 1049 2447 1104 duas.
2473 1049 2542 1104 Et
2573 1048 2630 1103 in
2654 1049 3008 1105 monasterio
3031 1050 3218 1106 sancti
3239 1051 3418 1125 Sergii
3437 1054 3620 1110 eodem
3637 1059 3770 1115 modo

579 1151 714 1206 fecit
743 1149 1062 1205 canistrum
1095 1165 1164 1203 ex
1191 1151 1452 1218 argento,
1479 1163 1720 1218 pensan.
1755 1145 1936 1202 libras
1965 1152 2103 1200 tres.
2129 1146 2258 1218 Ipse
2285 1162 2420 1202 vero
2450 1145 2742 1202 almiiicus
2769 1146 2982 1218 prasul
3013 1153 3072 1202 et
3099 1149 3160 1202 in
3187 1149 3434 1205 oratorio
3455 1157 3644 1208 sancta:
3659 1155 3772 1227 Aga-

579 1249 712 1315 thze,
742 1247 894 1320 quod
927 1245 1166 1318 ponitur
1199 1245 1256 1298 in
1291 1243 1646 1300 monasterio
1676 1242 1830 1314 apud
1861 1242 2065 1309 Africi,
2095 1243 2420 1300 canistrum
2450 1259 2519 1298 ex
2548 1249 2808 1317 argento,
2833 1261 3091 1316 pensans
3131 1245 3311 1302 libras
3341 1250 3474 1302 tres.
3505 1247 3618 1304 Pari
3641 1254 3772 1308 modo

504 1348 542 1403 5
581 1345 713 1402 fecit
742 1349 800 1401 et
829 1345 888 1400 in
921 1343 1274 1398 monasterio
1305 1346 1642 1398 sanctorum
1673 1339 2008 1412 Euphemiaa
2037 1343 2098 1396 et
2123 1339 2492 1414 Archangeli,
2514 1342 2668 1414 quod
2701 1341 2940 1414 ponitur
2961 1343 3136 1414 juxta
3161 1342 3400 1400 titulum
3431 1345 3692 1419 Pudentis,
3709 1365 3776 1405 ca-

577 1443 832 1500 nistrum
863 1459 932 1498 ex
961 1445 1220 1514 argento,
1247 1456 1488 1512 pensan.
1513 1438 1694 1494 libras
1726 1437 2005 1510 quinque.
2030 1437 2142 1494 Sed
2173 1442 2232 1494 et
2262 1438 2321 1494 in
2356 1438 2710 1495 monasterio
2737 1439 2927 1495 sancti
2949 1439 3160 1496 Isidori
3187 1440 3367 1498 simili
3393 1443 3554 1498 modo
3579 1444 3692 1500 fecit
3711 1463 3777 1502 ca-

571 1541 853 1614 nistrum.
877 1537 1181 1610 Simulque
1203 1541 1262 1594 et
1289 1536 1350 1591 in
1381 1536 1632 1592 oratorio
1655 1539 1867 1592 sancta:
1887 1534 2143 1606 Agathaa,
2160 1535 2316 1607 quod
2337 1535 2575 1607 ponitur
2593 1535 2654 1591 in
2675 1537 3030 1594 monasterio
3051 1538 3344 1610 Tempuli,
3363 1539 3496 1596 fecit
3513 1541 3774 1599 canistrum

579 1636 867 1694 similiter.
893 1637 963 1691 Et
983 1635 1044 1690 in
1065 1634 1319 1692 oratorio
1351 1633 1536 1690 sancti
1559 1631 1812 1698 Cmsarii,
1828 1632 1981 1703 quod
2005 1630 2243 1704 ponitur
2261 1630 2322 1686 in
2343 1632 2700 1690 monasterio
2721 1633 2792 1688 de
2809 1633 3038 1700 Corsas,
3061 1633 3338 1690 similiter
3357 1635 3488 1692 fecit
3511 1638 3774 1696 canistrum

577 1751 820 1807 pensan.
853 1732 1034 1788 libras
1056 1733 1204 1788 duas
1229 1735 1286 1787 et
1317 1729 1520 1786 uncias
1543 1733 1680 1785 tres.
1705 1728 2011 1784 Enimvero
2041 1733 2099 1784 et
2118 1727 2178 1783 in
2203 1729 2558 1786 monasterio
2585 1729 2772 1785 sancti
2795 1729 3054 1786 Semitrii
3075 1731 3210 1788 fecit
3229 1731 3498 1788 similiter
3513 1735 3776 1792 canistrum

473 1833 541 1888 10
579 1835 944 1906 argenteum.
971 1831 1092 1886 lmo
1125 1833 1183 1884 et
1213 1828 1272 1883 in
1303 1827 1488 1884 oratio
1511 1827 1732 1883 sandtaa
1763 1826 2148 1898 Mariaa,quod
2181 1825 2421 1898 ponitur
2448 1825 2506 1882 in
2539 1826 2898 1884 monasterio
2931 1829 3104 1900 Aqua
3135 1827 3362 1897 Salvim,
3391 1829 3520 1886 fecit
3543 1831 3776 1889 similiter.

579 1928 770 1986 Simili
792 1928 964 1984 modo
987 1927 1124 1982 fecit
1143 1931 1200 1982 et
1223 1927 1282 1982 in
1305 1924 1659 1982 monasterio
1681 1923 1868 1981 sancti
1891 1923 2122 1994 Donati,
2144 1924 2300 1995 quod
2320 1923 2559 1994 ponitur
2569 1924 2744 1996 juxta
2766 1923 3000 1980 titulum
3025 1930 3238 1982 sancta
3265 1927 3492 1994 Priscae,
3515 1928 3780 1985 canistrum

576 2045 644 2084 ex
675 2029 941 2099 argento,
965 2041 1208 2097 pensan.
1231 2023 1412 2080 libras
1435 2024 1582 2078 duas
1613 2025 1672 2078 et
1703 2021 1908 2076 uncias
1939 2019 2219 2093 quinque.
2243 2021 2313 2076 Et
2339 2020 2400 2076 in
2431 2022 2786 2078 monasterio
2829 2022 3014 2078 sancti
3045 2022 3316 2092 Joannis,
3337 2025 3489 2096 quod
3517 2026 3718 2098 ponitur
3737 2027 3780 2082 in

573 2123 877 2190 Aventino,
901 2121 1088 2176 instar
1121 2122 1257 2178 fecit
1285 2119 1608 2176 canistrum
1637 2137 1704 2176 ex
1733 2123 1994 2193 argento,
2021 2135 2263 2191 pensan.
2289 2117 2470 2175 libras
2501 2119 2668 2175 duas.
2693 2121 2928 2176 Necnon
2949 2125 3008 2176 et
3038 2120 3098 2176 in
3121 2122 3376 2178 oratorio
3395 2127 3594 2178 sancta;
3613 2123 3778 2190 Maria,

577 2222 732 2292 quod
765 2219 1003 2292 ponitur
1031 2219 1088 2274 in
1124 2217 1476 2276 monasterio
1509 2219 1580 2272 de
1613 2217 1845 2282 Lutara,
1879 2215 2016 2272 fecit
2043 2215 2302 2273 canistra
2331 2233 2400 2272 ex
2425 2221 2686 2290 argento,
2721 2234 2964 2290 pensan.
2989 2215 3171 2274 libras
3201 2219 3351 2274 duas
3381 2223 3436 2276 et
3465 2220 3644 2276 semis.
3665 2221 3782 2277 Fecit

469 2319 540 2375 l5
577 2321 774 2374 autem
805 2321 864 2374 et
893 2316 952 2372 in
985 2315 1340 2372 monasterio
1373 2313 1755 2381 Hierusalem,
1781 2313 1936 2386 quod
1981 2313 2219 2386 ponitur
2247 2313 2319 2370 ad
2354 2313 2589 2370 beatum
2641 2314 2873 2370 Petrum
2923 2314 3278 2388 apostolum,
3303 2316 3610 2374 canistrum
3636 2334 3692 2374 ex
3715 2335 3782 2374 ar-

579 2419 774 2489 gento,
807 2431 1051 2488 pensan.
1081 2413 1261 2470 libras
1293 2413 1460 2468 duas.

651 2514 805 2572 408
835 2512 1052 2568 Verum
1079 2512 1256 2568 etiam
1286 2515 1343 2567 et
1371 2510 1432 2565 in
1463 2508 1816 2566 monasterio
1841 2511 2056 2564 sanctae
2076 2507 2334 2580 Agnetis,
2361 2509 2516 2580 quod
2549 2509 2786 2582 ponitur
2813 2509 2954 2566 foris
2983 2515 3214 2584 portam
3233 2511 3664 2581 Numentanam,
3685 2512 3786 2569 fecit

581 2612 840 2670 canistra
859 2629 929 2668 ex
947 2615 1208 2683 argento,
1233 2625 1476 2682 pensan.
1501 2608 1682 2664 libras
1704 2607 1982 2679 quinque.
2007 2607 2078 2662 Et
2103 2605 2162 2661 in
2185 2607 2538 2664 monasterio
2561 2613 2774 2664 sanctas
2795 2601 3084 2682 Eugeniae,
3107 2611 3264 2682 quod
3299 2609 3531 2682 ponitur
3557 2610 3678 2667 foris
3691 2627 3786 2683 por-

582 2714 706 2766 tam
737 2709 1025 2776 Latinam,
1051 2708 1176 2780 pari
1209 2707 1382 2762 modo
1416 2705 1550 2761 fecit
1579 2704 1902 2762 canistrum
1933 2721 2002 2760 ex
2033 2709 2292 2776 argento,
2337 2721 2502 2776 pons.
2535 2704 2718 2761 libras
2749 2705 3028 2778 quinque.
3055 2707 3168 2764 Seu
3199 2711 3256 2763 et
3289 2707 3352 2763 in
3381 2708 3614 2764 oratorio
3641 2707 3784 2764 sancti

586 2806 866 2880 Gregorii,
893 2807 1046 2878 quod
1081 2805 1319 2877 ponitur
1345 2804 1402 2859 in
1437 2804 1653 2874 Campo
1685 2801 1910 2867 Martis,
1935 2801 2070 2857 fecit
2101 2800 2354 2858 canistra
2383 2819 2452 2858 ex
2491 2806 2755 2875 argento,
2787 2820 3030 2875 pensan.
3065 2802 3244 2860 libras
3275 2808 3414 2860 tres.
3449 2805 3568 2878 Ipse
3590 2823 3698 2862 vero
3723 2805 3788 2860 al-

513 2906 550 2960 5
587 2905 820 2960 miﬁcus
849 2903 1060 2976 praesul
1095 2903 1230 2958 fecit
1259 2903 1318 2956 in
1353 2901 1522 2956 titulo
1553 2901 1732 2956 beatae
1763 2898 1990 2954 Sabina:
2021 2914 2294 2954 coronam
2327 2915 2396 2954 ex
2423 2903 2666 2972 argento
2695 2900 3035 2972 purissimo,
3059 2917 3308 2974 pensan.
3343 2901 3518 2960 libras
3543 2907 3666 2959 acto.
3691 2903 3786 2958 Pari

586 3003 758 3058 modo
793 3002 926 3058 fecit
955 3002 1014 3056 in
1045 2999 1312 3057 diaconia
1339 3003 1678 3056 sanctorum
1711 2995 1970 3054 Silvestri
2003 2999 2060 3052 et
2098 2995 2354 3066 Martini,
2379 3013 2506 3069 quae
2539 2997 2777 3069 ponitur
2809 2998 2982 3070 juxta
3009 2999 3325 3071 Orpheam,
3351 3017 3610 3057 coronam
3635 3017 3692 3055 ex
3714 3017 3786 3056 ar-

584 3104 781 3172 gento,
805 3115 1048 3172 pensan.
1073 3098 1253 3154 libras
1283 3114 1382 3154 sex
1403 3100 1460 3152 et
1489 3095 1694 3152 uncias
1725 3095 1892 3150 duas.
1917 3093 2152 3149 Necnon
2176 3097 2232 3151 et
2261 3091 2320 3148 in
2351 3093 2602 3150 oratorio
2635 3099 2846 3150 sancta:
2889 3093 3096 3164 Lucius,
3117 3097 3276 3168 quod
3309 3099 3540 3170 ponitur
3565 3097 3616 3152 in
3643 3097 3786 3153 Xeno-

587 3197 814 3260 dochio,
841 3195 1111 3252 similiter
1135 3196 1272 3252 fecit
1295 3195 1618 3251 canistrum
1641 3210 1710 3249 ex
1741 3197 2002 3265 argento,
2026 3207 2269 3263 pensan.
2293 3189 2476 3246 libras
2507 3192 2654 3247 duas
2683 3199 2740 3248 et
2769 3192 2974 3250 uncias
3004 3197 3276 3266 quatuor.
3305 3195 3458 3252 Fecit
3479 3199 3654 3251 autem
3677 3199 3722 3250 et
3743 3193 3784 3248 iu

585 3295 836 3352 oratorio
861 3294 1048 3352 sancti
1071 3293 1378 3368 Abbacyri,
1394 3293 1548 3365 quod
1583 3291 1820 3366 ponitur
1843 3289 1904 3346 in
1935 3288 2674 3356 Xenodochiomanistrum
2697 3307 2766 3345 ex
2789 3295 3049 3363 argento,
3073 3309 3240 3364 pens.
3263 3293 3448 3350 libras
3469 3295 3622 3350 duas.
3643 3295 3786 3364 Atque

483 3393 548 3448 10
587 3393 646 3448 in
677 3393 928 3448 oratorio
961 3397 1297 3448 sanctorum
1329 3391 1550 3446 Cosmm
1581 3395 1640 3445 et
1669 3387 1960 3454 Damiani,
1991 3387 2146 3458 quod
2197 3386 2433 3459 ponitur
2483 3387 2543 3442 in
2593 3386 2984 3456 Xenodochio,
3017 3390 3174 3460 quod
3222 3390 3548 3464 appellatur
3573 3391 3786 3456 Tucium,

585 3488 774 3546 instar
803 3491 937 3546 fecit
965 3491 1288 3546 canistrum
1318 3505 1388 3542 ex
1417 3491 1676 3559 argento,
1709 3501 1954 3558 pensan.
1979 3484 2159 3540 libras
2189 3485 2336 3540 duas
2367 3489 2426 3540 et
2455 3483 2690 3540 unciam
2723 3502 2923 3542 unam.
2947 3485 3352 3545 Verumetiam
3401 3493 3458 3546 et
3499 3489 3554 3546 in
3593 3487 3788 3546 oratorio

589 3586 776 3642 sancti
809 3586 1290 3660 Peregrini,quod
1322 3585 1560 3656 ponitur
1591 3583 1648 3638 in
1681 3581 1952 3654 hospitali
1985 3581 2287 3637 Dominico
2321 3583 2392 3638 ad
2426 3581 2872 3653 Naumachiam,
2893 3585 3028 3640 fecit
3049 3585 3309 3642 canistra
3337 3605 3406 3644 ex
3433 3593 3668 3661 argento,
3685 3600 3789 3658 pen-

590 3701 716 3740 san.
743 3683 922 3740 libras
944 3683 1204 3756 quinque
1225 3687 1283 3738 et
1311 3681 1546 3737 unciam
1578 3697 1778 3736 unam.
1807 3679 2086 3735 Praefatus
2109 3695 2242 3735 vero
2265 3679 2522 3751 pontifex
2551 3679 2688 3734 fecit
2715 3679 2774 3735 in
2796 3680 3042 3738 basilica
3061 3682 3300 3740 Domini
3331 3685 3510 3742 nostri
3527 3685 3650 3742 Jesu
3671 3681 3791 3739 Chri-

591 3782 686 3852 sti,
711 3798 838 3854 quae
871 3780 1198 3855 appellatur
1227 3779 1731 3849 Constantiniana,
1763 3795 1941 3850 super
1969 3776 2152 3832 altare
2197 3777 2390 3848 majus
2430 3781 2620 3833 vestes
2649 3777 3055 3850 chrysoclavas
3085 3779 3262 3851 duas;
3297 3799 3370 3839 ex
3417 3782 3616 3856 quibus
3655 3793 3789 3836 unam

488 3881 556 3938 15
593 3881 906 3938 habentem
939 3879 1241 3937 historiam
1275 3877 1590 3934 Dominicis
1623 3873 2085 3941 resurrectionis,
2111 3878 2166 3930 et
2197 3871 2373 3930 aliam
2405 3873 2713 3930 habentem
2745 3875 3054 3934 historiam
3075 3877 3318 3935 viviﬁcaa
3345 3884 3518 3952 atque
3546 3876 3788 3936 adoranda

590 3979 902 4036 Dominicse
933 3977 1144 4036 crucis.
1177 3975 1500 4032 Cantharos
1531 3991 1599 4031 ex
1629 3977 1866 4046 argento
1899 3971 2290 4028 mundissimo
2322 3975 2471 4038 octo,
2505 3987 2748 4044 pensan.
2784 3973 2962 4030 simul
2994 3975 3175 4032 libras
3201 3975 3410 4050 viginti
3438 3981 3494 4033 et
3519 3980 3727 4049 septem,
3749 3975 3788 4028 et

591 4074 794 4132 uncias
825 4093 945 4134 sex.
981 4075 1276 4132 Investivit
1305 4073 1404 4129 ubi
1437 4089 1616 4144 supra
1645 4087 1822 4145 rugas
1853 4075 1988 4126 ante
2029 4071 2361 4144 ingressum
2409 4068 2615 4125 altaris
2645 4087 2714 4126 ex
2741 4077 2980 4144 argento
3032 4073 3378 4144 purissimo,
3408 4091 3634 4146 pensan.
3657 4071 3790 4126 libras

589 4175 978 4248 quadraginta
1010 4177 1139 4230 octo
1169 4177 1225 4229 et
1252 4171 1457 4227 uncias
1487 4175 1638 4226 octo.
1672 4169 1927 4225 Coronas
1957 4185 2023 4224 ex
2056 4171 2295 4240 argento
2342 4166 2684 4238 purissimo,
2726 4185 2970 4240 pensan.
3005 4169 3185 4226 libras
3215 4171 3536 4229 duocecim,
3565 4168 3698 4227 Fecit
3719 4163 3790 4222 ubi

511 4346 518 4353 _
589 4291 768 4346 supra
798 4273 869 4328 ad
903 4273 1092 4328 fontes
1122 4271 1246 4326 vela
1295 4269 1427 4325 alba
1455 4267 1796 4332 holoserica,
1820 4269 2026 4320 ornata
2057 4265 2115 4320 in
2149 4264 2396 4320 circuitu
2441 4265 2514 4320 de
2564 4265 2828 4334 fundato,
2853 4269 3029 4338 atque
3076 4269 3444 4342 quadrapulo
3475 4251 3690 4324 numero
3714 4264 3788 4320 de-

478 4372 550 4428 20
587 4387 735 4427 cem.
761 4371 928 4426 Sarta
957 4373 1110 4424 tecta
1137 4384 1270 4423 vero
1301 4366 1488 4438 ipsius
1519 4363 1797 4430 ecclesiae,
1822 4379 1958 4419 cum
1989 4361 2452 4433 quadriperticu,
2483 4361 2660 4418 simul
2713 4367 2771 4418 et
2819 4364 2890 4418 ad
2925 4365 3134 4432 fontes,
3167 4367 3388 4432 omnia,
3413 4371 3468 4423 et
3495 4365 3550 4422 in
3577 4361 3792 4420 omnibus

591 4470 813 4526 noviter
843 4465 1206 4524 restauravit.
1243 4462 1428 4520 Simul
1461 4467 1517 4518 et
1547 4463 1830 4518 fenestras
1859 4461 1929 4516 de
1959 4458 2164 4516 absida
2185 4475 2254 4514 ex
2271 4458 2420 4515 vitro
2449 4457 2694 4516 diversis
2716 4459 3008 4516 coloribus
3029 4461 3322 4519 conclusit
3349 4468 3521 4536 atque
3543 4457 3788 4518 decoravit.

587 4569 657 4624 Et
689 4567 836 4624 alias
867 4567 1150 4622 fenestras
1181 4561 1435 4618 basilicae
1467 4577 1535 4616 ex
1568 4557 1802 4615 metallo
1828 4557 2077 4631 Cyprino
2099 4556 2415 4630 reparavit;
2449 4561 2506 4613 et
2533 4556 2592 4612 in
2623 4557 2846 4630 gremio
2875 4557 3130 4616 basilicas
3159 4559 3298 4618 fecit
3325 4561 3570 4620 cortinas
3591 4559 3725 4624 duas,
3744 4568 3792 4609 ex

589 4665 806 4735 quibus
836 4681 956 4719 una
983 4662 1173 4732 major
1200 4659 1446 4715 fundata
1475 4656 1627 4722 alba,
1655 4659 1714 4712 et
1742 4655 1859 4712 alia
1888 4655 2081 4711 minor
2113 4653 2246 4710 alba
2275 4657 2490 4710 rosata.

660 4763 812 4816 ιιοθ
844 4759 1000 4816 Fecit
1029 4761 1226 4814 autem
1256 4757 1444 4812 isdem
1475 4753 1688 4826 praesul
1717 4753 1776 4808 in
1809 4751 2050 4808 basilica
2077 4755 2290 4808 sanctae
2339 4751 2438 4806 Dei
2482 4751 2954 4824 Genitricis,qum
2983 4752 3313 4826 appellatur
3341 4755 3414 4812 ad
3443 4753 3688 4823 Prascpe,
3711 4761 3780 4802 ro-

591 4862 716 4912 sata
745 4873 878 4912 cum
911 4855 1222 4928 periclysin
1251 4856 1322 4910 de
1345 4854 1608 4910 fundato.
1629 4851 1924 4908 Canthara
1941 4851 2012 4906 de
2043 4853 2281 4922 argento
2311 4848 2628 4921 purissimo
2656 4849 2794 4915 duo,
2819 4867 3060 4921 pensan.
3084 4849 3230 4908 inibi
3259 4851 3439 4907 libras
3465 4847 3648 4922 viginti
3672 4849 3775 4900 tres-

589 4953 902 5008 Columnas
923 4954 1090 5020 duas,
1127 4970 1367 5024 pensan.
1393 4951 1574 5006 libras
1605 4948 1808 5022 viginti
1839 4953 1897 5004 et
1927 4965 2126 5015 unam,
2151 4952 2210 5003 et
2239 4946 2444 5002 uncias
2467 4946 2747 5018 quinque.
2774 4947 3016 5004 Crucem
3057 4964 3194 5004 cum
3223 4947 3478 5022 gabatha
3503 4961 3566 5002 ex
3593 4941 3778 5015 argento

589 5050 829 5121 mundo,
855 5067 1095 5122 pensan.
1120 5049 1296 5105 simul
1326 5049 1504 5104 libras
1526 5049 1808 5120 quinque.
1835 5047 1894 5102 In
1928 5045 2197 5116 diaconia
2225 5061 2356 5100 vero
2388 5043 2576 5116 ipsius
2603 5043 2704 5099 Dei
2726 5044 3200 5118 Genitricis,quaa
3223 5044 3540 5118 appellatur
3563 5039 3780 5110 Antiqua.

513 5153 552 5208 5
587 5150 725 5207 fecit
757 5147 1022 5204 tetravila
1045 5145 1324 5219 alithyna,
1351 5151 1556 5202 ornata
1587 5145 1644 5202 in
1669 5145 1914 5201 circuitu
1956 5145 2026 5200 de
2075 5141 2423 5216 quadruplo.
2447 5141 2518 5196 Et
2545 5140 2604 5196 in
2627 5141 2878 5198 oratorio
2899 5141 3086 5198 sancti
3105 5143 3364 5212 Andrem,
3387 5141 3484 5198 ubi
3513 5155 3682 5212 supra,
3695 5131 3785 5188 vela

567 5251 684 5306 duo
716 5246 1056 5310 holoserica,
1081 5249 1286 5299 ornata
1314 5249 1379 5300 ut
1410 5261 1608 5316 supra.
1635 5243 1696 5298 In
1727 5242 1896 5298 titulo
1927 5241 2113 5314 ipsius
2133 5257 2266 5296 vero
2289 5239 2390 5295 Dei
2414 5237 2860 5311 Genitricis,qui
2892 5239 3218 5312 appellatur
3238 5239 3778 5306 Calixti,fecitvestem

585 5347 778 5404 albam
803 5341 1184 5400 holosericam
1209 5345 1484 5410 rosatam,
1509 5341 1819 5396 habentem
1845 5339 1902 5394 in
1937 5339 2128 5394 medio
2159 5335 2422 5394 tabulam
2444 5337 2514 5391 de
2538 5336 2932 5408 chrysoclavo,
2957 5353 3090 5392 cum
3123 5335 3364 5394 historia
3385 5325 3786 5408 praesentationis

583 5443 812 5501 Domini
845 5439 1028 5498 nostri
1053 5439 1192 5495 Jesu
1225 5437 1461 5504 Christi,
1484 5443 1540 5492 et
1567 5437 1752 5492 sancti
1784 5436 2094 5500 Simeonis,
2118 5452 2252 5491 cum
2282 5432 2551 5506 periclysi
2594 5433 2664 5488 de
2695 5433 2864 5504 tyrio.
2894 5433 3186 5490 Tetravila
3217 5433 3404 5490 rubea
3431 5431 3664 5502 alithyna
3685 5437 3790 5496 qut-

585 5548 736 5608 tuor,
761 5539 1040 5596 habentia
1068 5553 1268 5593 cruces
1299 5551 1434 5591 cum
1465 5533 1834 5606 gammadiis,
1860 5537 1916 5588 et
1945 5533 2002 5587 in
2037 5531 2283 5588 circuitu
2315 5529 2627 5602 periclysin
2659 5530 2730 5585 de
2772 5530 2942 5602 tyrio.
2965 5529 3178 5588 Velum
3208 5530 3422 5604 tyrium
3451 5529 3644 5598 majus,
3665 5517 3782 5594 quod

481 5643 546 5696 10
585 5640 798 5712 pendet
829 5642 961 5692 ante
993 5635 1330 5706 imaginem,
1359 5649 1492 5688 cum
1525 5629 1792 5702 periclysi
1825 5631 1895 5684 de
1925 5629 2135 5684 blatthi
2167 5645 2372 5684 unum.
2399 5625 2498 5681 Vel
2533 5625 2764 5682 modica
2803 5628 2982 5683 rubea
3025 5627 3306 5700 alithyna,
3329 5643 3460 5682 cum
3489 5629 3714 5680 stam-ace
3737 5615 3782 5669 in

583 5737 773 5792 medio
805 5751 1048 5790 numero
1077 5735 1210 5799 tria,
1233 5749 1360 5804 quae
1393 5729 1648 5802 pendent
1669 5731 1800 5782 ante
1829 5726 2115 5796 imagines
2145 5727 2472 5795 argenteas,
2499 5739 2632 5777 cum
2663 5723 2930 5796 periclysi
2953 5725 3025 5780 de
3055 5725 3322 5782 blatthin.
3343 5722 3614 5780 cortinam
3637 5713 3759 5783 maio

585 5851 708 5892 rem
738 5831 1121 5890 holosericam
1145 5832 1204 5887 in
1226 5828 1447 5904 gremio
1479 5823 1754 5890 basilicae,
1779 5821 2120 5888 unam,t‘ecit
2137 5825 2196 5876 et
2217 5818 2504 5889 imagines
2525 5823 2834 5890 argenteas
2854 5823 3182 5880 deauratas.
3205 5823 3246 5881 E
3267 5821 3478 5894 quibus
3495 5829 3648 5876 unam
3667 5821 3770 5867 cum

587 5932 858 6004 gemmis,
879 5945 1081 5990 arcum
1104 5933 1442 6000 argenteum
1465 5939 1672 5994 unum,
1687 5937 1822 5981 cum
1845 5915 2191 5994 gammadiis
2215 5915 2361 5977 suis.
2378 5913 2566 5986 Supra
2581 5921 2869 5982 cerostata
2888 5921 3138 5994 pharum
3159 5910 3652 5994 unum,thuribula
3665 5907 3773 5970 duo,
