4044 6168
326 193 476 308 i‘m
658 321 660 326 _
1189 229 1560 302 HISTORIA
1601 237 1720 319 ne
1746 227 1952 298 vms
1995 235 2184 296 nom.
2228 235 2543 296 PONT.—
2570 235 2721 297 LEO
2762 235 2868 296 ιιι.
3572 230 3727 292 me

325 445 330 450 ,
418 390 420 393 ·
469 357 738 448 Ριιεέεθρίἰ
773 355 1024 448 pharum
1049 371 1107 428 in
1140 370 1380 442 modum
1411 369 1551 425 retis
1581 385 1648 425 ex
1679 371 1918 441 argento
1949 365 2265 440 purissimo
2291 383 2426 422 cum
2457 365 2728 422 canistris
2760 365 3038 438 quinque,
3072 382 3314 439 pensun.
3348 361 3526 421 simul
3539 357 3728 419 libras

345 451 431 531 ’45
466 453 709 548 triginta
736 468 960 545 septem
993 475 1050 526 et
1078 467 1276 526 semis.
3547 450 3551 454 ’

537 572 693 628 416
734 569 923 628 Isdem
953 584 1087 624 vero
1117 564 1530 623 sanctissimus
1574 563 1807 637 praesul,
1837 563 2023 620 sancti
2069 561 2325 636 Spiritus
2382 559 2769 617 illustrations
2827 562 3120 633 perfusus,
3155 562 3290 618 fecit
3341 561 3512 617 beato
3562 559 3727 616 Petro

468 666 729 742 apostolo
779 644 1052 722 nutritori
1101 647 1492 719 suo'culicem
1535 678 1779 718 aureum
1829 660 2188 733 praecipuum
2237 663 2606 729 tetragonum
2661 657 3130 731 Spunoclystum,
3165 659 3408 714 diversis
3457 663 3728 714 ornatum

416 756 426 771 ¹
468 763 740 840 pretiosis
771 762 1088 837 lapidibus,
1124 777 1368 834 pensun.
1402 760 1583 815 libras
1612 758 1854 832 triginta
1880 762 1936 814 et
1967 759 2135 813 duas.
2168 757 2400 813 Necnon
2433 755 2568 811 fecit
2596 759 2653 811 et
2683 759 2958 829 patenum
3005 771 3242 812 auream
3289 755 3730 830 Spunoclystam

469 863 630 919 mira:
661 858 1087 934 magnitudinis
1116 859 1470 926 decoratum,
1494 874 1738 932 pensan.
1764 855 1943 912 libras
1962 855 2163 928 viginti
2181 854 2442 927 quinque
2467 859 2524 909 et
2544 852 2749 909 uncias
2773 869 3000 908 novem.
3022 853 3177 909 Fecit
3202 858 3396 910 autem
3416 853 3474 909 in
3491 854 3734 910 basilica

333 959 342 966 ’
397 961 436 1018 5
472 937 642 1033 cujus
674 976 854 1032 supra
881 957 1132 1030 phurum
1162 955 1223 1011 in
1255 955 1496 1011 modum
1530 954 1668 1010 retis
1699 970 1834 1009 cum
1866 954 2143 1024 canistro,
2177 957 2234 1008 et
2260 968 2462 1008 cruces
2492 952 2562 1007 de
2591 956 2832 1024 argento
2881 949 3215 1023 purissimo,
3249 951 3347 1023 qui
3380 953 3594 1023 pendet
3623 953 3732 1008 sub

423 1116 425 1118 ,
473 1075 615 1124 auro
644 1054 1224 1130 principali.Necnon
1243 1059 1299 1109 et
1316 1052 1495 1109 alium
1527 1052 1777 1125 phurum
1809 1053 2090 1123 majorem
2125 1051 2184 1105 in
2216 1051 2456 1105 modum
2490 1049 2800 1116 retis,cum
2833 1047 3104 1104 canistris
3133 1047 3358 1121 viginti,
3384 1050 3734 1121 pendentem

472 1133 584 1214 sub
615 1133 838 1211 trabem
869 1153 1152 1224 majorem
1185 1155 1540 1224 argenteam,
1573 1150 1645 1206 ad
1672 1153 1942 1205 ornatum
1976 1152 2190 1204 sanctae
2225 1149 2318 1203 Dei
2348 1147 2625 1212 ecclesiae,
2653 1146 2752 1219 qui
2787 1163 3030 1219 pensan.
3065 1145 3209 1202 inibi
3240 1147 3419 1202 libras
3441 1147 3555 1203 duo
3579 1147 3737 1204 mille

419 1231 426 1237 ⁴
459 1247 708 1328 centum
731 1233 1003 1324 quatuor,
1026 1254 1084 1306 et
1116 1249 1319 1305 uncias
1350 1253 1592 1321 septem.
1620 1247 1722 1302 Hic
1753 1247 1889 1302 fecit
1919 1246 1978 1301 in
2011 1245 2255 1302 basilica
2273 1245 2528 1301 doctoris
2547 1245 2750 1300 mundi
2771 1245 2923 1300 beati
2948 1243 3104 1300 Pauli
3124 1243 3370 1318 apostoli
3393 1245 3737 1302 crucifixum

319 1423 324 1426 _
419 1333 542 1428 .‘ex
563 1332 809 1424 argento
841 1329 1179 1422 purissimo,
1214 1345 1372 1401 mirae
1406 1343 1832 1418 magnitudinis
1865 1341 2677 1415 decoratum,pensan.libras
2709 1342 3136 1415 quinquaginta
3166 1342 3738 1401 duas.Verumetium

346 1423 438 1507 ’10
475 1427 610 1506 fecit
635 1435 713 1503 ibi
745 1429 925 1520 supra
947 1443 1225 1500 tetravela
1254 1443 1388 1499 alba
1413 1442 1740 1498 holoserica
1761 1445 1977 1509 rosata,
2010 1458 2080 1496 ex
2109 1440 2323 1514 quibus
2353 1456 2536 1495 unum
2569 1439 2792 1495 habens
2820 1439 2878 1494 in
2910 1440 3100 1496 medio
3131 1457 3362 1496 crucem
3395 1441 3466 1496 de
3495 1439 3737 1512 chryso-

448 1547 655 1613 clavo,
687 1527 746 1601 et
775 1541 1143 1618 gummadias
1176 1541 1246 1598 de
1273 1539 1662 1614 chrysoclavo.
1697 1539 1930 1595 Necnon
1961 1539 2138 1594 etiam
2182 1537 2308 1594 vela
2355 1536 2487 1594 alba
2535 1536 2860 1594 holoserica
2904 1549 3154 1594 numero
3183 1555 3412 1606 novem,
3447 1542 3652 1594 ornata
3679 1537 3738 1594 in

474 1620 721 1706 circuitu
757 1643 828 1698 de
858 1641 1025 1715 tyrio.
1062 1639 1220 1696 Fecit
1249 1639 1328 1694 ibi
1360 1655 1539 1710 super
1563 1637 1848 1709 gabathas
1879 1637 2155 1692 fundatas
2183 1635 2540 1692 interrasiles
2572 1653 2640 1691 ex
2670 1640 2908 1708 argento
2951 1636 3267 1709 purissimo
3314 1651 3557 1693 numero
3588 1643 3737 1705 octo,

415 1719 420 1822 ζ
454 1716 602 1817 ¹ῳιῶ
632 1739 889 1820 pendent
904 1736 965 1792 in
989 1735 1170 1809 pburo
1194 1734 1412 1791 aereoin
1433 1732 1625 1788 medio
1644 1731 1919 1806 basilice,
1940 1750 2104 1805 pens.
2127 1731 2271 1788 inihi
2290 1731 2468 1788 libras
2482 1731 2945 1804 quatuordecim.
2973 1734 3309 1806 Ingressum
3331 1751 3463 1790 vero
3482 1735 3741 1808 corporis

353 1901 356 1904 ,
417 1839 423 1845 ’
479 1839 665 1894 isdem
697 1834 907 1909 praesul
939 1851 1008 1890 ex
1037 1831 1430 1888 marmoribus
1459 1829 1726 1886 candidis
1761 1829 1906 1886 miro
1939 1831 2142 1886 decore
2173 1828 2417 1896 ornavit,
2451 1833 2627 1901 atque
2659 1830 2848 1902 regias
2879 1845 3057 1886 aereas
3085 1829 3300 1886 ibidem
3328 1833 3745 1906 posuit.Super

301 1913 312 1929 ι
370 1937 442 1992 15
477 1915 782 1991 columnas
810 1948 943 1988 vero
974 1945 1354 1993 marmoreas,
1389 1944 1517 2000 quis
1547 1930 1706 1983 stant
1739 1927 1796 1982 in
1829 1927 2076 1983 circuitu
2109 1926 2310 1983 altaris
2338 1927 2526 2000 ipsius
2557 1927 2812 1984 doctoris
2834 1926 3061 1999 mundi,
3095 1929 3196 1983 ubi
3229 1930 3420 1986 trabes
3442 1933 3740 2004 quondam

416 2012 682 2106 ilignea:
713 2029 914 2102 posita
943 2019 1194 2094 fuerant,
1225 2024 1400 2081 etiam
1432 2024 1616 2080 nimia
1644 2029 1934 2081 vetustate
1960 2030 2384 2093 emarcuerant,
2421 2025 2515 2081 hic
2547 2027 2710 2081 sacer
2741 2025 2986 2082 antistes
3017 2043 3194 2100 super
3232 2027 3391 2100 ipsas
3440 2030 3745 2088 columnas

480 2129 635 2185 lilios
666 2126 805 2200 poni
835 2125 990 2191 fecit,
1017 2129 1073 2181 et
1101 2139 1279 2198 super
1309 2123 1468 2196 ipsos
1518 2122 1672 2179 lilios
1720 2140 1790 2180 ex
1835 2123 2090 2179 metallis
2133 2122 2478 2178 marmoreis
2524 2121 2815 2195 platonias
2863 2123 3077 2196 posuit,
3113 2124 3472 2198 diversisque
3505 2128 3748 2200 picturis

482 2227 642 2283 mira
675 2221 1098 2298 magnitudinis
1120 2239 1269 2296 opus
1299 2221 1608 2278 decoravit.
1634 2222 1867 2278 Necnon
1889 2222 1988 2277 ubi
2007 2239 2188 2294 supra
2210 2221 2343 2277 fecit
2371 2220 2499 2276 vela
2527 2220 2915 2277 Alexandrina
2948 2223 3172 2294 majora
3202 2241 3445 2280 numero
3465 2226 3746 2299 quinque,

420 2321 448 2334 ”
486 2331 612 2400 qua
643 2323 900 2397 pendent
927 2338 1106 2394 super
1132 2321 1322 2393 regias
1354 2319 1606 2391 majores
1637 2320 1696 2375 in
1731 2320 1999 2392 ingressu
2033 2317 2306 2386 basilicae,
2344 2317 2588 2373 mirifice
2617 2319 2907 2374 decorata.

485 2407 490 2414 ’
555 2423 703 2478 417
748 2403 854 2476 Hic
879 2434 1014 2475 vero
1047 2417 1456 2473 sanctissimus
1487 2420 1544 2472 et
1574 2416 1889 2489 praeclarus
1922 2415 2176 2488 pontifex
2205 2415 2340 2471 fecit
2361 2415 2419 2470 in
2443 2415 2685 2471 basilica
2716 2421 2928 2472 sanctae
2951 2416 3052 2474 Dei
3071 2417 3380 2476 Genitricis
3404 2437 3752 2494 semperque

485 2497 744 2592 Virginis
776 2515 968 2573 Mariae
1000 2514 1250 2571 dominae
1283 2517 1495 2570 nostra:
1526 2513 1597 2569 ad
1630 2513 1892 2585 Prmsepe
1920 2511 2197 2569 tetravela
2226 2512 2358 2568 alba
2387 2511 2711 2568 holoserica
2748 2518 2960 2582 rosata,
2995 2507 3239 2572 mirifice
3269 2518 3558 2575 decorata.
3595 2519 3754 2577 Fecit

423 2693 430 2708 '
486 2633 642 2686 vero,
663 2613 763 2670 ubi
789 2629 988 2686 supra,
1011 2612 1167 2668 intra
1197 2597 1549 2683 Praesepium
1579 2614 1795 2666 vestem
1830 2609 2023 2665 albam
2054 2609 2440 2665 holosericam
2473 2614 2748 2677 rosatam,
2775 2615 3040 2667 ornatam
3071 2614 3128 2668 in
3161 2614 3408 2671 circuitu
3432 2617 3502 2672 de
3524 2617 3756 2692 chryso-

423 2705 428 2722 ³
488 2712 668 2780 clavo,
693 2715 750 2768 et
769 2710 828 2765 in
851 2708 1044 2765 medio
1065 2707 1379 2763 habentem
1401 2723 1635 2762 crucem
1666 2722 1801 2762 cum
1833 2705 2114 2762 orbiculis
2135 2707 2206 2762 de
2236 2705 2628 2779 chrysoclavo,
2653 2707 2780 2764 vela
2797 2707 2932 2765 alba
2953 2708 3273 2767 holoserica
3297 2717 3492 2769 rosata
3509 2731 3753 2772 numero

412 2810 450 2866 5
487 2813 759 2882 quatuor,
791 2792 996 2862 ornata
1023 2805 1083 2860 in
1117 2803 1365 2860 circuitu
1395 2803 1466 2858 de
1497 2803 1667 2876 tyrio.
1686 2805 1748 2859 In
1783 2803 2052 2859 diaconia
2081 2819 2212 2858 vero
2240 2803 2429 2876 ipsius
2459 2803 2561 2859 Dei
2593 2803 3063 2879 Genitricis,qu¢e
3081 2799 3409 2880 appellatur
3429 2811 3751 2884 Dominica,

495 2906 629 2963 fecit
657 2909 873 2961 vestem
906 2902 1101 2965 albam
1131 2901 1514 2958 holosericam
1547 2906 1825 2968 rosatam,
1848 2901 2162 2958 habentem
2185 2901 2243 2956 in
2268 2901 2460 2958 medio
2480 2901 2742 2958 tabulam
2765 2903 2834 2958 de
2854 2903 3022 2976 tyrio,
3039 2922 3173 2960 cum
3194 2905 3438 2964 historia
3459 2908 3752 2968 Crucifixi.

496 2995 731 3061 Necnon
747 3007 806 3058 et
823 3006 979 3057 rotas
996 3001 1066 3056 de
1083 2999 1151 3055 ch
1161 2998 1475 3072 rysoclavo,
1501 3003 1738 3054 ornatas
1758 2998 1818 3054 in
1844 2997 2092 3054 circuitu
2113 2999 2186 3055 de
2207 2991 2358 3070 quad
2368 2997 2591 3070 rapulo.
2617 2999 2774 3055 Fecit
2798 2999 2896 3056 ubi
2919 3017 3098 3074 supra
3119 3003 3401 3060 cortinam
3426 3005 3756 3077 fundatam,

431 3093 437 3098 ’
497 3085 762 3157 ornatam
796 3099 855 3154 in
885 3097 1131 3154 circuitu
1165 3097 1236 3153 de
1266 3095 1536 3152 blatthin.
1564 3101 1628 3151 In
1660 3095 1928 3151 diaconia
1948 3111 2081 3151 vero
2112 3095 2300 3168 ipsius
2319 3096 2411 3152 Dei
2432 3096 2763 3165 Genitricis,
2789 3115 2914 3171 quae
2933 3098 3602 3172 appelluturCosmedin,
3625 3106 3760 3163 fecit

498 3201 718 3254 vestem
748 3195 944 3252 albam
977 3193 1382 3260 holosericam,
1401 3209 1536 3248 cum
1554 3191 1754 3248 tabula
1770 3193 1842 3248 de
1859 3191 2577 3265 cbrysoclavo,habentem
2610 3193 2913 3251 historiam
2947 3196 3259 3254 Dominicze
3289 3203 3756 3274 resurrectionis,

388 3297 459 3352 10
494 3295 631 3352 etin
662 3293 912 3350 circuitu
943 3292 1155 3365 lystam
1188 3292 1261 3347 de
1291 3290 1682 3364 chrysoclavo.
1703 3290 1859 3346 Fecit
1881 3291 1952 3346 ad
1981 3297 2244 3347 sanctam
2277 3291 2518 3346 Marium
2537 3293 2610 3346 ad
2629 3291 3142 3365 Martyres-vestem
3163 3295 3353 3352 albam
3377 3297 3759 3359 holosericam

501 3379 777 3459 meatum,
810 3406 947 3445 cum
978 3387 1184 3446 tabula
1211 3389 1282 3444 de
1312 3388 1484 3461 tyrio,
1517 3388 1833 3444 habentem
1866 3389 2173 3444 historiam
2202 3387 2493 3456 Crucifixi,
2528 3393 2585 3444 et
2614 3393 2802 3445 rotam
2854 3391 2924 3447 de
2973 3391 3368 3465 chrysoclavo,
3402 3402 3668 3456 ornatum
3699 3401 3759 3458 in

502 3487 748 3546 circuitu
781 3487 852 3543 de
883 3487 1051 3561 tyrio.
1079 3486 1314 3544 Vestem
1345 3486 1522 3542 etiam
1552 3486 1610 3542 in
1644 3486 1914 3542 diaconia
1939 3487 2067 3559 jam
2099 3487 2267 3542 dictae
2299 3492 2512 3542 sanctae
2545 3486 2648 3543 Dei
2678 3487 3009 3556 Genitricis,
3041 3491 3293 3564 positam
3348 3495 3487 3552 foris
3530 3503 3760 3571 portam

500 3585 654 3643 beati
687 3584 837 3641 Petri
868 3583 1139 3657 apostoli,
1173 3583 1308 3641 fecit
1334 3589 1556 3640 vestem
1586 3585 1657 3641 de
1685 3585 1854 3658 tyrio,
1889 3585 2134 3641 mirifice
2164 3585 2517 3641 decoratum.

571 3683 726 3740 418
763 3681 868 3739 Hic
892 3698 1026 3738 vero
1053 3681 1404 3738 venerabilis
1434 3686 1493 3738 et
1522 3681 1837 3754 praeclarus
1868 3673 2126 3755 pontifex
2157 3682 2292 3738 fecit
2319 3681 2378 3738 in
2409 3681 2654 3738 basilica
2691 3683 2845 3739 beati
2879 3685 3029 3740 Petri
3061 3687 3308 3760 apostoli
3341 3683 3647 3751 nutritoris
3670 3695 3762 3752 sui

500 3780 787 3837 canistros
815 3769 1177 3835 interrasiles
1198 3795 1266 3834 ex
1286 3783 1526 3852 argento
1557 3779 1896 3852 purissimo,
1917 3784 2038 3836 tam
2060 3779 2120 3834 in
2152 3780 2357 3852 quadri
2364 3779 2590 3852 porticu
2621 3795 2916 3854 quamque
2932 3781 2992 3836 in
3009 3784 3231 3856 gremio
3248 3786 3500 3845 basilicae
3520 3808 3762 3850 numero

498 3878 593 3945 22,
623 3893 788 3951 pene.
821 3873 997 3932 simul
1028 3875 1210 3932 libras
1239 3880 1477 3932 centum
1507 3875 1712 3949 viginti
1746 3876 2026 3949 quinque.
2061 3876 2357 3933 Gabathas
2396 3877 2668 3933 fundatas
2725 3878 3183 3952 signochrystas,
3233 3900 3360 3956 quas
3417 3889 3674 3959 pendent
3702 3890 3761 3946 in

429 3982 436 3988 '
500 3972 962 4048 quadriperticu,
995 3972 1055 4028 in
1085 3972 1268 4045 pharo
1321 3989 1469 4029 aereo
1520 3972 1580 4028 in
1630 3973 1822 4029 medio
1872 3973 2126 4030 basilicae
2185 3991 2430 4030 numero
2487 3975 2876 4048 quadraginta
2905 3981 2960 4032 et
2991 3981 3140 4045 octo,
3172 3997 3338 4052 pens.
3368 3983 3549 4041 simul
3579 3986 3761 4044 libras

500 4075 735 4129 centum
765 4075 823 4128 et
850 4086 1031 4147 unam
1060 4075 1121 4128 et
1151 4069 1355 4126 semis.
1387 4070 1578 4126 Phara
1607 4075 1884 4143 argentea
1913 4071 2049 4137 tria,
2082 4089 2209 4144 qua;
2241 4075 2400 4128 stant
2454 4088 2634 4144 super
2687 4073 2884 4130 trabes
2942 4081 3268 4148 argenteas,
3301 4096 3544 4152 pensan.
3580 4085 3761 4143 libras

501 4168 823 4242 nonaginta
850 4171 907 4224 et
934 4171 1073 4224 tres.
1098 4172 1286 4223 Arcus
1315 4173 1620 4241 argenteos
1651 4168 1819 4236 duos,
1845 4185 2086 4241 pensan.
2112 4169 2292 4224 libras
2323 4169 2713 4242 quadraginta
2742 4174 2798 4226 et
2827 4188 3006 4227 unum
3036 4177 3093 4228 et
3122 4175 3326 4232 uncias
3354 4183 3501 4236 octo.
3535 4181 3675 4238 Vela
3691 4184 3762 4240 de

502 4266 755 4324 blatthin
779 4266 1021 4339 majora,
1049 4283 1176 4339 quae
1199 4266 1458 4339 pendent
1478 4282 1581 4339 per
1601 4267 1795 4323 trabes
1819 4271 2124 4340 argenteus
2145 4267 2344 4323 dextra
2365 4267 2620 4338 laevaque
2644 4268 3006 4340 presbyterii.
3040 4270 3273 4328 Necnon
3314 4279 3370 4330 et
3413 4276 3471 4332 in
3513 4279 3760 4338 circuitu

504 4364 660 4422 sedis
690 4380 934 4420 numero
953 4363 1214 4436 triginta,
1239 4368 1445 4420 ornata
1465 4364 1523 4420 in
1547 4363 1794 4421 circuitu
1825 4365 1896 4420 de
1924 4363 2465 4437 quadrapulo.Vela
2482 4363 2712 4420 modica
2739 4365 2810 4421 de
2842 4365 3082 4423 fundato
3099 4385 3342 4428 numero
3373 4375 3762 4450 quadraginta

503 4466 563 4520 et
592 4465 838 4534 septem,
870 4465 1077 4518 ornata
1105 4460 1166 4516 in
1197 4460 1447 4518 circuitu
1480 4461 1550 4518 de
1580 4461 1832 4518 blatthin
1865 4463 2172 4535 Byzanteo,
2203 4466 2260 4518 et
2285 4461 2558 4518 investita
2587 4463 2659 4518 de
2680 4461 2928 4519 blatthin
2952 4464 3599 4539 Neapolitano.Necnon
3621 4481 3679 4532 et
3699 4477 3758 4534 in

391 4558 468 4618 40
504 4557 728 4633 gremio
747 4557 998 4615 basilicae
1017 4557 1154 4614 fecit
1168 4558 1456 4614 cortinam
1471 4559 1756 4630 majorem
1771 4558 2222 4615 Alexandrinam
2241 4559 2399 4615 mirus
2418 4560 2842 4633 magnitudinis
2856 4566 2914 4618 et
2927 4563 3386 4636 pulchritudinis"
3402 4571 3760 4647 decoratum,

503 4658 770 4713 ornatam
799 4653 862 4710 in
890 4653 1138 4711 circuitu
1168 4655 1239 4712 de
1262 4654 1432 4728 tyrio.
1461 4653 1606 4712 Vela
1635 4655 1769 4713 alba
1797 4657 2027 4713 modica
2058 4657 2379 4714 holoserica
2428 4663 2625 4714 rosata
2681 4675 2924 4716 numero
2959 4660 3188 4736 viginti
3243 4667 3522 4741 quinque,
3557 4680 3764 4731 ornata

429 4810 433 4813 .
503 4751 566 4812 in
594 4750 844 4809 circuitu
874 4751 947 4808 de
977 4750 1252 4820 blatthin,
1284 4769 1354 4809 ex
1382 4751 1600 4825 quibus
1631 4769 1815 4810 unum
1845 4759 2118 4811 ornatum
2147 4756 2218 4812 de
2247 4754 2522 4812 stauruci.
2553 4756 2741 4828 Super
2769 4755 2951 4814 altare
2995 4776 3128 4816 vero
3171 4761 3324 4819 beati
3361 4767 3626 4838 Andreae,
3657 4773 3760 4830 ubi

383 4903 397 4908 _
500 4865 702 4922 supra,
733 4849 872 4906 fecit
915 4855 1134 4907 Vestem
1193 4849 1388 4906 albam
1444 4849 1827 4908 holosericam
1881 4856 2158 4920 rosatam,
2190 4869 2325 4908 cum
2356 4853 2556 4909 tabula
2584 4854 2656 4910 de
2684 4854 3077 4928 chrysoclavo.
3107 4857 3419 4919 habentem
3451 4864 3760 4928 historiam

351 4991 358 5009 ,.
423 4991 448 5008 ι,
501 4944 816 5004 Βοωὶῐιὶοε
848 4945 1310 5013 resurrectionis,
1339 4951 1398 5002 et
1427 4947 1488 5002 in
1517 4947 1764 5004 circuitu
1820 4947 2018 5006 listum
2067 4951 2138 5006 de
2185 4950 2574 5024 chrysoclavo.
2606 4952 3002 5010 Verumetiam
3035 4960 3093 5012 et
3122 4973 3301 5032 super
3348 4961 3528 5021 altare
3581 4967 3760 5024 beatae

395 5045 467 5102 15
502 5041 824 5101 Petronillaa
853 5043 990 5100 fecit
1020 5049 1242 5101 vestem
1273 5043 1469 5101 albam
1497 5044 1880 5103 holosericam
1913 5052 2191 5111 rosatam,
2223 5064 2357 5104 cum
2388 5048 2588 5103 tabula
2617 5049 2688 5104 de
2713 5049 3106 5122 chrysoclavo,
3124 5054 3435 5116 habentem
3456 5060 3760 5120 historiam

411 5186 420 5204 .,
499 5139 816 5204 Dominica
845 5142 1314 5209 resurrectionis,
1344 5147 1402 5198 et
1431 5142 1492 5197 in
1523 5142 1772 5200 circuitu
1801 5144 1929 5216 ejus
1959 5145 2156 5202 listum
2184 5147 2256 5202 de
2285 5145 2676 5218 chrysoclavo.
2712 5148 2839 5204 Pari
2874 5151 3047 5207 modo
3077 5159 3135 5208 et
3161 5153 3220 5210 in
3253 5160 3505 5217 oratorio
3546 5168 3759 5216 sancta:

501 5237 604 5300 Dei
633 5237 964 5309 Genitricis,
998 5239 1098 5296 ubi
1129 5256 1313 5314 supra
1339 5239 1399 5295 in
1433 5239 1725 5307 mediana,
1757 5241 1894 5297 fecit
1919 5247 2139 5299 vestem
2168 5241 2362 5298 albam
2395 5241 2780 5299 holosericam
2827 5250 3103 5314 rosatam,
3136 5249 3446 5310 habentem
3478 5254 3537 5310 in
3567 5256 3759 5313 medio

501 5351 736 5392 crucem
767 5335 840 5393 de
868 5335 1263 5410 chrysoclavo,
1295 5341 1352 5394 et
1382 5336 1441 5392 in
1473 5336 1720 5393 circuitu
1750 5343 2019 5396 ornatam
2049 5341 2120 5397 de
2149 5340 2318 5413 tyrio.
2355 5341 2416 5397 In
2448 5340 2697 5397 oratorio
2747 5358 2882 5399 vero
2932 5342 3120 5416 ipsius
3170 5347 3270 5404 Dei
3305 5351 3630 5422 Genitricis,
3657 5357 3758 5414 ubi

299 5480 314 5494 ε
337 5473 350 5496 ς
439 5489 444 5493 .
501 5447 704 5506 supra,
727 5435 884 5507 quod
914 5434 1130 5492 dicitur
1159 5433 1359 5492 domni
1393 5434 1552 5491 Pauli
1577 5453 1737 5508 papae
1759 5435 1894 5493 fecit
1913 5442 2132 5494 vestem
2163 5438 2356 5494 albam
2388 5437 2794 5507 holosericam,
2818 5446 3084 5498 ornatam
3106 5443 3164 5498 in
3179 5443 3421 5501 circuitu
3443 5448 3514 5504 de
3540 5450 3756 5509 mizilo.

393 5529 466 5585 20
500 5529 736 5588 Necnon
751 5531 885 5587 etin
901 5531 1253 5590 monasterio
1275 5531 1461 5588 sancti
1495 5531 1750 5600 Martini,
1781 5532 1880 5588 ubi
1900 5550 2097 5606 supra,
2123 5535 2258 5590 fecit
2280 5540 2498 5591 vestem
2520 5535 2714 5592 albam
2746 5535 3126 5594 holosericam
3160 5543 3756 5611 rosatam,habentem

503 5625 564 5682 in
597 5627 788 5684 medio
817 5644 1049 5684 crucem
1081 5629 1151 5686 de
1179 5627 1575 5702 chrysoclavo,
1609 5644 1742 5684 cum
1777 5629 2042 5704 periclysi
2075 5631 2146 5687 de
2175 5631 2344 5705 tyrio.
2382 5631 2480 5687 Hic
2513 5631 2648 5688 fecit
2677 5631 2737 5687 in
2769 5631 3010 5688 basilica
3037 5635 3448 5705 Apostolorum
3496 5644 3588 5701 via
3619 5647 3760 5705 Lata

503 5738 682 5795 super
710 5723 893 5780 altare
923 5726 1118 5797 majus
1146 5729 1365 5782 vestem
1396 5724 1588 5799 albam
1607 5723 2006 5798 holosericam
2040 5729 2644 5801 rosatam,habentem
2662 5729 2721 5784 in
2741 5729 2929 5784 medio
2958 5729 3218 5788 tabulam
3241 5735 3311 5792 de
3331 5742 3758 5812 stauruci,cum

502 5817 748 5876 historia
804 5821 1114 5878 Dominicm
1173 5822 1636 5892 resurrectionis,
1667 5827 1726 5879 et
1782 5824 1841 5879 in
1899 5825 2148 5883 circuitu
2203 5831 2422 5884 vestem
2481 5828 2553 5882 de
2593 5824 2982 5897 chrysoclavo.
3012 5827 3246 5888 Necnon
3276 5840 3335 5891 et
3364 5838 3656 5899 orbiculos
3686 5843 3760 5901 de

502 5913 894 5990 chrysoclavo,
917 5933 1052 5976 cum
1074 5917 1342 5992 periclysi
1374 5919 1446 5978 de
1473 5917 1643 5992 tyrio.
1669 5920 1970 5982 Tetravela
1999 5923 2229 5983 modica
2256 5923 2439 5984 rubea
2461 5925 2664 5980 ornata
2692 5920 2752 5977 in
2781 5919 3030 5981 circuitu
3055 5905 3420 6004 de'fii‘iidato',
3443 5921 3758 6012 exquibus
