4056 6178
528 171 684 232 1243
1673 173 1828 238 ANA
1840 175 2088 238 STASlI
2131 173 2781 242 BIBLIOTHECARII.
3731 181 3843 244 i944

554 301 626 358 25
663 319 848 360 unum
879 319 1014 360 cum
1035 302 1427 380 chrysoclavo.
1461 304 1600 362 Vela
1647 306 1879 363 modica
1921 306 2100 364 rubea
2142 306 2534 363 Alexandrina
2586 309 2725 374 duo,
2752 310 2957 363 ornata
2985 305 3046 362 in
3078 305 3327 364 circuitu
3357 306 3425 366 de
3454 309 3701 366 stauraci.
3728 311 3780 368 Et
3803 315 3844 370 in

664 400 884 472 gremio
915 401 1190 469 basilicae,
1211 403 1310 458 ubi
1337 421 1533 476 supra,
1558 405 1692 461 fecit
1720 405 2004 461 cortinam
2029 406 2308 476 majorem
2329 406 2398 462 de
2417 406 2656 461 fundato
2675 405 2919 462 mirifice
2941 407 3294 474 decoratum,
3319 409 3642 464 ornatamin
3655 409 3844 467 circuitu

663 498 734 553 de
765 499 932 572 tyrio,
967 505 1026 556 et
1055 502 1114 555 in
1147 501 1338 556 medio
1369 517 1570 558 cruces
1601 504 1671 558 de
1705 503 1871 574 tyrio.

732 618 886 672 419
926 617 1028 672 Hic
1059 634 1190 672 vero
1217 617 1487 691 egregius
1519 618 1729 692 praesul
1765 619 1896 674 fecit
1926 618 1985 673 in
2016 619 2188 676 titulo
2221 623 2434 675 sanctae
2466 619 2694 676 Sabinae
2725 619 2999 692 martyris
3030 635 3206 692 super
3235 617 3400 675 altari
3452 620 3646 692 majori
3677 627 3846 677 vestem

663 712 857 770 albam
888 714 1271 771 holosericam
1307 719 1582 784 rosatam,
1617 716 1928 772 habentem
1963 716 2022 772 in
2054 717 2244 772 medio
2276 717 2536 772 tabulam
2567 719 2636 773 de
2669 718 3094 786 stauraci,cum
3125 716 3366 773 historia
3393 717 3684 773 Dominicis
3701 735 3846 774 resur.

663 811 958 876 rectionis,
983 818 1038 868 et
1067 813 1126 868 in
1157 813 1402 869 circuitu
1433 813 1628 870 listam
1661 815 1732 870 de
1761 814 2152 888 chrysoclavo.
2185 815 2316 870 Pari
2353 816 2524 870 modo
2555 820 2610 872 et
2639 815 2696 870 in
2733 815 2900 872 titulo
2923 821 3136 871 sancta:
3155 816 3435 872 Susanna:
3453 816 3704 888 martyris
3717 833 3848 886 super

662 908 828 965 altari
861 910 1068 982 majori
1097 915 1312 966 vestem
1341 911 1534 967 albam
1567 913 1703 968 fecit
1733 912 2118 969 holosericam
2145 917 2421 978 rosatam,
2455 911 2769 968 habentem
2802 913 2860 968 in
2895 913 3084 969 medio
3116 913 3378 968 tabulam
3411 914 3481 968 de
3517 912 3844 986 chrysoclavo,

587 1005 624 1062 5
661 1023 796 1062 cum
827 1007 1072 1064 historia
1101 1009 1415 1064 Dominicaz
1449 1009 1909 1076 resurrectionis,
1944 1015 2002 1066 et
2029 1011 2088 1064 in
2123 1009 2368 1065 circuitu
2401 1009 2598 1065 listam
2625 1010 2695 1066 de
2729 1010 3118 1083 chrysoclavo.
3153 1011 3305 1066 Fecit
3354 1015 3544 1066 autem
3583 1010 3636 1065 in
3663 1011 3848 1066 basilica

660 1104 846 1160 sancti
876 1105 1152 1178 Stephani
1187 1105 1358 1178 primi
1387 1107 1660 1179 martyris
1689 1106 1748 1160 in
1779 1107 1951 1164 Coelio
1985 1113 2182 1164 monte
2213 1111 2432 1163 vestem
2460 1107 2654 1163 albam
2686 1107 3070 1164 holosericam
3101 1107 3749 1177 rosatam,habentemin
3765 1124 3848 1164 me-

657 1201 752 1258 dio
782 1203 1042 1258 tabulam
1075 1204 1144 1260 de
1175 1205 1450 1270 stauraci,
1485 1221 1618 1260 cum
1652 1205 1898 1260 historia
1935 1206 2242 1261 Dominicae
2276 1205 2742 1274 resurrectionis,
2765 1211 2822 1261 et
2836 1223 3066 1262 crucem
3089 1208 3158 1262 de
3189 1205 3576 1279 chrysoclavo.
3599 1205 3846 1261 Necnonet

655 1299 714 1355 in
742 1301 1010 1358 diaconia
1040 1303 1190 1358 beati
1213 1302 1440 1376 Georgii
1472 1303 1743 1375 martyris
1773 1321 1951 1375 super
1978 1303 2142 1360 altari
2177 1303 2384 1375 majori
2403 1303 2536 1358 fecit
2551 1309 2770 1358 vestem
2791 1303 2984 1360 albam
3003 1303 3384 1360 holosericam
3407 1303 3846 1372 rosatam,haben-

654 1402 772 1454 tem
798 1397 853 1454 in
889 1400 1078 1455 medio
1111 1400 1371 1456 tabulam
1401 1401 1471 1454 de
1501 1400 1777 1466 stauraci,
1811 1417 1944 1456 cum
1974 1401 2219 1458 historia
2248 1401 2822 1468 Crucifixi,ornatam
2849 1402 2918 1457 de
2950 1402 3188 1475 tyrio,et
3218 1418 3382 1457 rosas
3412 1401 3484 1456 de
3511 1399 3842 1472 chrysoclavo.

550 1496 617 1552 10
653 1500 784 1570 Ipse
803 1514 936 1552 vero
959 1514 992 1553 a
1012 1497 1126 1553 Deo
1159 1501 1453 1570 protectus
1482 1497 1829 1554 venerabilis
1858 1503 1914 1554 et
1945 1499 2258 1572 przeclarus
2291 1499 2548 1572 pontifex
2577 1498 2712 1554 fecit
2743 1499 2800 1552 in
2823 1499 3064 1554 basilica
3093 1503 3306 1556 sanctae
3329 1498 3426 1554 Dei
3442 1497 3845 1570 Genitricis,qua

654 1595 981 1668 appellatur
1005 1595 1077 1650 ad
1110 1595 1388 1666 Praesepe,
1421 1595 1492 1650 ob
1525 1595 1774 1650 nimium
1819 1613 2078 1652 amorem
2128 1597 2314 1670 ipsius
2363 1597 2611 1652 dominae
2663 1600 2894 1664 nostrae,
2925 1596 3174 1668 pharum
3205 1614 3274 1652 ex
3304 1599 3541 1669 argento
3569 1596 3844 1668 purissimo,

653 1709 788 1749 cum
817 1693 1054 1749 lucerna
1073 1698 1130 1748 et
1149 1697 1415 1765 cereapto
1439 1693 1512 1764 (a)
1536 1710 1662 1760 suo,
1687 1710 1930 1766 pensan.
1957 1693 2134 1750 simul
2167 1693 2346 1750 libras
2380 1692 2768 1766 quadraginta
2789 1697 2846 1749 et
2867 1693 3065 1749 semis.
3091 1695 3160 1750 Et
3179 1694 3286 1750 hoc
3309 1694 3610 1750 constituit
3629 1695 3736 1765 ejus
3753 1693 3846 1748 bea-

653 1791 861 1858 titudo,
893 1795 958 1846 ut
986 1790 1423 1846 Dominicarum
1457 1789 1684 1856 diebus,
1717 1789 1805 1844 vel
1838 1789 1898 1844 in
1925 1791 2144 1846 sanctis
2175 1789 2670 1858 solemnitatibus,
2697 1790 2869 1861 juxta
2899 1790 3203 1847 lectorium
3247 1792 3606 1862 consisteret,
3637 1797 3686 1848 et
3709 1792 3764 1847 ad
3787 1791 3844 1846 le-

651 1890 906 1961 gendum
940 1905 1136 1944 sacras
1167 1888 1445 1944 lectiones
1476 1886 1716 1942 luminis
1748 1886 2056 1958 splendore
2086 1885 2351 1960 fulgeret.
2379 1891 2444 1942 Et
2473 1887 2532 1942 in
2565 1887 2810 1944 ecclesia
2825 1888 2978 1944 beati
3007 1888 3157 1944 Petri
3177 1890 3426 1962 apostoli
3445 1891 3565 1963 pari
3583 1891 3732 1946 modo
3749 1889 3844 1944 fecit

549 1987 616 2042 15
652 1987 902 2059 pharum
915 2003 984 2042 ex
994 1990 1232 2058 argento
1243 1985 1561 2058 purissimo
1583 1985 1860 2040 deaurato
1865 1984 2054 2052 ,mirze
2068 1983 2523 2057 pulchritudinis
2537 1986 3036 2054 decoratum,cum
3057 1986 3376 2057 lucerna,et
3397 1993 3654 2061 cereapto
3665 1985 3846 2058 suo,qui

649 2085 1002 2158 pens,simul
1027 2084 1207 2140 libras
1237 2085 1556 2158 nonaginta
1576 2089 1632 2139 et
1653 2083 1852 2138 semis.
1878 2082 2205 2148 Enimvero,
2231 2083 2328 2138 ubi
2345 2101 2544 2156 supra,
2559 2085 2630 2140 ad
2645 2085 3132 2142 beatumPetrum
3147 2085 3478 2158 apostolum
3501 2087 3606 2142 sub
3623 2085 3846 2158 ipsaima-

649 2185 781 2258 gine
802 2183 1116 2240 Salvatoris
1139 2183 1364 2238 Domini
1387 2182 1564 2238 nostri
1589 2183 1726 2238 Jesu
1741 2180 1952 2236 Christi
1971 2181 2228 2236 crucifixi
2243 2181 2300 2236 in
2317 2183 2488 2237 modo
2503 2183 2636 2238 fecit
2649 2199 2922 2238 coronam
2936 2198 3004 2236 ex
3015 2187 3255 2256 argento
3269 2183 3607 2256 purissimo,
3621 2182 3842 2238 etibitlem

651 2283 724 2337 ob
755 2283 942 2354 ipsius
975 2281 1204 2336 Domini
1237 2280 1417 2336 nostri
1447 2281 1588 2336 Jesu
1617 2279 1830 2333 Christi
1863 2295 2142 2346 amorem,
2180 2296 2282 2351 pro
2313 2277 2760 2336 luminariorum
2793 2279 3101 2352 splendore
3135 2283 3350 2352 posuit,
3384 2298 3624 2354 pensari.
3651 2279 3842 2334 libras...

723 2398 879 2454 420
917 2395 1166 2452 Basilica
1191 2412 1323 2451 vero
1353 2395 1506 2450 beati
1535 2393 1887 2466 Apollinaris
1913 2393 2186 2465 martyris
2217 2398 2390 2465 atque
2421 2394 2736 2466 pontificis,
2760 2411 2886 2467 quae
2911 2396 3152 2452 fundata
3175 2400 3264 2451 est
3283 2396 3458 2467 juxta
3487 2396 3748 2452 civitatem
3771 2395 3846 2449 Ra-

647 2511 916 2563 vennam,
951 2495 1120 2566 cujus
1149 2494 1344 2549 trabes
1367 2510 1482 2564 prae
1514 2491 1698 2548 nimia
1725 2494 2013 2548 vetustate
2045 2491 2116 2546 de
2145 2507 2435 2546 annorum
2465 2491 2864 2560 curriculis,et
2877 2491 3114 2548 olitanis
3135 2492 3504 2565 temporibus
3525 2492 3688 2548 nimis
3703 2509 3844 2548 emar-

649 2597 907 2660 cuerant,
925 2593 1170 2664 jamque
1200 2607 1345 2664 pene
1375 2589 1612 2646 ruituraa
1635 2590 1694 2644 in
1716 2594 1977 2662 tempore
2001 2588 2097 2644 illo
2115 2593 2301 2656 erant,
2326 2588 2513 2646 isdem
2531 2589 2880 2646 venerabilis
2901 2590 3374 2658 Pater,divinitus
3396 2589 3847 2664 inspiratus,misit

645 2691 803 2760 illuc,
833 2695 892 2746 et
919 2707 1022 2763 per
1049 2687 1493 2746 solertissimam
1523 2704 1588 2744 ac
1621 2687 1920 2760 providam
1953 2703 2155 2742 curam
2187 2703 2356 2742 suam
2383 2687 2583 2743 omnia
2613 2693 2770 2744 sarta
2801 2693 2956 2744 tecta
3011 2689 3201 2760 ipsius
3251 2689 3510 2746 ecclesiae
3561 2687 3720 2747 simul
3747 2703 3846 2742 cum

571 2793 609 2846 5
645 2788 1096 2863 quadriperticis
1127 2788 1250 2843 suis
1283 2787 1506 2842 noviter
1531 2803 1596 2841 ac
1621 2785 1867 2841 firmiter
1897 2783 2262 2850 restauravit,
2295 2788 2352 2839 et
2385 2784 2442 2839 in
2478 2785 2776 2841 meliorem
2811 2786 3038 2842 reduxit
3069 2791 3312 2845 statum.
3343 2788 3536 2861 Super
3561 2787 3724 2843 altare
3747 2801 3845 2838 vero

647 2889 834 2961 ipsius
867 2903 1042 2944 sacrae
1074 2885 1328 2942 basilica:
1357 2885 1430 2940 ob
1462 2885 1740 2940 honorem
1771 2883 2188 2955 omnipotentis
2211 2881 2333 2948 Dei,
2357 2887 2412 2938 et
2433 2884 2584 2940 beati
2611 2883 2762 2940 Petri
2775 2884 3130 2956 apostoli,de
3149 2887 3320 2958 cujus
3343 2887 3517 2942 donis
3531 2881 3847 2942 acdatisfecit

641 2991 862 3044 vestem
893 2985 1138 3042 sericam
1171 2987 1447 3050 rosatam,
1481 2983 1794 3038 habentem
1827 2981 1884 3036 in
1917 2980 2107 3036 medio
2139 2997 2370 3036 crucem
2399 2981 2468 3036 de
2497 2981 2870 3056 chrysqclavo
2902 2999 3036 3038 cum
3068 2982 3366 3050 orbiculis,
3400 2989 3460 3040 et
3481 2987 3630 3040 rotas
3657 2981 3842 3044 sericas,

644 3085 925 3140 habentes
953 3082 1230 3138 historias
1259 3079 1760 3146 Annuntiationis,
1781 3095 1882 3136 seu
1903 3077 2114 3134 natalis
2145 3077 2374 3134 Domini
2410 3081 2593 3136 nostri
2624 3081 2764 3136 Jesu
2795 3079 3032 3148 Christi,
3057 3085 3230 3152 atque
3247 3081 3587 3138 Passionem
3608 3085 3658 3136 et
3677 3081 3844 3136 Resur-

645 3183 983 3248 rectionem,
1009 3197 1231 3236 necnon
1263 3183 1318 3234 et
1347 3178 1406 3233 in
1437 3177 1599 3234 ccelis
1626 3177 2062 3242 Ascensionem,
2095 3180 2268 3248 atque
2299 3177 3026 3244 Pentecosten,ornatasin
3045 3179 3292 3234 circuitu
3325 3179 3508 3234 simili
3539 3177 3844 3244 modo,sicut

539 3283 606 3338 10
643 3285 700 3338 et
725 3285 942 3336 vestem
976 3279 1046 3334 de
1077 3277 1468 3351 chrysoclavo.
1505 3277 1614 3332 Sed
1641 3281 1698 3332 et
1727 3275 2048 3331 canistrum
2079 3291 2148 3330 ex
2174 3278 2412 3346 argento
2443 3274 2760 3346 purissimo
2785 3275 2930 3331 inibi
2963 3275 3266 3342 fecit,eum
3289 3277 3580 3332 catenulis
3601 3276 3728 3340 suis,
3741 3289 3846 3346 pen-

643 3397 768 3436 san.
798 3377 980 3432 libras
1009 3373 1750 3448 quindecim.Episcopium
1779 3389 1912 3428 vero
1943 3371 2476 3438 Albanense,simul
2506 3388 2640 3427 cum
2673 3371 3070 3444 ecclesia,quee
3093 3373 3150 3427 in
3169 3373 3410 3430 nomine
3431 3374 3583 3430 beati
3605 3367 3836 3428 Pancratii

641 3477 884 3532 fundata
910 3479 1018 3540 est,
1053 3489 1154 3544 per
1180 3472 1498 3544 quamdam
1529 3469 1942 3543 negligentiam
1973 3468 2060 3525 vel
2089 3469 2394 3536 incuriam,
2433 3485 2536 3540 per
2565 3469 2992 3526 submissiones
3023 3469 3364 3538 diabolicas,
3399 3475 3532 3544 post
3575 3469 3838 3528 matutinas

641 3574 846 3628 laudes
864 3573 1088 3639 exusta,
1111 3587 1145 3624 a
1165 3567 1570 3623 fundamentis
1599 3584 1783 3638 usque
1813 3567 1886 3621 ad
1919 3583 2218 3622 summum
2253 3573 2468 3622 tectum
2491 3569 2866 3624 combustum
2883 3572 2991 3624 est.
3013 3569 3122 3624 Sed
3141 3569 3638 3626 clementissimus
3651 3573 3700 3623 et
3715 3564 3841 3621 soler-

643 3671 914 3726 tissimus
935 3667 1210 3739 pontifex,
1237 3666 1352 3720 Deo
1383 3665 1676 3736 aspirante
1703 3681 1769 3718 ex
1786 3663 1974 3720 sancti
1991 3665 2244 3736 Spiritus
2273 3664 2688 3732 illustratione,
2714 3666 2952 3722 firmum
2967 3665 3198 3738 jaciens
3217 3667 3660 3724 fundamentum
3679 3665 3840 3720 mirum

535 3769 606 3826 45
643 3769 702 3824 in
726 3765 966 3822 modum
981 3765 1108 3836 jam
1131 3763 1430 3836 praefatam
1449 3759 1756 3818 ecclesiam
1779 3759 2000 3817 noviter
2019 3763 2388 3831 restauravit,
2411 3767 2470 3819 et
2490 3763 2668 3820 simul
2695 3779 2830 3820 cum
2853 3763 3028 3819 sartis
3049 3764 3240 3832 tectis,
3265 3765 3384 3822 Deo
3397 3767 3656 3837 juvante,
3673 3763 3734 3818 ad
3754 3775 3842 3815 me-

645 3865 850 3924 liorem
883 3861 1124 3918 deduxit
1148 3865 1389 3916 statum.

711 3981 859 4036 421
903 3979 973 4033 Et
1001 3981 1068 4032 ut
1097 3992 1266 4031 verus
1294 3979 1521 4030 amator
1551 3973 1652 4029 Dei
1683 3977 1738 4028 et
1767 3973 1955 4029 cultor
1985 3977 2322 4030 sanctarum
2354 3975 2454 4031 Dei
2487 3975 2864 4032 ecclesiarum
2913 3975 3052 4031 fecit
3098 3992 3278 4048 super
3314 3976 3490 4032 altari
3521 3973 3710 4047 majori
3737 3987 3840 4044 prae-

639 4079 804 4135 dictae
834 4075 1087 4134 ecclesiae
1119 4078 1308 4130 vestes
1339 4074 1508 4143 duas,
1531 4089 1598 4128 ex
1629 4071 1845 4144 quibus
1875 4089 2054 4127 unam
2087 4089 2220 4128 cum
2255 4073 2396 4128 rotis
2422 4073 2767 4145 majoribus,
2789 4073 3101 4130 habentem
3133 4073 3411 4146 gryphas,
3435 4079 3686 4130 ornatam
3705 4071 3750 4124 in
3765 4067 3840 4121 cir-

641 4178 800 4234 cuitu
831 4176 902 4231 de
931 4174 1193 4240 fundato,
1227 4175 1286 4226 et
1313 4169 1578 4226 tetravila
1607 4169 1792 4225 serica
1821 4169 2082 4242 alithyna
2111 4177 2316 4226 ornata
2343 4171 2416 4225 de
2445 4170 2592 4242 tyrio
2622 4171 2843 4242 optimo
2873 4171 2930 4224 in
2964 4171 3210 4226 circuitu
3244 4172 3515 4242 ejusdem
3545 4168 3724 4225 altaris
3743 4163 3838 4220 fecit

640 4291 884 4332 numero
913 4277 1184 4345 quatuor.
1210 4268 1604 4325 Verumetiam
1627 4273 1684 4324 et
1705 4267 1764 4322 in
1787 4267 2032 4323 ecclesia
2061 4267 2213 4324 beati
2246 4267 2398 4324 Petri
2424 4267 2692 4339 apostoli,
2728 4268 2826 4322 ubi
2863 4285 3060 4341 supra,
3097 4269 3228 4324 fecit
3257 4273 3484 4324 vestem
3509 4261 3838 4326 rosatam,ha-

563 4377 600 4430 5
636 4374 870 4430 bentem
902 4369 1209 4424 historiam
1239 4365 1472 4422 Domini
1503 4364 1688 4422 nostri
1717 4365 1856 4422 Jesu
1877 4366 2114 4433 Christi,
2137 4367 2370 4438 quando
2393 4365 2650 4422 extendit
2679 4383 2892 4422 manus
2909 4371 2966 4422 et
2987 4366 3378 4438 apprehendit
3399 4368 3628 4422 beatum
3650 4365 3834 4419 Petrum

637 4468 966 4544 apostolum
987 4467 1058 4522 de
1081 4465 1357 4520 fluctibus
1375 4463 1575 4518 maris.
1600 4463 1792 4518 Isdem
1817 4464 2193 4519 beatissimus
2211 4481 2345 4520 vero
2367 4467 2424 4520 et
2443 4463 2755 4536 praeclarus
2777 4464 3032 4536 pontifex
3063 4463 3200 4519 fecit
3215 4463 3274 4518 in
3307 4463 3554 4520 basilica
3573 4460 3734 4518 sancti
3759 4457 3835 4527 Cy-

635 4568 776 4626 riaci
793 4571 1011 4623 vestem
1043 4563 1238 4618 albam
1259 4561 1646 4617 holosericam
1667 4559 1980 4616 habentem
2000 4560 2060 4615 in
2084 4577 2224 4633 gyro
2245 4561 2556 4634 periclysin
2579 4562 2648 4618 de
2669 4561 2934 4630 fundato,
2956 4559 3091 4616 etin
3115 4561 3308 4617 medio
3339 4561 3638 4618 historiam
3667 4559 3834 4614 Resur-

633 4663 907 4724 rectionis
977 4666 1035 4718 et
1065 4661 1126 4716 in
1147 4659 1394 4715 circuitu
1424 4657 1624 4713 altaris
1653 4657 1918 4714 tetravila
1947 4659 2098 4725 alba,
2132 4659 2442 4715 habentem
2471 4658 2784 4732 periclysin
2816 4659 2886 4715 de
2915 4658 3082 4731 tyrio.
3122 4658 3280 4714 Fecit
3307 4665 3504 4716 autem
3535 4663 3591 4715 et
3627 4658 3680 4712 in
3705 4649 3833 4708 titulo

633 4763 820 4822 sancti
839 4759 1046 4816 Vitalis
1063 4761 1284 4814 vestem
1305 4755 1502 4812 albam
1521 4754 1906 4811 holosericam
1925 4755 2236 4812 habentem
2259 4756 2568 4830 periclysin
2589 4758 2661 4812 de
2681 4757 2946 4825 fundato,
2969 4760 3028 4812 et
3042 4756 3101 4811 in
3121 4756 3314 4813 medio
3342 4756 3644 4814 historiam
3671 4753 3835 4808 Resur-

527 4864 597 4919 40
633 4859 945 4927 rectionis;
979 4872 1202 4912 necnon
1223 4859 1280 4910 et
1301 4855 1358 4910 in
1379 4852 1648 4909 diaconia
1678 4853 1864 4909 sancti
1897 4853 2234 4926 Archangeli
2265 4855 2463 4928 posuit
2488 4857 2710 4911 vestem
2742 4853 2938 4910 albam
2969 4853 3380 4920 holosericam,
3407 4855 3698 4910 habentem
3721 4843 3830 4920 peri-

631 4957 815 5031 clysin
847 4957 918 5012 de
947 4953 1116 5028 tyrio,
1148 4957 1206 5009 et
1229 4952 1288 5007 in
1321 4951 1512 5008 medio
1541 4951 1848 5007 historiam
1879 4951 2268 5008 Ascensionis.
2301 4953 2446 5007 Item
2471 4951 2667 5024 ipsum
2687 4969 2862 5024 super
2890 4951 3072 5008 altare
3103 4953 3290 5008 sancti
3321 4949 3606 5024 Abbacyri
3631 4941 3830 5003 similem

633 5059 852 5112 vestem
883 5052 1114 5108 obtulit.
1147 5051 1320 5107 Porro
1346 5049 1406 5106 in
1435 5049 1703 5106 diaconia
1731 5054 1944 5104 sanctae
1973 5050 2211 5123 Agathe
2243 5049 2516 5123 martyris
2563 5049 2696 5105 fecit
2735 5049 2861 5123 ipse
2905 5049 3320 5106 sanctissimus
3369 5049 3620 5122 pontifex
3662 5045 3830 5097 vestem

633 5154 826 5210 albam
857 5149 1241 5208 holosericam
1271 5148 1582 5203 habentem
1613 5146 1672 5200 in
1706 5163 1844 5219 gyro
1875 5147 1946 5202 de
1975 5148 2145 5220 tyrio,
2177 5152 2234 5204 et
2265 5148 2323 5203 in
2355 5147 2547 5204 medio
2579 5147 2889 5204 historiam
2921 5140 3778 5204 Resurrectionis.Verumetiam
3793 5135 3831 5189 et

631 5253 692 5309 in
723 5250 892 5307 titulo
925 5245 1280 5304 Pammachii
1313 5263 1488 5318 super
1517 5245 1697 5300 altare
1729 5249 2066 5301 sanctorum
2087 5245 2331 5302 Joannis
2347 5249 2405 5302 et
2423 5244 2734 5300 Pauliiecit
2749 5251 2967 5301 vestem
2985 5245 3178 5300 albam
3211 5241 3830 5312 holosericam,ornaiam

527 5355 594 5409 15
631 5351 690 5408 in
721 5366 860 5424 gyro
891 5349 962 5404 de
993 5346 1257 5410 fundato,
1291 5344 1604 5399 habentem
1635 5341 1940 5398 historiam
1969 5343 2259 5412 Crucifixi,
2293 5342 2666 5400 Ascensionis
2693 5347 2750 5398 et
2781 5343 3170 5400 Pentecostes.
3207 5343 3426 5398 Pariter
3455 5345 3514 5396 et
3559 5339 3612 5393 in
3641 5326 3832 5391 ecclesia

633 5449 785 5506 beati
805 5444 1117 5504 Clementis
1139 5441 1412 5514 martyris
1433 5444 1606 5512 atque
1629 5440 1918 5512 pontificis
1941 5442 2076 5497 fecit
2095 5447 2314 5499 vestem
2339 5441 2532 5498 albam
2553 5457 2690 5498 cum
2713 5437 3084 5514 chrysoclavo
3105 5439 3420 5496 habentem
3441 5434 3728 5494 historiam
3755 5427 3832 5480 Re-

634 5544 1035 5612 surrectionis,
1065 5559 1168 5598 seu
1196 5538 1589 5603 Ascensionis,
1627 5553 1852 5594 necnon
1886 5543 1943 5594 et
1974 5539 2373 5597 Pentecosten.

1689 5751 1940 5801 NOTULE
1981 5753 2366 5802 IABGINALES
2407 5753 2709 5800 FABROTTI

568 5887 649 5960 (a)
676 5892 742 5955 ,
770 5865 1022 5956 cerapto.
