4044 6168
236 206 401 275 1245
824 270 828 276 ,
1094 208 1461 277 HISTORIA
1501 208 1602 271 DE
1650 208 1833 272 Vl'l‘lE

2050 209 2084 270 ἰ.
2129 208 2362 272 ΡΟΝΤ.
2395 209 2651 272 —LEO
2693 208 2796 271 IIl.
3491 209 3647 274 1246

450 340 607 399 422
636 340 760 399 Imo
783 344 841 397 et
866 338 928 396 in
959 340 1240 398 eccclesia
1267 340 1455 397 sancti
1486 340 1732 414 Cyriaci,
1763 341 1954 414 posita
1980 340 2073 397 via
2102 340 2375 409 Ostiensi,
2411 341 2544 398 fecit
2570 341 2697 398 vela
2723 359 2755 399 e
2785 341 3151 418 quadrapulo
3190 357 3436 401 numero
3474 346 3649 418 quin-

384 454 500 511 que
528 436 811 494 habentia
833 437 1139 493 historiam
1168 436 1483 494 Salvatoris
1513 437 1773 494 vocantis
1801 437 2120 511 discipulos
2146 438 2216 494 de
2247 439 2398 493 navi.
2433 439 2503 493 Et
2532 455 2709 511 super
2738 444 3009 496 sanctum
3039 438 3222 496 altare
3266 440 3451 512 ipsius
3495 459 3648 498 mar—

383 534 528 608 tyris
557 534 755 608 posuit
781 538 1001 590 vestem
1034 535 1105 590 de
1138 534 1397 591 fundato.
1431 534 1559 608 Ipse
1591 540 1786 591 autem
1834 552 1869 590 a
1915 536 2030 592 Deo
2080 539 2373 608 protectus
2420 539 2478 590 et
2524 534 2837 608 praeclarus
2863 537 3122 609 pontifex
3153 537 3287 594 fecit
3314 537 3375 594 in
3406 537 3652 595 basilica

383 636 599 688 sancta)
627 630 728 687 Dei
760 629 1071 687 Genitricis
1100 648 1446 705 semperque
1472 631 1730 705 Virginis
1779 632 1971 688 Mariae
2021 631 2267 688 dominae
2319 636 2529 688 nostrae
2560 633 2631 688 ad
2666 623 2924 705 Przesepe
2954 650 3198 691 coronas
3238 639 3564 708 argenteas,
3596 639 3653 691 et

307 726 346 782 5
385 725 693 800 delphinos
725 742 866 783 suos
890 726 1221 793 duodecim,
1254 744 1383 800 qum
1416 744 1659 801 pensan.
1692 727 1874 784 libras
1921 732 2154 784 centum
2203 728 2350 784 duas
2382 732 2437 784 et
2470 728 2672 785 uncias
2719 744 2944 784 novem.
2981 729 3090 786 Sed
3121 734 3178 785 et
3206 730 3391 802 phara
3419 732 3656 790 cantha-

383 840 450 879 ra
476 826 752 897 argentea
781 838 916 878 cum
946 821 1238 895 delpbiuis
1269 824 1393 881 suis
1423 824 1504 881 ibi
1535 825 1672 881 fecit
1702 841 1945 881 numero
1979 829 2224 897 septem,
2259 843 2501 898 pensan.
2544 825 2724 880 libras
2768 826 3106 899 octuaginta
3151 826 3410 900 quinque
3465 833 3523 885 et
3569 846 3656 887 se-

381 919 516 977 mis.
553 920 744 978 Isdem
774 934 909 975 vero
934 918 1316 978 beatissimus
1363 921 1574 995 praesul
1620 923 1756 978 fecit
1796 922 1857 978 in
1907 921 2150 978 basilica
2194 922 2346 978 beati
2397 923 2547 979 Petri
2594 921 2843 995 apostoli
2872 922 3176 979 nutritoris
3201 924 3292 980 sui
3325 929 3458 981 ante
3497 942 3658 997 pres-

382 1016 672 1093 byterium
703 1016 954 1091 pharum
993 1016 1308 1093 volubilem
1359 1035 1426 1075 ex
1478 1024 1717 1094 argento
1761 1020 2100 1094 purissimo,
2152 1035 2287 1075 cum
2337 1019 2566 1076 coronis
2617 1024 2674 1075 et
2719 1018 3017 1089 crucibus,
3067 1038 3232 1094 pens.
3284 1019 3430 1077 inibi
3475 1021 3657 1078 libras

382 1116 629 1191 triginta
657 1113 916 1189 quinque
946 1117 1004 1169 et
1035 1114 1238 1172 uncias
1269 1133 1388 1174 sex.
1420 1117 1816 1174 Verumetiam
1867 1118 1926 1173 id
1976 1117 2172 1189 ipsum
2205 1118 2499 1173 deorsum.
2540 1116 2642 1173 ubi
2689 1117 3156 1175 sacratissimum
3210 1135 3424 1193 corpus
3470 1118 3659 1191 ipsius

272 1215 350 1272 40
385 1212 668 1288 principis
715 1211 1117 1285 apostolorum
1163 1214 1495 1284 requiescit,
1529 1215 1825 1271 renovavit
1861 1214 2181 1288 imaginem
2230 1228 2489 1282 auream,
2539 1214 2852 1271 habentem
2899 1214 3127 1271 vultum
3181 1215 3498 1273 Salvatoris
3547 1218 3659 1274 Do-

385 1309 531 1367 mini
562 1308 744 1366 nostri
774 1307 915 1364 Jesu
946 1308 1181 1379 Christi,
1213 1327 1280 1367 ac
1311 1316 1523 1368 sanetae
1560 1312 1654 1368 Dei
1689 1311 2000 1369 Genitricis
2041 1310 2232 1367 Mariae
2265 1312 2514 1367 dominae
2559 1316 2791 1380 nostrae,
2824 1317 2879 1368 et
2907 1312 3211 1369 beatorum
3259 1314 3660 1386 apostolorum

389 1407 538 1465 Petri
569 1410 627 1463 et
657 1403 841 1475 Pauli,
876 1410 1049 1479 atque
1078 1407 1341 1476 Andreae,
1375 1426 1599 1466 necnon
1631 1413 1688 1466 et
1717 1410 1895 1466 beatae
1930 1408 2248 1466 Petronillze
2280 1408 2573 1482 martyris,
2606 1409 2707 1464 ubi
2738 1414 2797 1465 et
2826 1408 3053 1465 addidit
3074 1410 3202 1466 auri
3234 1410 3413 1467 obrizi
3443 1410 3651 1469 libr.21

386 1510 445 1562 et
473 1506 699 1563 uncias.

456 1606 611 1664 428
643 1609 765 1665 lmo
790 1625 925 1666 vero
956 1608 1059 1665 ubi
1091 1624 1271 1681 supra
1299 1610 1432 1662 ante
1463 1608 1736 1662 sanctum
1762 1605 2055 1662 Andream
2086 1603 2379 1661 investivit
2406 1603 2587 1660 altare
2616 1603 2772 1660 beati
2801 1602 3033 1659 Martini
3065 1604 3416 1662 confessoris
3441 1605 3658 1663 Christi

384 1716 455 1758 ex
482 1709 723 1777 argento
746 1705 1067 1780 purissimo
1097 1707 1399 1775 deaurato,
1431 1720 1500 1759 ex
1538 1702 1888 1759 transmisso
1917 1705 1998 1774 (a)
2030 1703 2327 1774 quondam
2359 1700 2651 1775 Fridigisii
2679 1701 2930 1768 abbatis,
2966 1702 3119 1774 quod
3142 1719 3386 1775 pensan.
3417 1702 3660 1777 indique

387 1798 567 1858 libras
600 1803 667 1858 17
695 1808 753 1860 et
781 1803 979 1861 semis.
1014 1804 1173 1862 Fecit
1199 1806 1397 1859 autem
1425 1805 1482 1857 et
1513 1802 1573 1857 in
1603 1799 1847 1857 basilica
1875 1800 2029 1856 beati
2078 1798 2241 1855 Pauli
2293 1799 2542 1873 apostoli
2591 1799 2843 1856 doctoris
2894 1799 3099 1856 mundi
3142 1800 3402 1874 gentium
3443 1801 3656 1875 phara-

389 1898 673 1957 eanthara
701 1916 771 1957 ex
800 1906 1041 1976 argento
1068 1900 1407 1975 purissimo,
1439 1916 1575 1955 cum
1604 1897 1899 1971 delphinis
1931 1897 2054 1955 suis
2085 1914 2329 1954 numero
2360 1898 2639 1971 quinque,
2661 1914 2825 1970 pens.
2859 1896 3040 1955 libras
3079 1898 3382 1972 sexaginta
3430 1904 3658 1973 septem

388 1997 446 2051 et
473 1996 679 2053 uncias
703 2003 977 2072 quatuor.

460 2094 617 2152 424
645 2093 749 2151 Hic
779 2113 813 2152 a
849 2096 967 2153 Deo
1016 2094 1340 2169 inspiratus
1383 2093 1729 2153 venerabilis
1768 2097 1825 2150 et
1873 2091 2186 2166 prmelarus
2237 2093 2518 2166 pontifex,
2569 2091 2934 2165 conspiciens
2991 2091 3297 2151 ecclesiam
3356 2098 3661 2152 beatorum
3750 2116 3753 2119 λ

390 2195 714 2265 martyrum
744 2193 912 2250 Nerei
942 2198 999 2250 et
1026 2193 1283 2250 Achillei
1314 2210 1430 2266 prae
1459 2192 1643 2248 nimia
1662 2193 1790 2263 jam
1819 2195 2113 2247 vetustate
2155 2192 2422 2260 deficere,
2474 2195 2649 2263 atque
2692 2208 2980 2263 aquarum
3026 2191 3379 2248 inundantia
3427 2193 3659 2266 repleri,

381 2288 552 2360 juxta
580 2290 846 2347 eamdem
878 2291 1181 2349 ecclesiam
1213 2291 1433 2347 noviter
1463 2308 1497 2346 a
1535 2290 1934 2345 fundamentis
1982 2290 2038 2347 in
2074 2289 2198 2345 loco
2248 2289 2548 2362 superiore
2597 2288 2902 2344 ecclesiam
2951 2289 3277 2344 construxit
3323 2289 3484 2345 mira:
3536 2308 3662 2349 ma-

384 2385 715 2459 gnitudinis
743 2392 800 2444 et
828 2388 1288 2461 pulchritudinis
1316 2388 1681 2455 decoratum;
1715 2387 1775 2443 in
1805 2404 1922 2459 qua
1949 2387 2128 2443 etiam
2178 2388 2298 2442 hzec
2349 2386 2562 2443 obtulit
2591 2388 2745 2442 dona
2778 2386 3102 2442 :canistros
3151 2404 3220 2444 ex
3258 2393 3499 2461 argento
3540 2405 3654 2445 nu-

310 2484 353 2538 5
390 2500 550 2541 mero
580 2502 698 2541 sex.
732 2502 975 2559 pensan.
1027 2485 1206 2543 simul
1253 2486 1435 2542 libras
1484 2484 1854 2558 quindecim;
1905 2484 2192 2541 ciborium
2236 2502 2305 2540 ex
2348 2489 2586 2559 argento
2637 2483 2975 2557 purissimo,
3022 2500 3265 2556 pensan.
3315 2483 3498 2542 libras
3551 2486 3661 2542 du-

390 2584 594 2638 centas
649 2586 707 2638 et
760 2582 1133 2656 quindecim;
1194 2582 1431 2640 calicem
1493 2586 1552 2639 et
1606 2586 1881 2656 patenum
1954 2599 2024 2637 ex
2090 2585 2328 2655 argento
2386 2579 2704 2654 purissimo
2770 2581 3103 2649 deauratos,
3173 2597 3416 2652 pensan.
3481 2580 3662 2638 libras

388 2678 700 2736 duodecim
728 2684 787 2736 et
817 2680 1024 2738 uncias
1071 2681 1303 2750 decem;
1348 2696 1596 2754 regnum
1646 2696 1822 2752 super
1867 2678 2049 2734 altare
2097 2696 2167 2735 ex
2219 2695 2360 2735 auro
2408 2678 2747 2752 purissimo,
2779 2676 3023 2733 diversis
3070 2681 3345 2734 ornatum
3389 2675 3660 2749 pretiosis

387 2772 705 2847 lapidibus,
739 2792 903 2848 pens.
936 2775 1117 2832 libras
1147 2776 1297 2832 duas
1328 2780 1386 2832 et
1414 2775 1620 2832 uncias
1650 2791 1779 2844 sex;
1811 2780 2002 2832 vestes
2051 2774 2221 2840 duas,
2246 2792 2316 2830 ex
2366 2773 2584 2847 quibus
2632 2790 2812 2829 unam
2861 2771 3055 2829 albam
3104 2772 3509 2840 holoserioam,
3554 2772 3658 2829 ba-

389 2869 623 2927 bentem
654 2871 929 2930 historias
959 2872 1275 2931 Dominica:
1306 2873 1626 2929 nativitatis
1657 2890 1762 2929 seu
1794 2871 2280 2943 Resurrectionis,
2302 2869 2674 2928 Ascensionis
2707 2875 2881 2944 atque
2914 2871 3569 2936 Pentecostes,ornatam
3598 2862 3661 2925 in

284 2968 354 3024 10
388 2968 637 3026 circuitu
664 2970 739 3026 de
769 2970 1164 3044 chrysoclavo,
1216 2975 1276 3028 et
1323 2970 1497 3027 aliam
1547 2971 1620 3026 de
1673 2970 1842 3043 tyrio.
1876 2970 2038 3025 Idem
2080 2986 2215 3026 vero
2267 2969 2400 3025 fecit
2448 2969 2508 3024 in
2559 2967 2803 3024 basilica
2849 2968 3031 3024 beatas
3082 2967 3181 3024 Dei
3229 2966 3541 3024 Genitricis
3578 2966 3651 3022 ad

394 3067 652 3141 Prasepe
695 3084 941 3144 regnum
990 3086 1060 3126 ex
1107 3087 1249 3126 auro
1297 3068 1616 3144 purissimo
1677 3067 2081 3143 Spanoclysto,
2134 3066 2379 3123 diversis
2427 3067 2487 3121 in
2536 3065 2785 3122 circuitu
2843 3066 2914 3121 de
2961 3065 3334 3139 chrysoclavo
3392 3063 3662 3138 pretiosis

392 3169 667 3226 ornatum
713 3165 1029 3240 lapidibus,
1062 3185 1198 3241 pen.
1244 3167 1426 3225 libras
1474 3172 1727 3241 quatuor
1773 3171 1832 3223 et
1878 3165 2084 3222 uncias
2137 3169 2381 3239 septem.
2431 3163 2584 3220 Fecit
2626 3181 2760 3220 vero
2808 3163 3264 3221 communicales
3311 3180 3379 3220 ex
3426 3166 3665 3235 argento

395 3262 714 3337 purissimo
742 3280 845 3337 per
873 3263 1137 3338 singulas
1166 3265 1451 3338 regiones,
1486 3264 1587 3337 qui
1634 3264 2027 3338 praecederent
2075 3281 2178 3337 per
2224 3263 2509 3319 stationes
2556 3278 2662 3334 per
2708 3279 2919 3318 manus
2973 3261 3373 3335 acolythorum
3420 3273 3663 3317 numero

391 3359 599 3434 viginti
631 3365 903 3435 quatuor,
933 3379 1181 3435 pensan.
1215 3361 1391 3419 simul
1422 3361 1671 3418 libras...
1706 3361 1834 3417 Pari
1863 3362 2036 3417 modo
2062 3365 2120 3416 et
2148 3360 2207 3415 in
2238 3360 2484 3416 basilica
2510 3358 2665 3415 beati
2693 3358 2842 3414 Petri
2875 3358 3121 3432 apostoli
3171 3357 3418 3414 fautoris
3448 3356 3539 3413 sui
3569 3373 3659 3413 re-

276 3458 352 3514 15
388 3474 575 3532 gnum
617 3476 687 3515 ex
731 3476 873 3517 auro
920 3459 1260 3533 purissimo,
1290 3458 1536 3516 diversis
1581 3458 1851 3531 pretiosis
1880 3463 2153 3514 ornatum
2200 3457 2520 3533 lapidibus,
2572 3473 2736 3529 pens.
2788 3456 2969 3513 libras
3017 3460 3262 3528 septem.
3296 3454 3455 3512 Fecit
3480 3454 3654 3511 etiam

388 3555 450 3611 in
479 3553 749 3613 diaeonia
776 3562 1116 3614 sanctorum
1146 3556 1312 3613 Nerei
1341 3561 1399 3613 et
1429 3556 1680 3612 Achillzei
1712 3556 1838 3613 vela
1864 3555 2198 3628 promiscua
2226 3554 2549 3611 boloserica
2581 3569 2844 3609 numero.
2883 3595 2896 3608 .
2934 3595 2946 3608 .
2984 3597 2997 3610 .
3036 3595 3050 3609 .

463 3653 617 3712 425
668 3655 837 3711 Sarta
887 3659 1042 3712 tecta
1087 3655 1242 3712 beati
1297 3655 1525 3728 Agapiti
1586 3654 1881 3729 martyris,
1923 3653 2038 3712 sita
2076 3654 2247 3725 juxta
2290 3652 2595 3709 basilicam
2643 3652 2799 3709 beati
2849 3650 3145 3709 Laurentii
3192 3650 3468 3725 martyris
3519 3664 3667 3707 toris

393 3767 655 3821 murum,
688 3751 828 3826 quia
856 3753 985 3825 jam
1032 3770 1148 3825 prae
1197 3751 1383 3809 nimia
1427 3756 1716 3809 vetustate
1762 3757 2192 3821 emarcuerant,
2243 3751 2467 3807 noviter
2516 3750 2885 3807 restauravit.
2934 3754 3059 3806 Imo
3105 3766 3240 3805 vero
3284 3752 3341 3805 et
3388 3750 3450 3803 in
3498 3746 3671 3804 titulo

391 3848 573 3906 beatae
601 3849 978 3907 Pudentianaa
1028 3850 1163 3907 fecit
1210 3854 1431 3907 vestem
1479 3850 1675 3906 albam
1724 3849 2132 3917 holosericam,
2163 3852 2431 3905 ornatam
2464 3848 2524 3902 in
2557 3847 2805 3904 circuitu
2838 3848 2908 3904 de
2939 3846 3106 3921 tyrio.
3135 3846 3243 3912 Qui
3290 3845 3673 3902 beatissimus

392 3946 651 4018 pontifex
695 3951 1009 4020 postquam
1061 3947 1262 4004 sedem
1310 3946 1635 4004 Romanam
1665 3951 1723 4005 et
1752 3947 2136 4021 apostolicam
2182 3963 2369 4002 annos
2413 3945 2642 4018 viginti,
2694 3960 2927 4000 menses
2975 3943 3256 4016 quinque,
3317 3946 3375 3997 et
3428 3941 3553 3998 dies
3602 3942 3671 3997 16

316 4044 355 4101 5
394 4042 816 4117 gloriosissime
846 4044 1011 4113 rexit,
1043 4061 1112 4101 ex
1138 4044 1250 4101 hac
1278 4043 1407 4100 luce
1438 4044 1778 4102 subtractus
1808 4044 1881 4101 ad
1910 4049 2186 4101 aeternam
2217 4041 2487 4115 migravit
2515 4040 2797 4114 requiem.
2832 4040 2989 4097 Fecit
3025 4044 3222 4097 autem
3271 4038 3671 4095 ordinationes

393 4144 513 4198 tres
541 4158 645 4215 per
667 4158 930 4198 mensem
964 4141 1263 4211 Martium,
1290 4143 1660 4217 presbyteros
1691 4142 1952 4216 triginta,
1986 4142 2261 4198 diaconos
2309 4139 2603 4208 undecim,
2638 4138 2942 4212 episcopos
2990 4156 3092 4211 per
3138 4137 3368 4193 diversa
3405 4135 3531 4191 loca
3559 4152 3669 4190 nu-

396 4255 558 4296 mero
587 4243 826 4297 centum
856 4255 955 4295 sex
981 4243 1040 4295 et
1065 4238 1273 4313 viginti
1302 4239 1401 4312 (b).
1435 4240 1714 4313 Sepultus
1742 4257 1875 4297 vero
1905 4242 1996 4297 est
2024 4239 2083 4294 in
2114 4236 2360 4294 basilica
2388 4237 2540 4293 Petri
2573 4235 2820 4310 apostoli
2869 4235 3057 4309 pridie
3104 4235 3240 4291 Idus
3288 4233 3426 4289 Jun.
3460 4232 3666 4288 indict.

396 4351 573 4403 nona,
604 4339 663 4393 et
687 4336 937 4393 cessavit
964 4335 1337 4411 episcopatus
1366 4336 1493 4394 dies
1520 4339 1611 4394 10.

1433 4461 1688 4510 NOTULE
1729 4461 2112 4509 HARGINALES
2153 4460 2468 4506 FABROTTI.

319 4546 402 4621 (a)
429 4548 494 4616 Β,
524 4562 594 4605 ex
623 4550 780 4605 terra
808 4549 1128 4623 quondam.
1204 4549 1281 4624 (ὸ)
1308 4550 1375 4620 Β,
1402 4552 1494 4606 26.

1607 4641 1850 4698 VARI/E
1888 4639 2307 4698 LECTlONES.

543 4723 700 4798 Apud
721 4725 1040 4784 Fabrouum
1065 4742 1135 4783 ea:
1161 4726 1341 4784 codice
1368 4725 1609 4784 Freheri.
1933 4730 1990 4798 Α
2085 4728 2231 4803 llum
2257 4727 2381 4803 365,
2417 4724 2499 4803 (in
2526 4728 2582 4803 2,
2616 4740 2719 4803 per
2748 4723 3019 4803 _o_li_ta_na._
3247 4796 3257 4803 _
3463 4790 3474 4803 _

2088 4800 2231 4855 Num
2257 4790 2384 4864 366,
2415 4797 2496 4852 lin
2528 4790 2580 4863 4,
2613 4790 2786 4852 éafoti
2808 4797 2860 4851 1.
2883 4795 2965 4867 (in
2983 4796 3038 4862 7,
3062 4796 3337 4867 argentea
3355 4790 3584 4849 savisca
3603 4790 3667 4847 Β.

318 4864 471 4939 Num
497 4862 624 4939 3S8,
655 4865 744 4939 (in
774 4866 826 4939 1,
857 4865 1289 4939 Atzuppio,__l_in
1319 4867 1407 4932 12,
1438 4867 1561 4924 dies
1582 4869 1673 4925 20.
2082 4871 2224 4926 Num
2252 4862 2381 4938 367,
2406 4868 2488 4939 lin
2521 4868 2574 4933 4,
2609 4883 2745 4939 cum
2773 4865 3034 4923 besibus.

318 4938 470 5011 Num
494 4935 621 5011 3_59,
659 4936 748 5011 ιδῃ
775 4932 828 5011 1,
851 4932 1163 5011 quidquid
1178 4936 1264 5011 illi
1295 4939 1570 5011 erogavit.
1605 4941 1691 4996 (in
1717 4940 1772 5008 9,
1797 4940 1901 4996 be-
2082 4946 2233 4999 Num
2262 4932 2388 4995 373'.
2422 4938 2505 5011 lin
2534 4939 2588 5004 4,
2620 4938 2804 5011 .lesse.
2837 4938 2917 4992 lin
2945 4939 3001 5007 5,
3035 4932 3356 4994 Germario.

244 5003 898 5084 ιιθγριυεέιρᾳιεζίῃηζ
911 5003 1151 5084 rogatus
1168 5025 1203 5064 a
1216 5008 1370 5084 clero
1388 5003 1496 5066 suo
1516 5003 1895 5084 presbyteris.
2082 5017 2232 5070 Nam
2259 5011 2384 5084 374,
2418 5010 2497 5084 (in
2528 5011 2588 5084 7,
2618 5009 2988 5084 delimarent:

320 5078 472 5152 nium
500 5077 625 5152 360,
663 5076 753 5152 (in
779 5082 834 5152 2,
867 5076 1426 5152 quadriportieibus.
1472 5150 1481 5152 _
1516 5076 1537 5083 ’
1631 5151 1635 5152 ν
1694 5076 1713 5084 ’
2082 5088 2235 5141 Num
2264 5082 2388 5148 376,
2423 5081 2503 5135 ιὶπ
2533 5082 2589 5145 7,
2624 5078 2936 5152 imperium
2968 5079 3388 5135 Romanorum.

320 5150 473 5222 [Eum
500 5148 626 5222 361,
663 5147 750 5222 (in
779 5151 834 5215 8,
866 5147 1161 5222 cameram
1190 5154 1246 5207 et
1276 5150 1734 5222 quadriportica.
2087 5158 2239 5212 Num
2269 5147 2394 5220 378,
2427 5152 2513 5206 lin
2542 5153 2596 5216 2,
2620 5147 2949 5222 procedere.

320 5218 467 5273 Num
494 5218 622 5284 362,
667 5218 756 5275 lin
798 5223 852 5287 2,
897 5221 1236 5293 Eontuana,_
1279 5218 1405 5293 quae
1452 5218 1557 5293 per
1604 5222 1908 5279 olimitana
2083 5228 2228 5279 Num
2254 5218 2386 5287 380,
2412 5222 2495 5277 lin
2524 5223 2579 5288 4,
2610 5218 2946 5293 Brutonem.

245 5294 629 5366 marguerant
658 5294 955 5366 tempora:
978 5292 1064 5348 lin
1093 5293 1147 5358 8,
1181 5290 1474 5366 blacchin'.
1498 5291 1581 5348 lib
1610 5294 1908 5361 9,tria.lz’n
2085 5300 2233 5353 Num
2259 5296 2387 5360 381,
2421 5294 2501 5366 (in
2530 5294 2585 5359 5,
2611 5292 2890 5366 Gypsino.

253 5357 738 5443 12,_Valitbinon.
774 5357 982 5443 ζίηῆ13,
1015 5379 1151 5443 cum
1182 5363 1603 5443 gammadias._
1868 5440 1874 5443 _
2085 5370 2234 5443 1_\_’u-m
2259 5357 2392 5443 ἓξὲξ,
2427 5364 2508 5443 (in
2537 5357 2603 5443 7V.“
2627 5357 3251 5443 eiquibusquinque.

328 5401 343 5427 ,
386 5381 738 5417 vaummon.
776 5381 865 5418 un
895 5381 982 5427 ιδ,
1015 5381 1151 5418 cum
1182 5381 1570 5436 gammaulas.
2085 5381 2234 5420 mem
2263 5381 2392 5429 552,
2427 5381 2508 5418 un
2547 5381 2593 5429 ι,
2627 5381 2697 5420 ex
2766 5381 2942 5420 ulnus
2971 5381 3251 5436 quinque.

324 5434 472 5516 Nunt
500 5431 629 5516 363,
657 5431 743 5488 lin
769 5433 825 5501 6,
848 5433 1200 5508 ﬁgurantem
1225 5450 1402 5490 m.m.
1419 5433 1480 5490 in
1513 5434 1692 5491 natali
1716 5440 1902 5509 apost.
2085 5437 2227 5516 1_V_um
2257 5437 2382 5516 383,
2421 5433 2509 5516 ζξη
2531 5437 2609 5516 10
2637 5440 2697 5491 et
2723 5381 2815 5503 Ῠι,
2852 5435 3040 5516 regias
3070 5433 3341 5516 magpreg.
3406 5495 3419 5516 Β

248 5495 729 5577 ’δὲῗηάθέιμὲέηομ
808 5495 846 5577 ⁷,
890 5495 955 5577 ν-
1060 5575 1070 5577 _
1327 5574 1365 5577 __
1491 5574 1505 5577 λ
1752 5495 1772 5509 ⁸
2084 5508 2229 5562 Num
2257 5495 2380 5571 385,
2414 5507 2498 5561 lin
2525 5507 2580 5573 6,
2613 5523 2750 5562 cum
2782 5495 3123 5577 porticibus.
3156 5495 3238 5577 Ῑξη
3281 5500 3333 5565 8,
3405 5495 3466 5552 in
3496 5495 3662 5570 Cyro.

322 5570 469 5649 Nam
499 5574 625 5649 364,
679 5573 769 5630 lin
817 5573 873 5649 _9,
922 5574 1073 5649 Petri
1121 5574 1369 5649 apostoli
1420 5574 1548 5632 vela
1576 5576 1745 5649 alba,
1774 5577 1908 5634 Pas-
2084 5580 2227 5634 Num
2255 5570 2380 5639 390,
2413 5578 2497 5649 lin
2524 5570 2580 5644 8,
2612 5593 2681 5633 ex
2697 5570 2950 5649 argento
2980 5570 3318 5649 purissimo.

253 5639 567 5771 2:13:23?
593 5637 656 5701 in
686 5637 877 5703 natale
909 5637 1178 5717 ejusdem
1218 5645 1322 5704 Dei
1367 5646 1616 5720 apostoli
1663 5648 1791 5706 vela
1836 5650 1908 5707 de
2014 5655 2235 5779 tellis”:
2280 5637 2408 5718 393,
2456 5648 2541 5704 lin
2568 5637 2641 5717 ’4,
2691 5647 2752 5703 in
2777 5637 3284 5719 “parte'virorum.
3313 5639 3394 5695 (in
3438 5639 3494 5709 5,
3543 5637 3666 5695 vol-
