2028 3089
221 87 299 119 1255

790 87 995 119 ANASTASII
1016 85 1342 118 BIBLIOTHECARII.

1829 87 1894 127 1258

254 154 324 182 Num
340 154 401 198 3'81,
419 155 457 194 (in
473 155 740 198 4,_conquassatum
755 154 859 183 inerat.
871 154 911 183 lin
924 153 965 188 11,
977 161 1042 182 san-
1056 154 1083 188 Α
1100 188 1122 198 ι
1130 153 1207 198 gum
1216 153 1278 187 405,
1292 151 1334 180 lin
1343 152 1370 186 5,
1382 160 1472 188 super
1481 151 1604 184 Subora.
1619 150 1664 180 (in
1672 152 1715 196 26,
1729 136 1895 198 Laurentium

219 192 331 217 ctorum
348 190 469 217 Joannis
485 191 514 217 et
528 190 660 217 Joannis.

255 225 324 252 .Vum
339 226 402 257 38‘),
413 227 454 252 lin
470 226 495 257 3,
509 226 614 258 Marine,
628 234 678 253 seu
690 234 739 253 xu.
750 226 794 253 lin
803 226 830 259 6,
842 234 943 253 verum
954 225 1041 253 etiam

218 265 243 288 et
263 261 290 287 in
307 269 416 294 arcora,
433 262 473 288 lin
493 262 532 293 i3,
551 261 668 289 metallo
685 261 814 297 cypsino.

254 297 323 323 Νιιηι
352 297 415 330 383,
430 297 471 323 lin
498 297 541 329 10,
558 297 634 324 intro
664 294 770 333 regias.
795 297 837 324 lin
865 295 909 329 11,
935 294 1042 331 alythi-

217 339 287 360 non.

252 367 321 430 Nuzn
337 367 400 430 38:1,
411 368 453 395 lin
467 367 494 402 5,
506 375 530 394 s.
542 367 651 404 Angelo
667 367 697 395 in
714 367 831 403 Fajano.
847 367 889 394 lin
905 367 947 401 11,
960 365 1040 402 depi-

252 411 278 430 1s
317 411 369 430 nos
386 423 392 429 .

216 405 278 430 ctas
295 405 392 430 Apost.

250 411 396 471 ῗῧιιὲιρὲἓέ,
413 439 455 465 lin
470 439 497 471 6,
513 446 580 465 cum
596 437 767 474 porticibus.

251 475 325 515 {tum
415 474 457 515 ἔζη
468 474 498 515 ἓν
511 482 642 515 merere
657 475 789 515 regem;

251 509 321 536 Num
335 510 397 541 387,
414 509 453 536 lin
468 509 496 540 3,
511 508 667 537 Villitriasf
678 508 724 537 ιίγῐ
735 514 761 542 4,
778 509 809 536 Β.
825 508 990 544 Grisogoni,

250 544 322 572 Num
335 545 398 578 388,
415 544 455 572 (in
479 544 506 578 9,
521 553 588 572 cum
612 544 768 581 periclysin
792 544 873 572 deleo
898 543 1040 572 comblat-

214 582 271 607 tea.

252 615 323 642 Num
337 614 400 650 389,
417 615 457 643 ιίη
471 616 498 649 5,
515 624 532 643 a
548 617 648 643 sancto
665 617 758 643 Petro.
774 615 812 644 lin
827 615 855 651 6,
872 615 900 643 b.
917 614 1039 651 Jaquin-

215 650 257 678 tbi
273 652 315 678 lin
331 652 374 684 12,
392 652 436 683 13,
453 659 498 684 ιιι,
516 651 663 679 enimvero
678 650 735 679 cui.

250 688 323 723 [Eum
337 687 399 723 390,
417 686 459 723 (in
474 687 501 720 6,
515 686 698 723 intersylem.

250 721 321 749 Num
335 722 397 750 391.
415 722 455 749 lin
470 723 497 754 7,
513 723 541 752 8.
558 721 649 750 beata:
665 723 775 749 Aurea).

251 757 321 793 Num
334 758 396 789 393,
413 758 453 784 lin
471 758 513 789 15,
529 766 617 793 super
632 758 755 790 Subura,
772 757 812 785 lin
832 758 875 791 17,
893 756 1038 785 Constan-

214 791 357 820 tinianam
373 793 450 820 fecit.

249 828 320 864 Nam
334 828 396 861 396,
413 829 453 856 lin
468 829 495 860 6,
512 828 677 864 appellatur
691 828 852 856 Dominica.

249 838 320 855 num
334 838 396 861 6W,
413 838 453 856 ιιη
468 838 495 860 0,
512 838 528 856 3
551 838 677 864 pellatur
691 838 852 856 uomlmca.

247 863 319 900 Nam
333 864 397 897 397,
413 864 454 892 lin
470 864 514 897 14,
532 838 548 891 1⁵)
567 872 693 900 eumque
708 863 741 900 in,
754 863 889 900 circuitu.

248 899 320 961 Νἶῳη
334 900 450 932 398,1in
463 900 489 933 4,
503 899 609 936 optulit
618 899 683 927 hoc.
696 899 865 936 Cyburium.
879 899 920 926 ιίη
932 899 974 926 17.
986 906 1038 926 seu

255 943 272 961 a
285 943 322 961 ia.

213 937 242 962 et
255 935 322 962 alia.

249 970 320 998 Num
333 970 396 1005 399,
417 971 458 998 lin
480 970 508 1006 6,
534 970 702 1005 tyrabulum
730 972 823 1006 apost.
840 971 881 997 lin
904 970 930 1003 4,
955 970 1040 1005 juxta

214 1005 312 1041 ipsum
327 1006 490 1033 lectorium.

248 1041 318 1069 Num
333 1042 394 1073 400,
411 1041 450 1068 lin
465 1042 492 1074 6,
510 1040 675 1077 Petronellaa
695 1042 736 1068 sic
751 1042 809 1077 fere
823 1049 937 1076 semper.
954 1040 994 1068 lin
1010 1041 1037 1075 7,

213 1080 349 1104 ornatum
365 1078 407 1104 lin
423 1077 466 1110 13,
484 1076 613 1112 procedit
629 1085 680 1112 per
693 1076 762 1104 stat.

249 1112 320 1139 Num
332 1111 679 1144 4()1,[ἰη1,ἰιιι“ιι1)ιι1ιι.⁷ιίη
689 1113 760 1146 5,de
772 1112 893 1139 fundato
907 1112 930 1139 1.
942 1111 982 1138 lin
994 1112 1037 1146 13,

214 1155 351 1174 coronam
369 1147 404 1174 de
420 1155 480 1183 arg,

249 1183 319 1209 Num
335 1183 395 1215 402,
412 1181 493 1215 (ἰηή2,
508 1182 610 1209 uncias
627 1191 687 1209 VIII.
701 1183 739 1209 [in
750 1183 776 1215 5,
789 1190 836 1217 ap.
854 1181 903 1217 qui
920 1181 1039 1217 ponitur

214 1218 249 1245 ad
268 1218 384 1258 beatum
398 1217 693 1258 Petrumhapostolum
707 1218 925 1258 fecitcoronam
942 1225 1039 1258 exarg

213 1261 285 1289 pens
296 1252 337 1280 lib
347 1261 425 1281 xvm.
435 1254 505 1281 Item
517 1252 678 1281 inﬁecclcsia
687 1253 762 1280 beati
771 1253 891 1280 Andreze
902 1252 1036 1288 apostoli,

213 1288 263 1351 311i
279 1289 397 1324 ponitur
405 1290 494 1351 1j'uxta
504 1289 663 1329 Praesepem
676 1288 812 1329 similiter
823 1289 890 1329 fecit
900 1296 1037 1329 coronam

233 1333 248 1351 e
260 1332 312 1351 ara
322 1333 393 1351 nens
417 1325 446 1351 1b
456 1333 505 1351 v11.
517 1325 551 1351 Et
567 1333 596 1351 ιιι
613 1324 697 1351 titulo
720 1325 795 1351 beati
812 1324 885 1351 Petri
903 1323 1035 1351 apostoli.

233 1333 248 1352 e
257 1323 312 1360 arg
322 1333 393 1360 peius
405 1323 446 1352 lib
456 1333 505 1352 vn.
517 1325 551 1352 Et
567 1323 697 1352 in'titulo
720 1325 795 1352 beati
812 1324 885 1351 Petri
903 1323 1035 1359 apostoli,

213 1359 263 1396 qui
279 1359 443 1396 appellatur
457 1360 606 1396 Eudoxiaz.
619 1360 659 1387 lin
673 1360 759 1396 9,710,
777 1362 805 1388 et
820 1368 877 1387 unc
891 1368 920 1387 x.
937 1360 976 1387 lin
993 1361 1035 1394 12,

213 1395 242 1422 in
259 1395 402 1423 susurrio.
420 1396 462 1424 lin
480 1396 520 1425 14.
536 1395 724 1431 Apollenarii.

248 1431 319 1458 Num
333 1432 395 1464 404⁹
411 1432 454 1459 lin
474 1433 502 1463 2,
514 1430 571 1458 unc
585 1439 612 1458 ν.
628 1433 657 1458 et
673 1431 702 1459 in
718 1430 852 1458 dioconia
873 1430 966 1458 sancti
984 1433 1036 1458 Ho-

213 1466 317 1495 nifatii.
337 1466 379 1495 lin
395 1467 438 1501 10,
455 1466 574 1502 ponitur
588 1467 681 1495 Orfea.
889 1481 894 1485 -

1100 188 1181 216 foris.
1672 191 1685 196 "
1735 202 1739 207 ν

1132 225 1206 251 Num
1220 223 1282 255 406,
1301 222 1344 250 (in
1356 224 1384 256 7,
1402 222 1524 258 apostol.
1539 222 1632 250 instar
1648 222 1722 250 fecit.

1131 261 1206 287 Num
1222 259 1283 291 407,
1300 259 1340 286 (in
1356 259 1382 294 4,
1400 258 1576 285 monasterio
1592 258 1686 294 capud
1702 259 1753 286 ai‘r.
1766 258 1804 286 (in
1817 258 1841 291 5,
1854 258 1896 287 Ροο

1096 294 1202 322 dentis.
1217 295 1256 330 (in
1271 294 1299 326 6,
1311 293 1470 330 Hysidoris.
1490 294 1532 321 (in
1546 294 1573 327 8,
1586 295 1703 330 monast
1716 294 1854 322 decorsus.
1864 296 1897 323 (in

1097 330 1140 363 12,
1151 338 1208 365 pou
1219 329 1248 356 in
1260 329 1428 365 appentino.
1443 330 1483 357 lin
1497 329 1540 365 13,
1556 329 1695 356 canistra.
1846 334 1849 337 ί

1130 364 1205 393 Num
1221 364 1287 401 408,
1300 364 1340 392 lin
1353 366 1399 399 22,
1418 364 1534 393 metallo
1547 365 1681 401 gypsino.

1130 401 1202 428 Num
1223 400 1285 433 409,
1306 401 1351 441 lin
1380 401 1407 433 8,
1423 402 1514 441 tyreo,
1539 400 1593 427 ita'
1607 400 1762 441 gn/ra.__lin_
1768 400 1834 441 _13,_
1846 409 1896 438 erg.

1095 444 1167 477 cum.
1178 436 1314 478 gammad
1331 444 1371 464 ss.
1387 435 1533 472 cyrostata
1554 435 1679 476 parium.
1696 435 1737 462 11η
1751 435 1792 469 16,
1808 435 1846 476 lib
1856 435 1902 465 uir

1095 480 1195 499 semis.
1210 472 1251 499 [ιη
1268 472 1311 504 17,
1322 472 1430 507 pendet
1444 479 1533 507 super
1555 479 1585 507 in
1611 478 1746 507 ingressu
1768 469 1895 499 vestibuli.

1095 507 1166 534 Item
1183 506 1273 534 alium
1288 505 1384 534 velum
1400 505 1542 543 majorem
1557 505 1753 542 chrysoclavo,
1766 514 1793 542 q.
1809 508 1897 543 pendet

1095 542 1125 570 in
1142 542 1224 570 trabe
1240 550 1301 570 ar2.
1847 546 1850 549 '

1095 542 1125 570 in
1142 542 1224 570 trabe
1240 550 1301 570 ar2.
1450 542 1454 543 ⁷
1812 542 1815 543 ⁷
1847 546 1850 549 ’
1908 551 1912 554 ’

1130 550 1348 612 [δὶῗὲϐᾕῖξιίη
1362 578 1389 610 2,
1406 576 1576 613 purissimo,
1600 584 1633 605 ac
1658 577 1813 613 deauravit.
1828 578 1863 605 lin
1874 578 1896 613 6,

1094 613 1216 641 basilica
1232 613 1320 640 beata!
1336 612 1447 640 Savium
1463 615 1540 640 mart
1555 612 1584 639 in
1599 613 1694 648 gemio
1712 612 1831 641 basilica
1844 612 1897 648 cor;

1092 648 1185 676 tinam
1209 649 1360 684 majorem.
1386 648 1426 676 lin
1449 648 1494 681 10,
1514 648 1544 675 d.
1562 648 1653 684 milia.
1670 649 1712 676 lin
1727 648 1771 681 13,
1785 648 1897 677 tetravils

1093 684 1134 712 [in
1149 684 1193 717 14,
1210 683 1387 720 Pctronellze.
1413 683 1454 711 lin
1481 684 1525 718 15,
1551 683 1676 720 circuitu
1692 684 1742 720 _de
1756 683 1912 720 _quadr.'Et‘

1093 720 1206 747 cortina
1220 720 1330 755 majore
1345 719 1413 747 alba
1427 726 1496 753 una,
1511 721 1614 755 ornata
1629 719 1658 746 in
1673 718 1794 748 circuitu
1804 720 1836 747 de
1848 719 1911 747 fnno‘

1093 756 1170 782 dato.
1183 756 1222 782 [in
1237 754 1282 787 25,
1299 755 1482 788 deauratum,
1504 762 1577 789 pens
1602 754 1643 782 lib
1657 762 1695 788 v1,
1713 763 1770 782 une
1784 760 1822 783 ιιι.
1836 755 1898 783 Fecit

1091 799 1158 818 vero
1176 791 1269 818 isdem
1293 790 1429 826 praefatus
1445 790 1575 826 pontifex
1599 789 1628 817 in
1654 790 1776 818 basilica
1789 790 1896 826 doctoris

1093 826 1195 854 mundi
1212 825 1384 867 beati’Pauli
1400 825 1524 867 apostoli
1540 825 1700 867 imaginem
1713 825 1897 867 Salvatoiises

1094 870 1146 897 arg
1162 861 1297 891 mundiss
1313 860 1483 889 deauratam
1498 869 1587 897 super
1598 860 1735 897 ingressu
1751 860 1882 889 vestibuli.

1153 906 1199 924 um
1214 898 1276 932 413,
1294 897 1334 925 lin
1351 897 1394 929 14,
1411 897 1501 924 beatae
1519 896 1660 932 Martium.

1128 933 1199 960 Num
1213 931 1276 965 414,
1292 933 1333 960 lin
1347 934 1375 965 2,
1387 932 1461 959 basil
1477 932 1555 959 beati
1571 931 1684 960 Valent.
1698 932 1739 960 (in
1751 932 1794 966 20,
1810 932 1894 968 tygris.

1129 968 1200 996 Num
1215 969 1277 1000 415,
1294 968 1334 996 lin
1351 968 1393 1000 13,
1409 970 1512 995 ornata
1526 975 1609 995 num.

1129 1006 1203 1032 Num
1219 1004 1281 1031 416.
1297 1004 1337 1031 lin
1350 1005 1378 1037 2,
1394 1005 1526 1039 tetragou
1555 1003 1594 1030 lin
1611 1002 1649 1036 12,
1663 1011 1738 1039 num
1753 1011 1811 1031 VIII.

1128 1039 1199 1066 Num
1214 1040 1276 1072 417,
1292 1039 1331 1066 lin
1344 1039 1370 1066 4.
1387 1038 1503 1066 crucem
1518 1040 1547 1066 et
1560 1038 1718 1067 orbiculos.

1129 1075 1201 1102 Num
1216 1076 1277 1107 418,
1294 1075 1333 1102 lin
1348 1076 1393 1108 22,
1406 1074 1496 1102 altare
1512 1075 1631 1109 majore.

1129 1110 1200 1151 {tum
1215 1111 1277 1151 {4?-
1294 1111 1334 1151 ἐὲη
1345 1110 1396 1151 ,ίει
1411 1109 1518 1151 Poen“,
1536 1118 1697 1151 quarens-

1128 1146 1198 1182 Νιιγη
1215 1147 1276 1177 420,
1290 1146 1330 1173 lin
1342 1145 1367 1182 1,
1383 1144 1570 1182 Apellenarii.
1583 1144 1624 1173 1ἰή
1637 1147 1664 1178 7,
1678 1147 1804 1173 rosatam
1818 1144 1897 1173 albam

1093 1181 1161 1208 hab.
1178 1182 1218 1208 (in
1232 1182 1275 1214 15,
1293 1180 1517 1208 ηονὶιθῖοπιιιία
1532 1184 1601 1209 rest.
1891 1186 1894 1188 '

1128 1217 1199 1243 Num
1214 1217 1276 1248 421,
1291 1217 1331 1244 [in
1346 1217 1374 1249 3,
1390 1217 1426 1244 de
1442 1217 1573 1250 fundato,
1590 1219 1618 1244 et
1636 1216 1695 1244 alia
1710 1219 1787 1244 veste
1801 1216 1832 1243 de
1845 1216 1897 1250 tun:

1093 1252 1171 1286 dato,
1189 1260 1240 1279 seu
1257 1254 1286 1279 et
1300 1254 1401 1280 tetrav.

1128 1288 1199 1315 Num
1214 1288 1275 1322 422,
1288 1288 1328 1315 lin
1343 1289 1370 1322 5,
1387 1296 1436 1315 vni
1452 1295 1503 1314 seu
1519 1289 1557 1315 et.
1572 1287 1614 1315 lin
1631 1288 1673 1321 12,
1690 1286 1860 1315 Petronellas.

1127 1323 1199 1351 Num
1214 1323 1274 1356 423,
1292 1324 1332 1351 lin
1348 1323 1375 1356 3,
1391 1322 1519 1350 doctoris
1534 1323 1677 1356 gentium.

1126 1359 1198 1386 Num
1213 1359 1332 1395 424,γιίη
1352 1359 1379 1391 4,
1398 1356 1661 1395 ὐσθιβγῖιιιτίιιιιι
1684 1365 1722 1386 ex
1746 1356 1898 1395 arg.puris-

1092 1394 1178 1457 lsigno.
1191 1402 1263 1457 [satis
1278 1394 1317 1423 lib
1332 1402 1412 1428 ccxv,
1429 1394 1574 1422 cauistros
1590 1403 1624 1422 ex
1638 1401 1690 1430 arg
1708 1394 1789 1422 ἰιυαὶ
1801 1402 1825 1427 ν,
1839 1399 1899 1430 pons

1103 1438 1112 1457 ι
1147 1438 1184 1457 xv
1220 1438 1237 1457 a
1249 1436 1285 1457 ιο.
1787 1435 1789 1439 ‘
1823 1433 1828 1443 '

1103 1433 1132 1457 ib
1147 1438 1184 1457 xv
1198 1433 1285 1457 Calic.
1787 1435 1789 1439 ‘
1823 1433 1828 1443 '

1126 1465 1198 1493 Num
1212 1466 1274 1499 425,
1289 1465 1329 1493 (in
1343 1465 1371 1499 6,
1387 1464 1467 1502 episc
1476 1473 1528 1501 per
1538 1465 1651 1493 diversa
1660 1464 1726 1493 loca
1737 1473 1806 1493 num
1820 1472 1897 1492 mu.

834 1650 951 1686 XCIX.
979 1650 1227 1697 STEPHANUS
1254 1650 1295 1685 V.

582 1742 665 1765 anno
680 1742 800 1765 CHRISTI
814 1733 885 1771 816,
901 1741 1035 1764 ιυοονιοι

1105 1756 1112 1763 .
1130 1734 1161 1770 3,
1177 1741 1284 1764 Lsouis
1297 1741 1430 1764 aaxsun
1444 1741 1505 1764 lIP.
1521 1734 1552 1764 3.

321 1906 399 1935 428
413 1905 588 1942 Stephanus,
601 1905 717 1934 natione
732 1905 892 1939 Romanus,
903 1915 938 1935 ex
953 1909 1034 1943 patre
1050 1906 1172 1940 Marino,
1186 1906 1261 1935 sedit
1276 1914 1369 1934 annos
1384 1908 1506 1942 septem,
1519 1913 1635 1934 menses
1651 1908 1766 1946 septem
1780 1905 1826 1941 (ιι).
1836 1903 1900 1938 Hie:

286 1955 424 1992 primaeva
439 1956 521 1982 aetate
536 1954 566 1982 in
582 1954 758 1991 patriarchio
775 1955 961 1983 Lateranensi
978 1956 1033 1984 sub
1048 1958 1155 1984 sanctae
1174 1955 1320 1984 memorias
1336 1955 1445 1983 domno
1458 1954 1585 1982 Adriano
1597 1963 1673 1991 papa
1684 1955 1811 1982 nutritus
1829 1955 1900 1988 atque

286 2004 438 2036 educatus,
455 2003 545 2031 nobili
562 2003 697 2039 prosapia
713 2006 800 2040 atque
816 2003 980 2032 clarissimo
1000 2013 1104 2041 genere
1126 2006 1218 2040 ortus,
1232 2004 1328 2032 adhuc
1344 2004 1373 2031 in
1390 2012 1479 2040 parva
1493 2006 1577 2032 astate
1592 2004 1628 2032 ad
1644 2003 1812 2032 discendam
1827 2008 1899 2030 sacra

288 2052 449 2088 disciplina:
464 2052 616 2080 scientiam
633 2052 796 2081 studiosius
806 2052 954 2089 vigilabat.
967 2054 1106 2081 Defuncto
1116 2062 1183 2081 vero
1195 2055 1302 2081 sanctae
1317 2052 1463 2081 memorias
1474 2052 1538 2088 jam
1549 2052 1667 2089 praefato
1679 2053 1787 2081 domno
1796 2049 1900 2080 Adriano

252 2101 271 2129 5
289 2109 373 2137 papa,
390 2101 420 2128 in
436 2100 532 2128 locum
548 2101 612 2136 ejus
628 2101 755 2129 domnus
772 2104 825 2129 Leo
840 2109 916 2137 papa
932 2101 1083 2129 successit.
1099 2101 1153 2134 Qui
1177 2101 1350 2137 praedictum
1374 2102 1516 2129 domuum
1532 2100 1715 2137 Stephanum
1739 2098 1900 2138 conspiciens

287 2149 369 2177 bonae
385 2149 614 2178 conversationis
629 2152 716 2185 atque
732 2149 919 2184 humilitatis,
935 2159 1002 2178 eum
1019 2150 1054 2178 ad
1070 2150 1299 2179 subdiaconatus
1315 2150 1447 2179 ordinem
1463 2150 1616 2187 promovit.
1856 2142 1858 2144 ⁷

324 2200 398 2229 421
417 2201 508 2233 Quem
524 2200 618 2237 magis
634 2209 667 2228 ac
682 2200 776 2237 magis
792 2200 997 2237 spiritualibus
1012 2200 1118 2229 studiis
1132 2209 1234 2229 vacare
1250 2201 1443 2238 conspiciens,
1459 2201 1582 2229 Domino
1597 2203 1756 2234 annuente,
1771 2200 1804 2229 ad
1819 2198 1900 2228 disco-

289 2251 377 2277 natns
391 2248 508 2277 culmen
523 2257 590 2277 eum
606 2249 748 2285 provehit,
765 2251 793 2277 et
808 2257 842 2277 ex
855 2251 926 2277 tunc
941 2249 1145 2286 multipliciter
1169 2250 1372 2287 spiritualibus
1396 2249 1508 2287 pollens
1532 2249 1648 2283 studiis,
1664 2250 1794 2278 maxima
1805 2250 1858 2275 tam
1871 2244 1898 2273 Id

288 2297 546 2334 evangelizandnm
570 2297 677 2334 populo
692 2297 816 2326 solerter
829 2306 862 2326 ac
878 2298 955 2326 clare
979 2298 1077 2326 divina
1091 2300 1178 2335 atque
1192 2299 1359 2335 evangelica
1381 2289 1479 2335 verba,
1496 2307 1643 2335 quamque
1666 2299 1705 2327 ad
1731 2295 1899 2327 exercendam

289 2345 517 2375 ecclesiasticam
533 2346 719 2374 traditionem
735 2346 826 2383 gessit
839 2355 952 2375 curam.
963 2347 1004 2380 Et
1018 2347 1059 2375 ita
1083 2347 1210 2383 Spiritus
1226 2347 1319 2375 sancti
1335 2347 1430 2384 gratia
1452 2347 1483 2375 in
1506 2348 1571 2383 ejus
1595 2347 1682 2376 corde
1706 2343 1825 2380 refulsit,
1840 2346 1867 2372 at
1877 2342 1900 2370 il

253 2394 271 2422 5
290 2394 427 2422 omnibus
443 2394 545 2422 efficax
559 2393 740 2430 idoneusque
761 2395 1010 2431 comprobaretur.
1028 2395 1134 2431 Sicque
1157 2395 1267 2424 factum
1283 2398 1328 2424 est
1343 2398 1375 2424 ut
1389 2396 1461 2424 dum
1477 2396 1512 2424 de
1527 2396 1581 2424 hac
1603 2396 1663 2424 vita
1686 2395 1822 2432 migraret
1835 2393 1901 2421 ante-

290 2443 427 2479 praafatus
441 2443 568 2471 domnus
584 2444 640 2471 Leo
667 2452 752 2479 papa,
770 2443 847 2472 illico
872 2444 944 2472 dum
973 2444 1187 2473 ferventissimo
1201 2445 1305 2473 affectu
1321 2453 1339 2473 θ,
1353 2444 1461 2481 populo
1488 2445 1618 2473 Romano
1633 2444 1802 2481 diligantur
1825 2439 1901 2469 isdem

289 2491 455 2528 praecipuus
470 2500 504 2520 ac
518 2491 725 2520 sanctissimus
739 2492 784 2519 vir
799 2493 967 2529 Stephanus
981 2493 1017 2521 ad
1033 2501 1149 2521 sacrum
1166 2494 1355 2530 pontiﬁcatus
1365 2493 1481 2521 culmen
1496 2496 1541 2522 est
1555 2493 1673 2521 electus.
1685 2493 1739 2526 Qui
1750 2499 1844 2521 omnes
1855 2494 1902 2516 ulla

290 2540 393 2568 aﬁ‘ectu
410 2540 531 2576 parique
547 2549 644 2568 amore
659 2549 728 2568 eum
743 2540 778 2568 ad
794 2540 948 2569 ecclesiam
964 2541 1041 2569 beati
1059 2542 1132 2570 Petri
1149 2542 1271 2578 apostoli
1284 2542 1487 2578 perduceutes,
1499 2542 1550 2570 Dei
1562 2542 1716 2570 ordinante
1731 2535 1900 2578 providentia,

290 2597 366 2626 papa
381 2588 461 2617 orbis
476 2591 664 2617 consecratus
680 2591 733 2617 est.

325 2637 402 2666 428
419 2637 470 2666 Hic
486 2637 692 2665 sanctissimus
706 2637 750 2665 vir
764 2637 794 2665 in
820 2638 992 2674 pontiﬁcatu
1016 2639 1080 2675 jam
1109 2638 1233 2675 positus,
1250 2648 1302 2676 pro
1317 2639 1519 2667 conﬁrmanda
1547 2647 1617 2676 pace
1631 2640 1661 2668 et
1674 2638 1786 2667 unitate
1811 2634 1900 2664 sancti

290 2687 341 2715 Dei
357 2686 501 2721 Ecclesiae,
518 2686 554 2714 ad
572 2686 698 2714 Francia).
714 2688 848 2723 arreptus
864 2689 909 2715 est
932 2687 998 2723 iter,
1014 2688 1090 2724 apud
1106 2687 1273 2724 piissimum
1289 2690 1318 2716 et
1332 2688 1552 2716 serenissimum
1577 2688 1719 2716 domuum
1742 2683 1899 2715 Lud0vicnm

290 2736 507 2773 imperatorem.
519 2735 573 2770 Qui
588 2744 656 2764 cum
672 2736 702 2763 in
720 2736 870 2764 Franciam
886 2736 1074 2772 pervenisset,
1092 2738 1172 2765 tanto
1188 2737 1297 2765 honore
1312 2739 1402 2773 atque
1415 2736 1589 2765 exaltatioue
1604 2745 1622 2765 ο.
1635 2735 1771 2773 prodicta
1785 2731 1899 2770 piissimo

812 2806 935 2830 ιιοτυως
956 2806 1147 2831 IARGIIALES
1169 2808 1206 2831 PA
1210 2807 1327 2831 BROTTL

256 2847 294 2883 (α)
309 2847 340 2881 Β,
357 2854 451 2875 meus.
465 2848 494 2882 7,
510 2847 536 2875 3.
