4058 6162
485 249 648 313 1267
1639 249 2054 314 ANASTASII
2103 247 2758 312 BIBLIOTHECARII.
3689 256 3802 320 I268

623 382 724 439 Dei
759 381 1011 454 quaiiter
1040 380 1187 438 bene
1219 380 1604 456 religioseque
1636 401 1764 440 esse
1793 383 2023 456 possint
2046 382 2304 456 perfecit.
2335 383 2406 438 Et
2437 381 2496 438 in
2527 399 2592 440 eo
2624 380 3046 439 monachorum
3077 395 3398 454 aggregans
3424 382 3606 440 statuit
3621 401 3804 446 conven-

623 480 863 548 tionem,
899 480 1102 536 multis
1135 480 1290 536 idem
1321 482 1742 536 monasterium
1774 481 1970 536 ditans
2003 480 2397 552 facultatibus,
2429 485 2484 536 et
2515 480 2572 535 in
2601 479 2859 546 familiis,
2893 478 3607 548 massis,vineis,domibus,
3623 485 3804 546 urbanis

623 577 712 634 vel
747 577 984 634 rusticis
1019 577 1161 634 locis
1191 577 1542 650 amplianter
1570 577 2044 650 sufﬁcientcrquc
2075 577 2507 650 multiplicavit,
2542 582 2834 650 quatenus
2863 577 2990 650 ipsa
3021 576 3388 656 congregatio
3417 577 3663 648 residens,
3689 587 3806 641 omni

627 676 976 732 necessitate
1008 675 1476 748 postposita,soli
1510 677 1625 732 Deo
1655 676 1994 748 sanctisque
2025 675 2184 730 illius
2209 677 2408 732 laudes
2429 679 2487 731 et
2505 675 2756 748 hymnos
2779 679 2945 730 nocte
2976 674 3184 746 dieque
3211 674 3808 738 modulanterinvenera-

523 775 591 828 10
629 773 730 830 bili
763 773 1007 830 ecclesia
1037 772 1352 829 Salvatoris
1382 773 1614 830 Domini
1645 774 1826 830 nostri
1857 775 1998 830 Jesu
2029 772 2244 828 Christi
2275 774 2388 828 sita
2409 775 2580 846 juxta
2613 775 2932 828 Lateranas
2963 773 3316 828 decantaret.

700 874 854 928 443
890 873 1168 928 Praeterea
1195 871 1254 926 in
1285 872 1535 927 oratorio
1565 871 2043 927 beatissimorum
2083 875 2409 944 martyrum
2459 871 2717 927 Processi
2747 875 2804 926 et
2834 869 3192 938 Martiniani,
3243 869 3352 926 sito
3399 869 3537 926 infra
3573 872 3809 932 ecclesiam

628 970 780 1026 beati
813 970 962 1025 Petri
994 969 1276 1041 principis
1305 969 1886 1042 apostolorum,quod
1915 975 1972 1026 et
2002 970 2158 1026 idem
2191 969 2316 1042 ipse
2348 968 2911 1037 construxit,obtulit
2941 967 3258 1040 imaginem
3291 985 3358 1023 ex
3387 985 3517 1025 auro
3546 971 3810 1042 purissimo;

627 1067 940 1122 habentem
969 1067 1193 1122 vultum
1229 1071 1439 1122 sanctas
1470 1067 1568 1122 Dei
1603 1067 1933 1134 Genitricis,
1999 1085 2241 1140 pensan.
2295 1067 2477 1123 libras
2527 1068 2728 1123 decem
2759 1071 2817 1123 et
2847 1067 3052 1122 uncias
3106 1070 3373 1139 quatuor.
3408 1067 3486 1122 lbi
3515 1071 3566 1122 et
3589 1067 3692 1141 ipse
3716 1071 3794 1128 faci

627 1169 844 1220 vestem
875 1165 946 1220 de
975 1163 1224 1219 blatthin
1249 1165 1870 1236 Byzantea,habentem
1887 1165 2118 1221 tabulas
2135 1166 2205 1222 de
2223 1165 2595 1238 chrysoclavo
2627 1166 2940 1232 duas,cum
2960 1163 3123 1220 vultu
3147 1164 3300 1219 beati
3322 1163 3464 1219 Petri
3483 1169 3536 1219 et
3553 1172 3812 1224 sanctorum

555 1263 590 1316 5
629 1266 950 1334 martyrum
975 1261 1229 1316 Processi
1255 1267 1310 1317 et
1333 1262 1752 1330 Martiniani,et
1779 1262 2091 1335 periclysin
2113 1264 2183 1318 de
2203 1262 2752 1335 chrysoclavo,mira
2767 1261 3200 1335 pulchritudine
3219 1262 3670 1318 decoratum.lllic
3685 1265 3814 1321 etiam

629 1357 840 1414 obtulit
889 1365 1108 1414 vestem
1157 1358 1564 1426 holosericam,
1595 1359 1907 1416 habentem
1957 1361 2018 1415 in
2063 1360 2254 1415 medio
2313 1360 2576 1416 tabulam
2627 1361 2698 1428 de
2742 1359 3136 1432 chrysoclavo,
3170 1376 3309 1415 cum
3363 1359 3520 1414 vultu
3573 1360 3814 1418 Dominice

629 1455 1074 1512 resurrectionis
1107 1456 1340 1512 Domini
1386 1457 1568 1512 nostri
1617 1457 1758 1513 Jesu
1805 1456 2040 1522 Christi,
2077 1451 2492 1530 et'periclysin
2543 1459 2615 1514 de
2661 1457 2914 1513 blatthin
2963 1458 3268 1530 Byzantea,
3304 1455 3660 1528 pulcherrime
3697 1475 3815 1515 com-

628 1557 811 1624 ptam.
843 1551 1057 1608 Verum
1089 1553 1382 1610 enimvero
1411 1555 1630 1610 sanctis
1677 1555 1897 1610 eisdem
1945 1555 2074 1610 vela
2125 1554 2468 1623 holoserica,
2505 1572 2642 1611 cum
2673 1554 2943 1628 periclysi
2995 1555 3066 1610 de
3115 1553 3495 1626 quadrapulo,
3535 1559 3588 1610 et
3627 1555 3816 1612 blatthin

630 1653 917 1724 Byzantea
964 1650 1178 1707 obtulit
1227 1669 1470 1707 numero
1519 1669 1744 1708 novem.
1777 1653 1882 1708 Ubi
1911 1657 1968 1708 et
1999 1671 2180 1726 supra
2207 1653 2342 1709 fecit
2371 1653 2496 1708 vela
2527 1670 2702 1726 parva
2735 1653 2805 1709 de
2834 1653 3026 1726 Tyrio,
3059 1669 3192 1708 cum
3228 1650 3490 1724 periclysi
3517 1653 3582 1707 de
3617 1653 3814 1726 fundato,

524 1753 590 1806 10
630 1766 874 1805 numero
906 1765 1024 1806 sex.
1061 1749 1454 1805 Thuribulum
1484 1751 1554 1805 de
1587 1755 1826 1824 argento
1857 1755 2130 1807 exaurato
2161 1750 3014 1824 miriﬁce,pens.libr.unam.In
3045 1749 3296 1807 oratorio
3319 1755 3508 1806 autem
3527 1751 3818 1807 beatissimo'

631 1864 760 1902 rum
795 1852 1118 1919 martyrum
1149 1847 1292 1903 Sixti
1321 1853 1379 1902 et
1411 1847 1647 1903 Fabiani
1672 1849 1800 1918 jam
1833 1849 2172 1904 nominatus
2203 1848 2460 1920 pontifex
2491 1848 2626 1904 lecit
2653 1848 2939 1921 gabathas
2969 1865 3038 1903 ex
3067 1852 3306 1921 argento
3355 1852 3487 1912 tres.
3513 1864 3658 1920 pens.
3689 1847 3818 1904 libras

629 1945 890 2018 quinque
921 1949 978 1999 et
1009 1944 1210 2000 uncias
1241 1962 1360 2000 sex.
1393 1946 1539 2000 Ante
1567 1945 1884 2018 imaginem
1919 1963 2152 2018 quoque
2181 1945 2368 2018 ipsius
2417 1945 2654 2002 oratorii
2703 1945 2840 2001 fecit
2885 1944 3078 2000 velum
3115 1947 3188 2001 de
3235 1943 3612 2017 chrysoclavo,
3639 1945 3818 2001 miriﬁce

629 2044 984 2100 decoratum.
1015 2043 1204 2114 Supra
1233 2059 1436 2098 eorum
1465 2043 1796 2098 venerabile
1825 2043 2008 2099 altare
2038 2044 2174 2100 fecit
2199 2048 2418 2100 vestem
2453 2044 2522 2099 de
2553 2043 2836 2115 alithyno,
2869 2043 3180 2098 habentem
3231 2042 3292 2097 in
3339 2042 3522 2098 medio
3561 2059 3752 2098 crucem
3771 2043 3820 2099 de

628 2139 878 2196 blatthin
911 2140 1213 2212 Byzantea,
1243 2143 1302 2194 et
1332 2139 1643 2212 periclysin
1688 2139 1958 2196 similiter
2005 2142 2076 2196 de
2125 2140 2398 2197 blatthin.
2451 2140 2640 2196 Simili
2689 2141 2861 2195 modo
2909 2139 2968 2194 in
3011 2141 3140 2211 jam
3189 2139 3346 2196 dicto
3393 2138 3624 2197 oratorio
3665 2139 3821 2195 obtulit

524 2239 593 2293 15
629 2235 973 2307 εωρεᾱίθιυε
1005 2236 1264 2308 pontifex
1293 2241 1511 2292 vestem
1542 2237 2266 2304 holosericam,habentem
2297 2238 2356 2294 in
2389 2237 2579 2294 medio
2611 2255 2812 2294 cruces
2843 2239 2914 2294 de
2942 2237 3318 2311 chrysoclavo
3337 2238 3558 2304 duas,et
3581 2235 3820 2310 periclysin

629 2333 700 2388 de
731 2332 988 2388 stauraci
1020 2331 1262 2388 diversis
1295 2333 1628 2405 margaritis
1652 2335 2168 2390 ornatam.lbidem
2191 2335 2316 2407 ipse
2337 2336 2474 2392 fecit
2499 2335 2674 2391 aliam
2697 2339 2916 2392 vestem
2939 2335 3011 2392 de
3029 2335 3599 2402 fundato,habentem
3617 2334 3666 2388 in
3685 2333 3820 2389 medio

627 2446 860 2486 crucem
892 2430 962 2485 de
987 2429 1424 2486 blatthin.Fecit
1453 2431 1630 2486 etiam
1662 2433 1734 2486 ad
1767 2436 2037 2487 ornatum
2071 2433 2330 2504 praedicti
2361 2433 2600 2489 oratorii
2631 2433 2756 2489 vela
2785 2434 2856 2489 de
2885 2432 3170 2505 alithyno,
3205 2449 3344 2488 cum
3373 2431 3622 2506 periclysi
3641 2435 3700 2488 de
3715 2430 3822 2488 blat-

629 2527 758 2582 thin
789 2528 1074 2601 Byzantea
1103 2544 1348 2584 numero
1379 2533 1654 2600 quatuor.
1688 2528 1992 2602 Simulque
2020 2529 2144 2586 velo
2177 2530 2520 2602 holoserica,
2543 2547 2676 2586 eum
2709 2529 2979 2603 periclysi
3008 2531 3079 2586 de
3105 2529 3471 2604 quadrapulo
3499 2535 3553 2586 et
3576 2531 3639 2585 de
3655 2528 3822 2585 olovero

629 2643 874 2682 numero
907 2631 1180 2698 quatuor.

699 2728 855 2780 444
885 2724 987 2779 Hic
1019 2724 1482 2796 benignissimus
1513 2724 1724 2796 praesul
1761 2725 1894 2780 fecit
1922 2725 1982 2780 in
2015 2725 2259 2782 ecclesia
2289 2727 2590 2782 beatorum
2643 2732 2970 2799 martyrum
3019 2727 3240 2784 Cosme:
3291 2731 3352 2782 et
3398 2725 3659 2793 Damiani,
3687 2725 3732 2780 in
3762 2724 3826 2778 vis

629 2821 826 2887 Sacra,
857 2825 1080 2876 vestem
1111 2821 1182 2876 de
1212 2821 1361 2893 tyrio
1391 2821 1704 2878 habentem
1736 2822 1793 2877 in
1829 2823 2018 2879 medio
2049 2823 2310 2880 tabulam
2360 2826 2432 2880 de
2481 2823 2875 2894 chrysoclavo,
2908 2841 3042 2880 cum
3083 2823 3248 2880 vultu
3287 2823 3510 2880 Domini
3546 2822 3701 2879 nostri
3726 2822 3824 2879 Jcsu

631 2918 866 2986 Christi,
920 2923 1094 2990 atque
1143 2920 1444 2974 beatorum
1496 2923 1820 2992 martyrum
1868 2925 2084 2976 Cosme:
2133 2927 2190 2976 et
2237 2921 2526 2989 Damiani,
2581 2939 2716 2977 cum
2763 2921 2895 2978 aliis
2945 2922 3243 2989 fratribus,
3280 2939 3414 2978 cum
3445 2937 3606 2977 cruce
3632 2922 3692 2976 de
3723 2936 3824 2974 auro

631 3021 807 3084 texto,
841 3021 899 3072 et
929 3016 1240 3088 periclysin
1269 3018 1338 3072 de
1369 3017 1595 3072 olovero
1629 3017 2022 3090 pulcherrime
2051 3023 2344 3091 comptam
2377 3023 2550 3092 atque
2581 3020 2931 3076 decoratam.
2967 3021 3157 3092 Supra
3183 3037 3391 3076 eorum
3421 3019 3654 3092 denique
3677 3021 3825 3072 sancto

558 3115 594 3170 5
631 3113 800 3169 altari
834 3113 1045 3169 obtulit
1074 3114 1504 3186 coopertorium
1535 3115 1608 3172 de
1637 3115 2059 3188 tyrio,mirifice
2089 3117 2580 3173 decoratum.lmo
2608 3134 2741 3173 vero
2772 3121 2906 3173 ante
2933 3117 3290 3173 vestibulum
3331 3117 3514 3190 ipsius
3542 3115 3712 3172 altaris
3731 3113 3828 3169 fecit

627 3212 756 3267 vela
784 3213 1095 3284 tyria,cum
1127 3213 1394 3286 periclysi
1428 3215 1498 3268 de
1529 3213 1782 3268 blatthin
1813 3213 2111 3286 byzantea,
2145 3230 2387 3270 numero
2417 3214 2915 3270 tria.Venerabilis
2947 3214 3123 3270 etiam
3157 3215 3419 3285 pontifex
3455 3214 3582 3270 fecit
3601 3213 3653 3268 in
3671 3228 3825 3268 mona-

628 3309 804 3366 sterio
831 3310 1144 3367 Salvatoris
1178 3311 1402 3367 Domini
1437 3311 1619 3367 nostri
1649 3312 1789 3367 Jesu
1821 3311 2056 3382 Christi,
2091 3311 2201 3368 sito
2233 3312 2292 3367 in
2325 3311 2612 3368 territorio
2645 3312 2910 3378 Reatino,
2943 3317 3166 3368 vestem
3219 3313 3292 3368 de
3341 3311 3703 3386 chrysoclavo,
3727 3325 3822 3364 cum

626 3407 871 3464 historia
901 3409 1153 3480 qualiter
1183 3409 1336 3464 idem
1371 3408 1654 3464 Dominus
1678 3413 1875 3464 noster
1898 3410 2071 3465 Jesus
2103 3409 2373 3466 Christus
2404 3427 2538 3466 cum
2571 3408 2936 3483 archangelis
2957 3415 3014 3466 et
3034 3410 3320 3482 apostolis
3343 3409 3404 3466 in
3427 3409 3558 3466 caelo
3601 3409 3824 3471 coruscat,

627 3504 778 3559 mira
801 3505 1239 3576 pulchritudine
1269 3505 1516 3561 diversis
1547 3511 1812 3561 ornatam
1838 3507 2342 3577 margaritis.ltem
2365 3507 2423 3562 in
2439 3508 2566 3579 jam
2589 3507 2743 3563 dicto
2767 3507 3121 3562 monasterio
3144 3507 3216 3562 ad
3237 3499 3508 3563 ornatum
3531 3505 3664 3562 sacri
3678 3503 3824 3560 altaris

522 3601 589 3656 10
625 3601 802 3656 aliam
837 3602 1049 3658 obtulit
1073 3607 1291 3658 vestem
1325 3605 1396 3658 de
1427 3603 2008 3670 fundato,habentem
2041 3621 2242 3660 cruces
2269 3605 2339 3660 de
2371 3605 2624 3661 blatthin
2659 3606 3023 3677 byzantea,et
3046 3605 3379 3678 periclysim
3409 3606 3479 3662 de
3508 3601 3823 3677 chrysoclavo,

626 3697 871 3753 miriﬁce
901 3703 1258 3754 (tornatam.
1294 3700 1420 3754 Pari
1454 3701 1626 3755 modo
1657 3700 1716 3754 in
1749 3699 1993 3756 ecclesia
2022 3701 2177 3756 beati
2201 3705 2417 3757 Mennae
2449 3703 2725 3774 martyris
2773 3702 2908 3758 fecit
2957 3707 3177 3758 vestem
3221 3703 3294 3758 de
3339 3689 3695 3775 quadrapulo,
3729 3711 3824 3754 cum

625 3794 892 3868 periclysi
923 3797 994 3851 de
1025 3795 1278 3852 blatthin
1311 3797 1608 3866 byzantea.
1645 3797 1748 3853 Hic
1779 3797 2190 3854 sanctissimus
2222 3804 2280 3855 et
2310 3800 2682 3872 coangclicus
2711 3799 2924 3872 praesul
2953 3799 3168 3856 obtulit
3196 3800 3256 3855 in
3295 3799 3537 3857 ecclesia
3563 3798 3694 3854 beati
3721 3792 3824 3852 Petri

623 3893 870 3964 apostoli
887 3893 946 3948 in
964 3892 1376 3949 Centumcellis
1393 3894 1631 3949 calicem
1651 3899 1708 3950 et
1721 3898 1992 3967 patenam
2017 3914 2084 3952 ex
2103 3903 2344 3970 argento
2363 3897 2976 3969 deauratas,pensans.
2989 3897 3170 3954 libras
3193 3903 3450 3971 quatuor
3463 3902 3518 3954 et
3533 3895 3708 3952 uncias
3724 3899 3821 3948 tres.

693 3990 844 4047 445
877 3991 1184 4048 Enimvero
1215 3996 1270 4046 et
1298 3992 1356 4046 in
1383 3992 1632 4048 ecclesia
1664 3993 1818 4049 beati
1851 3993 2001 4048 Petri
2030 3993 2278 4066 apostoli
2320 3994 2566 4052 lautoris
2617 3995 2710 4050 sui
2755 3997 2892 4052 fecit
2940 3995 3308 4069 evangelium
3351 4014 3486 4053 cum
3533 3993 3746 4052 blatthin
3779 4006 3824 4045 ex

621 4091 882 4160 argento,
916 4105 1158 4160 pensan.
1193 4087 1374 4145 libras
1405 4094 1531 4145 octo
1563 4095 1619 4145 et
1649 4089 1854 4146 uncias
1886 4095 2032 4146 octo.
2070 4091 2532 4164 Benignissimus
2565 4109 2800 4164 quoque
2831 4095 3044 4166 priesul
3074 4094 3212 4149 fecit
3249 4093 3312 4150 in
3349 4092 3679 4151 monasterio
3713 4082 3822 4142 beati

619 4185 897 4257 Stephani
929 4187 1374 4260 protomartyris
1393 4189 1462 4242 ad
1483 4193 1750 4243 sanctum
1785 4188 2019 4244 Petrum
2037 4194 2225 4246 vestes
2243 4191 2404 4246 albas
2423 4191 2775 4248 holosericas
2794 4191 3360 4264 quatuor,habentes
3377 4191 3434 4247 in
3457 4189 3634 4246 medio
3649 4200 3823 4242 crucem

615 4283 686 4338 de
715 4299 858 4340 auro
891 4287 1065 4350 texto,
1099 4299 1234 4339 cum
1267 4284 1512 4340 diversis
1561 4285 1914 4358 margaritis,
1963 4291 2020 4342 et
2071 4287 2336 4360 periclysi
2371 4289 2441 4344 de
2473 4289 2746 4356 blatthin,
2779 4289 3024 4344 mirifice
3053 4291 3382 4346 decoratas.
3417 4291 3554 4344 Item
3583 4285 3670 4342 ubi
3695 4297 3823 4354 supra

542 4380 580 4433 5
615 4379 829 4435 obtulit
858 4381 1317 4453 praenominatus
1347 4383 1606 4454 pontifex
1635 4388 1854 4438 vestem
1885 4385 1954 4438 de
1983 4384 2246 4452 fundato,
2277 4385 2588 4442 habentem
2638 4387 2696 4441 in
2746 4386 2937 4442 medio
2987 4403 3218 4443 crucem
3273 4404 3345 4443 ex
3391 4403 3530 4443 auro
3569 4387 3764 4446 textam,
3787 4392 3825 4442 et

619 4477 927 4550 periclysin
959 4479 1030 4534 de
1060 4478 1816 4552 chrysoclavo.Sa3pedictus
1841 4481 2092 4552 denique
2113 4483 2326 4554 praesul
2351 4482 2482 4538 fecit
2503 4483 2562 4538 in
2586 4485 2713 4556 jam
2735 4484 2890 4538 dicto
2910 4484 3262 4541 monasterio
3285 4489 3502 4541 vestem
3526 4484 3591 4538 de
3619 4479 3820 4536 fundato.

617 4575 931 4632 habentem
961 4576 1020 4632 in
1055 4575 1243 4632 medio
1277 4576 1536 4632 tabulam
1569 4578 1639 4632 de
1669 4577 2061 4651 chrysoclavo,
2095 4596 2229 4635 cum
2281 4580 2444 4636 vultu
2495 4585 2708 4636 sanctae
2746 4582 2840 4637 Dei
2871 4581 3127 4662 Genitris
3171 4587 3228 4637 ct
3276 4587 3606 4638 sanctorum
3648 4579 3821 4650 aposto-

615 4671 806 4729 lorum
835 4674 986 4729 Petri
1020 4678 1076 4729 et
1106 4674 1287 4742 Pauli,
1321 4679 1379 4729 et
1409 4674 1720 4747 periclysin
1743 4676 1813 4730 de
1843 4675 2114 4731 blatthin.
2150 4677 2375 4733 Obtulit
2402 4677 2622 4734 ibidem
2654 4679 2780 4750 ipse
2807 4685 2997 4734 vestes
3027 4679 3098 4734 de
3129 4679 3384 4735 stauraci
3415 4680 3576 4746 duas,
3607 4675 3822 4730 habentes

615 4768 676 4824 in
709 4771 898 4826 medio
929 4788 1131 4827 cruces
1163 4773 1232 4826 de
1263 4772 1722 4844 chrysoclavo,ct
1753 4772 2063 4846 periclysin
2086 4775 2157 4830 de
2179 4773 2618 4831 blatthin.Fecit
2639 4776 2816 4832 etiam
2839 4777 2911 4832 ad
2940 4781 3210 4832 ornatum
3235 4777 3424 4849 ipsius
3447 4773 3662 4832 oratorii
3679 4768 3820 4825 velum

509 4862 580 4919 lO
619 4867 810 4936 majus
841 4867 912 4922 de
943 4869 1561 4940 quadrapulo,habens
1587 4869 1645 4925 in
1675 4870 1866 4926 medio
1898 4887 2100 4928 cruces
2122 4872 2192 4927 de
2211 4889 2354 4928 auro
2377 4877 2562 4929 textas
2585 4877 2703 4929 tres
2725 4879 2782 4930 et
2811 4873 3120 4946 periclysin
3151 4875 3224 4930 de
3253 4873 3594 4930 blatthin.ln
3614 4863 3821 4926 diaconi!

617 4961 770 5018 beati
804 4965 1136 5037 archangeli
1169 4967 1382 5022 obtulit
1405 4969 1530 5038 jam
1559 4968 1753 5024 dictus
1783 4970 2042 5040 pontifex
2071 4975 2288 5026 vestem
2319 4971 2390 5024 de
2419 4970 2672 5026 blatthin
2705 4971 3332 5044 Byzantea,habentem
3363 4972 3424 5027 in
3447 4970 3627 5026 medio
3645 4975 3818 5022 crucem

615 5060 686 5114 de
715 5061 1106 5132 chrysoclavo,
1140 5068 1196 5118 et
1227 5064 1536 5137 periclysin
1569 5067 1639 5121 de
1673 5066 2068 5140 chrysoclavo,
2101 5067 2494 5140 pulcherrime
2523 5074 2840 5141 comptam.

687 5159 842 5214 440
873 5158 1176 5216 Enimvero
1207 5163 1259 5215 et
1291 5161 1348 5216 in
1380 5162 1624 5218 ecclesia
1653 5163 1833 5220 beatae
1863 5164 2100 5220 Caeciliae
2135 5165 2408 5237 martyris
2440 5166 2575 5222 fecit
2603 5167 2887 5224 concham
2917 5185 2986 5224 ex
3017 5171 3279 5242 argento,
3313 5167 3416 5224 ubi
3465 5169 3522 5222 et
3564 5161 3818 5236 pretiosum

613 5255 876 5326 ejusdem
925 5255 1168 5328 virginis
1198 5264 1373 5329 caput
1402 5259 1682 5327 condidit,
1734 5278 1976 5332 pensan.
2031 5262 2212 5319 libras
2261 5267 2390 5320 octo
2439 5268 2496 5320 et
2543 5265 2744 5320 semis.
2780 5264 2970 5320 Simili
3023 5266 3194 5321 modo
3251 5271 3308 5321 et
3353 5264 3412 5320 in
3465 5257 3684 5319 ecclesia
3708 5247 3818 5310 beati

613 5351 864 5418 Quiriaci
897 5353 1167 5426 martyris
1197 5354 1254 5408 in
1288 5355 1790 5423 'l‘hermis,obtu1it
1819 5359 2130 5431 praedictus
2161 5359 2374 5433 praesul
2405 5360 2532 5417 vela
2561 5363 2632 5417 de
2664 5362 2906 5418 fundato
2939 5379 3184 5419 numero
3213 5361 3472 5418 octo.Hic
3503 5377 3536 5416 a
3562 5359 3665 5414 Deo
3682 5350 3818 5408 fultus

606 5451 732 5519 jam
765 5451 1104 5507 nominatus
1134 5451 1389 5524 pontifex
1419 5453 1554 5508 fecit
1583 5453 1639 5508 in
1675 5455 1924 5512 oratorio
1954 5458 2140 5513 sancti
2171 5458 2518 5530 Archangeli
2541 5460 2696 5530 quod
2721 5461 3018 5532 quondam
3051 5461 3444 5532 praedecessor
3471 5457 3592 5529 ejus
3621 5453 3818 5508 domnus

541 5549 574 5600 5
615 5547 725 5603 Leo
755 5566 905 5622 papa
936 5549 1240 5606 constituit
1272 5554 1444 5623 atque
1475 5553 1819 5621 construxit,
1853 5559 2072 5610 vestem
2101 5556 2298 5611 albam
2349 5556 2757 5624 holosericam,
2789 5558 3100 5614 habentem
3153 5559 3214 5615 in
3263 5557 3453 5614 medio
3503 5550 3733 5610 tabulam
3767 5541 3816 5596 d6

613 5643 1004 5717 chrysoclavo,
1058 5665 1192 5703 cum
1241 5648 1481 5703 historia
1529 5649 1840 5705 Dominicze
1893 5653 2334 5709 resurrectionis
2381 5654 2612 5709 Domini
2663 5656 2847 5710 nostri
2894 5655 3034 5711 Jesu
3085 5655 3319 5724 Christi,
3372 5659 3430 5712 et
3475 5643 3744 5726 periclysin
3767 5638 3815 5694 de

614 5741 1002 5814 chrysoclavo,
1037 5747 1281 5802 miriﬁce
1313 5747 1664 5802 decoratam.
1697 5745 1837 5802 Item
1873 5748 1948 5803 ibi
1984 5751 2196 5806 obtulit
2225 5751 2400 5806 aliam
2434 5757 2652 5808 vestem
2685 5753 2756 5808 de
2783 5753 3186 5822 fundato,cum
3217 5751 3486 5828 periclysi
3515 5751 3582 5804 de
3619 5736 3814 5800 blatthin

613 5840 915 5910 Byzantea.
929 5843 1084 5898 Fecit
1115 5843 1288 5900 etiam
1313 5845 1440 5917 jam
1471 5843 1661 5900 dictus
1695 5845 1949 5916 pontifex
1978 5847 2037 5901 in
2069 5847 2404 5919 supradicto
2427 5849 2676 5906 oratorio
2703 5855 2920 5907 vestem
2945 5851 3121 5908 aliam
3149 5853 3222 5909 de
3251 5841 3814 5924 quadrapulo,circum-

615 5941 832 6004 sutam,
865 5956 998 5996 cum
1031 5939 1274 5999 historia
1303 5943 1404 6000 Dei
1437 5941 1768 6012 Genitricis,
1805 5942 2195 6015 pulcherrime
2226 5948 2520 6016 comptam
2553 5949 2726 6017 atque
2759 5949 3112 6008 decoratam.
