4044 6168
282 208 448 273 1269
1049 208 1419 273 HISTORIA
1460 209 1564 272 DE
1605 209 1807 272 VITIS
1850 210 2043 273 ROM.
2087 209 2317 275 PONT.
2360 245 2436 258 --
2473 210 2927 275 PASCHALIS.
3537 208 3696 275 {2'10

494 344 644 401 447
689 341 971 400 Ριιωῐθιιθε.
993 342 1148 399 idem
1179 359 1453 400 summus
1475 341 1731 415 pontifex
1753 346 1810 398 et
1830 342 2205 412 orthodoxus,
2221 342 2419 400 divina
2438 343 2818 417 inspiratione
2838 343 3126 418 pulsatus,
3150 341 3459 404 ecclesiam
3477 348 3693 403 sancta

426 447 484 500 et
508 443 869 499 intemeratae
896 441 1153 516 Virginis
1185 440 1378 498 Maria:
1409 440 1658 497 dominae
1692 444 1903 496 nostra:
1918 442 1990 497 ad
2006 441 2265 513 Praesepe
2287 457 2529 498 cernens
2553 443 2847 514 quondam
2876 442 2978 499 tali
3007 460 3167 499 more
3196 446 3699 513 eonstructam,ut

427 546 560 615 post
591 541 790 597 sedem
821 539 1114 612 pontificis
1144 539 1420 595 mulieres
1452 540 1523 594 ad
1558 555 1725 595 sacra
1751 539 2070 596 missarum
2104 539 2389 595 solemnia
2417 542 2640 594 stantes
2671 556 2849 612 prepe
2878 540 3154 597 assistere
3167 542 3338 613 juxta
3359 541 3696 614 pontificem

422 639 778 704 viderentur,
792 637 875 694 ita
895 641 960 693 ut
985 637 1035 693 si
1056 637 1277 709 aliquid
1304 636 1556 709 colloqui
1579 637 1837 709 pontifex
1857 654 1992 693 cum
2011 636 2421 694 assistentibus
2435 637 2818 706 voluisset,ex
2837 639 3167 711 propinqua
3188 639 3354 697 valde
3376 639 3695 697 mulierum

359 739 397 794 5
431 736 899 810 frequentatione
928 751 1299 807 nequaquam
1320 735 1368 791 ei
1395 735 1521 791 sine
1542 735 1775 791 illarum
1799 735 2219 792 interventione
2247 736 2446 792 liceret
2470 753 2483 791 :
2508 735 2740 809 largum
2758 735 2974 792 ibidem
3001 736 3193 793 locum
3216 737 3698 810 inesse,qualiter

425 835 564 892 inde
597 835 796 891 sedem
827 838 1054 889 mutare
1081 832 1314 901 valeret,
1330 837 1749 899 cumeerneret,
1774 834 1909 889 dato
1941 833 2135 906 operis
2165 834 2359 889 studio
2386 833 2562 906 cmpit
2589 833 2988 890 indesinenter
3015 851 3184 907 agere
3215 836 3413 892 sedem
3442 835 3692 892 inferius

427 932 680 1007 positam
712 948 950 989 sursum
981 948 1217 1004 ponere,
1251 935 1317 987 ut
1343 948 1409 988 eo
1441 930 1787 987 familiarius
1818 930 2064 987 Domino
2097 948 2297 1004 preces
2329 932 2570 988 fundere
2599 936 2819 1005 posset,
2852 948 2968 1005 quo
2999 932 3293 989 consortia
3336 932 3689 1006 populorum

427 1032 692 1087 modeste
721 1029 1013 1086 declinare
1042 1029 1349 1102 potuisset.
1382 1029 1643 1101 Denique
1674 1029 1873 1084 sedem
1907 1028 2127 1101 optime
2158 1045 2337 1101 quam
2368 1029 2594 1084 dudum
2626 1030 2814 1085 fuerat
2842 1028 3258 1102 pulcherrimis
3297 1031 3693 1088 marmoribus

425 1129 759 1185 decoratam
789 1126 1071 1194 condidit,
1094 1130 1151 1183 et
1182 1126 1441 1198 undique
1465 1142 1746 1182 ascensus
1775 1124 1992 1198 quibus
2014 1126 2086 1181 ad
2100 1142 2232 1181 eam
2262 1126 2568 1198 gradiatur
2595 1126 2939 1196 construxit,
2956 1127 3477 1200 pavimentumque
3489 1126 3691 1183 altaris

315 1227 388 1284 40
425 1226 655 1299 erigens
685 1224 1128 1299 pretiosissimis
1158 1224 1552 1281 marmoribus
1582 1223 1806 1280 stravit.
1842 1223 2034 1280 Erexit
2080 1240 2221 1279 sane
2270 1240 2373 1279 sex
2418 1224 2564 1279 inibi
2615 1229 2749 1280 ante
2807 1224 3237 1282 confessionem
3285 1226 3436 1283 sacri
3488 1224 3691 1282 altaris

426 1341 720 1397 purpureo
746 1322 938 1380 colore
968 1322 1292 1391 columnas,
1307 1339 1455 1395 quas
1486 1338 1664 1394 super
1693 1325 1750 1377 et
1766 1320 1999 1378 candidi
2028 1321 2340 1378 marmoris
2368 1323 2596 1378 trabem
2627 1322 2844 1394 posuit,
2859 1323 3171 1397 purpureis
3203 1324 3405 1381 dextra
3432 1323 3691 1396 laevaque

426 1420 820 1477 marmoribus
854 1423 1091 1477 nectens
1121 1419 1253 1476 illas
1282 1419 1522 1486 scilicet,
1556 1418 1962 1492 eaalaturisque
2013 1436 2301 1475 exornans
2350 1419 2494 1475 satis
2552 1420 2858 1476 commode
2913 1422 3226 1477 decoravit.
3260 1419 3690 1494 Presbyterium

424 1536 658 1593 quoque
686 1518 874 1592 ipsius
896 1518 1151 1575 ecclesiae
1173 1518 1418 1575 diversis
1441 1517 1856 1584 marmoribus,
1881 1534 2059 1590 quam
2082 1516 2304 1589 pridem
2328 1517 2537 1584 fuerat,
2563 1517 2621 1572 in
2648 1518 2857 1575 melius
2886 1520 3195 1592 reparavit.
3213 1517 3688 1592 Propitiatorium

420 1634 556 1674 vero
586 1618 737 1674 sacri
766 1616 987 1685 altaris,
1011 1633 1116 1673 seu
1148 1615 1857 1686 eonfessionem,interius
1885 1615 2254 1687 exteriusque
2283 1632 2417 1671 cum
2449 1615 2677 1690 rugulis
2706 1616 2830 1672 suis
2861 1633 3080 1674 exauro
3111 1616 3429 1690 purissimo
3443 1614 3688 1672 miriﬁce

313 1717 387 1773 45
423 1715 737 1782 decoravit,
761 1732 1005 1788 pensan.
1030 1715 1211 1771 libras
1234 1719 1470 1770 centum
1492 1713 1865 1787 septuaginta
1885 1717 2138 1786 quatuor
2158 1718 2216 1769 et
2237 1714 2443 1770 uncias
2465 1730 2583 1769 sex.
2610 1713 2893 1770 Similiter
2913 1719 2969 1771 et
2999 1715 3180 1771 altare
3220 1714 3407 1787 ipsius
3431 1712 3688 1770 basilica;

422 1832 492 1871 ex
519 1813 811 1887 argenteis
839 1812 1098 1879 laminis,
1147 1829 1283 1869 cum
1330 1812 1594 1869 historiis
1647 1811 1891 1868 diversis
1944 1811 2337 1884 pulcherrime
2381 1812 2633 1885 compsit
2671 1816 2847 1885 atque
2878 1813 3198 1881 deauravit,
3230 1829 3473 1886 pensan.
3505 1810 3688 1867 libras

416 1917 705 1969 trecentas
735 1911 1075 1984 oetuaginta
1104 1914 1163 1967 et
1190 1910 1469 1983 quinque.
1503 1909 1973 1983 Benignissimus
2002 1908 2177 1965 etiam
2208 1908 2641 1982 praeclarasque
2689 1910 2899 1982 praesul
2947 1910 3160 1967 obtulit
3188 1910 3269 1967 ibi
3301 1909 3587 1983 gabathas
3617 1926 3687 1965 ex

421 2027 564 2067 auro
592 2008 931 2082 purissimo,
962 2025 1099 2065 cum
1148 2008 1393 2064 diversis
1440 2007 1690 2081 gemmis
1734 2023 1977 2063 numero
2027 2023 2145 2075 sex,
2179 2024 2422 2079 pensan.
2456 2007 2638 2064 libras
2693 2008 2902 2081 viginti
2960 2013 3018 2065 et
3065 2009 3269 2065 uncias
3321 2025 3440 2065 sex.
3474 2008 3544 2063 Et
3575 2006 3684 2062 hoc

421 2108 747 2176 constituit,
768 2111 835 2162 ut
855 2123 1087 2179 semper
1114 2106 1321 2162 diebus
1346 2123 1413 2162 ac
1434 2106 1706 2161 noctibus
1728 2109 1862 2161 ante
1884 2109 2324 2161 sacrosanctum
2347 2105 2529 2161 altare
2559 2105 2807 2161 lucernae
2838 2107 3041 2163 ardere
3072 2107 3338 2163 debeant.
3364 2105 3467 2163 Hic
3488 2104 3684 2160 divina

308 2208 383 2263 20
417 2205 801 2280 inspiratione
819 2203 1244 2272 fultus,obtulit
1264 2204 1322 2259 in
1338 2204 1464 2276 jam
1484 2204 1643 2259 dicta
1659 2202 1902 2259 basilica
1921 2219 2092 2259 arcus
2113 2220 2181 2259 ex
2202 2208 2444 2276 argento
2466 2220 2709 2259 numero
2731 2207 3024 2272 octo,cum
3046 2204 3338 2261 columnis
3362 2201 3680 2268 sexdecim,

420 2320 663 2378 pensan.
691 2301 933 2358 insimul
964 2302 1144 2358 libras
1173 2302 1455 2358 ducentas
1484 2303 1684 2358 decem
1715 2304 1772 2356 et
1800 2304 1929 2356 octo
1960 2305 2018 2356 et
2047 2300 2252 2356 uncias
2281 2305 2429 2356 octo.
2461 2300 2618 2357 Fecit
2644 2300 2821 2356 etiam
2851 2306 2910 2357 et
2939 2306 3073 2357 ante
3102 2300 3458 2358 vestibulum
3480 2298 3685 2356 altaris
3797 2295 3807 2301 ’

419 2418 599 2475 rugas
628 2401 881 2472 majores
909 2418 978 2456 ex
1008 2405 1271 2473 argento,
1302 2416 1547 2473 pensan.
1581 2398 1761 2454 libras
1791 2397 2165 2472 septuaginta
2190 2402 2249 2454 et
2277 2402 2428 2454 octo.
2446 2398 2669 2455 Obtulit
2695 2398 2871 2455 etiam
2902 2403 2959 2456 et
2988 2400 3269 2455 eanthara
3290 2398 3390 2455 ubi
3420 2415 3602 2471 supra
3616 2414 3688 2454 ex

420 2503 660 2573 argento
691 2515 935 2555 numero
966 2514 1087 2569 sex,
1120 2514 1360 2570 pensan.
1398 2496 1640 2553 insimul
1670 2496 1850 2552 libras
1877 2496 2181 2568 sexaginta
2208 2501 2267 2551 et
2297 2497 2495 2553 semis.
2530 2496 2657 2552 Pari
2715 2497 2889 2552 modo
2948 2501 3007 2553 et
3062 2514 3165 2569 per
3213 2513 3385 2552 arcus
3434 2496 3687 2568 majores

418 2597 740 2670 saepedictaa
762 2595 1016 2652 ecclesiae
1037 2594 1172 2652 fecit
1191 2594 1399 2651 calices
1420 2595 1671 2667 majores
1692 2610 1761 2649 ex
1780 2598 2020 2666 argento
2052 2594 2375 2664 pendentes
2404 2610 2647 2649 numero
2677 2593 3066 2667 quadraginta
3086 2599 3143 2651 et
3164 2595 3334 2663 duos,
3356 2593 3459 2666 qui
3480 2609 3685 2650 omnes

308 2696 384 2752 25
419 2693 662 2750 insimul
693 2710 861 2767 pens.
889 2692 1073 2749 libras
1103 2694 1385 2749 ducentas
1415 2692 1755 2764 octuaginta
1783 2694 1841 2746 et
1869 2707 2072 2747 unam.
2104 2690 2470 2748 Venerabilis
2508 2691 2725 2748 etenim
2776 2692 2986 2765 prmsul
3018 2692 3092 2749 ob
3123 2709 3383 2750 amorem
3415 2691 3682 2764 ejusdem

417 2791 675 2865 Virginis
702 2791 952 2848 dominae
982 2795 1193 2847 nostrae
1223 2789 1436 2846 obtulit
1464 2789 1681 2845 ibidem
1713 2805 1958 2844 coronas
1989 2805 2059 2845 ex
2087 2792 2326 2861 argento
2357 2804 2602 2845 numero
2619 2796 2890 2862 quatuor,
2913 2807 3157 2863 pensan.
3177 2790 3359 2847 libras
3380 2788 3682 2862 sexaginta
3742 2776 3745 2779 1

418 2894 477 2946 et
503 2890 652 2945 duas
681 2893 739 2945 et
766 2889 966 2958 semis,
999 2892 1056 2944 et
1085 2888 1290 2944 uncias
1320 2891 1439 2943 tres
1470 2903 1484 2942 :
1512 2886 1651 2942 item
1682 2886 1783 2943 ubi
1826 2903 2005 2959 supra
2053 2885 2310 2943 canistra
2356 2903 2426 2943 ex
2467 2892 2707 2960 argento
2758 2905 3001 2944 numero
3051 2880 3188 2958 duo,
3222 2904 3465 2961 pensan.
3499 2886 3682 2945 libras

416 2987 719 3044 tredecim.
736 2987 892 3042 Fecit
909 2985 1086 3041 etiam
1107 2985 1326 3041 ibidem
1347 2983 1666 3056 imaginem
1689 3000 1758 3041 ex
1778 2988 2017 3057 argento
2038 2985 2400 3053 deauratam,
2425 3002 2561 3040 cum
2582 2984 2748 3041 vultu
2781 2986 2963 3041 beatae
2994 2985 3095 3042 Dei
3117 2985 3429 3042 Genitricis
3461 2985 3679 3057 Mariae,

420 3101 663 3158 pensan.
688 3083 870 3139 libras
900 3083 1100 3139 decem
1124 3086 1180 3138 et
1201 3086 1427 3155 septem
1452 3085 1508 3136 et
1528 3081 1734 3137 uncias
1753 3085 1892 3137 tres.
1917 3081 2132 3138 Christi
2155 3098 2388 3154 quoque
2409 3082 2830 3155 omnipotentis
2852 3082 3085 3139 Domini
3108 3082 3367 3140 famulus
3388 3083 3603 3140 obtulit
3619 3083 3683 3141 in

299 3185 378 3240 30
414 3185 786 3239 sacrosancto
835 3179 1006 3237 altari
1064 3179 1386 3253 szepedictaa
1424 3178 1678 3235 basilicae
1726 3184 1917 3235 vestes
1968 3180 2039 3235 de
2087 3179 2462 3253 chrysoelavo
2511 3181 2679 3247 duas,
2711 3181 2994 3238 habentes
3024 3181 3333 3238 historiam
3364 3181 3675 3238 Dominica

318 3318 325 3323 η
416 3278 740 3337 nativitatis
760 3277 993 3334 Domini
1014 3278 1200 3334 nostri
1219 3278 1359 3334 Jesu
1381 3276 1758 3347 Christi,cum
1784 3276 2327 3351 perielysi,diversis
2349 3282 2584 3335 ornatas
2605 3278 2857 3352 gemmis
2880 3283 3056 3352 atque
3078 3279 3684 3354 margaritis,miriﬁce

419 3379 743 3435 decoratas.

487 3474 643 3533 448
682 3474 907 3532 Obtulit
926 3473 1103 3530 etiam
1122 3472 1205 3529 ibi
1228 3474 1351 3546 ipse
1362 3473 1538 3529 aliam
1550 3476 1769 3529 vestem
1782 3474 1852 3529 de
1865 3472 2298 3546 ehrysoclavo,h
2307 3474 2576 3531 abentem
2590 3473 2899 3531 historiam
2921 3475 3078 3547 quali
3087 3479 3174 3532 ter
3187 3475 3469 3533 Dominus
3481 3480 3681 3534 noster

417 3574 591 3631 Jesus
620 3572 886 3629 Christus
908 3572 1185 3628 aJoanne
1207 3571 1268 3626 in
1288 3571 1541 3627 Jordane
1564 3570 1893 3643 baptizatus
1923 3575 2172 3638 est,cum
2206 3571 2473 3643 perielysi
2504 3572 2575 3627 de
2606 3572 3000 3645 ehrysoclavo,
3039 3573 3285 3630 mirifice
3314 3578 3676 3630 exornatam.

420 3673 566 3728 Item
594 3669 698 3727 ubi
728 3686 908 3743 supra
935 3669 1186 3741 compsit
1213 3672 1433 3724 vestem
1464 3668 1536 3724 de
1566 3667 1956 3741 ehrysoclave,
1977 3668 2287 3725 habentem
2319 3668 2624 3725 historiam
2646 3670 2961 3725 Dominicis
2986 3670 3431 3728 resurrectionis
3447 3670 3680 3728 Domini

411 3768 598 3825 nostri
621 3768 763 3824 Jesu
793 3765 1182 3835 Christi,cum
1205 3764 1476 3838 perielysi
1495 3766 1566 3821 de
1588 3764 1979 3838 chrysoclavo,
1997 3764 2241 3821 diversis
2257 3770 2522 3822 ornatam
2555 3766 2909 3840 margaritis.
2934 3767 3339 3835 Beatissimus,
3363 3772 3419 3824 et
3439 3785 3677 3825 venera-

338 3868 377 3923 5
412 3866 551 3924 bilis
573 3866 1031 3939 praenominatus
1051 3865 1309 3937 pontifex
1329 3864 1524 3920 divino
1547 3881 1743 3920 amore
1765 3864 1978 3920 ductus
2000 3863 2133 3920 fecit
2161 3863 2379 3920 ibidem
2402 3865 2459 3919 in
2476 3865 2602 3936 jam
2625 3865 2863 3938 praefato
2885 3865 3054 3921 altari
3076 3871 3295 3923 vestem
3316 3866 3587 3923 similiter
3607 3868 3678 3936 de

399 3962 802 4041 phrysoclavo,
824 3962 1138 4018 habentem
1159 3960 1467 4016 historiam
1488 3960 1740 4033 qualiter
1756 3960 1926 4017 beata
1946 3960 2044 4017 Dei
2065 3961 2325 4017 Genitrix
2338 3962 2520 4017 Maria
2541 3978 2782 4035 corpore
2803 3966 2892 4019 est
2912 3971 3380 4037 assumpta,cum
3403 3965 3675 4039 periclysi

409 4061 481 4116 de
501 4059 1004 4134 chrysoclavo,seu
1027 4059 1271 4115 diversis
1294 4057 1627 4131 margaritis
1650 4062 1945 4130 comptam
1966 4063 2139 4130 atque
2160 4059 2678 4116 decoratam.Fecit
2696 4060 2853 4115 enim
2878 4060 3339 4135 benignissimus
3362 4062 3574 4135 praesul
3593 4062 3675 4119 ibi

410 4159 535 4231 ipse
563 4157 741 4215 aliam
768 4161 990 4214 vestem
1022 4157 1093 4212 de
1122 4155 1516 4228 chrysoclavo,
1549 4155 1863 4211 habentem
1895 4155 2202 4212 historiam
2233 4157 2549 4212 Dominicae
2580 4157 2941 4214 ascensionis
2962 4158 3177 4215 Christi
3204 4159 3436 4215 Domini
3466 4159 3671 4229 nostri,

410 4255 519 4312 rite
548 4256 900 4312 decoratam.
927 4254 1068 4310 Item
1093 4253 1192 4309 ubi
1214 4270 1413 4325 supra,
1436 4254 1509 4309 ob
1532 4269 1792 4309 amorem
1812 4253 2078 4324 ejusdem
2098 4253 2378 4326 Virginis,
2394 4254 2721 4311 construxit
2744 4254 2920 4311 aliam
2942 4260 3160 4312 vestem
3184 4257 3255 4313 de
3275 4256 3670 4331 chrysoelavo,

298 4354 372 4409 10
410 4353 722 4410 habentem
750 4352 1059 4409 historiam
1088 4351 1343 4424 qualiter
1372 4350 1625 4423 Spiritus
1655 4355 1895 4407 sanctus
1923 4351 2083 4407 venit
2111 4369 2288 4424 super
2316 4352 2633 4425 apostolos,
2667 4352 2911 4409 diversis
2954 4358 3221 4411 ornatam
3250 4356 3586 4429 margaritis
3615 4362 3675 4414 et

409 4452 762 4507 decoratam.
798 4450 920 4506 Imo
952 4449 1169 4506 ibidem
1203 4449 1379 4505 aliam
1428 4448 1679 4504 munivit
1723 4452 1942 4505 vestem
1974 4449 2046 4506 de
2076 4449 2470 4523 chrysoclavo,
2503 4466 2637 4506 eum
2697 4450 2944 4508 historia
2998 4451 3350 4526 palmarum,
3411 4455 3672 4512 modeste

406 4552 702 4621 comptam
732 4552 910 4620 atque
941 4548 1301 4604 decoratam.

481 4648 635 4703 449
674 4646 909 4701 Necnon
931 4650 988 4701 et
1008 4645 1108 4700 ubi
1130 4661 1309 4717 supra
1337 4644 1512 4700 aliam
1546 4645 1798 4718 compsit
1820 4646 1946 4717 jam
1981 4645 2319 4702 nominatus
2340 4646 2597 4719 pontifex
2619 4651 2838 4702 vestem
2859 4648 2929 4703 de
2952 4646 3202 4719 olovero,
3228 4664 3363 4704 cum
3396 4648 3671 4723 periclysi

406 4744 479 4799 de
500 4743 763 4799 fundato.
790 4742 1013 4798 Pariter
1032 4758 1264 4814 quoque
1285 4746 1342 4797 et
1360 4759 1463 4814 pro
1487 4743 1847 4814 quotidianis
1876 4742 2084 4799 diebus
2124 4742 2339 4799 obtulit
2373 4748 2562 4800 Vestes
2584 4744 2654 4799 de
2675 4744 2916 4800 fundato
2939 4745 3106 4812 duas,
3132 4762 3267 4801 cum
3292 4745 3671 4820 perielyside

407 4840 794 4913 quadrapulo,
827 4839 1219 4912 pulcherrime
1243 4844 1570 4896 exornatas.
1599 4841 1702 4896 Hie
1733 4841 1928 4896 divina
1959 4840 2340 4913 inspiratione
2371 4841 2658 4913 pulsatus,
2685 4841 2820 4897 fecit
2857 4842 2982 4914 ipse
3004 4842 3416 4901 sanctissimus
3457 4845 3670 4918 praesul

405 4956 508 5010 per
529 4955 700 4994 arcus
721 4938 975 5009 majores
990 4938 1116 5009 jam
1140 4937 1389 5009 praefatae
1411 4937 1664 4993 basilicae
1685 4938 1811 4995 vela
1830 4939 1900 4994 de
1920 4939 2162 4994 fundato
2176 4937 2702 5010 quatuordecim,et
2719 4939 2791 4995 de
2812 4941 3176 5014 quadrapulo
3199 4942 3666 5015 quatuordecim,

327 5036 366 5092 5
404 5034 675 5091 similiter
703 5040 761 5092 et
791 5036 864 5092 de
894 5034 1111 5090 imizilo
1142 5034 1607 5106 quatuordeeim.
1632 5034 1860 5091 Domini
1885 5035 2068 5091 nostri
2094 5036 2233 5093 Jesu
2265 5035 2481 5091 Christi
2512 5035 2769 5093 famulus
2802 5038 2873 5094 ob
2905 5055 3164 5096 amorem
3196 5039 3386 5097 eidem
3418 5040 3667 5098 dominae

403 5137 615 5189 nostra:
636 5149 741 5206 per
763 5150 936 5189 arcus
963 5132 1308 5205 presbyterii
1320 5133 1447 5204 jam
1468 5133 1635 5188 dictae
1655 5133 1912 5189 ecclesiae
1934 5134 2070 5189 fecit
2089 5134 2216 5189 vela
2235 5135 2306 5189 de
2328 5133 2720 5207 ehrysoclavo,
2745 5135 3059 5193 habentem
3099 5138 3406 5195 historiam
3434 5137 3667 5194 Domini

403 5231 587 5288 nostri
613 5230 753 5287 Jesu
785 5230 1021 5298 Christi,
1038 5234 1213 5302 atque
1234 5229 1607 5286 Nativitatem
1630 5248 1733 5286 seu
1754 5231 2234 5304 Assumptionem
2266 5232 2530 5303 ejusdem
2563 5232 2920 5291 intemeratae
2934 5235 3194 5310 Virginis
3210 5252 3450 5292 numero
3462 5234 3664 5307 viginti

405 5332 462 5384 et
491 5345 610 5384 sex.
636 5327 859 5384 Pariter
889 5332 946 5384 et
971 5345 1072 5401 per
1100 5328 1260 5400 ipsos
1291 5344 1463 5384 arcus
1494 5327 1708 5384 obtulit
1734 5328 1861 5383 vela
1892 5329 1961 5384 de
1992 5328 2377 5402 quadrapulo,
2409 5329 2653 5387 diversis
2697 5330 2960 5389 historiis
3005 5335 3383 5401 circumsuta,
3417 5347 3662 5387 numero

399 5425 607 5499 viginti
659 5429 930 5499 quatuor.
964 5425 1177 5481 Christi
1204 5443 1460 5498 namque
1491 5426 1908 5498 omnipotentis
1934 5426 2189 5482 famulus
2222 5426 2434 5483 obtulit
2464 5445 2703 5484 sursum
2736 5429 2796 5485 in
2842 5435 3077 5503 aspectu
3127 5430 3341 5487 absidaa
3399 5445 3660 5501 pannum

254 5561 258 5563 Α
294 5526 365 5581 10
401 5524 863 5580 Alexandrinum
895 5523 1139 5579 mirifice
1169 5522 1770 5579 deeoratum.0btulit
1800 5522 1975 5578 etiam
2009 5522 2065 5577 in
2102 5525 2324 5579 trabem
2360 5526 2640 5597 majorem
2674 5527 2860 5599 ipsius
2892 5527 3141 5583 basilicae
3159 5526 3349 5582 velum
3382 5527 3575 5599 majus
3592 5527 3665 5584 de

399 5621 663 5689 fundato,
696 5621 921 5678 habens
951 5622 1147 5677 trabes
1172 5622 1244 5677 de
1275 5621 1646 5694 chrysoelavo
1675 5626 1923 5693 septem,
1958 5626 2015 5676 et
2045 5621 2355 5694 perieiysin
2410 5624 2479 5679 de
2537 5624 2788 5679 blatthiu
2849 5626 3153 5696 Byzantea.
3188 5625 3345 5680 Fecit
3382 5625 3561 5681 etiam
3592 5627 3664 5682 ad

403 5723 676 5775 ornatum
697 5719 885 5792 ipsius
908 5718 1161 5774 basilica:
1186 5719 1244 5773 in
1276 5720 1463 5791 ipsam
1497 5720 1719 5774 trabem
1753 5719 1877 5774 vela
1902 5720 1972 5775 de
2002 5720 2365 5792 quadrapulo
2400 5738 2643 5776 numero
2675 5738 2795 5791 sex,
2830 5726 2887 5776 et
2916 5722 2986 5775 de
3018 5721 3235 5779 imizilo
3267 5722 3393 5779 vela
3422 5741 3666 5780 numero

403 5821 675 5889 quatuor.
693 5818 823 5890 Ipse
854 5834 1086 5890 quoque
1115 5816 1374 5890 pontifex
1406 5817 1541 5873 fecit
1563 5816 1735 5888 juxta
1764 5817 2119 5874 vestibulum
2151 5817 2353 5873 altaris
2386 5818 2444 5873 in
2475 5818 2739 5873 absidam
2768 5817 2895 5874 vela
2924 5820 2994 5876 de
3024 5821 3389 5896 quadrapulo
3419 5839 3665 5880 numero

401 5914 712 5973 duodecim
736 5931 749 5973 :
773 5914 993 5974 ibidem
1016 5916 1086 5973 de
1110 5914 1363 5973 blatthin
1381 5915 1506 5973 vela
1536 5933 1779 5973 numero
1801 5933 1921 5973 sex.
1943 5915 2304 5973 Venerabilis
2335 5932 2568 5987 quoque
2592 5916 2803 5987 prasul
2827 5919 2962 5975 fecit
2982 5919 3040 5976 in
3066 5919 3473 5993 ingressujam
3494 5919 3661 5977 dictae
