4044 6168
309 268 462 332 127⁸7
985 270 1359 334 HISTORIA
1404 271 1508 334 DE
1547 271 1750 335 VITIS
1796 270 1987 333 ROM.
2034 271 2363 333 PONT.—
2393 267 2894 332 VALENTINUS
2938 266 3016 329 II.
3551 260 3707 325 1278

444 400 795 459 inmanibus
810 402 1078 477 gestabat
1094 404 1387 473 ardentes,
1410 405 1584 462 verbo
1607 404 1828 462 scilicet
1844 404 2172 461 luculenter
2196 386 2512 478 refulgens,
2540 407 2598 459 et
2614 408 2746 459 actu
2774 401 3047 458 doctrina
3070 398 3287 473 pariter
3307 415 3548 455 munere
3568 413 3705 455 eum

335 500 408 557 45
444 500 757 575 magnifico
787 500 1051 573 exemplo
1080 500 1393 559 laudabilis
1424 503 1641 560 indicio
1671 504 2036 575 eoruscabat,

514 599 670 655 454
701 599 966 671 Superna
989 615 1222 671 quoque
1252 600 1354 656 Dei
1385 601 1700 657 auxiliante
1719 602 1952 669 virtute,
1976 619 2112 658 cum
2136 603 2261 674 jam
2287 601 2549 674 perfecta
2575 599 2809 655 initium
2836 598 3187 670 sumpsisset
3206 596 3412 660 atatis,
3436 598 3494 651 et
3515 592 3703 666 ipsius

442 696 723 752 bonitatis
751 699 924 768 atque
956 697 1293 770 sagacitatis
1320 698 1480 754 favor
1511 697 1682 773 longe
1709 698 1940 772 lateque
1974 700 2165 756 thuris
2193 698 2464 755 odoriferi
2512 699 2699 753 instar
2728 698 3032 769 fragraret,
3083 699 3141 750 et
3172 709 3342 749 aures
3373 690 3703 748 beatissimi

440 792 707 866 prasulis
726 794 835 866 pia
858 794 1148 850 memoria
1179 795 1380 851 domni
1411 795 1707 853 Paschalis
1735 813 1803 853 ex
1833 797 2094 853 fidelium
2117 797 2300 854 relatu
2320 795 2571 852 veridico
2595 793 2968 850 enucleanter
3001 790 3311 865 pulsasset,
3335 804 3605 862 eumque,
3635 790 3703 843 ut

440 889 693 964 populus
722 890 1112 963 collaudabat,
1147 892 1267 948 fore
1297 893 1358 949 in
1387 892 1663 950 omnibus
1692 893 1980 950 illustrem
2012 899 2069 950 et
2099 894 2384 967 inclytum
2404 892 2684 949 veraciter
2702 890 3031 946 didicisset:
3058 904 3191 943 mox
3214 886 3380 941 illum
3400 902 3501 958 per
3520 884 3703 941 eccle-

366 989 405 1045 5
441 988 709 1046 siastieos
738 990 958 1063 gradus
988 989 1061 1045 ad
1092 991 1552 1048 subdiaconatus
1580 991 1858 1049 honorem
1894 992 2154 1064 provexit
2172 1009 2240 1047 ex
2257 989 2633 1047 Lateranensi
2655 988 2868 1062 palatio
2891 991 2948 1043 et
2968 985 3080 1042 sibi
3102 983 3390 1041 deservire
3407 981 3699 1056 pracepit.

439 1086 622 1159 Cujus
644 1087 1101 1144 conversationis
1124 1092 1182 1144 et
1210 1088 1504 1161 patientia
1534 1089 1713 1145 vitam
1745 1106 1811 1145 ac
1842 1107 2035 1145 mores
2066 1091 2191 1162 ipse
2221 1105 2569 1163 agnoscens,
2597 1087 2763 1144 valde
2793 1085 2962 1142 illum
2998 1102 3112 1157 pra
3145 1082 3369 1139 cateris
3399 1080 3699 1153 diligebat.

443 1184 762 1246 Pradictus
792 1188 990 1242 autem
1020 1184 1126 1254 vir,
1159 1186 1347 1260 gratia
1378 1187 1629 1260 desuper
1656 1187 1854 1243 divina
1883 1188 2110 1243 favente
2141 1186 2235 1243 cui
2266 1205 2329 1243 se
2357 1190 2478 1242 tota
2526 1186 2741 1242 mentis
2772 1183 3074 1240 devotione
3122 1181 3463 1253 integraque
3491 1178 3704 1233 virtute

441 1282 762 1353 devoverat,
793 1282 1054 1340 veritatis
1083 1288 1141 1339 et
1171 1283 1468 1357 sapientia
1497 1284 1707 1357 plenus
1737 1284 1958 1341 lumine
1989 1286 2353 1341 coruscabat.
2387 1285 2523 1340 Erat
2547 1283 2704 1339 enim
2726 1298 2994 1338 sermone
3017 1278 3288 1345 affabilis,
3313 1276 3580 1332 doctrina
3594 1274 3707 1330 cla-

441 1396 562 1447 rus,
594 1379 757 1436 vultu
790 1380 1165 1453 conspicuus,
1197 1386 1254 1437 et
1283 1381 1434 1437 inter
1462 1382 1670 1439 fratres
1701 1383 1798 1455 pia
1827 1382 2130 1439 devotione
2161 1383 2461 1438 modestus
2484 1380 2881 1454 proximisque
2901 1378 3110 1434 fidelis.
3132 1375 3323 1432 Nullis
3342 1391 3476 1431 vero
3498 1390 3560 1430 se
3582 1372 3706 1446 qui-

323 1476 402 1533 40
440 1478 549 1533 bus
580 1476 795 1551 aliquis
825 1478 913 1534 vel
945 1477 1148 1535 leviter
1178 1479 1644 1547 contristaretur,
1675 1480 1869 1553 sagaci
1901 1485 2130 1553 pectore
2156 1479 2362 1546 fultus,
2397 1479 2647 1552 negotiis
2676 1476 3036 1550 implicabat.
3079 1474 3224 1530 Cum
3257 1474 3536 1547 pratérea
3565 1486 3701 1527 eum

438 1579 525 1631 tot
544 1574 714 1632 bonis
730 1575 1029 1649 tantisque
1044 1592 1287 1649 operum
1311 1577 1533 1634 meritis
1553 1578 1885 1651 praestantis
1898 1577 2158 1650 corporis
2171 1578 2420 1634 formam
2438 1576 2761 1650 elegantem
2773 1577 2899 1648 jam
2918 1574 3107 1631 dictus
3130 1571 3386 1646 pontifex
3405 1572 3703 1627 ornatum-

436 1689 551 1745 que
581 1672 912 1746 inspiceret,
945 1672 1181 1730 levitam
1210 1674 1369 1731 sedis
1400 1692 1518 1731 sua
1550 1676 1879 1748 apostolica
1911 1675 2287 1732 consecravit.
2318 1674 2421 1730 Cui
2451 1675 2524 1730 ob
2556 1692 2673 1730 sua
2720 1672 2849 1729 vita
2882 1672 3179 1738 meritum,
3229 1686 3345 1742 quo
3396 1666 3700 1740 splendide

436 1769 732 1838 rutilabat,
767 1767 825 1826 et
852 1771 924 1827 ab
947 1771 1106 1826 omni
1128 1771 1395 1828 Ecclesia
1418 1772 1604 1845 plebe,
1627 1777 1801 1846 atque
1820 1772 2031 1847 inclyto
2048 1773 2444 1829 Romanorum
2460 1771 2675 1845 populo
2693 1775 2843 1827 eatu
2860 1769 3084 1843 ingenti
3109 1767 3463 1841 diligebatur
3480 1772 3697 1831 amore,

435 1867 588 1923 bona
615 1871 672 1923 et
701 1868 983 1924 beneficia
1010 1868 1198 1925 multa
1226 1868 1492 1943 largiﬂue
1523 1870 1792 1937 contulit,
1824 1887 2077 1943 eumque
2103 1870 2479 1943 postmodum
2510 1869 2924 1926 archiaconum
2956 1867 3107 1923 fecit.
3135 1869 3256 1932 Quo
3287 1880 3428 1921 sane
3454 1859 3700 1935 prasule

323 1965 400 2021 15
436 1964 665 2021 Christo
686 1964 934 2037 jubente
964 1964 1226 2023 culmina
1255 1968 1570 2024 scandente
1601 1967 1879 2025 calestia.
1912 1968 2209 2042 Eugenius
2232 1972 2374 2024 tunc
2395 1966 2713 2040 pontificali
2744 1971 2834 2022 est
2853 1967 2924 2021 ab
2947 1965 3223 2021 omnibus
3243 1961 3500 2017 elevatus
3523 1959 3580 2013 in
3605 1958 3704 2014 ho-

436 2078 599 2134 nore,
629 2067 686 2119 et
712 2063 941 2135 positus
970 2062 1031 2119 in
1062 2064 1199 2121 sede
1229 2065 1568 2138 apostolica.
1602 2066 1708 2133 Qui
1735 2083 1870 2122 eum
1901 2067 2150 2136 cunctis,
2184 2082 2311 2138 qua
2334 2065 2610 2134 diximus,
2636 2065 2805 2121 bonis
2827 2064 3165 2120 decoratum
3187 2058 3510 2116 luculenter
3529 2072 3701 2129 agno-

435 2176 625 2229 scens,
659 2161 817 2216 omni
849 2160 978 2216 vita
1008 2178 1128 2218 sua
1158 2165 1419 2236 tempore
1448 2162 1932 2221 charissimorum
1961 2165 2083 2221 vice
2115 2164 2375 2229 retinuit,
2398 2168 2456 2219 et
2472 2163 2629 2219 velut
2657 2167 2824 2235 pater
2844 2160 3076 2234 proprio
3104 2158 3222 2213 filio
3243 2157 3414 2213 eorde
3441 2170 3700 2227 congau-

434 2257 609 2314 debat
639 2256 840 2326 alacri,
875 2258 1120 2333 suisque
1148 2260 1486 2332 aspectibus
1524 2261 1690 2317 illum
1723 2262 1958 2319 assidue
1988 2261 2305 2317 consistere
2356 2261 2649 2333 cupiebat.
2703 2261 2938 2315 Peracto
2969 2274 3100 2313 vero
3131 2272 3195 2312 ac
3227 2253 3508 2310 divinitus
3534 2251 3699 2307 ﬁnito

432 2354 613 2427 hujus
643 2355 911 2428 prasulis
943 2356 1093 2414 lucis
1124 2358 1489 2414 transeuntis
1521 2360 1792 2428 termino,
1828 2361 1900 2415 ad
1933 2377 2109 2415 sacra
2142 2359 2299 2414 sedis
2330 2358 2590 2414 culmina
2620 2357 2812 2414 omnis
2844 2357 3241 2411 Romanorum
3266 2356 3450 2410 catus
3479 2347 3699 2406 crebris

315 2453 395 2507 20
432 2451 746 2510 Dominum
768 2453 1015 2526 jejuniis
1044 2458 1102 2511 et
1128 2455 1489 2512 orationibus
1519 2456 1859 2528 deprecans,
1883 2462 1951 2513 ut
1979 2456 2113 2529 quis
2142 2460 2315 2512 tantae
2345 2455 2502 2512 sedis
2533 2455 2752 2511 honore
2784 2453 2999 2526 dignus
3032 2453 3178 2539 foret
3198 2466 3401 2506 eorum
3424 2446 3698 2504 sensibus

431 2548 683 2606 revelare
713 2550 1072 2625 dignaretur.
1107 2553 1217 2627 Sed
1251 2552 1447 2609 divina
1484 2554 1709 2626 placata
1742 2556 2040 2627 majestas,
2073 2571 2248 2627 quem
2279 2571 2349 2609 ex
2375 2551 2721 2609 sacerdotali
2743 2552 2828 2607 eis
2848 2550 3109 2623 catalogo
3131 2547 3466 2620 eligendum
3484 2560 3696 2600 arcano

424 2663 545 2703 sua
576 2648 842 2721 potentia
873 2654 1020 2706 nutu
1052 2651 1400 2720 ostenderet,
1434 2651 1546 2708 nisi
1567 2669 1724 2719 eum,
1748 2668 1925 2725 quem
1941 2653 2013 2709 ab
2032 2651 2178 2724 ipsis
2195 2651 2400 2708 matris
2420 2650 2700 2706 uberibus
2718 2653 2805 2705 tot
2825 2646 3179 2721 supradictis
3201 2645 3486 2701 virtutum
3510 2641 3695 2714 copiis

430 2748 489 2800 et
517 2744 913 2818 pulcherrimo
945 2748 1343 2804 doctrinarum
1375 2748 1515 2806 ﬂore
1545 2755 1869 2822 ornaverat,
1902 2755 2075 2822 atque
2104 2753 2472 2806 constantem
2503 2752 2560 2805 et
2588 2747 2816 2804 fidelem
2846 2747 2905 2802 in
2936 2744 3213 2802 omnibus
3243 2742 3355 2800 sibi
3388 2740 3693 2797 alumnum

430 2842 739 2911 nutrierat,
770 2844 1180 2902 sacratissima
1212 2846 1366 2903 sedis
1397 2852 1678 2905 rectorem
1710 2847 2027 2904 tribueret?

500 2941 653 2999 455
682 2941 952 3000 Collectis
986 2942 1165 3016 igitur
1180 2943 1239 2999 in
1260 2961 1444 3000 unum
1469 2945 1896 3002 venerabilibus
1915 2945 2225 3019 episcopis,
2258 2950 2316 3002 et
2332 2944 2603 3019 gloriosis
2619 2945 3014 3000 Romanorum
3033 2938 3391 3013 proceribus,
3414 2934 3695 3007 omnique

426 3038 634 3112 ampla
667 3039 837 3096 Urbis
868 3039 1083 3114 populo
1114 3042 1173 3097 in
1204 3041 1420 3115 palatio
1443 3042 1840 3114 Lateranensi,
1864 3046 1929 3099 ut
1954 3044 2109 3116 quod
2123 3044 2249 3114 jam
2272 3044 2432 3100 cordi
2454 3042 2683 3099 caelitus
2711 3039 3029 3097 revelatum
3049 3037 3293 3110 aquiter
3312 3050 3515 3091 omnes
3535 3036 3693 3089 tene-

432 3124 574 3192 bant
603 3136 660 3192 in
680 3154 797 3194 uno
813 3137 1129 3195 multorum
1148 3140 1346 3196 sonitu
1363 3144 1679 3208 resonaret,
1694 3140 1873 3197 unius
1890 3140 2206 3197 voluntatis
2225 3157 2517 3197 consensu
2530 3139 2756 3196 fortiter
2769 3137 3158 3194 acclamatum
3181 3138 3292 3202 est,
3311 3131 3692 3189 Valentinum

342 3268 347 3275 -
429 3233 870 3292 sanctissimum
887 3235 1365 3294 archidiaconum
1378 3237 1534 3294 sedis
1546 3237 1872 3311 apostolica
1885 3239 2163 3312 dignum!
2187 3238 2564 3294 Valentinum
2581 3236 2799 3293 summi
2814 3234 3182 3308 pontiﬁcatos
3205 3229 3393 3287 infula
3412 3230 3691 3285 decoran-

355 3332 390 3386 5
429 3331 603 3388 dum!
639 3332 741 3389 His
772 3334 968 3407 itaque
997 3333 1276 3391 melliﬂue
1294 3334 1488 3404 dictis,
1521 3352 1639 3392 una
1651 3352 1785 3391 mox
1796 3352 1998 3393 omnes
2010 3336 2172 3409 pacis
2188 3337 2316 3408 conj
2326 3335 2598 3392 unctione
2615 3337 2920 3390 manentes
2935 3332 3009 3388 ad
3025 3328 3331 3387 ecclesiam
3354 3331 3569 3385 sancta
3587 3323 3690 3381 Dei

429 3429 738 3487 Genitricis
766 3447 1113 3505 semperque
1142 3432 1400 3507 Virginis
1422 3433 1616 3489 Maria
1637 3434 1886 3489 domina
1900 3437 2109 3490 nostra
2124 3451 2287 3490 sacer
2302 3433 2665 3503 clericorum,
2684 3437 2742 3488 et
2764 3432 3160 3487 Romanorum
3184 3442 3452 3501 proceres
3474 3422 3694 3497 pariter

426 3543 562 3583 eum
592 3527 807 3601 populo
833 3535 1230 3602 properantes,
1265 3530 1617 3604 multiplices
1640 3548 1774 3587 eum
1797 3531 2043 3588 Domino
2062 3537 2255 3605 grates
2278 3549 2344 3588 ac
2368 3531 2571 3588 laudes
2592 3531 2929 3586 reddentem
2948 3544 3108 3583 more
3121 3525 3294 3583 solito
3320 3523 3688 3579 invenerunt.

426 3626 609 3690 Quem
637 3625 791 3682 illico
821 3627 1073 3684 multum
1105 3645 1171 3684 ac
1193 3628 1419 3685 diutius
1442 3629 1811 3697 renitentem,
1837 3646 2016 3701 seque
2036 3630 2182 3685 tanti
2207 3628 2507 3701 regiminis
2528 3629 2649 3685 fore
2672 3628 3063 3699 incongruum
3084 3632 3219 3680 Voce
3242 3622 3482 3678 strenua
3502 3617 3691 3692 profe-

424 3725 669 3791 rentem,
700 3722 868 3780 alma
899 3723 1106 3798 plebis,
1141 3729 1199 3781 et
1226 3724 1373 3781 latis
1404 3725 1712 3798 utriusque
1740 3725 1961 3782 militia
1994 3726 2393 3783 Romanorum
2424 3725 2650 3783 electua
2679 3728 2768 3781 est
2794 3723 3036 3779 vocibus
3063 3721 3122 3776 in
3154 3720 3291 3776 sede
3322 3716 3687 3791 pontificum.

317 3818 388 3874 10
421 3820 503 3875 Ac
531 3818 738 3877 deinde
770 3821 1077 3895 condignis
1101 3822 1293 3896 gloria
1326 3822 1602 3880 laudibus
1632 3828 1690 3880 et
1731 3823 1970 3880 honoris
2022 3823 2412 3897 amplitudine
2444 3825 2514 3880 ad
2545 3825 2936 3880 Lateranense
2984 3816 3404 3893 patriarchium
3437 3816 3508 3870 ab
3543 3812 3690 3887 ipsis

424 3917 732 3987 deductus,
764 3922 822 3975 et
848 3918 910 3975 in
939 3919 1257 3992 pontificali
1286 3925 1377 3977 est
1406 3922 1635 3994 positus
1682 3921 1913 3977 throno.
1947 3922 2128 3994 Cujus
2158 3926 2396 3978 ovanter
2426 3922 2497 3978 ab
2541 3921 2700 3977 omni
2756 3920 3155 3975 Romanorum
3185 3918 3391 3972 senatu
3441 3911 3689 3986 pedibus

425 4012 726 4084 osculatis,
759 4021 817 4073 et
847 4017 1124 4074 omnibus
1154 4034 1281 4090 qua
1301 4018 1586 4091 explenda
1615 4023 1781 4075 erant
1808 4019 1915 4075 rite
1946 4036 2012 4075 ac
2041 4024 2382 4075 veneranter
2410 4017 2680 4092 peractis,
2715 4032 2931 4090 magna
2950 4013 3254 4081 sobrietas,-
3278 4027 3490 4084 magna
3514 4008 3575 4064 in
3600 4012 3687 4065 to-

423 4110 543 4168 tius
572 4130 745 4171 sexus
766 4118 826 4171 et
854 4114 1044 4172 atatis
1073 4114 1288 4188 populo
1319 4115 1519 4173 latitia
1548 4117 1788 4173 mansit.
1820 4117 2079 4189 Ejusquc
2123 4116 2578 4174 consecrationis
2609 4115 2700 4172 die
2730 4130 2933 4172 sereno
2972 4113 3100 4185 jam
3127 4110 3520 4176 illucescente,
3551 4124 3686 4163 cum

423 4207 649 4267 lumine
668 4212 798 4284 jam
825 4211 1048 4269 dictum
1080 4211 1401 4269 antistitem
1435 4214 1508 4270 ab
1532 4214 1686 4270 beati
1705 4215 1853 4271 Petri
1876 4214 2270 4287 apostolorum
2290 4214 2570 4288 principis
2593 4212 2899 4269 ecclesiam
2921 4227 3124 4267 omnes
3145 4208 3362 4282 pariter
3383 4204 3629 4262 Romani
3654 4221 3688 4260 a

316 4306 387 4362 15
421 4306 639 4379 palatio
659 4309 1014 4367 deducentes
1033 4327 1191 4378 eum,
1215 4312 1522 4383 majestate
1546 4311 1743 4368 divina
1762 4311 2099 4379 auxiliante,
2121 4312 2178 4367 in
2203 4312 2318 4368 alto
2340 4312 2548 4368 throno
2571 4327 2873 4368 summum
2897 4322 3305 4366 consecravere
3326 4303 3683 4378 pontificem.

494 4404 649 4462 450
679 4405 787 4474 Qui
817 4424 953 4464 mox
979 4407 1244 4465 almifica
1276 4409 1435 4466 sedis
1463 4409 1725 4466 culmina
1752 4410 2041 4466 scandens
2066 4409 2221 4465 beati
2240 4410 2389 4466 Petri
2420 4409 2667 4483 apostoli
2691 4413 2749 4466 et
2771 4408 3023 4465 caelestis
3049 4405 3210 4480 regni
3231 4400 3521 4475 clavigeri,
3545 4398 3684 4455 divi-

422 4501 517 4559 nis
546 4503 663 4560 Deo
694 4503 969 4562 laudibus
999 4510 1057 4562 et
1084 4506 1386 4564 sacrificiis
1419 4506 1510 4580 pie
1540 4506 1772 4576 oblatis,
1806 4507 2002 4581 amplo
2031 4511 2088 4563 et
2105 4507 2415 4581 magnifico
2438 4509 2834 4564 Romanorum
2855 4510 3005 4562 coetu
3033 4504 3104 4561 ad
3131 4501 3414 4576 palatium
3437 4515 3571 4555 cum
3594 4496 3684 4553 in-

422 4600 579 4674 genti
590 4602 802 4675 gaudio
814 4601 1117 4673 remeavit;
1144 4609 1318 4678 atque
1337 4604 1686 4662 lautissimis
1708 4606 1959 4678 dapidus
1971 4604 2247 4678 sumptis,
2262 4606 2805 4663 amantissimorum
2820 4603 3022 4659 multis
3033 4600 3344 4659 etdiversis
3366 4611 3681 4653 munerum

422 4697 592 4755 donis
623 4716 852 4757 sacram
882 4700 1115 4774 plebom
1142 4706 1199 4759 et
1228 4707 1499 4759 senatum
1530 4702 1931 4776 populumque
1962 4704 2293 4759 Romanum
2326 4703 2542 4775 optime
2571 4706 2649 4773 (α)
2681 4701 2904 4758 ditavit.
2937 4701 3074 4756 Erat
3102 4698 3319 4771 quippe
3347 4693 3683 4769 dapsilitate

347 4795 386 4850 5
423 4792 695 4868 inclytus,
729 4797 955 4855 actione
984 4800 1336 4872 pracipuus,
1370 4817 1637 4857 sermone
1668 4800 2021 4869 luculentus,
2054 4800 2331 4856 omnibus
2359 4800 2763 4873 compassione
2792 4797 3110 4871 proximus,
3144 4800 3201 4852 et
3220 4795 3477 4868 inopiam
3501 4791 3683 4850 susti-

420 4891 694 4950 nentibus
725 4899 1123 4967 opportunum
1176 4897 1465 4953 instanter
1492 4896 1768 4954 solatium
1800 4899 2083 4971 prabens.
2117 4898 2341 4964 Quibus
2373 4897 2800 4971 multiplicibus
2830 4896 2999 4953 bonis
3025 4898 3301 4962 ornatus,,
3321 4894 3395 4949 ad
3427 4892 3683 4949 calestia

420 4988 648 5046 Christo
678 4996 918 5048 vocante
946 4994 1205 5066 corporis
1246 5010 1565 5068 oppressus
1612 4995 1879 5052 molestia
1915 4996 2069 5052 exitu
2099 4996 2353 5067 pretioso
2406 4994 2694 5063 transivit,
2744 4999 2919 5067 atque
2966 5010 3100 5050 cum
3141 4991 3511 5049 desiderabili
3543 4992 3679 5048 bea-

420 5085 753 5160 tissimique
783 5089 978 5163 operis
1007 5091 1201 5148 fructu
1232 5092 1305 5148 ad
1336 5097 1715 5167 conspectum
1746 5110 1991 5149 summa
2020 5094 2350 5166 majestatis
2382 5093 2550 5151 latus
2584 5093 2867 5161 ascendit,
2901 5092 3105 5149 latans
3137 5095 3193 5147 et
3222 5090 3521 5148 exsultans
3543 5105 3678 5144 eum

420 5182 667 5242 Domino
696 5203 948 5262 semper.

1462 5322 1713 5370 NOTULE
1753 5325 2138 5371 MABGINALES
2181 5325 2500 5371 FABROTTI.

367 5407 451 5464 a)’
479 5406 693 5464 ooime.

347 5404 451 5478 (a)'
479 5406 693 5481 opime.

1619 5509 1861 5567 VARI/E
1900 5512 2319 5570 LECTIONES.

556 5628 712 5701 Apud
740 5632 1053 5688 Fabrouum
1082 5648 1153 5689 ex
1180 5632 1359 5689 codice
1385 5635 1633 5691 Freherz‘.
1948 5638 2001 5705 Α
2031 5654 2193 5693 more
2240 5637 2442 5710 nobili.
2479 5637 2567 5695 lin
2614 5641 2669 5710 8,
2700 5633 3098 5710 inspirationis
3145 5635 3395 5687 nectare.
3441 5633 3528 5688 lin
3581 5631 3667 5701 15,

343 5718 491 5772 Num
530 5718 657 5792 _4_53,
711 5719 792 5775 lin
840 5720 890 5786 1,
942 5724 1105 5792 patre
1148 5720 1415 5792 Leontio,
1450 5724 1603 5778 sedit
1657 5740 1919 5781 mensem
2030 5708 2298 5781 exempli-

275 5801 482 5854 unum,
513 5788 638 5847 dies
671 5792 756 5861 10,
790 5792 876 5848 (in
903 5788 963 5861 5,
993 5790 1337 5863 rimabatur,
1369 5798 1426 5850 et
1461 5794 1705 5869 ingenti.
1745 5795 1831 5853 lin
1859 5799 1913 5866 6,
2096 5802 2244 5855 Num
2273 5798 2396 5867 454,
2430 5797 2512 5854 (in
2527 5798 2582 5864 9,
2616 5794 2935 5852 intentione
2969 5793 3292 5851 modestus.
