4044 6168
389 208 547 284 £279
1530 226 1952 292 ANAS'I‘ASII
1994 230 2647 292 BlBLIOTHECARll.
3618 238 3746 304 1280

2061 367 2116 434 Α
2221 362 2365 418 Num
2396 368 2522 433 456,
2551 367 2634 422 lin
2662 368 2718 435 6,
2750 369 2992 425 ornatus
3022 364 3253 422 Christo
3281 382 3385 423 voc
3414 368 3481 423 ad
3512 363 3745 431 coalestia'

459 353 609 407 Num
628 352 751 423 455,
783 352 870 410 lin
902 353 987 424 15,
1018 354 1079 414 in
1110 358 1331 417 sedem.
2061 367 2116 434 Α
2153 440 2191 449 Α.
2221 362 2365 449 Itium
2396 368 2522 449 456,
2551 367 2634 449 lin
2662 371 2676 449 ς

2144 440 2227 499 lin
2254 437 2289 489 7
2403 490 2416 514 ,
2443 438 2765 495 beatissimi
2793 458 2887 514 op.

628 515 714 569 Ea:
742 516 922 573 codice
951 520 1132 591 Regio,
1166 521 1444 579 Mamrino
1471 532 1523 581 et
1556 527 1793 584 Thuano.
2589 559 2675 613 Ex
2702 558 2878 615 σοαίσε
2917 558 3135 614 rimam;
3166 558 3357 614 altera.

460 643 609 696 Num
667 641 789 716 453,
828 641 929 716 lini
975 644 1025 712 1,
1072 648 1233 716 patre
1283 647 1544 714 Leontio,
1579 650 1730 706 sedit
1774 669 2036 709 mensem

392 727 598 791 unum,
622 712 843 791 et‘dies
876 715 1052 791 10,7‘et
1074 712 1327 791 cessavit
1356 719 1480 774 dies
1512 712 1563 787 4,
1602 721 1689 777 lin
1724 726 1780 791 2,
1812 726 1900 779 vir
1927 724 2038 781 istc

392 781 504 837 fuit
536 782 788 868 Spiritus
819 786 1006 868 sancti
1038 786 1377 868 r_e_plet_us,_et
1407 781 1897 868 perfususgratia
1918 814 2040 868 per-

393 853 631 932 mansit.
687 854 914 922 lnanes,
945 865 1018 932 ut
1062 853 1147 932 (in
1198 861 1254 914 5.
1297 853 1484 932 lin-6,
1536 853 1808 920 evitabat.
1856 853 2038 932 Quem

394 925 649 1004 domnus
679 943 829 1004 papa
858 925 1550 1004 Easchalisconspiciens
1583 935 1749 991 bonis
1766 925 2039 994 ornatum

395 995 1112 1073 mor_ibus,'arcbilevitam
1165 995 1348 1073 hujus
1376 1011 1589 1060 sancta:
1625 1007 1895 1063 Romanae
1937 1011 2039 1065 Ec—

397 1065 941 1148 clesiae-constituit:
979 1065 1264 1148 Defuncto
1286 1074 1483 1146 itaque
1522 1077 1736 1134 domno
1784 1080 2041 1148 Eugenio

396 1135 740 1224 Valentinus
761 1135 1414 1224 archilevita‘summum
1441 1150 1779 1224 conscendit
1793 1135 2040 1224 apicem.

399 1208 536 1267 Erat
566 1208 784 1283 quippe
815 1211 1167 1285 dapsilitate,
1200 1223 1257 1272 ut
1287 1232 1421 1272 num
1452 1220 1575 1287 456,
1614 1218 1675 1275 in
1705 1223 1756 1277 4.

2150 729 2442 784 Valentini
2470 730 2712 802 integra.

2475 842 2628 914 Apud
2662 845 2891 899 Peniam
2919 860 2990 899 ea:
3016 843 3195 900 codice
3220 848 3468 903 Cavensi.

2161 1081 2545 1155 delegantém.

2154 1228 2329 1298 atque
2355 1231 2551 1297 priest.
2585 1228 2667 1284 lin
2700 1229 2787 1298 13,
2820 1228 3219 1284 Romanorum
3251 1232 3424 1285 ecetu.

399 1367 3720 1403 *ΨΜ

2214 665 2364 714 Num
2416 657 2540 721 453,
2598 655 2688 712 lin
2736 658 2787 722 1,
2840 655 3207 712 Valentinus.
3264 656 3604 717 Dccideratur
3650 666 3750 722 Vita

2219 948 2367 997 Num
2397 941 2523 1006 453,
2551 942 2632 996 lin
2660 944 2715 1005 2,
2732 940 3203 1006 Valentinianus,
3222 945 3308 998 lin
3330 946 3386 1009 6,
3408 961 3559 1001 more
3585 948 3749 1005 nobili.

2152 1014 2247 1085 lin‘
2268 1014 2322 1077 8,
2357 1011 2758 1084 inSpirationis
2795 1013 3024 1085 plenus.
3056 1015 3142 1071 lin
3187 1015 3244 1082 9,
3279 1014 3569 1077 talaribus.
3597 1020 3663 1075 lin
3703 1022 3754 1077 10

2224 1159 2372 1210 Num
2403 1155 2526 1220 454,
2559 1157 2645 1231 lin
2697 1157 2780 1231 Ψ,
2815 1157 2950 1231 Quae
3004 1159 3270 1229 praetera.
3304 1158 3384 1213 lin
3434 1158 3517 1227 11,
3547 1161 3752 1231 meritis,

1672 1510 1835 1581 Clll.
1892 1512 2363 1584 GREGORIUS
2420 1514 2527 1583 IV.

890 1668 1049 1714 ANNO
1092 1671 1329 1718 cnmsrl
1371 1660 1511 1732 8‘27,
1556 1675 1841 1721 LUDOVICI
1884 1679 2012 1722 lup.

2206 1678 2608 1724 IMPEIIATORIS
2653 1679 2988 1727 MICIIAELIS
3033 1681 3206 1726 nam
3254 1669 3315 1731 7.

1899 1800 2311 1814 ——

618 1918 764 1975 457
802 1919 1113 1993 Gregorius
1140 1928 1408 1995 quartus,
1438 1926 1670 1983 natione
1702 1928 2021 1997 Romanus,
2056 1945 2125 1986 ex
2155 1933 2316 2002 patre
2339 1930 2583 1997 Joanne,
2606 1930 2759 1986 sedit
2780 1947 2966 1988 annos
2987 1931 3303 1988 sexdecim.
3327 1931 3429 1987 Vir
3448 1935 3693 1989 strenuus
3709 1952 3759 1990 ac

549 2015 1030 2090 benignissimus,
1065 2021 1371 2081 sanctitate
1399 2029 1575 2096 atque
1604 2026 1816 2098 pietate
1847 2028 2123 2100 repletus,
2147 2033 2390 2085 ornatus
2412 2028 2676 2099 scientia,
2698 2029 2871 2085 verbo
2885 2031 3203 2102 jocundus,
3228 2030 3525 2088 modestus
3545 2047 3646 2102 pra":
3663 2049 3759 2087 om-

549 2115 725 2173 nibus
755 2134 1043 2187 sermone,
1077 2119 1455 2179 ﬁrmissimus
1487 2124 1600 2179 ﬁde
1625 2125 1930 2192 catholica,
1960 2127 2160 2198 justus
2189 2127 2483 2198 operibus,
2508 2131 2566 2182 et
2585 2127 2910 2184 litterarum
2934 2127 3267 2185 divinarum
3290 2127 3683 2185 solertissimus
3701 2129 3763 2183 in-

552 2213 837 2284 quisitor;
870 2214 1248 2273 ecclesiarum
1280 2236 1513 2292 quoque
1544 2228 1880 2280 sanctarum
1907 2222 2289 2298 infatigabilis
2330 2224 2617 2295 visitator,
2668 2230 2834 2297 pater
2862 2243 3207 2299 pauperum,
3244 2231 3302 2282 et
3333 2225 3502 2282 alitor
3544 2226 3760 2281 omnium

480 2309 517 2367 5
552 2309 891 2368 viduarum:
924 2316 1222 2370 terrenum
1255 2315 1335 2371 nil
1367 2323 1668 2391 appetens,
1702 2322 2003 2377 mundana
2032 2322 2213 2394 hujus
2255 2323 2386 2379 vitae
2417 2323 2721 2395 praesentis
2744 2323 2908 2380 lucra
2935 2325 3230 2394 deserens,
3266 2329 3475 2380 a>terna
3497 2323 3705 2397 praamia
3719 2322 3762 2377 in

554 2407 716 2467 cmlis
741 2408 937 2483 dignis
966 2411 1079 2467 sibi
1115 2414 1337 2471 meritis
1365 2415 1694 2488 acquisivit.
1727 2419 1830 2476 Hic
1860 2437 1895 2476 a
1924 2424 2036 2477 Deo
2068 2421 2448 2478 beatissimus
2480 2421 2739 2494 pontifex
2783 2438 2992 2495 genere
3024 2421 3241 2490 clarus,
3268 2423 3370 2478 sed
3400 2420 3579 2496 magis
3597 2419 3764 2477 clarior

554 2506 883 2576 sanctitate,
918 2509 1104 2567 forma
1122 2511 1384 2583 pulcher,
1407 2514 1520 2570 ﬁde
1542 2515 1858 2587 pulchrior.
1873 2520 2006 2584 Quae
2028 2518 2781 2575 scilicetuniversalaudum
2796 2519 3083 2592 praeconia
3095 2538 3209 2576 non
3227 2520 3419 2576 solum
3442 2519 3764 2592 pontiﬁcatus

557 2604 648 2667 sui
676 2609 936 2678 tempore
964 2607 1322 2682 claruerunt,
1357 2612 1457 2672 sed
1487 2616 1663 2672 etiam
1691 2632 1826 2671 cum
1856 2617 2048 2674 adhuc
2087 2616 2451 2689 juvenilibus
2480 2616 2650 2673 annis
2697 2616 2958 2689 polleret,
2989 2615 3130 2674 talia
3173 2634 3449 2691 peragere
3476 2616 3764 2672 indeﬁciens

556 2705 881 2776 εδιειϐοδᾶι-
915 2710 1050 2773 Quae
1079 2727 1171 2768 res
1205 2712 1486 2770 Romanis
1515 2715 1792 2771 omnibus
1823 2732 1937 2771 non
1970 2715 2071 2770 diu
2102 2715 2392 2771 occultata
2432 2714 2774 2788 permansit,
2825 2714 2980 2773 sicut
3024 2716 3314 2788 scriptum
3346 2719 3461 2770 est:
3496 2714 3622 2785 Quia
3645 2728 3766 2768 uenae

462 2807 529 2861 lO
565 2803 809 2861 accendit
840 2806 1140 2875 lucernam,
1172 2818 1223 2865 et
1249 2813 1405 2882 ponit
1430 2828 1551 2868 eam
1579 2814 1679 2868 sub
1711 2814 1913 2879 modio,
1945 2813 2037 2870 sed
2065 2821 2127 2870 ut
2154 2814 2330 2870 luceat
2348 2814 2602 2869 omnibus
2620 2816 2721 2886 qui
2750 2815 2809 2869 in
2828 2813 2984 2869 domo
3000 2821 3131 2869 sunt
3151 2817 3248 2883 (α).
3272 2813 3449 2887 Coepit
3469 2815 3651 2866 sancta
3668 2810 3767 2881 ejus

560 2904 819 2976 operatio
848 2905 918 2961 de
946 2904 1039 2961 die
1067 2906 1126 2963 in
1156 2906 1312 2964 diem
1345 2926 1449 2981 per
1479 2914 1661 2965 totam
1695 2911 2013 2967 Romanam
2050 2910 2300 2983 plcniter
2322 2911 2523 2967 urbem
2555 2927 2827 2967 resonare
2856 2909 3187 2984 evangelica
3218 2927 3507 2975 sermone,
3544 2909 3766 2964 docente:

560 3002 727 3059 Nihil
754 3013 1018 3075 opertum,
1052 3005 1193 3078 quod
1218 3022 1331 3063 non
1356 3006 1710 3075 revelabitur,
1744 3016 1795 3065 et
1823 3009 2095 3065 occultum
2112 3008 2252 3081 quod
2271 3024 2382 3064 non
2400 3010 2611 3065 sciatur
2630 3009 2724 3081 (b).
2750 3008 2856 3065 Pro
2878 3009 3096 3081 quibus
3119 3007 3373 3081 denique
3393 3002 3769 3062 innumerabili-

564 3100 677 3161 bus
706 3101 879 3160 bonis
905 3119 939 3159 a
969 3102 1341 3161 sanctissimo
1367 3104 1546 3176 hujus
1577 3122 1752 3161 sacrae
1784 3106 1941 3163 sedis
1970 3107 2185 3162 domno
2217 3105 2479 3162 Paschali
2510 3123 2679 3178 papa,
2704 3123 2819 3162 non
2852 3105 3043 3163 solum
3075 3105 3490 3171 subdiaconus,
3512 3104 3601 3160 sed
3628 3101 3769 3157 etiam

526 3244 531 3249 .
564 3199 911 3269 sacerdos(c)
937 3200 1178 3258 eﬁ‘ectus
1208 3205 1316 3258 est.
1351 3183 1680 3258 Permansit
1706 3220 1840 3259 vero
1873 3204 1930 3258 in
1962 3204 2267 3260 sacerdotii
2298 3204 2387 3261 sui
2420 3204 2625 3260 habitu
2658 3203 3012 3259 constitutus
3040 3208 3196 3260 caste
3226 3220 3296 3259 ac
3312 3201 3535 3276 pudice,
3557 3198 3766 3255 recolens

457 3292 529 3355 45
566 3293 712 3353 illud
744 3299 901 3369 quod
931 3298 1234 3370 Scriptura
1261 3317 1429 3356 sacra
1457 3306 1896 3369 commemorat,
1932 3301 2159 3359 dicens:
2192 3302 2500 3359 Sacerdotes
2532 3304 2638 3358 Dei
2666 3300 2973 3357 induantur
2991 3303 3213 3374 justitia
3242 3302 3346 3370 (ά),
3388 3299 3445 3355 id
3474 3303 3574 3366 est,
3603 3314 3698 3352 non
3722 3295 3766 3350 in

567 3393 700 3453 aliis
730 3399 936 3451 vacent
965 3396 1078 3454 nisi
1108 3397 1390 3466 oratione,
1420 3398 1666 3455 lectione
1694 3403 1752 3455 et
1774 3399 2022 3472 jejunio.
2056 3400 2319 3472 Cumque
2349 3400 2407 3455 in
2440 3399 2532 3455 his
2565 3400 2826 3455 intentus
2872 3398 3171 3455 insisteret
3215 3398 3474 3454 humano
3512 3411 3651 3451 more
3669 3395 3764 3465 jam

568 3492 762 3550 dictus
795 3494 1088 3551 Paschalis
1112 3500 1273 3567 pont.
1305 3513 1374 3552 ex
1404 3496 1512 3552 hac
1542 3496 1673 3551 luce
1705 3498 2049 3565 subductus,
2082 3502 2139 3553 et
2167 3498 2463 3569 Eugenius
2494 3514 2527 3552 a
2552 3498 2666 3553 Deo
2698 3497 2916 3552 electus
2937 3496 3183 3553 antistes
3204 3495 3356 3552 sacri
3380 3493 3553 3569 apicis
3571 3492 3767 3562 adeptus

570 3584 659 3654 est
688 3581 1054 3653 dignitatem.
1090 3584 1442 3640 Permauens
1474 3590 1669 3640 autem
1702 3585 1761 3641 in
1791 3585 1901 3641 hac
1943 3604 2045 3659 per
2075 3586 2371 3642 modicum
2420 3591 2677 3659 tempus,
2705 3586 2826 3641 vita
2855 3589 2912 3641 et
2942 3585 3065 3658 ipse
3096 3586 3318 3657 pariter
3365 3584 3646 3640 defunctus
3683 3581 3765 3632 est.

576 3649 709 3723 Post
736 3649 893 3726 hunc
923 3670 1269 3731 Valentinus
1298 3671 1640 3729 alendorum
1671 3690 1915 3747 gregum
1943 3649 2294 3747 praesulatus
2318 3649 2563 3731 culmen.
2584 3649 2827 3731 sortitus
2856 3649 2984 3730 sub.
2998 3649 3253 3728 inanima
3301 3670 3582 3729 celeritate
3605 3683 3663 3723 ex
3686 3664 3767 3720 hac

463 3765 536 3820 2O
573 3766 844 3837 praesenti
872 3766 991 3825 vita
1018 3770 1353 3828 subtractus
1383 3775 1493 3827 est.
1763 3757 1769 3761 ’

645 3863 799 3927 458
830 3864 1143 3939 Coeperunt
1172 3868 1423 3942 denique
1453 3868 1699 3926 Romani
1731 3868 1948 3942 pariter
1975 3885 2179 3927 omnes
2208 3887 2326 3926 non
2357 3868 2547 3926 solum
2581 3869 2653 3925 de
2682 3868 3060 3941 pontiﬁcibus
3090 3871 3212 3927 tam
3245 3866 3441 3923 subito
3460 3858 3686 3965 perditis,
3704 3872 3772 3965 ve-

474 3962 489 3971 '
575 3978 708 4018 rum
737 3961 913 4020 etiam
945 3965 1018 4022 de
1049 3966 1242 4025 futuro
1269 3968 1488 4025 arctius
1518 3968 1793 4043 cogitare,
1826 3972 1891 4026 ut
1919 3984 2092 4040 quem
2120 3967 2306 4025 sancti
2338 3967 2591 4040 Spiritus
2620 3966 2810 4041 gratia
2838 3965 3261 4040 perlustratum
3287 3978 3584 4038 agnoscere
3601 3960 3769 4032 potuis-

574 4064 724 4128 sent,
755 4062 865 4118 snb
897 4065 1068 4137 cujus
1098 4065 1364 4125 doctrina
1392 4071 1569 4141 atque
1597 4066 1843 4139 imperio
1875 4070 2087 4123 cuncta
2115 4070 2454 4123 senatorum
2485 4065 2763 4122 nobilitas
2800 4064 2911 4121 rite
2949 4065 3159 4137 degere
3206 4064 3508 4136 potuisset.
3563 4060 3769 4161 0001:“

578 4159 843 4218 videlicet
873 4161 1277 4220 universorum
1310 4182 1616 4238 procerum
1646 4164 1823 4220 corda
1852 4164 2086 4237 adiutor
2115 4164 2175 4219 in
2206 4163 2763 4237 opportunitatibus,
2792 4162 2854 4218 in
2884 4161 3280 4228 tribuiatione,
3316 4161 3537 4259 Greater
3562 4159 3769 4259 οωξιξυξη

505 4259 542 4316 5
578 4258 733 4317 Deus
758 4260 1220 4335 inexstinguibili
1252 4280 1361 4320 suo
1391 4244 1594 4320 sancto
1623 4261 1845 4318 lumine
1874 4260 2196 4333 succendit,
2228 4266 2285 4317 et
2314 4263 2542 4317 mentes
2571 4277 2773 4317 eorum
2805 4260 2878 4316 ad
2907 4258 3231 4316 beatissimi
3251 4255 3502 4331 Gregorii
3523 4244 3769 4359 quarti?“

580 4358 735 4415 facta
765 4356 1065 4416 convertit.
1097 4360 1648 4433 Consenseruntque
1678 4377 1881 4418 omnes
1911 4359 1971 4416 in
2002 4361 2206 4416 eodem
2257 4359 2489 4432 spiritu,
2523 4362 2583 4415 et
2611 4358 2812 4414 anima
2849 4374 2987 4413 una.
3022 4357 3256 4414 Electus
3284 4362 3473 4412 autem
3503 4352 3567 4407 ab
3596 4352 3666 4405 eis
3689 4359 3767 4416 Pa‘

582 4457 857 4514 triarchio
906 4458 1279 4515 Lateranensi
1328 4459 1609 4515 inductus
1653 4463 1763 4527 est,
1815 4457 2220 4515 abstrahentes
2272 4456 2513 4530 quidem
2561 4455 2731 4512 illum
2779 4473 2848 4512 ex
2876 4446 3117 4511 basilica
3163 4454 3463 4556 beatorum
3507 4448 3767 4556 me“???

585 4561 802 4613 Cosme;
836 4560 892 4613 et
920 4555 1190 4615 Damiani
1218 4573 1322 4630 per
1348 4557 1497 4626 vim;
1531 4555 1762 4613 dicebat
1786 4556 1944 4612 enim
1992 4572 2054 4612 se
2080 4556 2149 4612 ad
2184 4554 2297 4611 tale
2327 4554 2722 4610 ministerium
2775 4552 3047 4609 inutilem
3079 4553 3219 4608 fore.
3253 4552 3367 4608 Sed
3414 4542 3767 4644 quoniam

588 4655 889 4713 immensae
913 4654 1279 4715 multitudini
1308 4656 1579 4712 resistere
1610 4671 1724 4710 non
1756 4653 1959 4721 valuit,
1986 4655 2059 4710 ad
2080 4653 2271 4710 locum
2286 4655 2413 4726 jam
2437 4657 2571 4709 ante
2589 4651 2933 4726 praedictum
2954 4666 3089 4707 eum
3110 4666 3243 4706 cum
3266 4648 3495 4722 hymnis
3513 4648 3564 4701 et
3581 4641 3769 4697 cautius

482 4752 551 4806 10
588 4753 995 4824 spiritualibus
1017 4754 1401 4811 deduxerunt.
2199 4848 2212 4857 _
2341 4848 2356 4857 .
2433 4849 2443 4857 _
3405 4843 3440 4857 ν
3510 4830 3685 4857 ,L___.

661 4850 836 4913 459.
870 4850 1083 4907 Verum
1118 4851 1257 4924 quia
1286 4850 1633 4925 investigare
1662 4855 1874 4908 cuneta
1903 4867 2031 4923 qua:
2061 4848 2244 4923 gessit
2275 4848 2447 4905 celeri
2479 4863 2749 4904 sermone
2777 4865 2893 4903 non
2924 4862 3264 4920 possumus.
3295 4861 3382 4912 68.
3405 4843 3529 4951 Ῑίοξδί

592 4946 666 5001 ad
696 4947 963 5004 notitiam
994 4950 1259 5007 omnium
1290 4923 1702 5025 perducamus,
1736 4966 1864 5020 quae
1893 4948 2078 5006 sacris
2108 4964 2173 5003 ac
2202 4946 2634 5003 venerabilibus
2659 4949 2854 5003 mente
2872 4944 3097 5018 integra
3118 4948 3176 5000 et
3197 4942 3293 5017 pia
3314 4938 3591 4999 devotione
3609 4923 3770 5033 alitum

594 5042 756 5100 locis.
791 5043 1070 5101 Praeterea
1096 5052 1228 5120 post
1253 5047 1597 5105 electionem
1628 5046 1806 5104 simul
1836 5051 1895 5103 et
1923 5045 2417 5104 consecrationem
2450 5043 2798 5117 praesulatus
2829 5042 2919 5099 sui
2940 5042 3119 5115 ccepit
3138 5039 3547 5114 permaximum
3567 5025 3768 5087 studium

594 5141 809 5198 habere
838 5141 908 5198 de
936 5144 1153 5201 sanctis
1184 5149 1241 5202 et
1266 5148 1336 5202 de
1365 5163 1565 5203 eorum
1597 5145 1879 5213 ecclesiis,
1913 5148 2203 5217 quatenus
2233 5144 2303 5199 ad
2335 5145 2557 5198 statum
2588 5140 2903 5214 pristinum
2945 5157 3091 5196 novo
3139 5139 3302 5196 cultu
3354 5152 3465 5236 ω,
3504 5121 3770 5236 Ρτοξθεξῖξ

523 5240 559 5294 5
597 5240 842 5296 Domino
863 5240 1036 5297 citius
1060 5249 1377 5312 revocaret;
1410 5245 1563 5317 quod
1589 5245 1829 5309 factum,
1851 5247 1970 5300 est:
2004 5258 2140 5298 nam
2167 5258 2233 5297 eo
2264 5245 2527 5313 tempore
2557 5238 2863 5296 ecclesiam
2896 5237 3052 5294 beati
3082 5235 3382 5294 Saturnini
3403 5218 3767 5340 martyf‘lsi‘ff:

598 5342 822 5410 portam
855 5338 1139 5397 Salariam
1169 5341 1568 5409 constitutam,
1602 5358 1730 5414 qua;
1760 5343 2044 5396 vetustate
2074 5337 2260 5394 nimia
2286 5337 2675 5410 etlongojam
2699 5335 2859 5392 senio
2881 5353 2915 5392 a
2936 5333 3335 5390 fundamentis
3356 5325 3769 5460 ceciderabssr

617 5446 640 5460 ι-
674 5444 684 5460 ι
745 5444 756 5455 -
800 5444 811 5455 ο
944 5439 1146 5460 τερ-,ηε
1176 5440 1300 5460 ιι--ει
1368 5444 1412 5460 ,ι
1451 5439 1690 5460 ημιηᾉξ-
1720 5437 1892 5460 _-__2:_
1930 5435 2209 5460 .1---..--.:L
2278 5435 2374 5460 --ιε
2410 5434 2576 5460 Αιεη...
2615 5433 2820 5460 ,Λάμια
2850 5436 3064 5460 ..ιη-ιλ...
3101 5433 3168 5460 ..ιη
3194 5430 3426 5460 ι’...υξηιη
3448 5436 3598 5460 "nam
3751 5433 3767 5443 '

615 5444 847 5500 fabricis
878 5439 1149 5498 aediﬁcari
1175 5440 1326 5509 fecit,
1361 5444 1418 5495 et
1450 5439 1692 5512 picturis
1720 5437 1895 5494 variis
1924 5435 2243 5503 decoravit;
2278 5435 2380 5492 ubi
2405 5434 2581 5491 etiam
2612 5433 2824 5490 obtulit
2850 5436 3068 5490 vestem
3099 5433 3169 5488 de
3193 5430 3426 5487 fundato
3448 5436 3616 5482 unam.

641 5543 652 5554 ι
739 5546 749 5556 .
983 5541 1038 5556 ιη
1110 5540 1124 5556 1
1215 5555 1222 5556 ,
1539 5555 1546 5556 κ
1578 5536 1603 5556 ,9
1660 5554 1678 5556 ξ
1712 5536 1847 5556 j!_n_
1888 5540 2018 5556 ____L
2073 5534 2137 5556 -J
2172 5533 2276 5556 Αἲξ..
2305 5531 2810 5556 ι--..-..--ι2Ω--12-
2838 5529 3643 5556 -ε--..-..ε-...υυυηιιηιΑ-ηι-ηηῇιι
3687 5544 3697 5556 ι

604 5543 790 5599 ciente
816 5560 949 5598 vero
981 5541 1080 5597 illo
1110 5540 1232 5596 haec
1263 5556 1389 5613 quae
1413 5536 1681 5612 superius
1703 5536 1857 5592 dicta
1884 5540 2040 5603 sunt,
2070 5534 2141 5591 ad
2167 5533 2283 5591 alia
2305 5538 2444 5589 tunc
2459 5531 2813 5604 pontiﬁcalis
2834 5533 2965 5605 ejus
2977 5529 3212 5587 animus
3225 5530 3539 5589 sanctorum
3551 5516 3769 5588 ορυεθυίδ

1675 5670 1914 5710 NOTULE
1951 5666 2222 5708 FABROTTI
2262 5665 2642 5707 MARGINALES.

534 5782 614 5852 (α)
645 5777 826 5834 Παιαι.
858 5794 912 5832 ν.
944 5777 1018 5850 (b)
1050 5777 1243 5834 Matth.
1274 5794 1330 5833 x.
1365 5774 1435 5849 (e)
1461 5774 1744 5848 presbyter
1771 5771 1980 5826 scilicet
1999 5786 2038 5824 c4

2202 5766 2319 5821 alis.
2349 5763 2428 5833 (ἀ)
2459 5765 2611 5820 Psal.
2644 5779 2831 5822 cxxxx.
