4058 6162
232 129 369 193 1281
728 139 740 151 ‘
916 124 1290 189 HISTORIA
1331 125 1434 187 DE
1477 122 1681 188 VITIS
1729 123 1918 186 ROM.
1969 124 2294 186 PONT.-—
2324 122 2770 191 GllEGORlUS
2818 127 2917 190 IV.
3463 126 3621 195 1282

366 274 742 332 summopere
772 259 948 332 cmpit
976 259 1293 316 attendere.
1335 258 1408 313 Et
1433 256 1712 330 quoniam
1745 260 1884 312 tunc
1914 257 2110 312 divino
2140 256 2295 328 ignis
2325 272 2523 313 amore
2559 270 2878 316 succensus
2905 272 3118 334 corpus
3160 260 3313 318 beati
3360 263 3623 338 Gregorii

264 348 330 416 l0
366 359 549 430 hujus
571 355 917 413 universalis
948 356 1216 412 Ecclesiae
1234 355 1524 427 prmsulis,
1539 372 1639 427 per
1658 371 1831 427 quem
1855 354 2042 408 sancti
2069 354 2321 427 Spiritus
2336 356 2522 428 gratia
2543 359 2661 413 toto
2683 359 2820 413 orbe
2842 362 3126 415 terrarum
3148 359 3622 436 inexstinguibile

371 455 670 528 sapientiae
701 471 921 509 munus
951 453 1285 522 induxit,ex
1314 452 1438 509 loco
1459 452 1726 525 sepultus
1758 468 1875 524 quo
1906 451 2068 525 prius
2101 454 2286 509 fuerat
2312 453 2466 521 tulit,
2485 457 2545 509 ct
2573 471 2685 510 non
2715 456 2885 530 longe
2915 458 2988 513 ab
3018 474 3084 514 eo
3109 458 3165 513 in
3198 459 3378 515 alium
3403 461 3627 518 noviter

367 557 772 611 Constructum
794 552 946 608 infra
962 550 1268 608 ecclesiam
1290 551 1442 607 beati
1469 551 1618 608 Petri
1635 549 1882 623 apostoli
1902 567 2135 607 summo
2156 551 2375 607 honore
2387 552 2675 623 perduxit.
2695 554 2952 627 Ejusque
2973 570 3203 612 sacrum
3227 555 3405 613 altare
3426 566 3628 633 argen-

364 651 479 709 teis
516 651 733 708 tabulis
764 650 1023 722 undique
1044 650 1395 721 peramavit,
1425 652 1482 705 et
1508 649 1828 705 oratorium
1851 665 1958 704 suo
1982 653 2182 704 sancto
2207 649 2444 705 nomine
2463 649 3145 726 titulavit.Absidamque
3165 656 3427 726 ejusdem
3452 664 3630 732 super

370 755 575 807 aurato
605 748 833 806 musivo
864 746 1142 820 depinxit.
1178 748 1240 803 In
1263 762 1379 820 quo
1408 746 1631 804 scilicet
1661 746 1911 804 oratorio
1942 751 2279 803 sanctorum
2308 762 2552 820 corpora
2581 748 2885 804 beatorum
2919 756 3240 825 martyrum
3274 756 3626 833 Sebastiani,

264 852 333 907 15
363 847 641 922 Gorgonii
669 863 737 904 ac
767 845 1017 904 Tiburtii
1042 862 1111 902 ex
1140 844 1580 909 cmmeteriis,in
1613 845 1833 917 quibus
1862 848 1996 900 ante
2019 842 2691 917 jacebanhperduxitEt
2709 849 3171 923 unumquodque
3191 866 3392 912 eorum
3406 875 3634 931 separa.

373 942 451 1003 tis
480 945 766 1002 altaribus
794 943 1113 1010 collocavit,
1130 961 1232 1017 pro
1264 943 1480 1016 quibus
1511 942 1761 1015 denique
1791 941 2166 1015 pontiﬁcatus
2197 942 2289 997 sui
2320 947 2580 1015 tempore
2612 944 2861 1000 decrevit
2894 950 2958 1001 ut
2988 950 3399 1024 monachi,qul
3420 956 3489 1011 ad
3513 958 3635 1013 offi-

372 1045 532 1101 cium
563 1041 1008 1118 persolvendum
1040 1041 1098 1096 in
1129 1039 1376 1097 ecclesia
1404 1039 1556 1096 beati
1590 1039 1740 1096 Petri
1761 1038 2009 1112 apostoli
2033 1043 2173 1095 sunt
2195 1038 2809 1108 constituti,omnibus
2831 1042 3038 1099 diebus
3056 1044 3274 1103 ibidem
3298 1047 3500 1108 laudes
3518 1064 3638 1109 om-

373 1140 661 1215 nipotenti
692 1139 939 1195 Domino
968 1155 1175 1195 canere
1204 1155 1319 1194 non
1340 1137 1648 1194 desistant.
1663 1135 1888 1193 Obtulit
1906 1140 2103 1191 autem
2128 1137 2188 1193 in
2204 1137 2407 1193 eodem
2424 1138 2676 1194 oratorio
2691 1138 2818 1195 vela
2834 1141 3077 1212 majora,
3097 1143 3182 1200 vel
3203 1144 3432 1204 modica
3454 1151 3641 1208 serica

377 1241 575 1296 decem
606 1241 663 1295 et
691 1241 841 1294 octo.
872 1236 1076 1293 Vestes
1105 1253 1283 1309 super
1311 1235 1513 1305 altare,
1548 1235 1658 1291 sub
1690 1248 1805 1307 quo
1835 1233 2192 1291 sanctissimi
2225 1234 2483 1307 Gregorii
2516 1250 2677 1308 papae
2722 1253 2933 1310 corpus
2972 1240 3244 1316 quiescit,
3278 1248 3418 1302 tres.
3453 1246 3641 1308 Unam

260 1343 332 1395 20
377 1355 513 1395 cum
558 1334 955 1409 ehrysoclavo,
986 1334 1301 1392 habentem
1331 1332 1800 1390 historiam.......
1836 1335 1895 1389 et
1924 1348 2103 1404 super
2127 1333 2592 1405 unumquodque
2621 1334 2802 1390 altare
2849 1337 3259 1408 praedictorum
3311 1350 3639 1421 martyrum

376 1440 598 1495 vestem
628 1436 699 1491 de
719 1434 963 1490 fundato
986 1449 1185 1488 unam.
1202 1431 1491 1504 Imagines
1506 1430 1759 1503 denique
1778 1431 2028 1502 desuper
2046 1430 2476 1503 deargentatas,
2496 1447 2721 1487 necnon
2746 1450 2888 1490 auro
2909 1437 3178 1507 perfusas
3204 1442 3343 1499 tres.
3360 1443 3642 1505 habentes

380 1532 613 1591 vultum
642 1530 971 1600 Domini,et
999 1546 1202 1586 eorum
1235 1529 1515 1602 depictos,
1535 1544 1788 1600 quorum
1818 1524 2096 1601 specialia
2125 1527 2343 1584 ibidem
2375 1544 2616 1601 corpora
2646 1528 2890 1589 humata
2915 1534 3217 1595 miraculis
3238 1554 3304 1595 ac
3329 1541 3643 1604 virtutibus

384 1631 624 1706 pollent.
900 1686 903 1689 .
3102 1641 3111 1648 ’

456 1730 615 1786 400
652 1728 754 1784 His
775 1726 954 1801 igitur
978 1725 1246 1798 perfectis
1267 1724 1563 1797 operibus,
1579 1725 1650 1780 ad
1674 1724 1789 1780 alia
1808 1727 2043 1797 repente
2062 1723 2410 1781 venerabilis
2424 1725 2683 1797 pontifex
2702 1727 2967 1786 animum
2986 1737 3042 1789 et
3059 1742 3315 1796 mentem
3339 1751 3640 1808 convertit.

386 1829 533 1885 Nam
558 1825 867 1884 ecclesiam
898 1829 1038 1880 tunc
1064 1823 1215 1880 beati
1248 1823 1426 1879 Marci
1456 1822 1806 1879 confessoris
1836 1827 2011 1894 atque
2040 1820 2549 1894 pontificis,quam
2578 1828 2840 1897 tempore
2866 1830 3173 1889 sacerdotii
3207 1836 3297 1893 sui
3330 1844 3645 1916 regendam

390 1928 746 1999 susceperat,
780 1927 838 1980 et
868 1938 1172 1995 usquequo
1204 1922 1276 1977 ad
1306 1921 1681 1993 pontiﬁcatus
1712 1919 1972 1992 pervenit
2001 1919 2275 1992 gratiam,
2305 1919 2366 1973 in
2400 1938 2505 1976 suo
2528 1922 2683 1993 jure,
2717 1938 2783 1980 ac
2814 1925 3034 1984 ditione
3066 1939 3553 2015 permansit,quze
3575 1948 3649 2004 ob

391 2024 639 2080 nimiam
671 2021 1014 2078 vetustafem
1046 2019 1250 2076 crebro
1276 2035 1489 2075 casura
1513 2034 1643 2074 esse
1673 2017 1999 2087 videbatur,
2032 2033 2167 2072 cum
2198 2016 2616 2090 omnipotentis
2647 2020 2747 2077 Dei
2777 2023 3158 2096 cpitulatione
3190 2050 3223 2088 a
3254 2034 3652 2103 fundamentis

303 2126 347 2181 5
391 2122 557 2197 prius
585 2119 777 2194 ejecit,
809 2121 865 2174 et
894 2118 1269 2191 postmodum
1300 2115 1462 2172 novis
1494 2115 1731 2172 fabricis
1774 2119 1955 2171 totam
1986 2114 2060 2169 ad
2091 2113 2389 2170 meliorem
2421 2116 2645 2172 cultum
2677 2124 2853 2192 atque
2884 2123 3148 2181 decorem
3180 2134 3468 2204 perduxit,
3493 2141 3654 2197 absi-

396 2224 647 2293 damque
685 2217 874 2290 ipsius
904 2213 1335 2289 praenominataa
1364 2212 1618 2269 basilicae
1641 2213 1869 2267 musivo
1890 2213 2082 2267 aureis
2103 2213 2520 2284 superindueto
2544 2215 2835 2273 coloribus
2856 2236 2989 2276 cum
3013 2241 3248 2283 summa
3267 2233 3655 2303 gratulatione

397 2316 673 2392 depinxit.
709 2314 866 2372 Fecit
894 2329 1026 2368 vero
1058 2316 1215 2368 sarta
1246 2315 1396 2367 tecta
1427 2312 1555 2382 ejus
1585 2311 1783 2367 omnia
1814 2327 1997 2379 nova;
2029 2312 2084 2365 et
2110 2310 2396 2382 quidquid
2429 2311 2488 2367 in
2519 2328 2588 2368 ea
2617 2319 2750 2371 ante
2781 2317 2893 2374 vile
2933 2330 3298 2395 cognoverat,
3331 2333 3655 2402 pretiosum

399 2420 601 2490 postea
629 2429 760 2470 esse
791 2409 1017 2467 maluit.

470 2516 620 2572 401
656 2511 841 2584 Igitur
868 2507 1293 2565 consummatis
1323 2506 1600 2563 omnibus
1624 2506 1720 2562 his
1751 2520 1854 2578 pro
1888 2506 2141 2561 remedio
2173 2510 2231 2561 et
2260 2507 2460 2563 futura
2490 2509 2872 2568 retributione
2909 2514 3117 2572 animae
3166 2537 3304 2591 suae,
3339 2526 3552 2585 obtulit
3598 2531 3659 2588 in

393 2616 519 2688 jam
551 2628 702 2684 saepe
733 2607 1032 2665 nominata
1057 2604 1305 2662 ecclesia
1324 2604 1538 2661 futuris
1559 2604 1923 2676 temporibus
1949 2606 2341 2677 permanentia
2358 2604 2791 2679 haeczltegnum
2815 2627 3057 2668 aureum
3082 2624 3448 2692 unum,quod
3475 2642 3661 2700 usque

402 2711 579 2770 hedie
602 2724 782 2781 super
837 2704 1020 2761 altare
1069 2703 1377 2775 dependet,
1408 2719 1545 2758 cum
1595 2702 1847 2775 gemmis
1894 2701 2061 2757 valde
2107 2701 2365 2773 optimis,
2397 2702 2621 2760 habens
2651 2704 2712 2760 in
2745 2708 2938 2766 medio
2969 2726 3206 2770 auream
3238 2726 3491 2789 crucem,
3526 2740 3661 2783 cum

405 2806 658 2885 gemmis
707 2802 922 2877 pariter
951 2800 1261 2875 pretiosis;
1293 2800 1432 2855 item
1486 2798 1775 2873 gabathas
1803 2810 1871 2855 ex
1901 2814 2042 2855 auro
2090 2798 2407 2871 purissimo
2452 2803 2594 2869 tres,
2624 2804 2944 2873 pendentes
3000 2813 3135 2866 ante
3175 2818 3663 2884 prmnominatum

315 2913 362 2967 5
405 2907 616 2973 altare;
640 2908 697 2959 et
725 2900 1010 2975 gabathas
1036 2896 1397 2954 interrasiles
1427 2898 1498 2953 de
1528 2893 2109 2970 argento,duodecim
2138 2895 2481 2969 angelorum
2512 2914 2684 2972 opere
2715 2907 3109 2976 consrtuetas;
3134 2913 3191 2964 et
3220 2909 3364 2969 alias
3379 2916 3666 2987 gabathas

407 3000 763 3062 interrasiles
780 2997 1209 3072 quinque,cum
1227 2994 1476 3068 pedibus
1494 2993 1638 3050 suis.
1653 2999 1798 3050 Item
1817 2993 1917 3050 ubi
1934 3009 2113 3065 supra
2142 2994 2354 3050 obtulit
2376 2995 2848 3066 thymiamateria
2869 3016 3043 3059 aureo
3065 3003 3254 3063 colore
3274 3009 3509 3082 perfusa
3531 3016 3664 3087 tria,

410 3101 669 3159 canistra
697 3096 769 3152 de
797 3097 1038 3167 argento
1066 3091 1377 3149 duodecim
1405 3108 1420 3160 ;
1453 3106 1698 3147 coronas
1728 3096 2034 3164 argenteas
2065 3091 2319 3162 majores
2349 3096 2407 3147 et
2435 3093 2690 3149 minores
2710 3111 2936 3166 novem,
2954 3110 3157 3158 cruces
3180 3105 3250 3160 de
3267 3112 3505 3180 argento
3526 3116 3665 3184 tres,

410 3204 470 3257 et
498 3209 864 3268 unaquaque
892 3191 1067 3247 habet
1082 3188 1263 3244 libras
1283 3202 1492 3257 unam;
1517 3192 1836 3244 cerostatas
1857 3188 2108 3260 desuper
2128 3192 2463 3261 argentatas
2484 3196 2756 3262 quatuor.
2775 3193 2931 3250 Fecit
2949 3202 3005 3253 et
3027 3198 3312 3258 ciborium
3339 3204 3410 3260 ad
3432 3205 3669 3267 laudem

413 3302 590 3369 atque
619 3294 885 3349 decorem
916 3286 1267 3344 confessoris
1287 3287 1415 3358 jam
1444 3285 1658 3359 saepius
1689 3286 1826 3342 dicti
1857 3303 1926 3342 ex
1955 3291 2194 3359 argento
2225 3286 2566 3358 purissimo,
2599 3306 2760 3362 pens.
2796 3292 2978 3351 libras
3009 3296 3188 3355 mille.
3221 3300 3410 3359 Altare
3440 3320 3672 3380 quoque

291 3400 372 3455 ιο
412 3392 679 3467 ejusdem
719 3385 1012 3460 argenteis
1043 3382 1312 3441 similiter
1338 3381 1557 3440 tabulis
1587 3383 2163 3455 exornavit,cupiens
2193 3399 2296 3455 per
2325 3400 2518 3440 rerum
2542 3388 2956 3459 temporalium
2986 3392 3260 3452 exercitia
3288 3403 3501 3458 mterna
3530 3404 3674 3463 cmlo

420 3488 660 3566 pwmia
690 3483 957 3557 adipisci.
995 3481 1310 3539 Praedictus
1338 3482 1516 3536 etiam
1547 3480 1916 3538 venerabiliis
1944 3480 2204 3553 pontifex
2233 3481 2445 3537 obtulit
2471 3484 2572 3539 ubi
2605 3500 2793 3558 supra.
2830 3491 3047 3546 vestem
3079 3491 3149 3549 de
3179 3493 3420 3554 fundato
3472 3512 3673 3571 unam,

416 3590 734 3647 habentem
765 3598 1079 3639 mucrones
1107 3597 1211 3653 per
1238 3578 1571 3635 circuitum.
1607 3577 1763 3634 Fecit
1792 3582 1849 3633 et
1877 3576 2053 3634 aliam
2083 3582 2303 3635 vestem
2335 3581 2406 3636 de
2437 3578 2664 3639 olovero
2693 3587 2774 3654 (α)
2805 3603 3004 3653 unam,
3035 3588 3346 3650 habentem
3376 3594 3435 3651 in
3487 3600 3678 3656 medio

416 3702 683 3762 gemmas
711 3686 767 3739 et
795 3679 950 3736 mala
978 3681 1246 3744 aurea,et
1270 3693 1372 3748 per
1392 3674 1705 3731 circuitum
1735 3692 1942 3731 zonam
1973 3677 2044 3731 de
2065 3676 2460 3750 chrysoclavo.
2483 3681 2603 3736 lmo
2631 3697 2766 3738 vero
2797 3684 3008 3741 obtulit
3029 3689 3443 3749 sanctissimus
3464 3697 3676 3767 praesul

415 3791 638 3842 vestem
672 3781 742 3836 de
762 3779 1008 3844 olovero,
1025 3792 1158 3831 cum
1184 3773 1426 3847 gryphis
1447 3777 1505 3829 et
1525 3772 2173 3830 unicornibus.Vestem
2201 3791 2433 3848 quoque
2460 3777 2656 3844 aliam,
2672 3796 2806 3836 cum
2829 3781 3201 3855 chrysoclavo
3223 3805 3327 3859 per
3341 3790 3673 3862 circuitum,

290 3890 377 3945 15
417 3883 732 3941 habentem
763 3877 823 3932 in
855 3874 1048 3931 medio
1078 3870 1563 3929 resurrectionem
1594 3869 1826 3926 Domini
1848 3871 2031 3926 nostri
2062 3871 2201 3927 Jesu
2234 3872 2473 3930 Christi.

490 3980 644 4038 462
684 3978 846 4048 Saepe
867 3975 991 4046 jam
1023 3972 1218 4028 dictus
1246 3968 1595 4026 venerabilis
1624 3986 1776 4041 papa
1808 3967 2023 4024 obtulit
2051 3968 2112 4023 in
2146 3972 2571 4040 praenominata
2600 3973 2845 4029 ecclesia
2881 3979 3101 4032 vestem
3145 3993 3280 4035 cum
3332 3983 3593 4056 gryphis,
3627 3990 3685 4043 et

421 4075 795 4151 ehrysoclavo
826 4089 929 4144 per
957 4069 1290 4139 circuitum,
1322 4068 1634 4124 habentem
1665 4067 1726 4122 in
1756 4066 1950 4123 medio
1980 4066 2346 4123 nativitatem
2379 4069 2609 4125 Domini
2635 4073 2819 4127 nostri
2847 4073 2986 4130 Jesu
3017 4075 3260 4134 Christi:
3295 4076 3434 4136 item
3463 4086 3684 4141 vestem

422 4177 600 4233 aliam
629 4188 767 4229 cum
798 4168 1190 4243 chrysoclavo,
1224 4166 1537 4222 habentem
1568 4164 1672 4238 per
1700 4165 1961 4221 medium
1992 4169 2148 4220 rotas
2177 4165 2248 4220 de
2278 4165 2650 4239 chrysoclavo
2692 4174 2962 4242 quatuor,
2995 4176 3052 4228 et
3100 4174 3460 4233 nativitatem
3511 4184 3686 4253 atque

423 4270 783 4344 δημίειωιω
804 4264 1033 4322 Domini
1052 4263 1234 4320 nostri
1252 4263 1391 4319 Jesu
1411 4261 1645 4318 Christi.
1661 4262 1887 4318 Obtulit
1899 4279 2035 4321 vero
2054 4262 2512 4334 praenominatus
2535 4264 2793 4336 pontifex
2806 4272 3023 4324 vestem
3040 4268 3214 4327 aliam
3237 4287 3370 4328 cum
3394 4272 3684 4348 leonibus,

336 4376 385 4431 5
424 4370 739 4427 habentem
770 4361 1249 4420 resurrectionem
1286 4359 1516 4415 Domini
1561 4359 1635 4415 de
1662 4358 2054 4432 chrysoc‘laVo.
2083 4359 2287 4415 Vestes
2332 4360 2402 4416 de
2452 4362 2692 4417 fundato
2743 4364 2998 4421 minores
3046 4370 3194 4436 octo,
3229 4386 3355 4441 quae
3404 4370 3687 4430 altaribus

428 4466 928 4540 superponuntur,
943 4476 1069 4532 quae
1100 4475 1202 4531 per
1233 4457 1544 4541 circuitum
1576 4458 1839 4530 ejusdem
1871 4457 2127 4513 ecclesia
2157 4473 2287 4513 esse
2317 4464 2657 4515 noscuntur.
2674 4460 2816 4516 Vela
2837 4461 2970 4518 alba
2986 4463 3169 4520 serica
3192 4467 3440 4532 4,unum
3463 4467 3688 4526 habens

430 4564 692 4635 undique
721 4559 962 4633 Tyrium
993 4561 1051 4613 et
1080 4556 1141 4612 in
1172 4555 1362 4612 medio
1376 4571 1630 4623 crucem,
1645 4558 1702 4610 et
1719 4554 2084 4628 gammadias
2106 4555 2175 4611 de
2187 4555 2587 4627 cbrysoclavo;
2612 4556 2772 4613 aliud
2791 4559 2862 4615 de
2882 4560 3395 4627 stauraci,habens
3413 4563 3473 4620 in
3497 4567 3689 4623 medio

428 4676 666 4721 erucem
696 4659 767 4715 de
795 4655 1024 4714 olovero
1052 4658 1109 4710 et
1146 4652 1514 4726 gammadias
1544 4653 1614 4708 de
1644 4651 1869 4708 olovero
1915 4653 2132 4725 Tyreo;
2166 4653 2403 4708 tertium
2435 4658 2493 4709 et
2520 4658 2796 4727 quartum
2851 4656 3139 4715 similiter.
3176 4659 3317 4717 Vela
3365 4663 3437 4718 de
3486 4661 3691 4719 rodino

428 4763 703 4834 quatuor,
735 4772 885 4828 quae,
904 4769 1143 4810 sacrum
1174 4750 1357 4807 altare
1387 4750 1774 4819 circumdant,
1791 4768 1861 4806 ex
1890 4750 2106 4822 quibus
2138 4767 2322 4807 unum
2350 4751 2527 4808 habet
2548 4768 2780 4809 crucem
2804 4755 2874 4810 de
2895 4753 3443 4828 chrysoclavo.Vela
3464 4761 3535 4816 de
3555 4761 3695 4819 fun-

298 4865 391 4920 10
428 4857 694 4924 dato,26,
707 4858 766 4911 et
795 4853 950 4908 linea
979 4849 1413 4921 similiter,qute
1444 4849 1700 4921 pendent
1732 4865 1835 4921 per
1863 4865 2035 4905 arcus
2063 4848 2496 4905 ecclesim.Vela
2523 4850 2913 4910 Alexandrina
2941 4854 3054 4910 tria
3070 4860 3203 4912 ante
3225 4861 3422 4929 portas
3442 4861 3695 4930 majores

430 4953 766 5031 pendentia,
793 4949 1072 5006 habentia
1098 4946 1367 5003 homines
1394 4951 1455 5003 et
1483 4945 1761 5002 caballos.
1794 4946 2088 5003 Cortinam
2118 4946 2565 5003 Alexandrinam
2600 4950 2901 5019 unam,vel
2932 4951 3047 5008 alia
3076 4952 3356 5011 habentia
3386 4971 3693 5012 mucrones

429 5056 504 5111 de
532 5051 776 5109 fundato
809 5046 1089 5105 LVelum
1121 5046 1193 5101 de
1220 5044 1489 5116 octapulo
1523 5043 1884 5100 unum.Vela
1913 5042 2027 5100 alia
2057 5044 2128 5100 de
2158 5044 2403 5101 fundato
2442 5046 2884 5116 octo,habentia
2914 5066 3019 5122 per
3046 5049 3357 5108 circuitum
3387 5049 3690 5126 periclysin

432 5153 508 5209 de
537 5148 813 5206 blatthin.
843 5146 914 5202 Et
941 5143 1056 5200 alia
1081 5142 1209 5200 vela
1237 5160 1337 5199 sex
1366 5158 1501 5197 cum
1532 5141 1766 5215 aquilis,
1799 5141 2078 5198 habentia
2106 5159 2209 5214 per
2237 5141 2549 5199 circuitum
2581 5143 2892 5218 periclysin
2923 5145 2993 5203 de
3022 5147 3216 5221 Tyrio.
3241 5148 3381 5205 Vela
3401 5142 3693 5215 simulque

435 5248 551 5306 alia
581 5248 652 5303 de
684 5245 924 5301 fundato
950 5242 1230 5316 quinque,
1262 5239 1541 5296 habentia
1569 5238 1787 5307 leones,
1821 5244 1879 5295 et
1908 5239 2218 5313 periclysin
2249 5240 2320 5296 de
2351 5241 2544 5314 Tyrio.
2576 5241 2720 5298 Vela
2768 5242 2882 5300 alia
2926 5243 3331 5309 Alexandrina,
3366 5258 3432 5296 ex
3476 5238 3695 5312 quibus

304 5350 401 5407 15
437 5361 624 5403 unum
656 5342 881 5400 habeas
903 5343 1144 5407 rotas,et
1169 5354 1333 5394 rosas
1364 5337 1425 5392 in
1457 5336 1734 5405 medio,et
1765 5336 1922 5393 aliud
1954 5338 2276 5405 arbores,et
2305 5343 2461 5395 rotas
2486 5341 2798 5413 pendentia
2832 5346 2966 5400 ante
2994 5344 3186 5400 valvas
3214 5337 3397 5410 ipsius
3416 5337 3691 5397 ecclesiae.

440 5447 585 5500 Item
613 5440 807 5497 velum
837 5438 1132 5495 modicum
1165 5436 1234 5493 de
1264 5433 1752 5503 olovero,habens
1782 5435 1843 5490 in
1874 5436 2067 5491 medio
2095 5434 2393 5493 hominem
2425 5452 2560 5494 cum
2594 5439 2998 5497 caballo.Vela
3014 5454 3144 5495 cum
3163 5435 3397 5505 argento
3421 5435 3692 5507 spanisco

440 5538 862 5614 quaterdecim.
893 5535 1037 5592 Vela
1082 5532 1317 5591 modica
1361 5533 1463 5590 ubi
1512 5549 1692 5605 supra
1721 5533 1792 5588 de
1820 5532 2047 5589 olovero
2088 5532 2309 5604 decem,
2342 5535 2565 5592 habens
2596 5536 3057 5609 unumquodque
3095 5544 3291 5585 eorum
3342 5535 3563 5591 anates.
3592 5531 3693 5588 Hic

435 5640 632 5696 divina
657 5636 1040 5711 inspiratione
1072 5634 1366 5706 protectus
1385 5629 1598 5687 obtulit
1627 5630 1687 5685 in
1711 5630 1837 5702 jam
1860 5630 2016 5687 dicta
2046 5631 2287 5689 basilica
2307 5634 2692 5706 aquamanile
2722 5636 2793 5691 de
2822 5632 3058 5703 argento
3089 5639 3293 5683 unum.

638 5892 651 5906 ,
1483 5844 1731 5894 nomn
1770 5839 2156 5895 uacuum
2196 5844 2240 5897 ιι⁴

1483 5844 1731 5894 βοτηε
1770 5839 2156 5895 HARGINADES
2196 5844 2514 5897 ΡΔΒΒΟΤΤΙ.

363 5965 459 6037 (α)
488 5967 557 6032 Β,
590 5958 934 6021 hmine.
