4058 6162
435 109 590 174 1283
1576 105 1986 168 ANASTASII
2031 105 2682 172 BIBLIOTHECARII.
3633 123 3756 189 193‘

649 240 802 298 468
843 238 1056 294 Verum
1084 237 1258 294 etiam
1293 238 1426 294 fecit
1453 241 1510 292 et
1539 238 1598 292 in
1629 236 1874 293 ecclesia
1905 236 2057 292 beati
2079 235 2300 293 Cosmrr
2318 243 2376 294 et
2396 238 2662 298 Damiani
2685 245 3012 312 martyrum
3031 246 3250 298 vestem
3271 243 3338 300 de
3361 245 3579 306 fundato
3597 268 3756 328 unam,

580 341 890 396 habentem
921 339 980 392 in
1013 337 1204 393 medio
1235 337 1538 392 historiam
1573 337 1884 408 depictam.
1919 353 2054 390 cum
2097 336 2490 410 chrysoclavo.
2519 338 2582 394 In
2607 337 2852 394 ecclesia
2877 339 3030 395 beati
3059 339 3536 417 Ahbacyri,atque
3559 349 3762 412 Archan.

577 438 688 508 gt'll
723 437 796 492 ad
827 434 1288 492 alefantum.Hic
1320 453 1353 490 a
1383 435 1498 490 Deo
1527 433 1748 490 electus
1779 438 1834 488 et
1865 433 2178 505 praeclarus
2199 433 2690 502 antistes,obtulit
2715 435 2776 490 in
2803 435 3046 492 basilica
3069 437 3224 494 beati
3239 439 3516 498 Eustachii
3537 451 3762 521 martyris

573 539 794 594 vestem
827 535 898 590 de
929 534 1167 589 fundato
1201 549 1398 600 unam,
1418 531 1729 588 habentem
1761 531 1822 586 in
1851 529 2043 586 medio
2073 529 2376 590 historiam
2405 533 2477 588 de
2507 532 2896 606 chrysoclavo.
2923 534 3078 590 Fecit
3099 535 3228 606 jam
3259 537 3464 610 saepius
3483 542 3762 606 nominatus

500 635 538 691 5
575 632 786 706 praesul
819 631 992 686 aliam
1024 635 1244 687 vestem
1277 630 1334 684 in
1367 629 1612 685 ecclesia
1641 630 1944 684 beatorum
1977 633 2304 700 martyrum
2331 629 2513 702 Sergii
2544 635 2600 685 et
2631 629 2840 686 Bacchi
2877 632 2946 688 de
2971 632 3213 688 fundato
3247 651 3438 691 unam.
3487 639 3598 696 Pari
3624 645 3760 701 modo

574 749 707 788 vero
761 729 892 786 fecit
939 733 997 784 et
1040 727 1214 782 aliam
1265 731 1482 782 vestem
1516 727 1588 782 de
1625 727 1869 782 fundato
1902 725 1960 780 in
2004 725 2246 784 ecclesia
2277 727 2464 782 sancti
2503 726 2788 792 Silvestri,
2821 727 3009 800 posita
3053 729 3112 786 in
3167 736 3362 788 monte
3407 733 3626 792 Soracti.
3655 737 3761 800 Post

575 826 863 898 completa
891 842 1024 880 vero
1053 825 1174 880 haec
1209 823 1404 879 omnia
1433 827 1491 878 et
1519 823 1830 895 diligenter
1851 823 2246 894 peracta,fecit
2273 823 2334 878 in
2365 823 2608 880 ecclesia
2639 823 2791 880 beati
2821 825 2975 881 Petri
3003 827 3250 899 apostoli
3279 828 3400 885 vela
3422 846 3545 886 cum
3571 831 3762 907 chryso-

573 927 732 984 clavo
763 941 1005 980 numero
1038 921 1502 994 quatuordecim,
1536 921 1813 976 habentia
1839 921 2098 980 diversas
2129 921 2408 977 historias
2431 923 2896 995 Evangeliorum,
2931 927 2987 980 et
3033 924 3330 997 passiones
3361 927 3504 984 beati
3551 931 3674 988 Petri
3711 953 3760 992 ac

571 1024 984 1089 Pauli,nccnon
1004 1021 1244 1074 Andreae
1277 1019 1679 1091 apostoli,quze
1711 1019 2044 1091 dependent
2067 1019 2220 1076 inter
2247 1019 2532 1092 imagines
2564 1037 2705 1078 auro
2730 1025 3083 1095 argentoque
3105 1024 3268 1080 fusas
3299 1024 3357 1080 in
3385 1026 3538 1083 trabe
3563 1028 3763 1102 desuper

469 1127 536 1182 10
574 1127 896 1196 argentata,
943 1125 1256 1190 antequam
1289 1119 1464 1174 adeas
1495 1135 1720 1174 sacram
1753 1119 2202 1186 confessionem,
2235 1118 2498 1190 speciosa
2527 1117 2692 1175 valde
2722 1120 2945 1176 visibus
2975 1121 3254 1178 humanis
3301 1127 3468 1195 atque
3503 1127 3760 1200 praecipua.

643 1223 798 1278 464
839 1219 995 1275 Fecit
1023 1223 1218 1274 autem
1241 1222 1294 1273 et
1317 1217 1376 1272 in
1397 1215 1642 1272 ecclesia
1663 1216 1814 1272 beati
1837 1215 2053 1274 Christi
2075 1215 2348 1288 martyris
2369 1217 2604 1290 Georgii
2625 1218 2976 1291 magnificus
2995 1219 3207 1292 praesul
3229 1219 3365 1276 hinc
3385 1219 3512 1277 inde
3531 1224 3764 1297 porticus,

573 1338 720 1394 quas
749 1317 924 1374 etiam
955 1317 1028 1372 ad
1061 1317 1424 1370 decessorem
1463 1313 1650 1386 ipsius
1681 1313 1936 1372 basilica
1967 1313 2142 1368 variis
2163 1314 2388 1370 ornavit
2417 1315 2683 1387 picturis.
2717 1315 2994 1372 Absidam
3025 1333 3158 1373 vero
3199 1318 3462 1388 ejusdem
3483 1319 3718 1377 diaconia
3739 1341 3766 1380 ι

571 1415 992 1482 fundamentis,
1008 1413 1322 1470 auxiliante
1339 1413 1603 1480 Domino,
1619 1429 1752 1468 cum
1765 1427 2000 1470 summo
2013 1410 2208 1468 studio
2225 1413 2493 1484 compsit.
2511 1413 2614 1470 Hic
2633 1413 2774 1469 adeo
2791 1414 3061 1471 amabilis
3077 1414 3336 1487 pontifex
3357 1417 3490 1472 dum
3509 1417 3766 1492 diligenter

571 1517 831 1572 cerneret
859 1513 1014 1584 quod
1047 1511 1310 1582 ejusdem
1341 1509 1686 1566 venerabilis
1709 1509 1986 1568 diaconia:
2009 1509 2385 1566 secretarium
2419 1527 2534 1582 prae
2565 1511 2750 1566 nimia
2771 1515 3100 1584 temporum
3119 1516 3404 1570 vetustate
3425 1521 3764 1584 marcesceret,

495 1618 532 1672 5
571 1612 791 1670 noviter
821 1626 923 1682 pro
953 1609 1141 1681 ipsius
1171 1625 1366 1663 amore
1393 1607 1480 1662 vel
1512 1606 1700 1679 gratia
1730 1607 1978 1666 aliorum
2011 1605 2080 1660 ad
2107 1605 2405 1662 meliorem
2427 1607 2606 1663 erexit
2627 1607 2930 1664 honorem.
2949 1608 3174 1664 Obtulit
3197 1609 3392 1681 itaque
3413 1609 3764 1670 sanctissimus

569 1727 720 1785 papa
750 1707 848 1764 ubi
877 1723 1054 1778 supra
1075 1705 1196 1760 haec
1217 1704 1642 1760 dona:Vestem
1663 1705 1734 1764 de
1759 1705 1998 1760 fundato
2029 1720 2379 1770 unam,cum
2405 1704 2782 1777 choysoclavo
2808 1705 3120 1762 habentem
3143 1705 3458 1779 imaginem
3481 1707 3763 1779 Salvatoris,

570 1813 628 1862 et
659 1806 931 1877 martyris
954 1803 1280 1860 Sebastiani
1310 1807 1486 1874 atque
1516 1803 1742 1876 Georgii
1771 1821 1783 1870 ;
1813 1801 1939 1858 vela
1971 1802 2042 1856 de
2073 1801 2314 1858 fundato
2341 1803 2566 1874 majora
2589 1802 2958 1873 duo,minora
2981 1803 3180 1860 decem
3209 1809 3269 1860 et
3297 1804 3593 1860 octo.Fecit
3609 1809 3764 1862 autem

568 1905 626 1958 in
659 1901 1022 1958 confessione
1051 1900 1238 1972 ipsius
1269 1899 1520 1955 basilicae
1553 1917 1730 1974 rugas
1761 1899 1830 1954 de
1863 1903 2102 1970 argento
2133 1915 2202 1954 ex
2231 1915 2374 1955 auro
2403 1900 2690 1972 perfusas.
2709 1900 2834 1957 Pari
2854 1903 3026 1957 modo
3047 1919 3184 1958 vero
3205 1905 3365 1958 sarta
3387 1905 3530 1958 tecta
3545 1902 3758 1958 basilice

567 2000 720 2056 beati
753 1997 988 2054 Adriani
1022 1997 1312 2069 martyris,
1331 1997 1522 2068 posita
1545 1997 1602 2054 in
1633 1997 1726 2056 via
1758 1997 1953 2058 Sacra.
1978 2013 2102 2068 quae
2137 2014 2250 2068 pra:
2280 1996 2464 2052 nimia
2493 2001 2783 2054 vetustate
2811 1999 3438 2066 marcuerant,noviter
3459 1999 3766 2056 restauravit.

639 2097 791 2153 465
833 2097 1042 2152 Verum
1101 2095 1274 2150 etiam
1335 2095 1468 2149 fecit
1513 2094 1570 2152 in
1621 2094 1974 2170 patriarchio
2037 2095 2414 2150 Lateranensi
2469 2095 2793 2150 triclinium
2850 2095 3009 2150 mirae
3061 2095 3446 2168 magnitudis,
3485 2097 3767 2152 decoratum

566 2213 699 2250 cum
748 2193 952 2248 absida
1004 2193 1072 2246 de
1117 2192 1344 2246 musivo
1377 2207 1391 2246 :
1426 2193 1526 2246 sed
1557 2197 1612 2250 et
1660 2191 1804 2248 alias
1856 2192 2090 2247 absidas
2140 2192 2288 2248 duas
2337 2193 2540 2248 dextra
2585 2191 2841 2265 laevaque
2891 2193 3112 2266 positas
3157 2193 3312 2249 infra
3359 2191 3766 2264 paracellarium,

565 2291 742 2348 variis
770 2289 1030 2346 historiis
1070 2289 1382 2360 decpictas.
1415 2289 1571 2348 Fecit
1597 2289 1772 2346 etiam
1805 2289 2215 2344 sanctissimus
2247 2306 2398 2361 papa
2425 2293 2482 2344 et
2525 2289 2582 2344 in
2615 2289 2862 2346 ecclesia
2907 2290 3060 2346 beati
3109 2290 3426 2346 Clementis
3475 2291 3771 2347 confessoris

567 2395 788 2446 vestem
821 2389 891 2443 de
930 2387 1172 2448 fundato
1221 2403 1354 2440 cum
1407 2383 1694 2454 leonibus,
1748 2390 1803 2440 et
1853 2384 2162 2458 periclysin
2212 2386 2283 2440 de
2332 2385 2622 2458 octapulo.
2659 2385 2888 2441 Simimi
2937 2387 3108 2442 modo
3154 2391 3212 2442 et
3251 2387 3312 2441 in
3363 2385 3614 2442 diaconia
3650 2386 3770 2441 beati

495 2491 532 2544 5
567 2485 852 2543 Theodori
885 2483 1156 2557 martyris
1209 2487 1426 2537 vestem
1477 2485 1548 2538 de
1597 2484 1857 2550 fundato,
1893 2483 2088 2538 leones
2137 2483 2472 2548 habentem,
2506 2499 2640 2538 cum
2693 2483 2960 2557 periclysi
3007 2485 3080 2540 de
3114 2483 3407 2556 octapulo.
3441 2484 3588 2539 Fecit
3613 2488 3770 2538 autem

567 2587 628 2642 in
677 2583 920 2642 ecclesia
967 2581 1121 2637 beati
1171 2580 1382 2636 Christi
1435 2581 1708 2656 martyris
1761 2580 2071 2648 Laurentii,
2107 2597 2232 2651 qua:
2264 2580 2502 2652 ponitur
2551 2581 2690 2636 foris
2725 2599 2944 2650 muros,
2975 2587 3194 2637 vestem
3227 2581 3660 2654 chrysoclavam,
3687 2579 3770 2635 ha-

567 2685 800 2741 bentem
852 2679 1158 2736 historiam
1207 2677 1448 2734 Zachzei.
1497 2678 1654 2736 Fecit
1705 2681 1764 2733 et
1809 2677 1984 2732 aliam
2032 2682 2254 2733 vestem
2303 2678 2630 2746 fundatam,
2681 2695 2816 2734 cum
2864 2678 3126 2752 gryphis,
3173 2679 3234 2734 in
3277 2679 3550 2735 honorem
3596 2681 3768 2734 sancta:

563 2781 666 2838 Dei
716 2777 1015 2852 genitricis
1060 2777 1132 2832 ad
1183 2781 1490 2848 martyres.
1525 2777 1758 2834 Necnon
1789 2780 1847 2832 et
1895 2777 1952 2830 in
2003 2775 2246 2832 basilica
2293 2775 2446 2831 beati
2497 2777 2776 2850 Stephani
2819 2778 3266 2850 protomartyris
3316 2776 3378 2832 in
3417 2775 3583 2833 CtBliO
3609 2777 3768 2830 monte

561 2883 780 2934 vestem
811 2876 882 2930 de
913 2874 1175 2942 fundato,
1211 2890 1346 2928 cum
1397 2874 1770 2946 gammadiis.
1803 2873 2016 2928 Verum
2047 2873 2222 2929 etiam
2252 2877 2310 2928 et
2341 2873 2400 2928 in
2433 2873 2699 2930 diaconia
2728 2875 2910 2930 beata:
2941 2875 3040 2930 Dei
3087 2875 3402 2930 Genitrieis
3433 2874 3490 2928 in
3535 2874 3620 2928 via
3659 2873 3770 2928 Lata

463 2981 526 3036 10
563 2978 700 3034 fecit
735 2978 956 3030 vestem
1001 2973 1071 3028 de
1121 2971 1397 3038 stauraoi,
1431 2989 1564 3030 cum
1615 2971 1882 3046 periclysi
1935 2972 2005 3027 de
2057 2971 2285 3028 blattin.
2323 2971 2512 3028 Simili
2565 2974 2737 3028 modo
2789 2979 2844 3028 et
2890 2974 2949 3028 in
2999 2973 3244 3030 ecclesia
3285 2973 3464 3028 beatae
3511 2971 3604 3028 Dei
3637 2970 3768 3044 geni-

560 3073 726 3132 tricis
757 3088 1102 3143 semperque
1130 3070 1388 3143 Virginis
1419 3069 1611 3128 Marias
1641 3070 1888 3126 dominae
1941 3075 2150 3126 nostra:
2199 3071 2272 3125 ad
2321 3075 2582 3143 Praesepe
2631 3070 2765 3127 fecit
2813 3075 3032 3127 vestem
3083 3087 3223 3127 auro
3283 3069 3556 3136 textilem,
3587 3070 3769 3124 haben-

561 3179 679 3229 tem
725 3169 1110 3236 nativitatem,
1143 3168 1524 3240 baptismum,
1557 3167 2064 3242 prresentationem
2091 3172 2148 3224 et
2195 3169 2680 3224 resurrectionem
2715 3185 2728 3224 :
2761 3169 3074 3224 habentem
3105 3169 3166 3224 in
3195 3168 3388 3242 capite
3417 3168 3594 3242 ipsius
3619 3165 3770 3222 histo-

562 3273 659 3327 riae
706 3283 970 3342 gemmas
1019 3267 1181 3322 albas
1231 3271 1519 3324 trecentas
1566 3271 1624 3322 et
1663 3265 2020 3338 octuaginta,
2054 3265 2464 3339 hyacinthinas
2507 3265 2958 3339 quinquaginta,
2991 3266 3260 3339 prasinas
3311 3266 3514 3340 viginti
3559 3265 3702 3334 duas,
3727 3265 3770 3316 et

558 3375 618 3430 in
667 3371 915 3431 circuitu
974 3366 1257 3422 alvaviras
1305 3365 1531 3438 legente
1561 3365 1630 3422 de
1657 3364 1892 3424 nomine
1941 3363 2141 3420 domni
2191 3364 2449 3437 Gregorii
2499 3364 2692 3436 quarti
2745 3381 2927 3436 papae.
2965 3363 3108 3421 Item
3156 3365 3294 3420 fecit
3339 3369 3398 3420 et
3445 3363 3500 3419 in
3547 3357 3770 3418 diaconia

457 3475 524 3529 15
561 3471 714 3527 beati
744 3466 978 3525 Adriani
1013 3463 1286 3535 martyris
1315 3462 1374 3516 in
1405 3463 1596 3518 tribus
1644 3461 1780 3518 fatis
1827 3465 2048 3516 vestem
2081 3461 2152 3516 de
2179 3461 2440 3517 fundato.
2478 3461 2634 3517 Fecit
2675 3465 2872 3517 autem
2919 3462 3196 3534 praefatus
3239 3460 3455 3534 praesul
3485 3460 3540 3515 in
3569 3455 3769 3515 ecclesia

559 3571 862 3624 beatorum
913 3560 1309 3635 apostolorum
1365 3560 1436 3614 ad
1489 3557 1737 3616 Vincula
1781 3563 2000 3614 vestem
2051 3559 2122 3612 dc
2170 3559 2434 3626 fundato,
2467 3559 2778 3615 habentem
2831 3559 3028 3615 leones
3077 3576 3212 3615 cum
3260 3558 3524 3633 grypbis.
3555 3555 3692 3614 Fecit
3727 3557 3770 3610 et

560 3665 736 3724 aliam
765 3665 983 3718 vestem
1015 3661 1084 3714 de
1115 3659 1356 3713 fundato
1387 3656 1446 3711 in
1477 3656 1721 3714 ecclesia
1749 3655 1902 3714 beati
1931 3656 2164 3711 Martini
2195 3657 2544 3713 confessoris
2575 3661 2748 3729 atque
2779 3656 3092 3730 pontiﬁcis,
3117 3657 3436 3714 habentem
3465 3656 3644 3712 leones
3661 3666 3766 3707 cum

557 3762 885 3822 arboribus.

625 3861 778 3917 466
819 3859 1053 3913 Necnon
1085 3859 1141 3910 et
1157 3854 1214 3910 in
1233 3851 1476 3908 basilica
1491 3852 1644 3906 beati
1663 3852 1894 3908 Eusebii
1921 3853 2194 3925 martyris
2213 3858 2430 3908 vestem
2449 3853 2518 3908 de
2535 3850 2783 3918 olovero,
2799 3851 3108 3907 habentem
3125 3851 3376 3924 aquilas,
3395 3867 3524 3906 cum
3543 3843 3764 3922 periclysi

554 3963 624 4018 de
655 3951 1276 4032 quadrapulo.0btulit
1307 3952 1482 4006 etiam
1515 3951 1825 4022 praedictus
1853 3949 2064 4023 praesul
2087 3949 2144 4004 in
2169 3949 2410 4006 basilica
2439 3950 2618 4005 beatae
2647 3950 2742 4005 Dei
2784 3949 3092 4006 Genitricis
3123 3950 3320 4006 Mariae
3363 3955 3526 4005 trans
3555 3945 3766 4003 Tiberim

553 4061 772 4115 vestem
807 4055 876 4110 de
915 4051 1107 4125 Tyrio,
1139 4050 1450 4104 habentem
1483 4047 1786 4104 historiam
1821 4047 2132 4104 Dominicae
2165 4046 2482 4102 nativitatis
2515 4053 2690 4120 atque
2719 4047 3160 4104 resurrectionis
3191 4046 3427 4102 Domini
3465 4043 3634 4101 nostri
3657 4041 3765 4098 Jesu

554 4153 785 4213 Christi.
821 4153 943 4208 Imo
975 4153 1032 4204 et
1059 4149 1118 4203 in
1151 4147 1418 4202 diaconia
1467 4163 1595 4218 quae
1643 4149 1885 4202 vocatur
1931 4149 2094 4218 Cyro,
2130 4143 2308 4200 simili
2359 4146 2532 4200 modo
2581 4145 2795 4201 obtulit
2845 4149 3060 4202 vestem
3095 4145 3166 4200 de
3197 4145 3465 4200 fundato.
3499 4142 3610 4198 Imo
3653 4137 3766 4196 etin

479 4259 515 4313 5
551 4251 818 4310 diaconia
868 4249 1048 4304 beatze
1099 4245 1292 4302 Mariae
1343 4244 1404 4298 in
1447 4243 1542 4298 via
1591 4243 1731 4298 Lata
1781 4243 1986 4300 eodem
2045 4243 2218 4298 modo
2265 4246 2484 4298 vestem
2534 4243 2606 4298 de
2655 4243 2898 4298 fundato
2955 4242 3188 4298 obtulit.
3247 4242 3352 4298 llic
3401 4239 3690 4314 praclarus
3725 4239 3768 4290 et

543 4347 914 4408 venerabiliis
947 4343 1203 4418 pontifex
1253 4342 1447 4396 divina
1495 4341 1882 4412 inspiratione
1933 4339 2118 4395 fretus
2175 4339 2311 4396 fecit
2359 4339 2420 4395 in
2470 4339 2717 4396 ecclesia
2766 4339 2920 4396 beati
2977 4339 3158 4396 Marci
3203 4337 3552 4396 confessoris
3593 4329 3765 4391 Christi

556 4455 728 4522 atque
778 4441 1074 4519 pontificis
1123 4443 1394 4513 patenum
1443 4437 1710 4511 octogoni
1757 4442 2114 4506 exauratam,
2165 4437 2478 4494 habentem
2527 4437 2586 4492 in
2637 4438 2828 4494 medio
2873 4437 3102 4493 vultum
3149 4437 3384 4494 Domini
3433 4432 3624 4500 nostri,
3659 4433 3708 4486 et
3739 4443 3766 4482 ι

549 4547 780 4604 duobus
835 4540 1114 4597 lateribus
1161 4537 1388 4594 vultum
1439 4535 1626 4608 ipsius
1677 4535 1830 4592 beati
1879 4534 2060 4590 Marci
2119 4540 2294 4607 atque
2346 4535 2610 4607 ejusdem
2661 4535 2950 4608 praisulis,
2999 4553 3168 4608 pens,
3217 4534 3401 4590 libras
3452 4550 3566 4590 sex.
3611 4523 3764 4586 Simili

551 4644 722 4700 modo
774 4645 831 4698 et
879 4637 1118 4694 calicem
1171 4632 1438 4708 octogeni
1487 4633 1794 4688 fundatum
1843 4648 1977 4688 cum
2029 4632 2184 4688 t‘oliis
2240 4636 2582 4688 exauratum
2615 4632 2832 4688 ibidem
2862 4631 3474 4704 obtulit,pens.libras
3501 4637 3761 4695 sex;scy-

448 4743 516 4796 10
552 4739 736 4812 phum
785 4749 1016 4808 quoque
1063 4737 1404 4806 argenteum
1460 4729 1578 4785 illic
1625 4729 1814 4785 oﬂ‘erri
1865 4728 2108 4796 curavit,
2142 4745 2387 4800 pensan.
2439 4729 2621 4786 libras
2659 4745 2777 4786 sex.
2811 4729 3036 4785 Obtulit
3062 4729 3236 4786 etiam
3269 4728 3398 4802 ipse
3425 4721 3762 4801 praenomina-

553 4841 650 4891 tus
707 4835 962 4906 pontifex
1001 4831 1258 4888 canistra
1304 4828 1616 4884 ennafodia
1663 4827 1803 4896 duo,
1837 4845 2080 4900 qensan.
2117 4826 2359 4883 insimul
2406 4826 2586 4884 libras
2638 4827 3102 4900 quatuordecim.
3133 4827 3350 4882 Vernm
3402 4825 3672 4882 enimvero
3717 4816 3762 4870 in

552 4930 798 4988 ecclesia
853 4929 1104 4985 doctoris
1149 4928 1410 5002 gentium
1446 4926 1599 4983 beati
1649 4925 1811 4982 Pauli
1843 4924 2090 4997 apostoli
2121 4924 2334 4980 obtulit
2363 4942 2514 4998 saape
2546 4927 2737 4982 dictus
2767 4925 3026 4998 pontifex
3053 4929 3272 4980 vestem
3303 4925 3375 4980 de
3405 4917 3760 4995 Chrysoclavo,

549 5029 862 5087 habentem
911 5025 1216 5082 historiam
1271 5025 1502 5080 Domini
1555 5023 1656 5079 Dei
1711 5023 1917 5091 nostri,
1952 5027 2010 5078 et
2049 5023 2108 5077 in
2163 5023 2292 5094 ejus
2338 5023 2618 5096 obsequio
2651 5040 2684 5078 a
2715 5021 2934 5078 dextris
2979 5022 3068 5078 vel
3127 5020 3382 5078 sinistris
3429 5011 3760 5088 archangelo-

549 5144 705 5194 rum,
729 5139 830 5180 seu
863 5121 1280 5193 apostolorum,
1301 5121 1582 5178 laudabili
1614 5120 2056 5190 numero,mirm
2087 5120 2514 5192 magnitudinis
2543 5125 2716 5193 atque
2745 5117 3484 5192 pulchritudinis,diversis
3511 5111 3760 5188 lapidibus

442 5229 510 5284 15
545 5225 631 5282 vel
664 5218 968 5296 magaritis
997 5221 1260 5273 ornatam
1288 5217 1761 5290 pulcherrimque
1794 5221 2144 5274 contextam.

623 5323 770 5378 467
817 5319 918 5375 Hic
967 5315 1430 5388 benignissimus
1487 5321 1545 5371 et
1593 5315 1908 5387 praeclarus
1957 5315 2237 5388 pontifex,
2269 5315 2412 5370 dum
2446 5315 2636 5371 bonus
2667 5320 2725 5372 et
2753 5332 2926 5372 verus
2957 5319 3158 5388 pastor
3189 5331 3292 5387 pro
3323 5315 3536 5370 sanctas
3563 5307 3652 5366 Dei
3677 5305 3758 5362 Ec-

549 5419 734 5476 clesia:
785 5421 938 5474 statu
973 5413 1292 5470 maximam
1341 5413 1602 5484 undique
1633 5429 1834 5468 curam
1867 5429 1932 5468 ac
1963 5411 2324 5485 vigilantiam
2357 5417 2605 5486 gereret,
2637 5413 3012 5470 considerans
3045 5414 3441 5470 Romanorum
3473 5405 3754 5484 penuriam.

547 5517 702 5590 quod
755 5515 852 5570 ubi
901 5513 1161 5570 triticum
1212 5511 1284 5566 ad
1325 5509 1614 5566 edendum
1661 5507 1944 5564 molerent
1973 5509 2133 5566 nullo
2167 5511 2338 5566 modo
2379 5510 2682 5580 haberent,
2713 5511 2906 5567 divino
2937 5511 3120 5567 fretus
3151 5509 3362 5566 auxilio
3393 5509 3628 5564 formam
3655 5515 3755 5572 qua

548 5611 866 5672 Sabbatina
911 5613 1305 5682 nuncupatur,
1363 5623 1488 5680 quae
1535 5607 1662 5679 jam
1714 5623 1816 5679 per
1863 5605 2148 5677 plurimos
2199 5625 2384 5664 annos
2427 5609 2722 5664 confracta
2767 5613 2942 5680 atque
2986 5607 3254 5680 disrupta
3298 5621 3425 5662 esse
3471 5601 3752 5660 videbatur.

472 5717 508 5773 5
545 5715 681 5771 dato
737 5709 929 5782 operis
975 5709 1192 5778 studio,
1222 5708 1376 5765 sicut
1402 5724 1437 5764 a
1464 5705 1674 5781 priscis
1725 5707 1912 5761 fuerat
1957 5705 2244 5762 aediﬁcata
2275 5707 2660 5780 temporibus,
2693 5707 2775 5762 ita
2805 5723 3036 5780 quoque
3066 5723 3196 5764 eam
3225 5719 3520 5781 praesagus
3545 5697 3750 5758 antistes

543 5809 771 5870 noviter
812 5805 1096 5863 aediﬁcare
1143 5809 1319 5882 atque
1368 5809 1705 5864 coustruere
1747 5801 1915 5860 nisus
1971 5800 2123 5858 fuit:
2177 5803 2261 5860 ita
2305 5807 2372 5860 ut
2414 5805 2487 5861 ad
2535 5802 2840 5862 ecclesiam
2889 5804 3048 5862 beati
3095 5803 3250 5862 Petri
3291 5797 3556 5878 apostoli.
3607 5795 3722 5866 atqu

543 5909 617 5974 ad
661 5903 999 5970 Janiculum
1043 5903 1196 5965 sicut
1236 5904 1422 5984 prius,
1469 5903 1553 5966 ita
1598 5907 1656 5966 et
1703 5916 1860 5964 nunc
1925 5897 2326 5960 indifﬂuenter
2379 5902 2670 5964 decurrat.
2727 5901 2885 5966 Fecit
2950 5901 3129 5966 etiam
3171 5902 3234 5962 in
3281 5897 3543 5968 diaconia
3597 5891 3747 5954 hem
