4044 6168
239 70 402 133 1285
966 72 1337 137 HISTORIA
1379 74 1481 136 DE
1524 73 1727 138 VITIS
1773 72 1961 138 ROM.
2007 74 2782 143 PONT.—GREGORIUS
2819 78 2921 143 IV.
3487 87 3644 148 1286

384 220 617 278 semper
646 203 904 278 Virginis
936 206 1129 263 Mariae
1159 207 1220 263 in
1251 207 1563 264 Cosmediu
1613 212 1831 266 vestem
1881 210 1952 265 de
2000 210 2194 283 Tyrio,
2226 209 2537 271 habentem
2594 212 2901 270 historiam
2948 214 3264 273 Dominicis
3321 218 3644 279 nativitatis

381 306 559 376 atque
631 304 1078 361 resurrectionis
1147 292 1363 361 Christi
1428 302 1548 362 veri
1625 306 1726 364 Dei
1792 306 1995 363 nostri.
2065 308 2151 363 Ad
2216 308 2492 365 honorem
2560 313 2618 365 et
2681 310 2928 383 gloriam
2994 313 3174 370 beatas
3238 314 3340 371 Dei
3403 317 3646 390 virginis

274 402 344 457 10
383 401 665 458 Susanna
715 401 930 458 obtulit
979 402 1393 460 sanctissimus
1441 405 1674 477 praesul,
1705 404 1766 460 in
1815 405 2080 478 ejusdem
2129 404 2375 463 ecclesia
2418 411 2637 463 vestem
2686 408 3014 480 fundatam,
3046 428 3182 467 cum
3230 413 3542 487 periclysin
3576 416 3647 472 de

381 500 577 574 Tyrio.

451 597 607 655 468
638 597 795 654 Fecit
841 602 1040 656 autem
1098 591 1157 655 in
1215 599 1461 657 ecclesia
1514 600 1668 657 beati
1723 600 1947 674 Cyriaci
2004 600 2279 674 martyris
2336 606 2512 675 atque
2567 601 2797 659 diaconi
2854 608 3073 662 vestem
3125 608 3196 663 de
3245 607 3507 681 fundato,
3539 609 3648 667 ha-

381 696 619 752 bentem
667 694 979 771 periclysin
1029 696 1100 754 de
1149 697 1428 755 stauraci.
1475 698 1606 754 Pari
1663 699 1835 755 modo
1884 702 1941 755 et
1988 699 2047 754 in
2096 698 2342 756 ecclesia
2387 700 2568 757 beata:
2619 701 2991 757 Pudentianze
3039 703 3281 777 virginis
3329 712 3548 763 vestem
3582 708 3652 765 de

384 794 648 862 fundato,
674 808 813 851 cum
867 793 1138 868 periclysi
1198 795 1268 852 de
1323 794 1675 868 quadruplo.
1710 795 1935 852 Obtulit
1992 797 2159 853 beato
2220 796 2397 853 Vitali
2458 798 2697 871 martyri
2751 802 2970 855 vestem
3022 800 3093 856 de
3144 802 3407 872 fundato,
3440 804 3657 861 haben-

383 896 502 949 tem
533 889 785 966 aquilas,
818 898 875 950 et
932 893 1242 968 periclysin
1300 895 1372 950 de
1415 893 1802 967 quadrapulo.
1836 895 2116 951 Praefatus
2171 912 2305 951 vero
2364 895 2625 968 pontifex
2679 896 2813 953 fecit
2861 896 2920 952 in
2969 896 3224 954 ecclesias
3274 899 3457 957 beata:
3500 904 3654 959 Ana-

312 991 351 1046 5
389 990 582 1046 stasim
637 990 911 1065 martyris
966 995 1185 1073 vestem
1242 993 1314 1048 de
1369 992 1633 1063 fundato,
1666 992 1979 1049 habentem
2033 992 2281 1065 aquilas,
2314 997 2371 1049 et
2420 992 2729 1067 periclysin
2782 994 2853 1050 de
2910 994 3157 1051 olovero.
3192 995 3314 1053 Imo
3360 1013 3493 1053 vero
3548 997 3654 1053 ob-

387 1078 525 1142 tulit
565 1086 691 1160 jam
751 1087 945 1144 dictus
1001 1087 1213 1162 praesul
1273 1088 1333 1143 in
1390 1088 1632 1145 basilica
1689 1089 1868 1145 beatae
1929 1088 2119 1145 Luciaa
2177 1090 2472 1161 martyris,
2508 1104 2687 1162 quam
2745 1094 2954 1147 vocant
3010 1091 3262 1165 Orphea,
3314 1097 3534 1149 vestem
3588 1095 3658 1150 de

390 1184 654 1255 fundato,
689 1204 824 1243 cum
874 1187 1145 1260 periclysi
1194 1188 1264 1244 de
1314 1187 1602 1261 octapulo.
1656 1187 2079 1244 Sanctissimus
2130 1187 2381 1260 denique
2429 1189 2688 1261 pontifex
2724 1188 2860 1246 fecit
2902 1190 2961 1246 in
3008 1190 3179 1248 titulo
3209 1192 3365 1248 beati
3409 1192 3660 1266 Chryso-

387 1284 524 1359 goni
575 1283 848 1358 martyris
896 1288 1114 1341 vestem
1178 1285 1249 1341 de
1315 1285 1507 1358 Tyrio,
1564 1284 1878 1341 habentem
1927 1285 2234 1342 historiam
2283 1284 2562 1354 Danielis,
2597 1302 2733 1342 cum
2780 1286 3051 1361 periclysi
3100 1289 3171 1344 de
3216 1289 3493 1346 stauraci.
3540 1290 3659 1347 Ob-

389 1382 525 1438 tulit
551 1399 685 1438 vero
715 1381 1095 1438 beatissimus
1143 1399 1295 1456 papa
1340 1382 1400 1438 in
1449 1382 1621 1439 titulo
1672 1382 2033 1439 Pammachii
2078 1387 2300 1439 vestem
2352 1383 2423 1438 dc
2474 1383 2750 1450 stauraci,
2784 1400 2919 1440 cum
2967 1384 3237 1458 periclysi
3285 1386 3356 1443 de
3405 1388 3661 1459 quadra—

284 1482 375 1537 10”
392 1479 548 1554 pulo.
579 1479 798 1536 Verum
846 1478 1020 1536 etiam
1072 1478 1208 1536 fecit
1254 1484 1311 1536 et
1357 1480 1417 1535 in
1464 1479 1710 1536 ecclesia
1765 1480 1946 1536 beatae
2003 1479 2225 1536 Ceciliae
2285 1479 2559 1552 martyris
2614 1484 2831 1536 vestem
2892 1481 2963 1549 de
3024 1483 3284 1550 fundato,
3346 1483 3660 1540 habentem

394 1577 623 1650 aquilas
652 1580 710 1633 et
738 1577 1015 1651 gryphos,
1048 1594 1183 1633 cum
1234 1576 1502 1652 periclysi
1565 1578 1637 1634 de
1694 1577 1945 1634 olovero.
1982 1576 2108 1634 Pari
2167 1578 2339 1634 modo
2397 1582 2455 1633 et
2509 1576 2568 1633 in
2624 1578 2793 1635 titulo
2822 1578 3142 1635 zEmilianaa
3193 1579 3406 1636 obtulit
3441 1586 3662 1638 vestem

397 1676 466 1731 de
498 1676 760 1744 fundato,
792 1674 1104 1731 habentem
1137 1674 1386 1748 aquilas,
1421 1680 1478 1731 et
1507 1674 1818 1748 periclysin
1851 1676 1922 1731 de
1953 1674 2138 1749 platta
2169 1676 2474 1749 Byzantea.
2510 1675 2813 1748 Simulque
2862 1681 2919 1732 et
2968 1677 3028 1732 in
3058 1676 3305 1734 ecclesia
3332 1678 3486 1735 beati
3519 1678 3663 1736 Sixti

398 1772 672 1846 martyris
703 1776 877 1845 atque
908 1771 1203 1845 pontificis
1253 1772 1388 1829 fecit
1430 1776 1650 1829 vestem
1702 1773 1773 1829 de
1820 1772 2012 1845 Tyrio,
2046 1772 2360 1829 habentem
2409 1771 2716 1829 historiam
2775 1773 3214 1843 Danielis,cum
3271 1775 3541 1849 periclysi
3594 1777 3665 1833 de

399 1870 645 1926 olovero.

473 1969 624 2024 469
658 1968 814 2024 Fecit
844 1967 902 2023 in
935 1967 1179 2024 basilica
1207 1969 1387 2024 beata“:
1420 1967 1695 2042 martyris
1716 1972 1934 2025 vestem
1965 1970 2037 2025 de
2069 1970 2331 2035 fundato,
2358 1986 2492 2025 cum
2524 1968 2794 2041 periclysi
2826 1969 2898 2025 de
2927 1968 3175 2025 olovero.
3201 1970 3356 2026 Fecit
3384 1975 3577 2027 autem
3607 1971 3667 2028 in

402 2064 572 2122 titulo
604 2065 839 2121 Damasi
870 2070 1089 2122 vestem
1122 2067 1193 2122 de
1222 2067 1498 2135 stauraci,
1531 2067 1845 2123 habentem
1876 2067 2185 2140 periclysin
2219 2068 2289 2124 de
2322 2066 2547 2123 blattha
2575 2068 2873 2139 Byzantea.
2909 2068 3066 2123 Fecit
3093 2066 3267 2124 etiam
3318 2069 3375 2123 iu
3426 2068 3671 2125 ecclesia

404 2162 802 2236 apostolorum
827 2163 1027 2219 Jacobi
1059 2167 1116 2219 et
1140 2163 1394 2237 Philippi
1426 2168 1644 2221 vestem
1675 2165 1747 2220 de
1779 2165 2040 2221 fundato.
2076 2165 2217 2220 Item
2243 2164 2303 2219 in
2351 2164 2596 2221 ecclesia
2624 2164 2777 2220 beati
2805 2163 3061 2220 Marcelli
3108 2166 3460 2222 confessoris
3497 2171 3672 2239 atque

405 2260 699 2334 pontificis
730 2261 867 2316 fecit
887 2264 1107 2317 vestem
1141 2262 1212 2317 de
1242 2262 1505 2318 fundato.
1540 2262 1669 2317 Pari
1701 2263 1874 2318 modo
1906 2262 1965 2317 in
1998 2261 2241 2317 basilica
2265 2261 2421 2317 beati
2449 2261 2747 2317 Laurentii
2777 2262 2836 2317 in
2870 2262 3104 2319 Lucium
3153 2263 3286 2319 fecit
3332 2266 3553 2320 vestem
3602 2265 3673 2320 de

411 2358 685 2415 stauraci.
719 2359 861 2414 Item
896 2359 956 2414 in
978 2358 1226 2415 ecclesia
1254 2359 1440 2415 sancti
1470 2359 1764 2415 Valentini
1796 2359 1934 2415 fecit
1960 2364 2181 2415 vestem
2214 2360 2285 2415 de
2315 2359 2560 2416 fundato
2591 2363 2648 2415 et
2680 2360 3047 2432 gammadias
3078 2361 3148 2416 de
3175 2360 3465 2432 octapulo.

482 2458 637 2513 470
667 2459 927 2529 Cumque
958 2455 1079 2512 haec
1110 2456 1327 2523 omnia,
1362 2474 1488 2529 quae
1512 2457 1783 2530 superius
1815 2457 2037 2513 inserta
2064 2457 2360 2530 leguntur,
2390 2474 2423 2512 a
2471 2461 2679 2529 quarto
2728 2456 2908 2529 hujus
2956 2458 3313 2514 intemeratae
3345 2457 3500 2515 sedis
3525 2477 3676 2532 papa

416 2553 689 2628 Gregorio
721 2553 837 2609 Deo
868 2554 1093 2611 favente
1120 2552 1361 2611 liberius
1402 2559 1812 2611 consummata
1856 2554 2109 2610 fuissent
2155 2558 2328 2626 atque
2375 2555 2648 2626 perfecta,
2683 2552 2848 2626 piger
2891 2570 3020 2609 esse
3066 2554 3405 2611 nullatenus
3453 2555 3675 2624 volens,

419 2652 591 2725 ccepit
622 2651 1020 2709 indifferenter
1046 2656 1181 2724 post
1210 2668 1412 2707 curam
1441 2668 1684 2725 gregum
1712 2653 1783 2708 de
1813 2651 2043 2707 cultura
2072 2650 2191 2707 sive
2221 2650 2725 2707 meliorationihus
2774 2650 3193 2707 venerabilium
3236 2656 3487 2723 tractare
3518 2652 3681 2709 loco-

418 2766 572 2818 rum,
605 2753 670 2805 ut
697 2747 823 2805 suis
853 2748 1215 2821 temporibus
1237 2766 1381 2804 novo
1412 2748 1652 2805 culturae
1684 2750 1936 2805 formatu
1985 2747 2346 2805 consolidata
2375 2751 2573 2804 essent
2606 2765 2619 2803 :
2655 2748 2809 2820 quod
2836 2746 3231 2805 intercedente
3274 2747 3676 2821 apostolorum

345 2849 382 2902 5
418 2846 681 2920 principe
712 2847 878 2904 Petro
900 2846 1072 2918 juxta
1099 2851 1297 2903 votum
1332 2845 1426 2903 sui
1456 2845 1726 2903 desiderii
1758 2846 1976 2902 factum
2007 2850 2113 2901 est.
2148 2846 2278 2902 Ideo
2309 2862 2444 2902 cum
2474 2845 2615 2901 talia
2645 2844 2992 2918 praesulatus
3021 2845 3114 2902 sui
3161 2846 3357 2903 animo
3404 2846 3677 2916 volveret,

417 2948 474 3001 et
501 2943 781 2999 haesitans
838 2942 1135 3017 cogitaret,
1168 2947 1405 3016 repente
1451 2943 1523 2999 ad
1584 2944 1929 2999 memoriam
1984 2943 2073 2999 sui
2134 2948 2462 3011 recurrunt,
2496 2943 2652 3015 quod
2704 2943 2940 3014 justum
2989 2960 3105 2999 non
3137 2947 3310 3012 esset,
3341 2943 3389 3000 si
3421 2944 3678 3018 amplius

418 3041 663 3099 ecclesia
694 3045 906 3097 sancta
936 3041 1037 3098 Dei
1068 3041 1399 3109 Genitricis,
1433 3058 1562 3113 quae
1593 3057 1754 3096 more
1782 3045 2041 3096 veterum
2091 3057 2247 3095 nunc
2298 3056 2486 3112 usque
2536 3038 2740 3095 Calixti
2788 3043 2951 3095 trans
2982 3039 3239 3097 Tiberim
3288 3040 3523 3108 dicitur,
3555 3040 3681 3098 sine

418 3139 841 3217 monachorum
870 3139 1062 3196 ofﬁcio
1092 3138 1734 3207 constitisset,maxime
1762 3155 1897 3195 cum
1929 3138 1990 3193 in
2016 3155 2085 3194 ea
2115 3138 2419 3211 signorum
2450 3154 2567 3193 non
2600 3136 2843 3193 minima
2868 3138 3204 3209 frequenter
3234 3137 3378 3193 fiant
3397 3137 3684 3195 miracula

418 3241 475 3294 et
503 3237 750 3294 virtutes
781 3236 1049 3305 diversa;
1083 3253 1151 3293 ac
1181 3236 1418 3293 demum
1450 3235 1731 3292 divinitus
1764 3239 2157 3309 cumpunctus
2187 3236 2379 3303 corde,
2402 3239 2459 3292 et
2486 3235 2585 3291 Dei
2616 3235 3035 3308 omnipotentis
3066 3236 3373 3292 roboratus
3403 3252 3470 3292 ac
3500 3237 3684 3293 fretus

304 3333 381 3389 40
411 3333 734 3405 juvamine.
761 3334 930 3406 juxta
958 3332 1114 3390 latus
1147 3333 1580 3407 praenominatze
1612 3333 1867 3391 basilicae
1898 3334 2322 3390 monasterium
2352 3351 2386 3390 a
2425 3332 2825 3389 fundamentis
2873 3332 3098 3401 statuit,
3131 3337 3189 3390 et
3236 3333 3401 3390 novis
3446 3332 3686 3390 fabricis

419 3431 732 3488 decoravit.
766 3431 828 3488 In
859 3449 973 3505 quo
1004 3430 1180 3487 etiam
1212 3431 1531 3488 monachos
1561 3430 1872 3488 canonicos
1904 3432 2257 3505 aggregavit,
2290 3432 2392 3504 qui
2424 3430 2568 3487 inibi
2599 3430 2860 3487 ofﬁcium
2893 3430 3171 3498 facerent,
3194 3435 3252 3486 et
3298 3431 3685 3504 omnipotenti

421 3528 668 3585 Domino
698 3533 891 3602 grates
920 3533 977 3586 et
1005 3528 1212 3586 laudes
1244 3529 1451 3585 diebus
1485 3529 1733 3603 singulis
1762 3534 1818 3585 et
1848 3529 2118 3586 noctibus
2138 3528 2466 3601 prosecutis
2494 3529 2704 3585 intimo
2728 3529 2921 3585 cordis
2942 3528 3263 3601 spiramine
3280 3529 3685 3598 decantarent;

420 3627 578 3699 quod
609 3626 763 3683 sicut
791 3627 1317 3700 impraesentiarum
1349 3626 1665 3696 cernimus,
1698 3644 1912 3702 magno
1943 3627 2279 3694 certamine,
2313 3642 2644 3700 magnoque
2673 3627 2868 3683 studio
2899 3631 3101 3698 pastor
3129 3626 3377 3683 eximius
3406 3627 3517 3683 hoc
3540 3643 3690 3700 opus

419 3723 586 3780 valde
616 3724 1026 3781 firmissimum
1058 3724 1377 3798 ampliavit.
1409 3725 1556 3780 Nam
1586 3725 1685 3781 ubi
1734 3728 1869 3781 ante
1915 3723 2079 3780 nulla
2134 3728 2257 3781 erat
2305 3724 2534 3780 cultura
2582 3724 2893 3797 praecipua,
2928 3725 3100 3780 modo
3150 3725 3263 3780 Deo
3313 3723 3691 3796 dispensante

312 3820 340 3877 4
352 3822 388 3876 5
425 3820 671 3894 pulchra
701 3825 841 3878 sunt
868 3821 1203 3878 habitacula
1234 3821 1690 3891 monachorum;
1726 3825 1783 3877 et
1812 3820 1940 3877 loca
1969 3838 2096 3893 quae
2128 3838 2317 3894 nuper
2346 3821 2417 3877 ah
2449 3820 2789 3877 hominibus
2817 3819 3164 3876 videbantur
3181 3821 3456 3892 vepribus
3478 3818 3561 3875 vel
3586 3820 3696 3875 im-

427 3918 733 3976 munditiis
760 3919 954 3993 plena,
988 3937 1144 3976 nunc
1174 3921 1235 3975 in
1265 3920 1349 3977 eis
1381 3919 1603 3977 cellula:
1635 3922 1982 3976 constructae
2014 3922 2172 3987 sunt,
2201 3919 2418 3991 quibus
2450 3935 2582 3974 oves
2614 3917 2827 3975 Christi
2860 3934 2995 3973 cum
3044 3917 3168 3974 suis
3219 3916 3397 3974 simul
3432 3916 3696 3973 utilitati-

423 4017 535 4073 bus
563 4022 697 4090 post
728 4017 970 4074 laudum
1001 4018 1194 4074 ofﬁcia
1221 4016 1553 4091 largissime
1582 4017 1923 4073 cohabitant
1970 4021 2029 4073 et
2076 4015 2395 4072 dormiunt.
2429 4017 2508 4072 Eo
2559 4015 2739 4089 igitur
2783 4019 3045 4087 tempore
3087 4015 3401 4088 saepedicta
3447 4014 3694 4070 ecclesia

426 4115 782 4188 quihusdam
814 4132 917 4189 per
944 4115 1254 4171 circuitum
1276 4100 1419 4171 locis
1449 4114 1620 4188 longo
1652 4114 1813 4172 senio
1844 4118 1967 4170 erat
1984 4117 2299 4186 praerupta,
2314 4113 2415 4170 sed
2446 4130 2575 4170 eam
2599 4111 2958 4169 firmissimis
2980 4112 3239 4185 undique
3263 4111 3693 4168 munitionibus

427 4211 797 4269 restauravit.
820 4213 890 4268 Et
916 4212 977 4268 in
1009 4228 1078 4269 ea
1109 4216 1379 4269 sanctum
1412 4212 1547 4269 fecit
1584 4212 1937 4285 praesepium
1969 4212 2042 4267 ad
2073 4210 2521 4267 similitudinem
2551 4209 2816 4284 praesepii
2848 4214 3063 4266 sanctae
3094 4209 3196 4265 Dei
3226 4207 3695 4281 Genitricis,qum

310 4311 390 4365 20
426 4309 752 4383 appellatur
782 4309 1042 4382 Majoris,
1063 4310 1218 4383 quod
1249 4308 1518 4367 videlicet
1544 4309 1781 4365 laminis
1813 4309 2007 4365 aureis
2036 4313 2094 4365 et
2125 4308 2417 4382 argenteis
2447 4307 2765 4365 adornavit.
2788 4311 2854 4362 In
2885 4324 2999 4379 quo
3025 4323 3128 4380 pro
3161 4305 3415 4363 remedio
3444 4323 3511 4362 ac
3530 4305 3698 4362 venia

430 4406 777 4463 delictorum
807 4406 929 4463 haec
960 4406 1173 4464 obtulit
1201 4407 1355 4463 dona
1385 4423 1399 4464 :
1424 4406 1742 4480 imaginem
1774 4422 2034 4475 auream,
2069 4405 2380 4462 habentem
2413 4404 2719 4461 historiam
2753 4404 3003 4461 domine:
3035 4406 3245 4460 nostrae
3277 4419 3412 4459 cum
3451 4402 3697 4458 diversis

428 4509 486 4560 et
513 4504 783 4577 pretiosis
814 4505 1085 4578 gemmis,
1118 4503 1464 4578 hyacinthos
1486 4506 1739 4577 majores
1771 4521 2015 4561 numero
2046 4503 2344 4572 tredecim,
2378 4503 2647 4577 prasinas
2694 4503 2915 4569 decem,
2942 4500 3108 4558 albas
3156 4502 3408 4573 majores
3452 4517 3697 4557 numero
3752 4576 3757 4581 ‘

430 4601 635 4676 viginti
666 4605 723 4659 et
752 4619 981 4671 novem,
1014 4601 1419 4660 alamandinas
1449 4603 1702 4675 majores
1733 4618 1979 4658 numero
2015 4600 2241 4675 viginti,
2277 4600 2442 4659 albas
2472 4600 2734 4658 modicas
2779 4599 3063 4656 habentes
3110 4598 3170 4654 in
3220 4597 3441 4655 circum
3491 4597 3700 4672 capitis

435 4717 710 4757 coronam
741 4701 967 4757 diverse
998 4699 1352 4774 philopares.
3368 4774 3371 4779 Ι

506 4800 653 4855 471
692 4802 767 4868 (a)
798 4797 1034 4855 Cercelli
1063 4798 1230 4870 paria
1258 4797 1373 4855 duo
1404 4797 1579 4854 habet
1607 4814 1873 4872 gemmas
1902 4796 2359 4870 pretiosissimas
2392 4794 2554 4851 albas
2605 4812 2849 4851 numero
2897 4795 3099 4852 decem
3147 4796 3205 4850 et
3249 4798 3400 4862 octo,
3431 4795 3701 4868 prasinas

435 4899 582 4966 octo,
616 4895 1029 4970 hyacinthinas
1059 4900 1330 4968 quatuor.
1364 4896 1509 4952 Item
1540 4896 1599 4950 in
1631 4897 1833 4952 eadem
1865 4895 2120 4969 imagine
2151 4895 2326 4950 habet
2352 4911 2628 4950 murenas
2658 4892 2983 4966 prasinales
3032 4892 3489 4965 pretiosissimas
3532 4895 3700 4962 duas,

436 5011 505 5050 ex
535 4978 750 5067 quibus
778 4994 957 5051 habet
985 4992 1269 5067 pendulas
1321 5010 1567 5050 numero
1619 4993 1909 5050 undecim.
1965 4994 2104 5049 item
2156 5008 2462 5048 murenam
2512 4990 2750 5047 trifilem
2782 5007 3045 5057 auream,
3078 5008 3205 5065 quae
3235 4990 3410 5048 habet
3437 5007 3704 5064 gemmas

436 5091 694 5148 diversas
753 5091 939 5160 albas,
967 5109 1211 5148 numero
1260 5091 1634 5165 septuaginta
1683 5095 1822 5160 tres,
1857 5096 1914 5148 et
1960 5089 2254 5148 buticnlas
2303 5090 2547 5163 triginta
2593 5092 2731 5145 tres.
2786 5088 3113 5159 Murenam,
3165 5088 3225 5145 in
3283 5105 3402 5160 qua
3447 5089 3705 5161 pendent

359 5191 397 5246 5
429 5205 675 5263 gemmae
705 5188 1095 5264 hyacinthina:
1124 5189 1424 5258 tredecim,
1454 5189 1670 5263 digitiae
1702 5206 1887 5246 aureae
1919 5206 2124 5245 novem
2155 5189 2412 5261 pendent
2441 5188 2500 5243 in
2547 5187 2646 5244 {ilo
2676 5204 2871 5245 aureo.
2925 5188 3068 5245 Item
3117 5202 3424 5243 murenam
3456 5185 3702 5251 filatam,

434 5303 504 5343 ex
534 5304 650 5360 qua
681 5304 927 5362 gemmae
952 5288 1209 5362 pendent
1237 5286 1627 5361 hyacinthina
1659 5287 2121 5360 quatuordecim.
2156 5286 2403 5359 Signum
2442 5283 2657 5341 Christi
2703 5284 2880 5341 habet
2923 5283 3234 5341 navicellas
3263 5283 3432 5348 duas,
3465 5285 3523 5336 et
3569 5297 3705 5336 mu-

438 5401 609 5441 renas
638 5390 778 5443 tres.
811 5385 1027 5443 Omnes
1049 5402 1345 5455 murenas,
1379 5401 1514 5442 cum
1546 5385 1843 5459 petinante
1889 5401 2110 5441 earum.
2143 5383 2438 5440 Gahathas
2484 5400 2691 5440 aureas
2731 5382 3083 5457 purissimas
3121 5375 3479 5436 interrasiles
3509 5376 3705 5449 philo-

435 5499 625 5555 pares.
673 5483 923 5555 Signum
981 5482 1215 5555 Christi,
1258 5483 1608 5559 pendentem
1655 5482 1715 5538 in
1773 5481 2059 5539 catenulis
2104 5482 2294 5537 tribus
2336 5480 2478 5550 lilio,
2529 5485 2587 5538 et
2634 5497 2767 5537 uuc.
2805 5524 2818 5537 .
2852 5521 2865 5535 .
2896 5479 3123 5552 legente
3160 5476 3230 5531 de
3276 5473 3447 5530 donis
3486 5473 3610 5542 Dei,
3651 5477 3709 5530 et

441 5585 657 5638 sancta:
716 5581 933 5653 Mariae,
981 5582 1137 5656 quod
1214 5585 1456 5639 vocatur
1532 5581 1794 5654 Praesepe
1866 5584 2030 5637 trans
2087 5579 2365 5648 Tiberim,
2394 5578 2615 5636 domini
2657 5576 2916 5651 Gregorii
2962 5590 3114 5649 papa
3160 5570 3374 5648 quarti,
3409 5571 3507 5648 qui
3559 5588 3706 5648 puro

1486 5786 1735 5837 NOTULE
1775 5785 2163 5837 IARGINALES
2204 5783 2528 5835 FABROTTI.

368 5889 443 5965 (a)
475 5889 647 5951 Locus
677 5888 1151 5955 mendosissimus.
