4058 6162
133 66 296 128 £089
855 65 1226 127 HISTORIA
1268 65 1370 126 DE
1413 65 1620 130 VYI‘IS
1669 65 1858 129 ΗΘΜ.
1903 67 2694 132 PON’I‘.—GREGORIUS
2741 71 2814 132 Il.
3380 76 3538 137 1290

276 213 406 268 quis
437 195 497 250 in
526 194 772 252 ecclesia
802 195 956 252 beati
991 195 1138 252 Petri
1171 195 1415 269 apostoli
1445 196 1586 252 foris
1618 213 1817 254 muros
1849 197 2018 270 longe
2051 198 2178 269 jam
2228 199 2390 254 senio
2423 205 2653 256 cassata
2698 201 3066 270 videbantur,
3100 204 3172 258 ad
3221 206 3536 277 pristinum

277 298 512 352 statum
533 292 876 367 cultumque
904 293 1190 367 perduxit.
1214 294 1358 350 Nam
1391 311 1537 368 pene
1564 299 1745 352 totam
1779 295 2066 369 porticum
2099 313 2276 370 super
2291 297 2609 354 oratorium
2633 303 2847 356 sanctae
2874 301 2967 356 Dei
2990 301 3300 358 Genitricis
3322 303 3536 373 Mariae,

277 402 406 466 qua:
437 391 706 449 Mediana
735 391 968 460 dicitur,
1003 391 1227 447 noviter
1254 409 1323 447 ex
1351 394 1637 460 trabibus,
1670 395 2008 467 cmtcrisquo
2037 395 2212 468 lignis
2243 396 2315 451 ob
2347 397 2611 452 decorem
2645 398 2897 453 basilicae
2942 400 3251 455 decoravit.
3311 403 3434 459 [mo
3483 408 3541 459 et

204 493 243 549 5
282 491 460 549 aliam
487 489 759 548 similiter
789 490 1080 564 porticum
1113 495 1249 547 ante
1277 490 1474 547 valvas
1505 498 1810 565 argenteas
1841 510 1986 549 novo
2018 510 2189 566 opere
2218 494 2494 567 cultuque
2526 496 2816 568 praecipuo
2849 499 3103 569 perfecit.
3128 499 3362 555 Necnon
3401 505 3458 555 et
3478 499 3537 554 in

278 591 468 647 fronte
499 589 758 663 paradisi
780 589 907 661 jam
941 589 1070 644 fata:
1093 587 1348 646 ecclesiis
1371 590 1678 664 principali
1709 592 1936 647 musivo
1959 597 2170 648 cuncta
2200 609 2326 665 quae
2348 611 2380 648 a
2403 593 2611 666 priscis
2627 595 2988 666 temporibus
3011 596 3070 651 in
3094 598 3295 652 eodem
3319 597 3537 669 pariete

275 693 444 746 erant
473 686 671 744 diruta
698 685 1000 743 velocitate
1027 685 1214 742 nimia
1241 687 1480 761 pingere
1510 705 1576 744 ac
1607 693 1934 745 restaurare
1965 690 2234 747 decrevit.
2269 691 2583 746 Renovavit
2631 691 2807 746 simul
2846 697 2903 747 et
2953 695 3240 765 porticum
3273 695 3537 767 ejusdem

274 785 529 844 basilicis
559 803 690 859 quis
719 801 898 858 super
923 785 1142 858 gradus
1171 785 1301 856 ejus
1327 802 1456 842 esse
1485 787 1859 859 perspicitur,
1881 801 1985 860 per
2013 805 2164 860 quos
2194 787 2445 862 populus
2475 789 2757 845 orationis
2786 793 2916 845 voto
2945 789 3342 848 indifferenter
3363 793 3540 848 habet

273 890 604 942 ascensum.
622 883 778 941 Fecit
797 883 973 940 etiam
987 884 1157 955 juxta
1185 883 1391 957 acolyti
1425 900 1528 956 pro
1557 884 1752 956 quiete
1783 885 2203 958 pontiﬁcis,ubi
2235 891 2368 958 post
2395 887 2686 942 orationes
2710 887 3088 943 matutinales
3109 889 3194 945 vel
3219 889 3536 946 missarum

158 987 236 1042 10
271 985 468 1042 ofﬁcia
493 983 626 1056 ejus
651 981 880 1038 valeant
908 982 1174 1038 membra
1194 981 1812 1055 soporari,hospitium
1843 999 2086 1057 parvum
2118 984 2219 1040 sed
2252 983 2492 1040 honeste
2524 989 3009 1050 constructum,et
3040 986 3284 1058 picturis
3307 988 3539 1044 decora-

270 1083 356 1139 vit
381 1079 852 1153 e'ximiiingitur
881 1079 1031 1136 inter
1061 1084 1268 1136 cetera
1298 1081 1462 1136 bona;
1489 1081 1842 1152 operationis
1871 1080 2137 1154 exempla
2167 1081 2302 1138 fecit
2329 1087 2386 1137 et
2413 1081 2473 1136 in
2505 1082 2856 1154 patriarchio
2881 1084 3259 1140 Lateranensi
3284 1101 3387 1156 pro
3425 1085 3536 1140 uti-

271 1180 437 1237 litate
465 1179 586 1236 sive
609 1193 722 1234 usu
742 1177 1236 1251 pontiﬁcis'prope
1255 1176 1574 1233 oratorium
1595 1178 1781 1234 sancti
1798 1178 2014 1234 Christi
2039 1179 2312 1252 martyris
2331 1180 2622 1236 Laurentii
2644 1179 3048 1237 habitaculum
3071 1181 3216 1238 satis
3236 1182 3534 1250 idoneum,

273 1279 374 1335 ubi
406 1283 465 1335 et
494 1277 663 1350 quies
691 1279 780 1333 est
805 1275 1048 1348 optima,
1081 1280 1138 1332 et
1165 1291 1297 1331 cum
1329 1275 1556 1332 clericis
1577 1275 1704 1332 suis
1732 1276 1993 1348 pontifex
2023 1277 2159 1332 inde
2189 1278 2494 1350 egrediens
2525 1278 2908 1350 omnipotenti
2929 1279 3175 1334 Domino
3191 1280 3420 1336 debitas
3439 1298 3540 1352 po-

269 1381 391 1435 test
417 1376 623 1433 laudes
653 1373 996 1448 persolvere.
1017 1373 1202 1446 Igitur
1229 1376 1362 1446 post
1390 1373 1512 1430 haec
1543 1373 1742 1430 omnia
1771 1391 1898 1447 qua;
1914 1374 2187 1448 superius
2207 1375 2492 1432 aediﬁcata
2516 1376 2790 1448 leguntur
2809 1377 2880 1432 de
2897 1377 3156 1433 aedificiis
3172 1379 3298 1449 jam
3326 1378 3539 1434 dirutis

155 1478 232 1532 15
269 1480 329 1532 et
361 1491 478 1548 pris
508 1471 914 1545 magnitudine
940 1474 1271 1543 temporum
1304 1487 1450 1542 pene
1483 1469 1728 1538 casuris,
1745 1487 1871 1544 quae
1901 1472 2054 1527 infra
2075 1471 2356 1544 palatium
2382 1473 2453 1528 ab
2476 1474 2735 1546 antiquis
2759 1475 3027 1530 Patribus
3040 1475 3391 1531 videbantur
3410 1492 3539 1531 esse

269 1567 1016 1639 constructa,beatissimus
1035 1568 1160 1639 jam
1193 1566 1407 1640 saepius
1437 1567 1774 1625 nominatus
1796 1583 1946 1642 papa
1962 1569 2276 1642 Gregorius
2297 1587 2442 1625 novo
2475 1570 2637 1626 cultu
2669 1576 2726 1626 et
2751 1589 2921 1644 opere
2943 1591 2976 1627 a
2999 1573 3398 1628 fundamentis
3421 1589 3542 1628 ere-

267 1672 356 1728 xit
385 1673 564 1742 atque
593 1665 941 1740 composuit.
974 1666 1120 1722 Nam
1153 1666 1505 1722 descensum
1535 1665 1634 1739 qui
1665 1666 2112 1738 paracellarium
2144 1666 2398 1740 respicit,
2432 1685 2536 1741 per
2565 1685 2739 1741 quem
2770 1673 2943 1726 antea
2979 1669 3245 1726 homines
3266 1669 3446 1726 veluti
3479 1669 3538 1725 in

267 1773 439 1826 nocte
470 1765 865 1824 ascendebant
893 1763 982 1820 vel
1013 1763 1552 1832 descendebant,ita
1582 1764 1803 1821 noviter
1831 1765 2165 1820 reformavit
2193 1770 2260 1821 ut
2290 1765 2450 1822 nulla
2478 1765 2614 1822 inde
2642 1770 3011 1823 transeuntes
3027 1767 3300 1840 deinceps
3321 1772 3384 1823 ut
3407 1771 3540 1823 ante

267 1864 599 1923 obscuritas
617 1861 807 1919 valeat
825 1861 1202 1936 przepcdire,a
1221 1878 1336 1934 quo
1357 1861 1623 1918 videlicet
1643 1861 1768 1918 loco
1787 1878 1974 1935 usque
1996 1863 2066 1918 ad
2099 1863 2416 1919 oratorium
2439 1864 2626 1920 sancti
2651 1865 2968 1932 Laurentii,
2981 1869 3194 1922 cuncta
3213 1883 3340 1937 quae
3372 1871 3539 1921 erant

147 1966 230 2020 20
265 1968 464 2020 vetera
492 1960 858 2019 restauravit.
889 1961 960 2016 Et
991 1958 1107 2016 alia
1137 1976 1284 2016 nova
1313 1959 1544 2031 adjecit,
1579 1959 1635 2014 in
1667 1959 1884 2032 quibus
1909 1964 2028 2016 tres
2059 1960 2387 2017 caminatas
2435 1961 2560 2017 fieri
2600 1962 2801 2034 jussit.
2837 1963 3150 2019 Renovavit
3179 1963 3296 2018 imo
3328 1968 3384 2018 et
3414 1963 3542 2018 bal-

269 2076 450 2118 neum
471 2060 627 2133 quod
641 2059 813 2131 juxta
839 2057 1292 2131 paracellarium
1321 2056 1501 2112 situm
1531 2062 1621 2113 est
1649 2074 1684 2113 a
1714 2058 2114 2114 fundamentis
2144 2074 2247 2130 per
2276 2063 2550 2126 totum,et
2577 2061 2970 2116 marmoribus
2991 2059 3327 2134 ceterisque
3342 2059 3541 2132 placa-

267 2159 490 2216 bilibus
519 2157 796 2231 operibus
825 2155 1136 2212 decoravit.
1171 2155 1316 2211 Nam
1347 2156 1512 2227 prius
1541 2155 1848 2211 vetustatis
1875 2155 2238 2228 longitudine
2267 2174 2546 2214 casurum
2577 2175 2705 2214 esse
2729 2158 3048 2225 videbatur,
3084 2159 3194 2214 nisi
3251 2176 3417 2215 mens
3453 2157 3540 2213 vel

269 2257 560 2330 optimum
594 2255 752 2341 tanti.
772 2253 1066 2326 pontificis
1092 2253 1352 2310 studium
1381 2251 1526 2308 illud
1559 2253 1631 2308 ad
1649 2251 1900 2325 priorem
1931 2257 2154 2308 statum
2189 2255 2462 2310 reducere
2484 2255 2854 2311 decrevisset.
2875 2256 2998 2312 Pari
3023 2257 3194 2311 modo
3208 2255 3334 2311 etin
3359 2254 3540 2310 eccle-

272 2357 363 2412 sia
393 2354 729 2422 Salvatoris,
755 2370 883 2425 quae
915 2349 1760 2424 appellaturConstantiniana,
1783 2350 1918 2406 fecit
1945 2355 2166 2407 vestem
2199 2351 2325 2407 auri
2350 2351 2630 2418 textilem,
2649 2353 2960 2409 habentem
2983 2352 3289 2408 historiam
3321 2351 3545 2425 palma-

144 2455 229 2508 20
270 2469 403 2508 rum
435 2457 492 2508 et
521 2468 746 2510 comam
778 2449 1032 2506 Domini.

339 2547 496 2608 476
529 2550 674 2606 Item
706 2549 766 2604 in
796 2545 1112 2604 venerabili
1147 2545 1498 2602 monasterio
1545 2551 1760 2602 sanctaa
1807 2545 1909 2602 Dei
1960 2545 2272 2603 Cenitricis
2324 2563 2672 2620 semperque
2711 2545 2970 2618 Virginis
3021 2546 3238 2614 Mariae,
3272 2550 3329 2601 et
3359 2546 3547 2603 sancti

269 2647 520 2706 Cornelii
549 2653 607 2706 et
635 2646 862 2714 Calixti,
897 2653 1074 2720 quam
1103 2649 1314 2701 vocant
1342 2644 1531 2700 Trans
1561 2643 1842 2710 Tiberim,
1875 2643 2011 2700 fecit
2042 2643 2302 2700 canistra
2331 2660 2574 2699 numero
2605 2660 2723 2711 sex,
2749 2660 2876 2716 quae
2909 2660 3072 2716 pens.
3099 2642 3340 2699 insimul
3365 2643 3548 2700 libras

269 2747 470 2804 decem
497 2749 556 2803 et
583 2750 745 2814 octo;
779 2745 1066 2818 scyphum
1100 2759 1306 2809 unum,
1340 2759 1504 2815 pens.
1541 2741 1720 2798 libras
1749 2745 1879 2798 octo
1909 2745 1966 2796 et
1995 2740 2198 2796 uncias
2219 2747 2500 2814 quatuor;
2536 2741 2819 2798 canthara
2869 2757 3002 2797 cum
3044 2740 3542 2814 thymiamaterio,

271 2859 439 2918 pene.
473 2843 652 2900 libras
683 2846 832 2912 tres;
865 2841 1146 2898 siclonem
1178 2855 1386 2907 unum,
1419 2855 1584 2912 pens.
1621 2838 1798 2895 libras
1831 2843 1969 2895 tres.
2003 2839 2284 2894 Perfectis
2315 2843 2513 2895 autem
2547 2839 2640 2894 his
2671 2838 2947 2894 omnibus
2980 2842 3156 2912 atque
3186 2837 3548 2894 examussim

189 2945 237 2999 5
273 2941 834 3015 patratis,quoniam
859 2938 1176 3012 jam,sicut
1195 2935 1570 3010 sepedictum
1601 2935 1854 3008 est,ejus
1875 2940 2079 2992 sancta
2110 2936 2438 2993 veneranda
2462 2953 2527 2992 ac
2559 2935 2867 2992 reoolenda
2896 2929 3461 3009 simplicitas,usque
3489 2935 3548 2991 in

277 3040 375 3096 Dei
405 3043 530 3097 erat
557 3035 975 3112 omnipotentis
1003 3053 1236 3108 semper
1264 3035 1488 3090 intenta
1517 3033 1870 3100 servitio,ita
1899 3050 2132 3107 quoque
2161 3034 2232 3090 de
2262 3033 2459 3107 populi
2483 3035 2681 3090 futura
2702 3033 2890 3090 salute
2911 3038 2967 3090 et
2987 3033 3329 3089 liberatione
3350 3032 3548 3106 patriae

274 3137 673 3196 indifferenter
703 3141 828 3193 erat
858 3131 1206 3200 sollicita,ne
1235 3133 1306 3188 ab
1340 3131 1608 3188 hostibus
1638 3131 1753 3187 Deo
1775 3149 1889 3187 non
1920 3132 2291 3204 permittente
2321 3147 2555 3204 quoquo
2581 3131 2752 3187 modo
2774 3135 3120 3204 caperentur
3142 3148 3155 3186 :
3181 3137 3236 3187 et
3267 3131 3548 3204 quoniam

280 3235 464 3308 hujus
492 3233 874 3293 sacratissimi
907 3232 1094 3288 Patris
1123 3248 1190 3287 ac
1219 3247 1380 3304 papae
1404 3229 1772 3303 temporibus
1793 3229 1974 3301 impia
2003 3233 2176 3302 atque
2208 3229 2513 3298 net'aria,et
2544 3228 2658 3285 Deo
2690 3227 3332 3302 odibilisAgarenorum
3355 3245 3552 3301 gensa

279 3333 502 3390 ﬁnibus
531 3335 659 3390 suis
686 3343 1046 3404 consurgens
1095 3345 1241 3402 pene
1293 3341 1497 3384 omnes
1529 3326 1753 3383 insulas
1784 3331 1841 3382 et
1870 3326 2137 3382 omnium
2168 3327 2433 3400 regiones
2462 3329 2748 3382 terrarum
2773 3326 3550 3400 circuiens,deprzedationes

161 3431 251 3494 10
290 3432 601 3490 hominum
633 3435 690 3488 et
719 3431 982 3488 locorum
1013 3426 1403 3484 desolationcs
1431 3425 1708 3482 atrociter
1736 3424 2001 3493 faciebat,
2034 3440 2250 3496 easque
2281 3423 2565 3480 hactenus
2618 3424 2804 3480 facere
2852 3424 3188 3480 nullatenus
3229 3427 3448 3493 cessat;
3481 3425 3552 3480 de

280 3534 500 3607 quibus
528 3546 762 3604 quoque
791 3527 1043 3584 insolitis
1073 3530 1249 3598 atque
1269 3523 1543 3581 cavendis
1572 3521 1870 3596 periculis,
1885 3521 2473 3579 misericordissimus
2497 3520 2709 3594 praesul
2730 3539 3013 3594 magnum
3035 3521 3260 3578 habens
3280 3522 3552 3578 timorem

281 3649 356 3689 ne
386 3629 640 3704 papulas
671 3645 705 3684 a
734 3627 850 3684 Deo
881 3625 995 3681 sibi
1027 3627 1084 3680 et
1103 3624 1270 3680 beato
1301 3622 1468 3679 Petro
1500 3621 1854 3678 commissus
1881 3619 2166 3694 apostolo,
2200 3619 2300 3692 qui
2331 3618 2390 3674 in
2438 3619 2743 3676 Portuensi
2787 3619 2872 3674 vel
2921 3619 3171 3676 Ostiensi
3219 3617 3554 3674 civitatibus

279 3728 605 3798 habitabat,
633 3743 668 3783 a
697 3723 1001 3783 Saracenis
1032 3719 1475 3778 nefandissimis
1505 3717 1902 3791 tribulationis
1935 3735 2001 3774 ac
2030 3716 2478 3790 depraedationis
2509 3718 2752 3774 sentiret
2763 3716 3295 3789 jacturam,intimo
3317 3716 3556 3772 trahens

278 3846 352 3886 ex
375 3826 547 3884 corde
578 3823 850 3897 suspiria,
883 3821 1057 3894 coepit
1085 3819 1403 3893 prudenter
1433 3817 1726 3890 inquirere
1743 3817 2036 3889 quomodo
2069 3815 2361 3872 civitatem
2384 3815 2709 3871 Ostiensem
2743 3817 2834 3887 adj
2848 3820 3043 3870 uvaret
3073 3831 3138 3870 ac
3171 3814 3419 3870 liberare
3462 3829 3556 3884 po-

163 3932 237 3986 15
280 3927 512 3984 tuisset.
538 3925 599 3980 In
631 3923 758 3994 ejus
788 3919 988 3977 statim
1017 3917 1389 3990 omnipotens
1419 3916 1572 3972 Deus
1605 3914 1712 3970 hoc
1744 3915 1904 3970 dedit
1933 3914 2104 3970 corde
2136 3912 2544 3981 consilium,ut
2574 3912 2866 3968 civitatem
2900 3911 3116 3967 ibidem
3139 3928 3257 3982 qua
3272 3909 3555 3983 populum

280 4024 507 4082 salvere
526 4021 698 4079 vellet
723 4038 757 4077 a
785 4016 1187 4075 fundamentis
1217 4015 1440 4071 noviter
1468 4018 1810 4069 construere
1839 4012 2161 4080 debuisset,
2194 4011 2473 4084 quoniam
2505 4026 2573 4065 ea
2601 4025 2728 4082 qua:
2761 4009 2936 4081 priori
2966 4013 3226 4080 tempore
3277 4008 3560 4063 aedificata

283 4124 478 4179 fuerat
509 4121 680 4194 longo
711 4119 992 4190 quassata
1021 4113 1183 4170 senio
1212 4129 1370 4168 nunc
1398 4111 1692 4167 videretur
1720 4125 1850 4166 esse
1879 4109 2093 4165 diruta.
2131 4108 2286 4165 Fecit
2317 4112 2512 4164 autem
2547 4108 2707 4178 juxta
2757 4107 2911 4179 quod
2961 4105 3014 4162 ei
3059 4106 3247 4161 fuerat
3276 4104 3558 4159 divinitus

250 4261 260 4268 -
285 4219 645 4293 inspiratum
668 4233 684 4272 :
710 4215 768 4272 in
799 4212 1076 4289 praedicta
1103 4210 1260 4268 enim
1283 4209 1513 4266 civitate
1529 4207 1786 4266 Ostiensi
1809 4207 2100 4264 civitatem
2123 4205 2298 4263 aliam
2322 4224 2355 4262 a
2371 4204 2494 4261 solo
2517 4203 2681 4261 valde
2703 4202 3084 4260 fortissimam
3093 4201 3305 4274 ,muris
3326 4217 3559 4273 quoque

285 4317 616 4383 altioribus,
649 4313 834 4388 portis
861 4310 1039 4369 simul
1069 4327 1137 4366 ac
1167 4309 1313 4365 seris
1343 4311 1399 4364 et
1429 4305 1780 4364 catharactis
1808 4321 1936 4362 eam
1969 4303 2229 4376 undique
2259 4302 2635 4376 permunivit,
2655 4305 2713 4357 et
2762 4302 3014 4372 desuper
3057 4301 3129 4355 ad
3181 4297 3471 4364 inimicos,
3511 4296 3560 4352 si

164 4419 245 4474 20
286 4413 571 4482 venerint,
604 4409 1024 4485 expugnandos
1047 4407 1332 4482 petrarias
1355 4403 1534 4461 nobili
1567 4407 1690 4460 arte
1721 4401 2070 4475 composuit,
2103 4405 2160 4456 et
2189 4418 2223 4456 a
2255 4400 2394 4455 foris
2425 4415 2540 4455 non
2573 4401 2742 4472 longe
2775 4398 2846 4454 ab
2877 4397 3099 4453 eisdem
3133 4395 3319 4451 muris
3371 4393 3560 4467 ipsam

286 4513 584 4570 civitatem
614 4509 807 4568 altiori
839 4509 1054 4565 fossato
1071 4501 1392 4579 prmoinxit,
1416 4521 1488 4560 ne
1521 4501 1750 4558 facilius
1781 4517 1979 4557 muros
2011 4498 2347 4572 contingere
2369 4496 2467 4553 isti
2496 4494 2774 4552 valerent.

362 4611 509 4667 41⁸7
548 4608 792 4676 Quando
821 4611 1017 4663 autem
1046 4603 1355 4677 sepedicta
1385 4603 1589 4658 civitas
1621 4617 1778 4656 novae
1803 4598 2031 4654 fabricae
2063 4595 2297 4652 initium
2321 4593 2688 4667 meruit,ipse
2717 4593 2934 4649 ibidem
2969 4591 3381 4649 sanctissimus
3411 4607 3564 4663 papa

289 4723 397 4783 per
425 4725 486 4765 se
517 4707 720 4764 multis
751 4703 1011 4762 residens
1030 4702 1238 4760 diebus
1259 4705 1486 4775 partem
1513 4699 1828 4773 quamdam
1853 4712 2158 4753 murorum
2187 4712 2301 4751 non
2323 4693 2611 4750 modicam
2635 4690 2770 4748 cum
2794 4691 2918 4747 suis
2941 4689 3282 4747 hominibus
3304 4687 3473 4762 quasi
3505 4689 3560 4745 in

287 4810 508 4864 sortem
538 4803 866 4878 percipiens
895 4820 930 4859 a
962 4799 1361 4858 fundamentis
1389 4799 1590 4856 erexit.
1623 4799 1704 4854 De
1734 4813 1850 4868 qua
1879 4794 2206 4860 donec,Deo
2230 4790 2834 4866 prosperante,crebro
2865 4789 3022 4846 dicta
3041 4788 3245 4845 civitas
3276 4788 3348 4843 ad
3381 4786 3570 4859 legiti-

290 4906 451 4961 mam
482 4901 662 4960 totius
685 4901 919 4958 fabricis
949 4901 1128 4956 finem
1160 4898 1442 4971 perducta
1469 4899 1578 4964 est,
1610 4893 1826 4950 multos
1846 4893 2052 4948 exinde
2082 4891 2312 4946 labores
2343 4889 2398 4944 in
2433 4905 2540 4944 suo
2588 4891 2791 4943 sancto
2843 4889 3073 4960 pectore
3123 4885 3209 4942 vel
3241 4883 3563 4941 certamina

206 5005 248 5061 5
289 5001 690 5059 indesinenter
713 4998 1015 5056 sustinuit.
1047 4995 1154 5054 Cui
1184 4995 1362 5052 etiam
1393 4993 1616 5050 noviter
1640 4991 1858 5048 civitati
1890 4993 2238 5047 constructae
2269 4987 2378 5043 hoc
2411 5003 2623 5043 nomen
2657 4985 2714 5040 in
2750 4985 3175 5058 sempiternum
3209 4983 3417 5040 statuit
3438 4999 3566 5056 per-

293 5097 916 5167 manendum,scilicet
949 5101 1012 5152 ut
1033 5096 1106 5152 ab
1137 5093 1414 5150 omnibus
1443 5090 1561 5148 sive
1592 5089 1873 5146 Romanis
1905 5088 2023 5145 sive
2054 5086 2184 5144 aliis
2217 5085 2616 5151 nationibus,a
2637 5084 2872 5158 proprio
2897 5083 3053 5156 quod
3084 5081 3136 5138 ei
3165 5086 3290 5138 erat
3306 5080 3562 5147 nomine,

295 5198 356 5254 id
388 5201 478 5254 est
507 5193 958 5269 Gregoriopolis,
988 5195 1314 5249 vocaretur.
1346 5191 1417 5246 Et
1447 5206 1640 5245 revera
1672 5186 1878 5242 merito
1907 5186 2016 5241 hoc
2056 5202 2088 5240 a
2121 5182 2439 5240 conditoris
2482 5181 2572 5238 sui
2619 5181 2855 5238 nomine
2886 5179 3237 5237 vocabulum
3290 5176 3566 5250 sumpsit,

293 5295 436 5369 quia
465 5294 621 5368 quod
652 5281 882 5351 nullum
911 5291 1163 5366 legimus
1193 5289 1398 5346 fecisse
1424 5282 2024 5360 pontificem,iste,[)ei
2046 5281 2466 5356 omnipotentis
2496 5280 2709 5338 auxilio
2731 5279 3026 5352 simulque
3047 5279 3258 5335 virtute
3281 5274 3567 5340 munitus,

291 5409 400 5468 pro
430 5392 646 5466 populo
677 5408 748 5450 ac
774 5389 1116 5449 liberatione
1145 5387 1343 5462 patrias
1376 5391 1510 5443 ante
1533 5386 1659 5458 jam
1693 5383 2061 5440 nominatum
2085 5399 2235 5455 opus
2265 5380 2519 5466 mirabili
2551 5381 2757 5438 decore
2789 5378 3019 5434 fabricas
3050 5373 3376 5434 construxit
3396 5375 3572 5442 atque

174 5494 253 5552 10
295 5491 647 5565 composuit.

363 5563 521 5647 4&8
551 5589 655 5645 His
686 5589 884 5660 itaque
909 5587 971 5642 in
1001 5585 1127 5643 suis
1150 5584 1292 5642 locis
1325 5581 1702 5640 manentibus
1733 5580 1867 5636 fecit
1888 5577 2046 5635 idem
2077 5577 2449 5650 coangelicus
2479 5579 2656 5648 atque
2704 5573 2953 5631 eximius
2983 5567 3193 5644 praesul
3237 5567 3296 5621 in
3328 5563 3574 5620 basilica

294 5686 612 5746 Salvatoris
660 5685 894 5743 Domini
944 5682 1130 5740 nostri
1175 5683 1314 5740 Jesu
1365 5679 1788 5754 Christi,juxta
1837 5675 2260 5752 patriarchium
2309 5675 2716 5743 Lateranense,
2749 5675 2966 5728 vestem
3016 5681 3152 5722 cum
3195 5662 3570 5740 chrysoclavo

473 5813 742 5877 PATBOL.
788 5809 1111 5876 CXXVIII.
1393 5865 1401 5873 .
3174 5791 3248 5856 41
