4136 6168
547 27 703 89 1295
1705 11 2120 76 ANASTASII
2163 9 2793 73 BIBLIOTHEGARII
3749 0 3866 75 {296

687 159 920 224 oratur;
956 154 1126 224 cujus
1155 153 1287 224 post
1313 166 1537 218 casum,
1573 147 1841 204 Ecclesiae
1875 145 2100 218 apicem
2134 143 2392 216 suscepit
2423 142 2755 216 Gregorius.
2779 143 2826 198 A
2855 158 2970 215 quo
3001 158 3134 198 cum
3169 131 3504 216 diligentius
3535 142 3850 214 praedictusvi

689 255 1002 320 amaretur,
1035 248 1602 322 archipresbyterum
1633 263 1767 302 eum
1798 245 1856 300 in
1887 249 2090 300 sancta
2120 241 2414 298 ordinavit
2441 241 2715 296 Ecclesia.

759 352 908 408 481
947 349 1053 416 Qui
1083 365 1218 404 vero
1240 365 1373 403 cum
1396 363 1500 418 per
1517 344 1806 402 sexdecim
1830 341 2213 399 solertissime
2235 340 2620 414 gubernasset
2640 338 2958 396 Ecclesium
2981 355 3166 394 annos
3188 337 3262 394 ad
3283 341 3533 394 extrema
3552 337 3740 396 ductus
3755 358 3877 399 occu'

685 449 834 504 buit.
859 449 1023 504 Tunc
1041 463 1178 502 vero
1197 461 1331 501 cum
1355 461 1622 518 proceres
1644 448 1700 498 et
1721 443 1995 498 Romanae
2023 439 2186 495 urbis
2209 437 2542 512 Optimates,
2557 437 2982 509 universusque
3003 435 3271 494 Ecclesiae
3294 435 3537 510 populus
3557 453 3654 509 pro
3672 437 3875 512 eligendo

687 545 961 618 pontiﬁce
984 545 1041 600 in
1065 560 1250 600 unum
1283 541 1744 613 coissent,atque
1769 539 1920 594 alius
1951 539 2022 594 de
2053 535 2166 592 alio
2199 541 2264 592 ut
2294 535 2420 592 ﬁeri
2451 534 2598 592 solet
2617 535 2675 591 in
2697 534 2913 592 talibus
2943 533 3554 601 conclamaret,subito
3575 551 3668 607 per
3685 535 3767 592 Dei
3783 555 3878 610 pro-

692 643 1012 700 videntiam
1043 642 1238 698 divino
1269 645 1416 696 nutu
1446 637 1801 711 compuncti,
1836 637 1907 694 de
1939 634 2178 692 antelati
2211 633 2396 707 Sergii
2429 632 2913 706 archipresbyteri
2943 631 3220 707 religione
3250 631 3581 706 diligentius
3607 633 3880 692 confabqu

617 742 655 797 5
691 744 1090 813 cmperunt,ut
1119 755 1323 795 omnes
1353 737 1806 803 conclamarent,
1822 735 1960 808 quia
1991 734 2206 806 dignus
2237 735 2329 788 est
2355 731 2730 805 pontiﬁcatus
2760 730 3005 804 adipisci
3036 729 3882 803 regimen.Firmatoqueineumo

692 840 826 896 dem
853 839 1044 895 virum
1075 836 1318 894 consilio
1353 835 1762 907 unusquisque
1793 833 1852 888 in
1884 849 1992 888 sua
2019 846 2285 887 reversus
2316 833 2422 886 est.
2443 831 2607 886 Tunc
2638 834 2875 903 repente
2904 829 3187 886 diaconus
3216 829 3456 902 quidam
3483 828 3660 903 ipsius
3677 829 3880 887 Ecclesia

688 938 944 994 Joannes
971 937 1028 990 in
1051 939 1280 991 tantum
1305 934 1570 990 amentiae
1593 931 1786 1004 erupit
1806 936 1979 1004 atque
2003 929 2267 996 insaniae,
2293 932 2359 984 ut
2378 945 2660 1000 persuaso
2692 927 2946 1000 quodam
2970 926 3112 985 satis
3139 926 3407 1000 imperito
3428 932 3486 984 et
3506 929 3704 1000 agresti
3722 929 3880 1001 populo

693 1035 932 1091 collecta
963 1033 1431 1090 turbulentorum
1463 1036 1520 1088 et.
1551 1031 1957 1088 seditiosorum
1995 1047 2172 1084 manu
2205 1027 2260 1082 in
2297 1025 2720 1100 patriarchium
2769 1027 3158 1082 Lateranense
3206 1043 3309 1099 per
3335 1027 3478 1094 vim,
3510 1026 3698 1081 fractis
3713 1026 3881 1116 januis,

694 1131 918 1188 bellicis
946 1131 1080 1187 telis
1109 1130 1531 1203 ingrederetur,
1565 1129 1711 1201 legis
1740 1133 1798 1184 et
1828 1127 2051 1184 ordinis
2082 1125 2453 1181 traditionem
2487 1129 2927 1198 transgressus:
2961 1142 3076 1197 quo
3124 1141 3194 1181 ex
3241 1125 3389 1180 facto
3437 1141 3636 1180 omnes
3662 1123 3750 1196 qui
3775 1124 3886 1181 intra

587 1231 658 1287 40
695 1229 1031 1304 patriarchii
1060 1229 1274 1284 mamia
1293 1229 1537 1284 aderant
1567 1232 1803 1299 stupore
1826 1231 1883 1282 et
1903 1230 2062 1281 metu
2087 1223 2287 1296 repleti
2308 1228 2465 1280 sunt.
2493 1222 2676 1296 Igitur
2695 1239 2829 1279 cum
2851 1239 2955 1296 per
2975 1222 3152 1280 unius
3177 1222 3326 1279 horse
3349 1225 3697 1279 momentum
3715 1239 3823 1278 cum
3840 1239 3886 1280 eo

695 1328 796 1384 illa
826 1329 1218 1401 perdurasset,
1254 1325 1530 1400 ignobilis
1563 1325 1762 1397 populi
1794 1325 1994 1380 concio
2025 1324 2233 1378 timore
2264 1326 2550 1394 correpta,
2581 1338 2648 1378 eo
2677 1321 2875 1377 relicto
2908 1337 3201 1394 nusquam
3243 1321 3590 1394 comparuit.
3621 1321 3809 1387 Quibus
3831 1320 3888 1376 ita

697 1424 877 1499 gestis
901 1441 1106 1482 omnes
1127 1423 1418 1491 Quiritum
1441 1423 1732 1496 principes
1757 1421 2044 1495 indignati
2068 1423 2228 1488 sunt,
2251 1425 2308 1476 et
2327 1419 2625 1476 communi
2657 1418 2900 1476 consilio
2931 1417 3186 1476 universi
3209 1419 3426 1491 pariter
3449 1419 3510 1474 in
3531 1417 3751 1475 basilica
3774 1419 3886 1475 beati

696 1523 928 1580 Martini
953 1523 1303 1580 confessoris
1328 1527 1503 1594 atque
1526 1519 1816 1594 pontiﬁcis
1839 1519 2009 1575 celeri
2032 1535 2207 1574 cursu
2235 1534 2564 1591 magnoque
2587 1518 2850 1590 equitatu
2873 1521 3014 1575 sunt
3034 1517 3390 1592 congregati.
3405 1517 3737 1573 Etcumdem
3756 1516 3888 1572 archi-

696 1622 1102 1695 presbyterum
1125 1620 1392 1694 Sergium
1407 1620 1464 1674 in
1480 1618 1753 1675 omnibus
1775 1616 2256 1691 probatissimum
2279 1616 2594 1672 virtutibus
2616 1617 2905 1682 virum,de
2915 1632 3032 1688 quo
3045 1615 3316 1688 superius
3329 1614 3666 1672 memoriam
3684 1611 3884 1682 fecimus,

589 1720 660 1776 45
696 1719 1064 1776 extrahentes
1095 1719 1164 1774 de
1195 1718 1442 1774 ecclesia
1470 1735 1684 1790 magno
1715 1734 1848 1772 cum
1879 1716 2118 1780 honore,
2144 1731 2472 1788 magnaque
2503 1713 2705 1788 pepuli
2733 1713 3047 1770 comitante
3079 1717 3324 1782 caterva,
3340 1711 3662 1786 amplisque
3683 1729 3888 1768 resonan-

697 1818 857 1874 tibus
887 1816 1184 1884 laudibus,
1210 1833 1344 1873 cum
1375 1814 1608 1888 hymnis
1629 1819 1688 1871 et
1707 1813 1954 1870 canticis
1975 1813 2339 1888 spiritalibus
2370 1813 2430 1868 in
2453 1812 2874 1886 patriarchium
2896 1813 3283 1868 Lateranense
3299 1811 3542 1884 electus,
3557 1814 3718 1884 atque
3735 1809 3888 1884 perdu-

699 1917 829 1970 ctus
860 1919 968 1970 est.
1002 1914 1217 1970 Eodem
1247 1929 1380 1969 vero
1413 1912 1505 1968 die
1534 1915 1700 1969 tanta
1732 1912 1830 1968 nix
1859 1911 1919 1967 in
1951 1912 2096 1968 urbe
2125 1911 2310 1968 effusa
2339 1915 2448 1979 est,
2483 1914 2548 1967 ut
2575 1909 2852 1966 omnibus
2882 1907 3196 1966 candidata
3221 1913 3576 1966 cerneretur.
3601 1909 3744 1976 Quod
3768 1903 3887 1963 multi

703 2011 902 2085 gaudii
931 2011 1223 2080 dicebant,
1258 2015 1316 2067 et
1345 2010 1632 2066 claritatis
1662 2027 1790 2067 esse
1819 2009 2126 2066 indicium.

767 2109 924 2166 482
955 2109 1301 2165 Praedictum
1347 2126 1482 2165 vero
1529 2109 1814 2166 Joannem
1865 2108 2169 2164 diaconem
2201 2108 2270 2164 de
2301 2106 2653 2180 patriarchio
2685 2122 2902 2180 magna
2929 2121 3066 2162 cum
3093 2103 3460 2180 turpitudine
3490 2103 3664 2177 hujus
3685 2103 3888 2160 Romana

701 2207 864 2262 urbis
889 2205 1183 2278 principes
1212 2206 1582 2278 expulerunt,
1615 2211 1673 2262 et
1703 2205 1920 2262 arctius
1949 2206 2008 2261 in
2042 2206 2298 2263 claustra
2347 2206 2456 2262 sub
2507 2203 2733 2262 cautela
2779 2204 2938 2261 trudi
2987 2208 3388 2278 praeceperunt
3427 2220 3532 2277 pro
3561 2203 3745 2260 eadem
3767 2204 3890 2256 tanta

699 2302 1046 2359 temeritatis
1074 2302 1257 2375 impia
1277 2307 1334 2359 et
1355 2304 1484 2359 dira
1503 2303 1976 2376 praesumptione,
2001 2321 2180 2376 quam
2203 2304 2514 2376 saspefatus
2533 2304 2787 2360 Joannes
2808 2302 3090 2359 diaconus
3111 2319 3293 2359 ausus
3317 2305 3408 2359 est
3427 2301 3890 2375 perpetrare.Quem

699 2399 874 2455 etiam
905 2400 1150 2456 concilio
1181 2399 1514 2457 antistitum
1547 2400 1840 2474 principes
1871 2401 2170 2468 damnare,
2186 2418 2410 2474 suoque
2437 2400 2748 2457 voluerunt
2776 2399 2991 2474 privari
3020 2399 3255 2458 honore.
3271 2401 3510 2456 Necnon
3531 2404 3584 2456 et
3605 2397 3694 2456 alii
3710 2395 3888 2454 ensibus

625 2497 662 2552 5
697 2497 1071 2554 membratim
1103 2515 1236 2554 eum
1271 2497 1574 2567 dilaniare,
1609 2515 1677 2554 ac
1707 2499 2042 2554 interimere
2071 2498 2398 2556 voluerunt.
2437 2499 2549 2556 Sed
2579 2499 2688 2555 hoc
2719 2500 2842 2554 ﬁeri
2873 2499 3166 2573 benignus
3194 2502 3254 2555 et
3280 2497 3695 2554 solertissimus
3713 2493 3890 2567 Sergius

697 2594 908 2668 prmsul
941 2595 1260 2668 prohibuit,
1293 2596 1496 2652 nolens
1528 2595 1749 2652 malum
1781 2613 1885 2669 pro
1919 2595 2072 2652 malo
2105 2597 2430 2653 secundum
2462 2595 2856 2670 evangelicum
2885 2597 3162 2671 cuiquam
3195 2596 3438 2653 reddere
3466 2611 3658 2652 vocem
3681 2593 3892 2666 (a).Tunc

697 2694 934 2750 demum
967 2695 1396 2752 exsultantibus
1419 2695 1694 2751 omnibus
1717 2694 2140 2764 sacerdotibus,
2155 2695 2496 2769 proceribus
2515 2699 2571 2752 et
2587 2692 2991 2768 optimatibus,
3007 2695 3401 2768 omnibusque
3421 2692 3680 2750 Ecclesia
3697 2688 3889 2764 populis,

693 2792 847 2848 idem
878 2792 1290 2850 sanctissimus
1319 2793 1408 2848 vir
1435 2793 1495 2849 in
1527 2793 1846 2866 apostolica
1876 2791 2028 2848 beati
2060 2793 2210 2850 Petri
2244 2793 2646 2851 sacratissima
2675 2794 2813 2850 sede
2842 2793 3146 2850 ordinatus
3177 2796 3666 2864 consecratusque
3688 2791 3766 2845 est
3787 2802 3890 2862 pon-

697 2889 858 2946 tifex.

768 2988 923 3044 488
955 2989 1093 3044 Erat
1121 2989 1275 3044 enim
1309 2987 1530 3061 origine
1561 2987 1832 3060 insignis,
1856 2988 1970 3043 ﬁde
1991 3005 2196 3061 purus,
2221 2989 2632 3062 praedicatione
2660 2989 2916 3058 liberior,
2949 2989 3066 3046 Deo
3098 2986 3706 3059 humilis,hominibus
3731 2981 3891 3044 clarus,

697 3084 860 3141 vultu
891 3085 1122 3155 alacris,
1156 3089 1352 3142 mente
1383 3085 1646 3154 alacrior,
1681 3084 2072 3142 Ecclesiarum
2103 3087 2479 3160 gubernator,
2511 3085 2770 3159 plebium
2803 3086 3012 3156 cultor,
3047 3103 3372 3160 pauperum
3417 3087 3625 3153 fautor,
3652 3082 3892 3139 viduarum

697 3187 931 3254 tegmen
977 3188 1033 3238 et
1083 3187 1412 3240 consolator
1467 3183 1878 3257 indigentium,
1931 3182 2175 3256 largitor
2215 3185 2637 3257 dispersorum,
2688 3189 3174 3258 congregatorum
3223 3188 3639 3240 conservator:
3688 3176 3890 3236 inanium

697 3280 1182 3354 saiculariumque
1213 3299 1409 3338 rerum
1440 3285 1826 3354 contemptor,
1859 3280 2000 3337 solis
2031 3281 2090 3336 in
2118 3282 2414 3356 sapientiae
2463 3282 2680 3339 divitiis
2733 3283 2936 3340 avidus
2966 3287 3022 3340 et
3051 3287 3296 3340 amator.
3330 3283 3524 3354 Hujus
3560 3274 3890 3336 sacratissima

622 3380 658 3434 5
692 3364 1150 3436 consecrationis
1180 3397 1312 3436 cum
1346 3381 1419 3461 ad
1450 3396 1620 3436 aures
1650 3378 2021 3435 invictissimi
2052 3381 2300 3453 Augusti
2335 3379 2590 3446 Letharii
2624 3398 2827 3436 rumor
2855 3378 3889 3454 pervenissetimperatoris,Drogonem

696 3475 964 3532 videlicet
993 3477 1270 3533 Metensis
1299 3477 1568 3533 Ecclesia:
1603 3475 2132 3548 archiepiscopum,
2163 3495 2298 3534 cum
2353 3477 2840 3535 excellentissimo
2895 3478 3186 3536 Ludovico
3244 3476 3364 3534 ﬁlio
3425 3495 3556 3542 suo,
3587 3489 3773 3548 magno
3795 3482 3888 3526 cum

702 3575 1056 3629 Francorum
1088 3573 1340 3630 exercitu
1374 3575 1618 3630 Romam
1651 3573 1861 3630 direxit
1892 3591 1905 3630 :
1939 3591 2073 3630 cum
2105 3575 2320 3646 quibus
2349 3577 2527 3632 etiam
2559 3575 3028 3649 archiepiscopus
3046 3575 3361 3650 plumaque
3382 3569 3888 3649 episcopos,abbates

700 3675 758 3725 et
777 3670 1018 3727 comites
1049 3671 1337 3744 proﬁcisci
1370 3671 1662 3744 praecepit.
1689 3669 1808 3744 Ipsi
1827 3688 1979 3740 vero,
2005 3689 2038 3728 a
2059 3690 2174 3745 quo
2195 3673 2252 3728 in
2277 3690 2410 3730 oras
2432 3673 2701 3730 Bononiae
2725 3673 2975 3732 civitatis
2995 3691 3130 3730 cum
3154 3673 3454 3748 belligeris
3477 3671 3599 3730 suis
3617 3665 3889 3727 exercitibus

699 3771 840 3824 sunt
867 3766 1138 3841 ingressi,
1169 3774 1366 3826 tantas
1396 3769 1581 3825 caedes
1611 3773 1925 3842 tantasque
1955 3774 2181 3842 strages
2210 3769 2269 3825 in
2302 3771 2516 3844 populo
2547 3775 2894 3846 peregerunt
2922 3776 2989 3828 ut
3019 3771 3118 3846 qui
3162 3787 3266 3844 per
3309 3773 3488 3828 urbes
3519 3775 3573 3828 et
3600 3759 3751 3842 agros
3773 3764 3890 3821 erant

589 3867 658 3922 10
692 3865 998 3940 tyrannica
1027 3866 1372 3923 crudelitate
1403 3867 1714 3940 perterriti,
1747 3866 1966 3923 relictis
1996 3867 2250 3940 propriis
2279 3867 2443 3938 locis,
2477 3886 2580 3942 per
2627 3869 2754 3926 loca
2801 3869 3002 3926 abdita
3047 3873 3105 3926 et
3141 3869 3396 3926 latebras
3426 3887 3494 3926 se
3523 3860 3888 3924 absconderant.

697 3964 842 4020 Cum
887 3982 1021 4020 vero
1069 3965 1192 4021 haec
1239 3981 1344 4038 per
1400 3983 1634 4022 omnem
1693 3964 1888 4020 locum
1944 3965 2324 4039 singulasque
2371 3984 2474 4040 per
2523 3967 2696 4024 urbes
2727 3972 2901 4040 atque
2929 3967 3087 4024 vicos
3117 3971 3175 4024 et
3203 3983 3376 4042 agros
3409 3983 3562 4023 saeva
3587 3961 3890 4038 operareutul'

699 4063 978 4135 nequitia,
1013 4064 1086 4120 ad
1116 4068 1349 4135 pontem
1384 4067 1770 4137 pervenerunt
1796 4061 2058 4135 Capellae.
2092 4065 2396 4138 Tantaque
2453 4069 2578 4121 erat
2622 4069 2762 4121 tunc
2809 4065 2936 4122 cceli
2977 4063 3262 4122 serenitas
3289 4069 3354 4121 ut
3381 4069 3506 4122 toto
3535 4065 3593 4120 in
3619 4077 3734 4119 aere
3755 4055 3888 4113 nubes

698 4165 800 4218 aut
829 4161 1035 4234 pluviae
1065 4161 1300 4234 signum
1331 4161 1646 4234 quisquam
1674 4161 1869 4217 videre
1900 4178 2015 4217 non
2047 4163 2574 4234 potuisset:subito
2602 4179 2734 4220 vero
2766 4167 3026 4220 atrarum
3045 4180 3161 4220 non
3179 4162 3409 4218 modica
3425 4161 3680 4219 densitas
3705 4152 3886 4213 nubium

697 4260 850 4316 facta
880 4264 987 4328 est,
1023 4259 1427 4333 nimbosisque
1457 4260 1726 4332 procellis
1755 4265 1811 4317 et
1842 4260 2345 4318 coruscationibus
2376 4261 2742 4331 circumdati,
2768 4262 3008 4334 quidam
3039 4262 3110 4318 de
3139 4259 3498 4335 primatibus
3529 4255 3782 4332 Drogonis
3799 4264 3888 4307 oon.

588 4357 660 4414 45
697 4356 902 4414 siliarii
931 4357 1196 4414 fulminis
1225 4357 1346 4414 ictu
1377 4359 1639 4430 percussi
1671 4375 1737 4414 ac
1766 4358 2101 4433 interempti
2133 4364 2291 4417 sunt.

769 4457 924 4513 484
957 4457 1073 4512 Hoc
1101 4455 1365 4512 videntes
1393 4455 1670 4512 horribile
1704 4457 1939 4530 signum
1990 4457 2171 4513 nimio
2220 4474 2424 4514 omnes
2466 4459 2676 4514 timore
2726 4457 2928 4515 Franci
2985 4457 3236 4530 correpti
3293 4460 3455 4514 sunt.
3489 4455 3596 4513 Sed
3627 4448 3890 4508 nullatenus

695 4555 912 4612 mentis
943 4555 1302 4612 ferocitatem
1333 4555 1692 4628 deponentes
1721 4555 1901 4611 atroci
1925 4555 2220 4612 voluntate
2251 4556 2322 4612 ad
2357 4555 2570 4612 Urbem
2601 4555 2872 4612 velociter
2898 4555 3311 4628 properabant.
3361 4557 3619 4622 Quorum
3641 4549 3886 4606 adventum

697 4653 1025 4710 antedictus
1055 4653 1432 4710 beatissimus
1463 4669 1616 4726 papa
1645 4653 1883 4726 Sergius
1915 4653 2038 4710 ﬁeri
2071 4654 2312 4726 prepius
2344 4671 2479 4710 cum
2509 4653 2892 4728 cognovisset,
2927 4653 2987 4708 in
3018 4653 3148 4725 ejus
3177 4649 3646 4710 excellentissimi
3675 4636 3885 4703 Ludovici

697 4753 849 4825 regis
879 4768 1188 4809 occursum
1220 4751 1520 4808 universos
1541 4751 1774 4824 judices
1805 4752 1878 4808 ad
1908 4751 2025 4808 fere
2055 4769 2260 4808 novem
2309 4752 2586 4808 milliaria
2633 4752 2705 4808 ab
2745 4752 2855 4808 hac
2883 4752 3147 4808 Romana
3173 4750 3320 4807 urbe
3350 4749 3577 4807 direxit.
3609 4749 3766 4814 Quem
3789 4749 3886 4795 cum

619 4853 656 4905 5
693 4850 878 4922 signis
907 4853 963 4906 et
993 4850 1224 4924 magnis
1254 4850 1664 4908 resonantibus
1687 4849 1961 4908 laudibus
1992 4851 2480 4924 susceperunt.Et
2509 4851 2652 4906 dum
2685 4849 2822 4906 Urbi
2853 4866 2999 4922 pene
3029 4849 3208 4906 unius
3238 4847 3502 4904 milliarii
3531 4843 3706 4920 spatio
3728 4849 3884 4911 appm'

693 4947 1058 5021 pinquasset,
1081 4949 1382 5006 universas
1412 4949 1637 5006 militiae
1668 4949 1901 5006 scholas
1923 4966 2040 5005 una
2060 4966 2194 5004 cum
2225 4948 2486 5022 patronis
2517 4948 2746 5004 direxit.
2771 4947 2990 5021 Dignus
3009 4945 3376 5004 nobilissimo
3398 4945 3518 5020 regi
3538 4943 3722 5000 laudes
3735 4944 3885 4993 omne!

693 5051 988 5118 canentes,
1022 5047 1281 5120 aliosque
1337 5047 1557 5104 militiae
1615 5048 1988 5105 doctissimos
2044 5049 2270 5104 Graecos
2325 5047 2736 5120 imperatorias
2783 5045 2990 5102 laudes
3039 5045 3436 5114 decantantes,
3470 5059 3600 5101 cum
3632 5027 3884 5096 dulcisonis

693 5145 1032 5201 earumdem
1053 5143 1305 5202 laudum
1335 5147 1576 5202 vocibus
1623 5145 1820 5219 ipsum
1870 5163 2064 5219 regem
2113 5145 2362 5217 gloriose
2409 5149 2813 5218 susceperunt.
2846 5144 3085 5201 Obviam
3118 5141 3202 5199 illi
3233 5144 3361 5216 ejus
3391 5143 3661 5200 sanctitas
3687 5131 3884 5203 (ἰὶιιὶεεηε

690 5245 1052 5301 venerandae
1084 5260 1308 5313 cruces,
1333 5244 1472 5300 item
1495 5244 1683 5317 signa,
1709 5245 1862 5300 sicut
1893 5261 2019 5300 mos
2051 5249 2141 5300 est
2169 5244 2581 5317 imperatorem
2613 5248 2716 5299 aut
2747 5259 2942 5316 regem
2973 5241 3290 5316 suscipere,
3313 5241 3394 5297 ita
3413 5257 3547 5298 eum
3569 5250 3691 5294 cum
3721 5220 3883 5300 ingenti

584 5342 654 5399 40
689 5343 910 5401 honore
939 5342 1158 5415 suscipi
1195 5343 1348 5398 fecit.
1383 5344 1512 5415 Ipse
1543 5360 1674 5398 vero
1711 5344 2036 5398 Ludovicus
2067 5361 2184 5414 rex,
2217 5359 2334 5415 qua
2361 5341 2505 5398 hora
2533 5341 2647 5398 sibi
2695 5341 3125 5398 sacratissimas
3181 5357 3387 5397 cruces
3434 5355 3498 5394 ac
3527 5337 3685 5409 signa
3709 5325 3883 5386 obviam

690 5441 992 5498 advenisse
1023 5439 1342 5514 conspexit,
1377 5439 1587 5496 alacris
1617 5441 1808 5496 factus
1838 5439 2002 5496 valde
2034 5439 2262 5497 laetatus
2291 5443 2399 5496 est.
2433 5441 2596 5496 Tunc
2630 5456 2736 5495 suo
2763 5438 3035 5497 universo
3085 5455 3221 5494 cum
3268 5436 3501 5511 populo,
3534 5429 3781 5491 omnibus
3803 5420 3882 5476 Ριο·

686 5539 879 5596 manis
901 5538 1206 5612 judicibus
1233 5541 1292 5596 et
1316 5537 1534 5596 scholis
1563 5537 2060 5606 antecedentibus,
2095 5539 2167 5594 ad
2200 5539 2436 5594 beatum
2483 5538 2718 5594 Petrum
2768 5536 2998 5594 studuit
3043 5551 3374 5612 properare.
3407 5535 3582 5601 Quem
3617 5520 3881 5586 antedictns

1723 5660 1974 5708 NOTULE
2017 5661 2403 5709 MABGINALES
2447 5660 2768 5708 FABROTTI.

618 5732 697 5806 (ιι)
728 5734 880 5791 Rom.
911 5752 1007 5793 xu.
