4058 6162
180 161 338 281 gssj
697 221 703 228 ρ
953 181 1324 246 HISTORIA
1366 182 1469 244 ns
1511 183 1715 245 vms
1761 184 1950 246 acM.
1999 185 2331 248 PONT.—
2359 185 2691 252 SERGIUS
2734 187 2811 250 11.
3003 200 3010 206 ’
3427 190 3584 254 1298

319 315 612 394 almificus
657 315 918 390 pontifex
945 315 1006 372 in
1053 315 1334 390 gradibus
1382 315 1570 389 ipsius
1619 317 1950 390 apostolicae
1999 317 2144 374 aula
2191 321 2464 376 eumdem
2524 337 2719 395 regem
2753 322 2810 377 in
2844 321 2970 396 ipso
3001 321 3094 378 die
3120 321 3584 397 Dominico'post

321 415 720 472 Pentecostem
750 431 856 470 suo
883 431 1018 470 cum
1047 413 1198 470 clero
1229 415 1602 488 exspectavit.
1635 414 2036 490 Conjungente
2067 433 2199 472 vero
2231 419 2434 474 eodem
2467 434 2619 492 rege,
2655 418 3040 494 universoque
3071 421 3288 494 gradus
3319 422 3585 493 ejusdem

211 513 285 571 15
320 511 732 571 sacratissima
774 513 930 569 beati
979 512 1128 568 Petri
1159 511 1415 568 ecclesia
1465 513 1834 581 ascendente,
1868 515 1938 568 ad
1988 515 2476 586 pranominatum
2523 515 2936 589 propinquavit
2983 517 3338 591 pontificem,
3395 519 3494 575 ubi
3525 518 3585 574 in

321 611 469 669 atrio
501 627 678 684 super
705 611 924 683 gradus
935 611 1110 682 juxta
1137 611 1288 668 fores
1309 610 1562 668 ecclesia
1595 627 1729 668 cum
1751 611 2022 668 universo
2045 611 2197 669 clero
2228 617 2285 669 et
2312 613 2525 687 populo
2558 614 2817 670 Romano
2841 615 3171 672 assistebat.
3199 618 3362 672 Tunc
3387 621 3588 672 mutuo

323 726 385 766 se
414 709 833 782 amplectentes
852 707 1042 764 tenuit
1062 709 1218 765 idem
1251 709 1578 766 Ludovicus
1599 727 1699 765 rex
1717 711 2011 766 dexteram
2034 711 2310 767 antedicti
2331 712 2645 785 pontificis,
2669 716 2726 768 et
2754 712 2812 766 in
2836 712 3080 768 interius
3103 713 3349 786 ingressi
3373 715 3587 770 atrium

323 807 396 864 ad
428 811 628 880 portas
657 811 1046 881 pervenerunt
1075 810 1400 880 argenteas.
1435 807 1497 862 In
1531 823 1645 880 quo
1676 806 1824 863 atrio
1854 825 2008 864 unus
2039 809 2109 864 de
2139 809 2490 866 exercitibus
2521 827 2555 865 a
2574 810 2858 866 damonio
2890 815 3158 882 arreptus
3184 810 3242 866 in
3274 815 3586 884 conspectu

325 907 680 962 Francorum
713 903 978 960 omnium
1026 904 1192 962 valde
1219 909 1460 962 vexatus
1491 909 1598 961 est.
1632 907 1796 961 Tunc
1845 905 2137 962 almificus
2187 907 2399 979 prasul
2451 907 2642 963 claudi
2693 908 2912 964 faciens
2942 925 3146 964 omnes
3169 909 3386 980 januas
3434 909 3588 965 beati

209 1006 288 1061 20
326 1003 500 1070 Petri,
534 1007 709 1076 atque
740 1002 920 1059 serari
967 1003 1258 1076 pracepit,
1291 1007 1347 1060 et
1375 1003 1497 1076 regi
1528 1007 1730 1060 sancto
1777 1003 1998 1076 Spiritu
2029 1005 2380 1060 admonente
2414 1005 2497 1061 sic
2529 1005 2708 1061 dixit:
2739 1005 2800 1062 Si
2843 1023 2991 1078 pura
3039 1011 3232 1062 mente
3261 1010 3318 1062 et
3365 1007 3593 1062 sincera

323 1103 641 1171 voluntate,
669 1105 725 1158 et
751 1118 854 1174 pro
880 1099 1068 1157 salute
1090 1100 1421 1174 reipublica
1443 1118 1510 1157 ac
1529 1101 1710 1157 totius
1733 1101 1911 1169 orbis,
1934 1101 2036 1174 huj
2045 1119 2231 1174 usque
2260 1101 2514 1159 ecclesia
2538 1103 2653 1159 huc
2675 1103 2980 1172 advenisti,
3006 1103 3114 1160 has
3136 1121 3267 1160 mea
3287 1104 3592 1177 ingredere

317 1199 536 1273 januas
559 1199 856 1272 j‘ussione:
891 1199 983 1254 sin
1015 1197 1184 1255 aliter
1213 1215 1318 1254 nec
1344 1216 1448 1272 per
1478 1215 1591 1267 me,
1625 1215 1730 1256 nec
1759 1216 1862 1272 per
1891 1215 2083 1255 meam
2113 1200 2548 1257 concessionem
2575 1201 2702 1257 ista
2730 1201 2835 1257 tibi
2867 1206 3044 1274 porta
3077 1201 3432 1275 aperientur.

397 1296 550 1355 485
583 1296 794 1354 Statim
825 1313 923 1353 rex
953 1295 1050 1353 ille
1079 1297 1439 1370 respondens
1469 1296 1634 1367 dixit,
1669 1297 1825 1369 quod
1857 1297 2018 1352 nullo
2049 1297 2307 1370 maligno
2337 1299 2533 1355 animo
2565 1302 2668 1354 aut
2689 1298 2886 1371 aliqua
2905 1299 3190 1372 pravitate
3219 1297 3306 1355 vel
3333 1297 3487 1356 malo
3508 1297 3595 1354 in-

324 1396 495 1470 genio
527 1393 876 1451 advenisset.
907 1395 1071 1450 Tunc
1101 1395 1303 1450 e’odem
1334 1393 1580 1467 prasule
1601 1394 1970 1467 pracipiente
1999 1395 2280 1468 appositis
2311 1395 2588 1452 manibus
2607 1397 2914 1468 pradictas
2931 1397 3148 1468 januas
3171 1397 3588 1469 patefecerunt.

315 1495 395 1572 Et
424 1495 505 1550 ita
534 1493 595 1548 in
627 1491 894 1548 eamdem
924 1491 1316 1548 venerandam
1349 1491 1546 1549 aulam
1577 1491 1731 1548 beati
1762 1491 1945 1548 Pretri
1975 1492 2225 1566 ingressi
2249 1497 2424 1561 sunt;
2457 1492 2692 1550 laudem
2722 1493 2838 1550 Deo
2869 1498 2926 1549 et
2954 1495 3217 1565 ejusdem
3239 1493 3588 1550 excellentia

325 1593 704 1648 decantantes
723 1589 1031 1648 universus
1047 1589 1239 1646 clerus
1259 1593 1316 1645 et
1334 1589 1528 1645 cuncti
1547 1589 1801 1662 religiosi
1823 1589 1922 1645 Dei
1944 1589 2170 1657 famuli,
2191 1595 2545 1664 extensaque
2561 1607 2698 1646 voce
2717 1590 3136 1648 acelamantes:
3164 1592 3479 1648 Benedictus
3496 1591 3594 1664 qui

249 1692 290 1748 5
326 1690 478 1747 venit
508 1691 569 1746 in
596 1689 819 1744 nomine
847 1688 1090 1758 Domini,
1111 1691 1222 1743 etc.
1255 1688 1466 1760 Sicque
1486 1703 1622 1743 cum
1645 1689 1846 1744 eodem
1873 1687 2144 1760 pontifice
2165 1688 2290 1760 ipse
2312 1705 2410 1744 rex
2431 1687 2726 1761 simulque
2747 1705 2950 1744 omnes
2971 1689 3248 1762 episcopi,
3272 1690 3512 1746 abbates
3535 1692 3594 1744 et

319 1788 574 1862 judices,
591 1790 648 1844 et
664 1785 918 1842 universi
937 1785 1140 1842 Franci
1157 1784 1258 1858 qui
1275 1802 1410 1842 cum
1427 1801 1494 1842 eo
1509 1785 1884 1856 advenerant,
1905 1785 1976 1840 ad
1995 1786 2420 1842 confessionem
2437 1787 2587 1842 beati
2602 1786 2752 1842 Petri
2773 1787 3331 1860 appropinquantes,
3350 1803 3594 1859 seseque

318 1903 546 1963 ,pronos
559 1884 779 1941 ibidem
797 1887 1230 1958 prosternentes
1244 1883 1360 1940 Deo
1379 1887 1576 1940 nostro
1595 1883 1980 1956 omnipotenti
2000 1883 2252 1940 eteidem
2271 1882 2669 1956 apostolorum
2688 1884 2942 1958 Principi
2957 1885 3177 1959 gratias
3193 1885 3592 1941 reddiderunt.

319 1985 400 2040 Et
428 1983 564 2039 data
593 1999 627 2039 a
657 1981 930 2056 pradicto
961 1980 1114 2038 almo
1145 1980 1417 2054 pontiﬁce
1447 1998 1624 2054 super
1658 1979 1942 2054 populum
1985 1981 2266 2052 oratione,
2299 1981 2374 2038 ab
2402 1981 2647 2038 ecclesia
2673 1982 2892 2055 pariter
2920 1999 3124 2040 omnes
3154 1983 3402 2056 regressi
3435 1986 3593 2038 sunt.

241 2134 262 2151 ,-
330 2082 538 2138 Postea
565 2096 697 2138 vero
749 2079 1045 2136 continuis
1077 2078 1283 2135 diebus
1313 2078 1698 2151 sequentibus
1735 2079 1933 2135 omnia
1963 2079 2304 2136 suburbana
2349 2077 2626 2152 pestifera
2673 2080 3069 2137 devastatione
3099 2083 3591 2153 compresserunt,

210 2181 294 2237 10
331 2195 618 2254 agrosque
637 2182 695 2235 et
712 2182 957 2250 segetes,
981 2182 1157 2251 atque
1170 2182 1339 2250 prata
1351 2177 1523 2250 quasi
1541 2176 1860 2234 fulmineus
1879 2176 2132 2250 impetus
2156 2178 2591 2250 decerpserunt.
2614 2178 2764 2234 Dum
2787 2178 2910 2234 hac
2929 2179 3302 2250 gerebantur,
3321 2177 3445 2250 ipse
3461 2192 3593 2233 vero

331 2295 368 2335 a
386 2277 502 2334 Deo
525 2279 820 2352 protectus
836 2275 1094 2350 pontifex
1109 2293 1144 2332 a
1165 2275 1520 2348 quibusdam
1544 2274 1809 2331 audierat
1827 2275 1983 2348 quod
2005 2275 2065 2330 in
2087 2275 2237 2330 hanc
2260 2275 2718 2331 famosissimam
2741 2275 2954 2332 Urbem
2977 2275 3396 2348 hospitalitatis
3417 2291 3597 2331 causa

321 2359 573 2432 introire
601 2373 942 2442 voluissent,
976 2373 1078 2430 sed
1109 2372 1356 2429 munitis
1388 2371 1722 2446 clausisque
1748 2371 1932 2445 portis
1963 2376 2028 2427 ut
2057 2373 2219 2428 ﬂeret
2249 2371 2492 2428 minime
2522 2373 2829 2429 concessit.

405 2473 560 2530 486
591 2471 894 2529 Dominico
921 2488 1057 2528 vero
1087 2471 1182 2528 die
1211 2475 1490 2544 sequente
1518 2469 1580 2526 in
1609 2471 1812 2528 eadem
1842 2469 2124 2543 principis
2155 2470 2550 2542 apostolorum
2583 2469 2826 2526 basilica
2855 2487 3058 2526 omnes
3088 2469 3510 2542 archiepiscopi
3543 2472 3601 2526 et

335 2571 525 2628 sancti
553 2571 814 2642 abbates,
847 2574 906 2626 et
935 2586 1138 2626 omnes
1171 2569 1272 2642 qui
1304 2586 1439 2624 cum
1469 2586 1536 2624 eo
1557 2572 1834 2624 venerant
1855 2567 2058 2624 Franci
2082 2571 2220 2624 sunt
2245 2567 2602 2640 congregati,
2626 2584 2946 2642 omnesque
2968 2568 3184 2640 pariter
3203 2568 3600 2623 Romanorum

336 2667 564 2726 nobiles
576 2672 634 2725 et
647 2666 930 2741 praeclari.
949 2668 1114 2723 Tunc
1130 2665 1422 2723 almificus
1439 2665 1696 2738 pontifex
1711 2665 1987 2721 manibus
2003 2665 2127 2720 suis
2140 2665 2336 2738 ipsum
2353 2663 2734 2733 Ludovicum,
2754 2664 3012 2720 Lotharii
3027 2664 3396 2737 imperatoris
3414 2662 3601 2719 ﬁlium

338 2765 464 2823 oleo
493 2769 696 2822 sancto
726 2780 1080 2838 perungens,
1116 2763 1296 2836 regali
1327 2780 1394 2820 ac
1425 2761 1852 2837 pretiosissima
1872 2762 2168 2820 coronavit
2187 2778 2420 2842 corona,
2445 2778 2756 2836 regemque
2778 2763 3177 2835 Longobardis
3199 2761 3484 2836 prafecit;
3508 2761 3603 2818 cui

263 2867 302 2922 5
339 2863 594 2938 regalem
624 2861 890 2919 tribuens
921 2861 1206 2937 gladium,
1241 2861 1410 2917 illum
1431 2861 1778 2934 subcingere
1798 2861 2001 2934 jussit.
2033 2861 2252 2918 Deinde
2281 2860 2600 2917 missarum
2633 2861 3020 2918 celebratione
3043 2860 3226 2930 finita,
3259 2861 3331 2916 ab
3361 2857 3608 2916 ecclesia

340 2979 545 3019 omnes
576 2977 712 3018 cum
744 2977 878 3034 rege
905 2958 1169 3015 latentes
1191 2959 1439 3032 regressi
1471 2962 1628 3015 sunt.
1652 2959 1936 3031 Deinceps
1955 2975 2088 3015 vero
2110 2975 2212 3032 per
2239 2959 2364 3015 dies
2384 2957 2647 3032 singulos
2668 2958 3005 3014 conﬂictum
3027 2958 3246 3015 summi
3266 2956 3605 3014 certaminis

339 3077 476 3118 cum
509 3057 884 3116 sanctissimo
913 3056 1163 3130 prasule
1191 3057 1586 3129 omnibusque
1615 3055 1904 3130 episcopis
1934 3061 1991 3112 et
2019 3056 2402 3130 Optimatibus
2437 3057 2656 3113 nostris
2688 3060 2860 3130 atque
2891 3057 3230 3130 proceribus
3259 3055 3384 3129 ipse
3415 3055 3604 3128 Drogo

338 3156 813 3230 archiepiscopus
844 3154 1121 3213 Metensis
1149 3155 1438 3226 Ecclesia,
1471 3155 1543 3212 de
1573 3171 1690 3234 quo
1721 3149 1994 3227 superius
2026 3154 2371 3210 memoriam
2403 3154 2671 3221 fecimus,
2695 3155 3098 3212 commovebat
3119 3159 3242 3210 tam
3271 3153 3397 3226 ipse
3425 3169 3605 3226 quam

339 3271 546 3313 omnes
575 3253 997 3326 archiepiscopi
1023 3257 1080 3326 et
1099 3252 1357 3326 episcopi
1379 3252 1478 3327 qui
1509 3269 1644 3308 cum
1665 3269 1732 3308 eo
1758 3257 1960 3308 contra
1980 3252 2130 3308 hanc
2153 3251 2542 3308 universalem
2573 3257 2630 3308 et
2649 3257 2826 3325 caput
2845 3253 3192 3308 cunctarum
3213 3250 3606 3308 Ecclesiarum

205 3357 300 3434 ⁹40
347 3353 445 3410 Dei
476 3353 603 3410 sine
635 3349 1065 3424 metropolitani
1105 3351 1480 3407 concessione
1529 3355 1704 3422 atque
1747 3349 2047 3406 vocatione
2094 3354 2518 3418 convenerant;
2549 3349 2607 3406 id
2639 3355 2730 3406 est
2777 3350 3088 3424 Gregorius
3137 3349 3610 3421 archiepiscopus

345 3450 617 3508 Ecclesia
648 3449 1065 3519 Ravennensis,
1091 3453 1148 3504 et
1163 3449 1552 3523 Angelbertus
1574 3449 2048 3522 archiepiscopus
2069 3447 2338 3504 Ecclesia
2361 3447 2830 3518 Mediolanensis,
2853 3449 3071 3520 Joseph
3091 3448 3401 3521 episcopus
3424 3446 3616 3503 Eccle-

341 3551 446 3606 sia
477 3546 924 3624 Eporecliensis,
956 3547 1181 3620 Aginus
1211 3545 1522 3619 episcopus
1568 3545 1836 3603 Ecclesia
1866 3546 2239 3614 Venorensis,
2269 3546 2598 3602 Almaricus
2647 3546 2914 3602 Ecclesia
2947 3547 3248 3603 Camensis
3279 3545 3612 3618 episcopus,

349 3647 760 3726 Hortchaudus
788 3644 1057 3702 Ecclesia
1107 3644 1513 3712 Vercellensis,
1547 3644 1860 3718 Sigifridus
1899 3644 2209 3718 episcOpus
2239 3643 2507 3700 Ecclesia
2540 3644 2864 3716 Regiensis,
2897 3644 3282 3718 Toringarius
3307 3642 3618 3717 episcopus

351 3743 621 3803 Ecclesia
640 3743 1101 3812 Concordiensis,
1119 3742 1458 3799 Odelvertus
1478 3742 1787 3816 episcopus
1805 3742 2072 3798 Ecclesia
2096 3741 2402 3814 Aquensis,
2419 3741 2766 3798 Ambrosius
2787 3742 3096 3815 episcopus
3113 3741 3380 3798 Ecclesia
3403 3742 3620 3796 Lucen-

219 3845 316 3925 ι15
359 3843 462 3910 sis',
484 3843 740 3899 Joannes
759 3840 1068 3914 episcopus
1088 3839 1356 3896 Ecclesia
1380 3839 1656 3906 Pisensis,
1678 3839 1881 3896 Petrus
1907 3839 2217 3912 episcopus
2239 3838 2508 3894 Ecclesia
2530 3839 3000 3908 Vollaterrensis,
3023 3841 3445 3912 Gausprandus
3465 3837 3618 3909 epis-

356 3957 538 4013 cOpus
566 3937 833 3995 Ecclesia
865 3937 1253 4006 Pistoriensis,
1286 3936 1490 3993 Cantio
1517 3937 1829 4012 episcopus
1859 3935 2126 3994 Ecclesia
2155 3937 2452 4004 Senensis,
2487 3937 2686 4010 Lupus
2719 3936 3029 4010 episcopus
3049 3936 3316 3993 Ecclesia
3340 3935 3616 4000 Textina,

358 4037 768 4096 Sisismundus
797 4036 1106 4110 episcopus
1135 4035 1404 4092 Ecclesia
1424 4034 1812 4108 Aprutiensis,
1837 4035 1968 4090 Pico
1991 4034 2299 4108 episcopus
2329 4035 2596 4091 Ecclesia
2619 4034 3008 4102 Scolanensis,
3036 4034 3319 4092 Fratellus
3341 4033 3618 4104 epicopus

355 4135 625 4193 Ecclesia
655 4134 1107 4203 Camerinensis,
1131 4135 1307 4191 Gisus
1335 4133 1646 4207 episcopus
1667 4131 1933 4188 Ecclesia
1955 4132 2260 4200 Firmana,
2285 4131 2630 4204 Racipertus
2651 4131 2960 4206 episcopus
2981 4131 3247 4188 Ecclesia
3269 4129 3620 4187 Nucerinen-

357 4235 460 4304 sis,
492 4234 785 4291 Amadeus
805 4234 1115 4306 episcopus
1138 4231 1466 4300 Pinnensis,
1491 4231 1752 4288 Donatus
1773 4229 2082 4303 episcopus
2101 4227 2370 4286 Ecclesia
2393 4229 2706 4299 Fesolana,
2732 4233 2788 4285 et
2807 4230 3017 4286 cateri.
3041 4232 3186 4287 Cum
3208 4229 3423 4301 quibus
3442 4226 3619 4284 etiam

230 4338 316 4393 20
357 4340 504 4390 Boso
522 4349 737 4402 comes,
761 4332 1073 4406 Adalgisus
1094 4347 1312 4400 comes,
1333 4330 1589 4386 Joannes
1611 4345 1826 4398 comes,
1849 4327 2038 4385 Vuldo
2061 4344 2277 4397 comes,
2295 4327 2631 4384 Vernardus
2655 4345 2868 4398 comes,
2896 4327 3180 4386 Wifridus
3205 4343 3422 4395 comes,
3447 4329 3622 4398 atque

340 4431 664 4490 .Maurinus
693 4447 910 4500 comes,
941 4434 1000 4486 et
1027 4429 1215 4486 cateri
1245 4429 1462 4502 pariter
1491 4428 1938 4484 contendebant.

428 4531 575 4590 487
615 4530 726 4587 Sed
756 4529 953 4584 divina
977 4527 1166 4601 gratia
1195 4525 1538 4598 inspirante,
1562 4541 1666 4582 nec
1697 4541 2002 4594 sermones
2019 4525 2208 4598 ipsius
2232 4523 2370 4580 almi
2397 4523 2708 4597 pontiﬁcis,
2741 4540 2928 4596 neque
2960 4522 3330 4592 prudentiam
3351 4537 3628 4594 superare

355 4627 684 4685 valuerunt.
717 4627 1020 4698 Tantaque
1049 4625 1101 4680 ei
1131 4641 1388 4698 superna
1433 4624 1636 4680 aderat
1681 4623 1890 4689 virtus,
1923 4627 1988 4678 ut
2018 4621 2218 4678 nullus
2250 4638 2516 4677 sermone
2550 4638 2684 4678 eum
2718 4620 3062 4677 concludere
3093 4619 3179 4676 vel
3230 4618 3629 4692 constringere

361 4725 669 4800 potuisset.
693 4725 762 4780 Et
776 4724 848 4781 ab
865 4741 932 4780 eo
949 4721 1208 4796 superati
1228 4723 1449 4794 pudore
1469 4725 1526 4778 et
1545 4720 1728 4794 Operti
1751 4719 2091 4777 confusione
2113 4720 2530 4776 discesserunt.
2552 4719 2714 4786 Quod
2729 4719 3012 4788 videntes,
3033 4735 3268 4775 omnem
3283 4717 3432 4774 iram
3453 4721 3629 4790 atque

365 4823 728 4880 ferocitatem
760 4838 938 4895 quam
969 4821 1030 4876 in
1062 4820 1359 4876 mentibus
1391 4819 1798 4885 observabant,
1829 4817 1989 4874 omni
2020 4818 2192 4873 modo
2223 4817 2638 4889 deposuerunt.
2674 4815 2774 4872 His
2804 4815 2985 4888 igitur
3014 4816 3266 4889 peractis
3295 4833 3329 4872 a
3357 4815 3631 4889 pradicto

255 4923 327 4994 _5
364 4920 807 4996 postulaverunt
833 4918 1129 4992 pontifice,
1161 4921 1227 4973 ut
1250 4933 1454 4973 omnes
1484 4917 1764 4988 primates
1796 4914 2044 4996 Romani
2075 4913 2411 4970 fidelitatem
2443 4913 2558 4986 ipsi
2589 4914 2878 4970 Ludovico
2913 4915 3031 4988 regi
3062 4931 3166 4987 per
3197 4918 3630 4970 sacramentum

365 5019 796 5095 promitterent.
831 5017 993 5084 Quod
1023 5013 1519 5090 prudentissimus
1547 5013 1804 5086 pontifex
1831 4995 1955 5069 ﬁeri
1988 5028 2360 5084 nequaquam
2387 5012 2693 5082 concessit,
2719 5013 2819 5068 sed
2851 5013 2934 5068 sic
2965 5029 3134 5069 orsus
3164 5017 3254 5069 est
3283 5011 3428 5069 illis:
3463 5011 3629 5080 Quia,

366 5116 418 5174 si
437 5115 614 5172 vultis
644 5115 892 5172 Domino
914 5113 1184 5172 Lothario
1208 5129 1420 5186 magno
1441 5111 1776 5184 imperatori
1799 5111 1907 5167 hoc
1930 5113 2365 5167 sacramentum
2389 5112 2453 5164 ut
2475 5109 2691 5166 faciant
2718 5109 3110 5179 solummodo,
3133 5110 3434 5166 consentio
3459 5112 3632 5180 atque

366 5215 659 5288 permitto.
694 5215 841 5270 Nam
861 5212 1144 5270 Ludovico
1165 5212 1294 5283 ejus
1315 5209 1433 5266 ﬁlio
1457 5213 1521 5264 ut
1537 5208 1646 5264 hoc
1665 5214 1994 5282 peragatur,
2021 5225 2124 5264 nec
2141 5224 2246 5282 ego
2270 5223 2374 5262 nec
2396 5206 2588 5263 omnis
2610 5208 3003 5264 Romanorum
3023 5208 3302 5264 nobilitas
3323 5205 3630 5262 consentit.

441 5312 595 5374 488
626 5312 792 5368 Tunc
823 5311 1060 5367 demum
1093 5309 1152 5364 in
1197 5309 1398 5365 eadem
1429 5305 1674 5363 ecclesia
1702 5307 1972 5362 sedentes
2015 5305 2231 5378 pariter
2261 5309 2380 5360 tam
2413 5305 2791 5362 beatissimus
2831 5306 3108 5378 pontifex,
3160 5321 3336 5378 quam
3387 5317 3638 5373 magnus

371 5427 491 5479 rex,
523 5416 580 5467 et
607 5427 812 5466 omnes
839 5407 1260 5480 archiepiscopi
1290 5412 1465 5480 atque
1494 5405 1772 5477 episcopi,
1804 5405 2098 5460 stantibus
2119 5403 2361 5476 reliquis
2384 5403 2784 5464 sacerdotibus
2805 5409 2861 5460 et
2884 5407 3280 5460 Romanorum
3299 5416 3366 5455 ac
3391 5399 3640 5455 Franco-

371 5525 506 5565 rum
537 5505 946 5581 optimatibus,
977 5505 1315 5561 ﬁdelitatem
1349 5501 1620 5560 Lothario
1643 5519 1854 5576 magno
1879 5501 2213 5574 imperatori
2235 5519 2466 5574 semper
2487 5503 2748 5575 Augusto
2774 5502 3188 5574 promiserunt.
3217 5495 3490 5554 Posthac
3509 5513 3644 5553 vero

373 5607 538 5662 Ebbo
569 5605 810 5678 quidam
841 5607 898 5660 et
927 5603 1390 5660 Bartholomaus
1413 5600 1854 5673 archiepisc0pi,
1879 5599 1978 5672 qui
2009 5617 2110 5672 pro
2140 5598 2486 5654 criminibus
2518 5600 2642 5656 suis
2673 5599 2878 5671 privati
2913 5597 3130 5652 honore
3153 5595 3224 5650 ab
3249 5594 3508 5650 Ecclesia
3529 5595 3650 5650 fue-

295 5705 338 5760 5
374 5707 508 5760 rant
534 5701 782 5776 expulsi,
815 5719 850 5758 a
867 5699 1242 5758 sanctissimo
1261 5699 1536 5773 pontifice
1559 5698 1936 5772 postulabant
1954 5702 2018 5752 ut
2035 5715 2133 5753 eos
2154 5696 2526 5753 reconciliare
2547 5715 2611 5754 ac
2636 5695 2876 5768 pallium
2895 5695 2978 5750 eis
3001 5691 3255 5749 tribuere
3277 5693 3640 5767 dignaretur,

355 5803 533 5868 .Quos
563 5800 740 5856 etiam
769 5797 926 5854 idem
957 5795 1170 5870 prasul
1194 5813 1296 5853 nec
1319 5796 1791 5852 communionem
1815 5795 1968 5850 inter
1988 5795 2208 5850 clerum
2231 5795 2440 5867 dignos
2460 5811 2586 5850 esse
2609 5793 2902 5864 suscipere
2924 5791 3174 5859 dicebat,
3199 5791 3300 5847 sed
3325 5790 3474 5846 inter
3493 5805 3652 5846 com.

379 5913 622 5955 munem
651 5897 936 5972 populum
982 5893 1455 5953 communicandi
1485 5893 1781 5951 licentiam
1823 5892 2234 5950 tantummodo
2284 5892 2583 5947 haberent.
2622 5891 2728 5946 Per
2757 5889 2909 5945 idem
2957 5894 3195 5962 tempus
3225 5905 3361 5944 cum
3393 5903 3493 5943 rex
3521 5886 3648 5959 ipse

382 5997 712 6058 Ludovicus
742 5997 938 6057 Roma
977 5995 1228 6069 degeret,
1262 5992 1600 6066 Siginolfus,
1650 5993 2188 6051 Beneventanorum
2242 5990 2534 6064 princeps,
2565 6005 2778 6060 magno
2820 6005 2955 6046 cum
2986 5988 3239 6046 exercitu
3275 5987 3523 6045 Romam
3550 6002 3646 6043 ve-
