  <div class='ocr_page' id='page_1' title='image "/cluster/home/n/w/nwhite01/storage/ocr_20150623/128/hvd.32044054759899/655.png"; bbox 0 0 4058 6162; ppageno 0'>
   <div class='ocr_carea' id='block_1_1' title="bbox 521 279 3830 358">
    <p class='ocr_par' dir='ltr' id='par_1_1' title="bbox 521 279 3830 358">
     <span class='ocr_line' id='line_1_1' title="bbox 521 279 3830 358; baseline 0.003 -10"><span class='ocrx_word' id='word_1_1' title='bbox 521 287 680 348; x_wconf 77' lang='grc'>1299</span> <span class='ocrx_word' id='word_1_2' title='bbox 1672 284 2092 348; x_wconf 83' lang='lat' dir='ltr'>ANASTASII</span> <span class='ocrx_word' id='word_1_3' title='bbox 2133 279 2788 348; x_wconf 78' lang='lat' dir='ltr'>BIBLIOTHECARII.</span> <span class='ocrx_word' id='word_1_4' title='bbox 3718 295 3830 358; x_wconf 67' lang='lat' dir='ltr'>l300</span> 
     </span>
    </p>
   </div>
   <div class='ocr_carea' id='block_1_2' title="bbox 663 416 3833 492">
    <p class='ocr_par' dir='ltr' id='par_1_2' title="bbox 663 416 3833 492">
     <span class='ocr_line' id='line_1_2' title="bbox 663 416 3833 492; baseline 0.004 -19"><span class='ocrx_word' id='word_1_5' title='bbox 663 418 752 474; x_wconf 90' lang='lat' dir='ltr'>nit</span> <span class='ocrx_word' id='word_1_6' title='bbox 774 417 872 490; x_wconf 86' lang='grc' dir='ltr'>(α).</span> <span class='ocrx_word' id='word_1_7' title='bbox 891 419 1073 484; x_wconf 87' lang='lat' dir='ltr'>Quem</span> <span class='ocrx_word' id='word_1_8' title='bbox 1095 433 1230 474; x_wconf 91' lang='lat' dir='ltr'>cum</span> <span class='ocrx_word' id='word_1_9' title='bbox 1256 417 1568 491; x_wconf 63' lang='lat' dir='ltr'>praedictus</span> <span class='ocrx_word' id='word_1_10' title='bbox 1591 435 1690 475; x_wconf 84' lang='lat' dir='ltr'>rex</span> <span class='ocrx_word' id='word_1_11' title='bbox 1707 417 2025 475; x_wconf 80' lang='lat' dir='ltr'>honorifice</span> <span class='ocrx_word' id='word_1_12' title='bbox 2046 417 2388 491; x_wconf 90' lang='lat' dir='ltr'>sucepisset,</span> <span class='ocrx_word' id='word_1_13' title='bbox 2413 417 2612 474; x_wconf 84' lang='lat' dir='ltr'>omnia</span> <span class='ocrx_word' id='word_1_14' title='bbox 2631 435 2735 492; x_wconf 88' lang='lat' dir='ltr'>pro</span> <span class='ocrx_word' id='word_1_15' title='bbox 2759 416 2975 492; x_wconf 87' lang='lat' dir='ltr'>quibus</span> <span class='ocrx_word' id='word_1_16' title='bbox 2993 421 3233 474; x_wconf 79' lang='lat' dir='ltr'><strong>venerat</strong></span> <span class='ocrx_word' id='word_1_17' title='bbox 3250 417 3358 492; x_wconf 84' lang='lat' dir='ltr'>ipsi</span> <span class='ocrx_word' id='word_1_18' title='bbox 3381 417 3646 479; x_wconf 89' lang='lat' dir='ltr'>indicavit.</span> <span class='ocrx_word' id='word_1_19' title='bbox 3665 423 3748 482; x_wconf 89' lang='lat' dir='ltr'>Cui</span> <span class='ocrx_word' id='word_1_20' title='bbox 3765 445 3833 486; x_wconf 81' lang='lat' dir='ltr'>rex</span> 
     </span>
    </p>
   </div>
   <div class='ocr_carea' id='block_1_3' title="bbox 559 514 3834 590">
    <p class='ocr_par' dir='ltr' id='par_1_3' title="bbox 559 514 3834 590">
     <span class='ocr_line' id='line_1_3' title="bbox 559 514 3834 590; baseline 0.002 -20"><span class='ocrx_word' id='word_1_21' title='bbox 559 517 628 570; x_wconf 92' lang='grc'>10</span> <span class='ocrx_word' id='word_1_22' title='bbox 665 515 920 588; x_wconf 89' lang='lat' dir='ltr'>gratanti</span> <span class='ocrx_word' id='word_1_23' title='bbox 948 514 1144 571; x_wconf 89' lang='lat' dir='ltr'>animo</span> <span class='ocrx_word' id='word_1_24' title='bbox 1166 516 1453 588; x_wconf 80' lang='lat' dir='ltr'>quidquid</span> <span class='ocrx_word' id='word_1_25' title='bbox 1475 516 1786 589; x_wconf 63' lang='lat' dir='ltr'>quaesierat</span> <span class='ocrx_word' id='word_1_26' title='bbox 1804 517 2012 572; x_wconf 84' lang='lat' dir='ltr'>tribuit</span> <span class='ocrx_word' id='word_1_27' title='bbox 2037 520 2212 588; x_wconf 88' lang='lat' dir='ltr'>atque</span> <span class='ocrx_word' id='word_1_28' title='bbox 2237 514 2544 572; x_wconf 76' lang='lat' dir='ltr'>concessit.</span> <span class='ocrx_word' id='word_1_29' title='bbox 2570 516 2799 572; x_wconf 83' lang='lat' dir='ltr'>Etcum</span> <span class='ocrx_word' id='word_1_30' title='bbox 2824 515 3001 572; x_wconf 87' lang='lat' dir='ltr'>simul</span> <span class='ocrx_word' id='word_1_31' title='bbox 3027 515 3254 582; x_wconf 80' lang='lat' dir='ltr'>Franci,</span> <span class='ocrx_word' id='word_1_32' title='bbox 3279 516 3614 590; x_wconf 88' lang='lat' dir='ltr'>Longobardi</span> <span class='ocrx_word' id='word_1_33' title='bbox 3631 538 3688 576; x_wconf 85' lang='lat' dir='ltr'>ae</span> <span class='ocrx_word' id='word_1_34' title='bbox 3705 523 3834 583; x_wconf 80' lang='lat' dir='ltr'>Bene.</span> 
     </span>
    </p>
   </div>
   <div class='ocr_carea' id='block_1_4' title="bbox 663 612 3836 687">
    <p class='ocr_par' dir='ltr' id='par_1_4' title="bbox 663 612 3836 687">
     <span class='ocr_line' id='line_1_4' title="bbox 663 612 3836 687; baseline 0.004 -20"><span class='ocrx_word' id='word_1_35' title='bbox 663 613 897 668; x_wconf 87' lang='lat' dir='ltr'>ventani</span> <span class='ocrx_word' id='word_1_36' title='bbox 929 613 1258 686; x_wconf 78' lang='lat' dir='ltr'>congregati</span> <span class='ocrx_word' id='word_1_37' title='bbox 1295 613 1562 680; x_wconf 80' lang='lat' dir='ltr'>fuissent,</span> <span class='ocrx_word' id='word_1_38' title='bbox 1591 613 1740 668; x_wconf 88' lang='lat' dir='ltr'>facta</span> <span class='ocrx_word' id='word_1_39' title='bbox 1769 618 1858 670; x_wconf 90' lang='lat' dir='ltr'>est</span> <span class='ocrx_word' id='word_1_40' title='bbox 1887 613 2094 687; x_wconf 88' lang='lat' dir='ltr'>ingens</span> <span class='ocrx_word' id='word_1_41' title='bbox 2125 613 2321 686; x_wconf 89' lang='lat' dir='ltr'>populi</span> <span class='ocrx_word' id='word_1_42' title='bbox 2351 613 2688 682; x_wconf 89' lang='lat' dir='ltr'>multitudo,</span> <span class='ocrx_word' id='word_1_43' title='bbox 2721 612 2805 668; x_wconf 90' lang='lat' dir='ltr'>ita</span> <span class='ocrx_word' id='word_1_44' title='bbox 2827 618 2891 668; x_wconf 89' lang='lat' dir='ltr'>ut</span> <span class='ocrx_word' id='word_1_45' title='bbox 2913 625 2982 667; x_wconf 81' lang='lat' dir='ltr'>ex</span> <span class='ocrx_word' id='word_1_46' title='bbox 3002 612 3162 669; x_wconf 88' lang='lat' dir='ltr'>omni</span> <span class='ocrx_word' id='word_1_47' title='bbox 3193 618 3352 686; x_wconf 89' lang='lat' dir='ltr'>parte</span> <span class='ocrx_word' id='word_1_48' title='bbox 3372 614 3836 681; x_wconf 76' lang='lat' dir='ltr'>Romacireumdata</span> 
     </span>
    </p>
   </div>
   <div class='ocr_carea' id='block_1_5' title="bbox 663 709 3835 790">
    <p class='ocr_par' dir='ltr' id='par_1_5' title="bbox 663 709 3835 790">
     <span class='ocr_line' id='line_1_5' title="bbox 663 709 3835 790; baseline 0.003 -24"><span class='ocrx_word' id='word_1_49' title='bbox 663 711 982 767; x_wconf 89' lang='lat' dir='ltr'>videretur:</span> <span class='ocrx_word' id='word_1_50' title='bbox 1008 727 1258 783; x_wconf 88' lang='lat' dir='ltr'>quorum</span> <span class='ocrx_word' id='word_1_51' title='bbox 1282 710 1658 768; x_wconf 81' lang='lat' dir='ltr'>multitudine</span> <span class='ocrx_word' id='word_1_52' title='bbox 1679 711 1878 766; x_wconf 84' lang='lat' dir='ltr'>omnia</span> <span class='ocrx_word' id='word_1_53' title='bbox 1899 715 2025 767; x_wconf 90' lang='lat' dir='ltr'>sata</span> <span class='ocrx_word' id='word_1_54' title='bbox 2045 709 2234 766; x_wconf 89' lang='lat' dir='ltr'>deleta</span> <span class='ocrx_word' id='word_1_55' title='bbox 2249 716 2407 766; x_wconf 90' lang='lat' dir='ltr'>sunt.</span> <span class='ocrx_word' id='word_1_56' title='bbox 2434 711 2562 783; x_wconf 85' lang='lat' dir='ltr'>Ipse</span> <span class='ocrx_word' id='word_1_57' title='bbox 2582 727 2716 766; x_wconf 91' lang='lat' dir='ltr'>vero</span> <span class='ocrx_word' id='word_1_58' title='bbox 2737 709 3057 784; x_wconf 85' lang='lat' dir='ltr'>Siginolfus</span> <span class='ocrx_word' id='word_1_59' title='bbox 3073 710 3298 766; x_wconf 79' lang='lat' dir='ltr'>ardenti</span> <span class='ocrx_word' id='word_1_60' title='bbox 3319 716 3536 785; x_wconf 80' lang='lat' dir='ltr'>pectore</span> <span class='ocrx_word' id='word_1_61' title='bbox 3555 717 3835 790; x_wconf 56' lang='lat' dir='ltr'>praecipuum</span> 
     </span>
    </p>
   </div>
   <div class='ocr_carea' id='block_1_6' title="bbox 665 806 3836 884">
    <p class='ocr_par' dir='ltr' id='par_1_6' title="bbox 665 806 3836 884">
     <span class='ocr_line' id='line_1_6' title="bbox 665 806 3836 884; baseline 0.003 -22"><span class='ocrx_word' id='word_1_62' title='bbox 665 809 1037 864; x_wconf 83' lang='lat' dir='ltr'>desiderabat</span> <span class='ocrx_word' id='word_1_63' title='bbox 1067 809 1259 864; x_wconf 89' lang='lat' dir='ltr'>videre</span> <span class='ocrx_word' id='word_1_64' title='bbox 1300 809 1657 882; x_wconf 84' lang='lat' dir='ltr'>pontificem,</span> <span class='ocrx_word' id='word_1_65' title='bbox 1689 814 1746 866; x_wconf 90' lang='lat' dir='ltr'>et</span> <span class='ocrx_word' id='word_1_66' title='bbox 1775 809 1846 864; x_wconf 88' lang='lat' dir='ltr'>ab</span> <span class='ocrx_word' id='word_1_67' title='bbox 1877 826 1943 866; x_wconf 94' lang='lat' dir='ltr'>eo</span> <span class='ocrx_word' id='word_1_68' title='bbox 1975 808 2438 865; x_wconf 85' lang='lat' dir='ltr'>benedictionem</span> <span class='ocrx_word' id='word_1_69' title='bbox 2470 807 2746 881; x_wconf 87' lang='lat' dir='ltr'>recipere.</span> <span class='ocrx_word' id='word_1_70' title='bbox 2780 808 2963 865; x_wconf 88' lang='lat' dir='ltr'>Ouem</span> <span class='ocrx_word' id='word_1_71' title='bbox 2993 806 3205 880; x_wconf 66' lang='lat' dir='ltr'>praesul</span> <span class='ocrx_word' id='word_1_72' title='bbox 3239 825 3370 864; x_wconf 92' lang='lat' dir='ltr'>cum</span> <span class='ocrx_word' id='word_1_73' title='bbox 3399 811 3728 884; x_wconf 82' lang='lat' dir='ltr'>suscepisset,</span> <span class='ocrx_word' id='word_1_74' title='bbox 3752 817 3836 875; x_wconf 82' lang='lat' dir='ltr'>solo</span> 
     </span>
    </p>
   </div>
   <div class='ocr_carea' id='block_1_7' title="bbox 669 904 3837 984">
    <p class='ocr_par' dir='ltr' id='par_1_7' title="bbox 669 904 3837 984">
     <span class='ocr_line' id='line_1_7' title="bbox 669 904 3837 984; baseline 0.003 -23"><span class='ocrx_word' id='word_1_75' title='bbox 669 910 999 979; x_wconf 81' lang='lat' dir='ltr'>prostratus</span> <span class='ocrx_word' id='word_1_76' title='bbox 1047 907 1332 979; x_wconf 87' lang='lat' dir='ltr'>pretiosos</span> <span class='ocrx_word' id='word_1_77' title='bbox 1378 907 1565 980; x_wconf 87' lang='lat' dir='ltr'>ipsius</span> <span class='ocrx_word' id='word_1_78' title='bbox 1609 907 1786 980; x_wconf 86' lang='lat' dir='ltr'>pedes</span> <span class='ocrx_word' id='word_1_79' title='bbox 1845 905 2144 963; x_wconf 87' lang='lat' dir='ltr'>humiliter</span> <span class='ocrx_word' id='word_1_80' title='bbox 2189 904 2418 962; x_wconf 87' lang='lat' dir='ltr'>osculat</span> <span class='ocrx_word' id='word_1_81' title='bbox 2463 923 2492 962; x_wconf 91' lang='lat' dir='ltr'>s</span> <span class='ocrx_word' id='word_1_82' title='bbox 2523 911 2630 975; x_wconf 89' lang='lat' dir='ltr'>est,</span> <span class='ocrx_word' id='word_1_83' title='bbox 2665 910 2722 962; x_wconf 91' lang='lat' dir='ltr'>et</span> <span class='ocrx_word' id='word_1_84' title='bbox 2753 905 2824 962; x_wconf 89' lang='lat' dir='ltr'>ab</span> <span class='ocrx_word' id='word_1_85' title='bbox 2855 922 2921 962; x_wconf 90' lang='lat' dir='ltr'>eo</span> <span class='ocrx_word' id='word_1_86' title='bbox 2952 905 3352 962; x_wconf 82' lang='lat' dir='ltr'>benedictione</span> <span class='ocrx_word' id='word_1_87' title='bbox 3382 910 3712 981; x_wconf 87' lang='lat' dir='ltr'>susceptaab</span> <span class='ocrx_word' id='word_1_88' title='bbox 3749 915 3837 984; x_wconf 80' lang='lat' dir='ltr'>ejus</span> 
     </span>
    </p>
   </div>
   <div class='ocr_carea' id='block_1_8' title="bbox 560 1003 2430 1078">
    <p class='ocr_par' dir='ltr' id='par_1_8' title="bbox 560 1003 2430 1078">
     <span class='ocr_line' id='line_1_8' title="bbox 560 1003 2430 1078; baseline 0.001 -19"><span class='ocrx_word' id='word_1_89' title='bbox 560 1003 629 1059; x_wconf 73' lang='grc'>45</span> <span class='ocrx_word' id='word_1_90' title='bbox 667 1008 982 1076; x_wconf 90' lang='lat' dir='ltr'>conspectu</span> <span class='ocrx_word' id='word_1_91' title='bbox 1013 1003 1286 1060; x_wconf 81' lang='lat' dir='ltr'>alacriter</span> <span class='ocrx_word' id='word_1_92' title='bbox 1314 1005 1429 1061; x_wconf 90' lang='lat' dir='ltr'>Deo</span> <span class='ocrx_word' id='word_1_93' title='bbox 1459 1003 1678 1077; x_wconf 75' lang='lat' dir='ltr'>gratias</span> <span class='ocrx_word' id='word_1_94' title='bbox 1709 1005 1962 1060; x_wconf 82' lang='lat' dir='ltr'>referens</span> <span class='ocrx_word' id='word_1_95' title='bbox 1993 1020 2294 1078; x_wconf 84' lang='lat' dir='ltr'>regressus</span> <span class='ocrx_word' id='word_1_96' title='bbox 2323 1008 2430 1060; x_wconf 82' lang='lat' dir='ltr'>est.</span> 
     </span>
    </p>
   </div>
   <div class='ocr_carea' id='block_1_9' title="bbox 737 1099 3842 1182">
    <p class='ocr_par' dir='ltr' id='par_1_9' title="bbox 737 1099 3842 1182">
     <span class='ocr_line' id='line_1_9' title="bbox 737 1099 3842 1182; baseline 0.003 -25"><span class='ocrx_word' id='word_1_97' title='bbox 737 1103 893 1158; x_wconf 77' lang='grc'><strong>489</strong></span> <span class='ocrx_word' id='word_1_98' title='bbox 925 1101 1026 1157; x_wconf 90' lang='lat' dir='ltr'>His</span> <span class='ocrx_word' id='word_1_99' title='bbox 1059 1102 1334 1158; x_wconf 89' lang='lat' dir='ltr'>omnibus</span> <span class='ocrx_word' id='word_1_100' title='bbox 1363 1101 1566 1172; x_wconf 83' lang='lat' dir='ltr'>finitis,</span> <span class='ocrx_word' id='word_1_101' title='bbox 1598 1101 1725 1174; x_wconf 91' lang='lat' dir='ltr'>ipse</span> <span class='ocrx_word' id='word_1_102' title='bbox 1753 1100 2280 1158; x_wconf 79' lang='lat' dir='ltr'>excellentissimus</span> <span class='ocrx_word' id='word_1_103' title='bbox 2310 1119 2408 1158; x_wconf 81' lang='lat' dir='ltr'>rex</span> <span class='ocrx_word' id='word_1_104' title='bbox 2439 1101 2768 1158; x_wconf 89' lang='lat' dir='ltr'>Ludovicus</span> <span class='ocrx_word' id='word_1_105' title='bbox 2791 1099 2984 1174; x_wconf 90' lang='lat' dir='ltr'>ampla</span> <span class='ocrx_word' id='word_1_106' title='bbox 3007 1117 3142 1156; x_wconf 91' lang='lat' dir='ltr'>cum</span> <span class='ocrx_word' id='word_1_107' title='bbox 3171 1099 3370 1182; x_wconf 68' lang='lat' dir='ltr'>laetitia</span> <span class='ocrx_word' id='word_1_108' title='bbox 3397 1101 3617 1175; x_wconf 82' lang='lat' dir='ltr'>Papiam</span> <span class='ocrx_word' id='word_1_109' title='bbox 3645 1121 3842 1166; x_wconf 83' lang='lat' dir='ltr'>reversus</span> 
     </span>
    </p>
   </div>
   <div class='ocr_carea' id='block_1_10' title="bbox 667 1197 3845 1276">
    <p class='ocr_par' dir='ltr' id='par_1_10' title="bbox 667 1197 3845 1276">
     <span class='ocr_line' id='line_1_10' title="bbox 667 1197 3845 1276; baseline 0.002 -22"><span class='ocrx_word' id='word_1_110' title='bbox 667 1203 778 1266; x_wconf 89' lang='lat' dir='ltr'>est,</span> <span class='ocrx_word' id='word_1_111' title='bbox 813 1199 912 1254; x_wconf 87' lang='lat' dir='ltr'>ubi</span> <span class='ocrx_word' id='word_1_112' title='bbox 943 1200 1018 1255; x_wconf 87' lang='lat' dir='ltr'>ab</span> <span class='ocrx_word' id='word_1_113' title='bbox 1048 1199 1281 1256; x_wconf 81' lang='lat' dir='ltr'>exordio</span> <span class='ocrx_word' id='word_1_114' title='bbox 1313 1199 1674 1272; x_wconf 90' lang='lat' dir='ltr'>principatus</span> <span class='ocrx_word' id='word_1_115' title='bbox 1699 1199 1792 1255; x_wconf 90' lang='lat' dir='ltr'>sui</span> <span class='ocrx_word' id='word_1_116' title='bbox 1825 1198 2058 1255; x_wconf 90' lang='lat' dir='ltr'>culmen</span> <span class='ocrx_word' id='word_1_117' title='bbox 2090 1200 2344 1272; x_wconf 87' lang='lat' dir='ltr'>regebat.</span> <span class='ocrx_word' id='word_1_118' title='bbox 2375 1200 2538 1255; x_wconf 88' lang='lat' dir='ltr'>Tunc</span> <span class='ocrx_word' id='word_1_119' title='bbox 2569 1215 2701 1256; x_wconf 91' lang='lat' dir='ltr'>vero</span> <span class='ocrx_word' id='word_1_120' title='bbox 2733 1197 2847 1254; x_wconf 62' lang='lat' dir='ltr'>laeti</span> <span class='ocrx_word' id='word_1_121' title='bbox 2869 1215 3074 1254; x_wconf 88' lang='lat' dir='ltr'>omnes</span> <span class='ocrx_word' id='word_1_122' title='bbox 3096 1215 3231 1254; x_wconf 91' lang='lat' dir='ltr'>eum</span> <span class='ocrx_word' id='word_1_123' title='bbox 3253 1198 3592 1272; x_wconf 86' lang='lat' dir='ltr'>conjugibus</span> <span class='ocrx_word' id='word_1_124' title='bbox 3609 1217 3665 1256; x_wconf 88' lang='lat' dir='ltr'>ac</span> <span class='ocrx_word' id='word_1_125' title='bbox 3681 1201 3845 1276; x_wconf 83' lang='lat' dir='ltr'>liberi=,</span> 
     </span>
    </p>
   </div>
   <div class='ocr_carea' id='block_1_11' title="bbox 667 1295 3844 1374">
    <p class='ocr_par' dir='ltr' id='par_1_11' title="bbox 667 1295 3844 1374">
     <span class='ocr_line' id='line_1_11' title="bbox 667 1295 3844 1374; baseline 0.002 -22"><span class='ocrx_word' id='word_1_126' title='bbox 667 1301 906 1352; x_wconf 86' lang='lat' dir='ltr'>senatus</span> <span class='ocrx_word' id='word_1_127' title='bbox 937 1297 1304 1369; x_wconf 88' lang='lat' dir='ltr'>populusque</span> <span class='ocrx_word' id='word_1_128' title='bbox 1337 1297 1634 1353; x_wconf 85' lang='lat' dir='ltr'>Romanus</span> <span class='ocrx_word' id='word_1_129' title='bbox 1661 1301 1784 1352; x_wconf 89' lang='lat' dir='ltr'>tam</span> <span class='ocrx_word' id='word_1_130' title='bbox 1816 1296 2037 1370; x_wconf 84' lang='lat' dir='ltr'>ingenti</span> <span class='ocrx_word' id='word_1_131' title='bbox 2066 1301 2227 1369; x_wconf 88' lang='lat' dir='ltr'>peste</span> <span class='ocrx_word' id='word_1_132' title='bbox 2257 1295 2508 1368; x_wconf 87' lang='lat' dir='ltr'>liberati,</span> <span class='ocrx_word' id='word_1_133' title='bbox 2542 1301 2600 1352; x_wconf 91' lang='lat' dir='ltr'>et</span> <span class='ocrx_word' id='word_1_134' title='bbox 2630 1313 2664 1353; x_wconf 89' lang='lat' dir='ltr'>a</span> <span class='ocrx_word' id='word_1_135' title='bbox 2685 1297 2830 1369; x_wconf 88' lang='lat' dir='ltr'>jugo</span> <span class='ocrx_word' id='word_1_136' title='bbox 2861 1295 3177 1370; x_wconf 65' lang='lat' dir='ltr'>tyrannicas</span> <span class='ocrx_word' id='word_1_137' title='bbox 3208 1295 3584 1352; x_wconf 81' lang='lat' dir='ltr'>immanitatis</span> <span class='ocrx_word' id='word_1_138' title='bbox 3610 1298 3844 1374; x_wconf 83' lang='lat' dir='ltr'>redempti,</span> 
     </span>
    </p>
   </div>
   <div class='ocr_carea' id='block_1_12' title="bbox 668 1383 3849 1459">
    <p class='ocr_par' dir='ltr' id='par_1_12' title="bbox 668 1383 3849 1459">
     <span class='ocr_line' id='line_1_12' title="bbox 668 1383 3849 1459; baseline 0.002 -20"><span class='ocrx_word' id='word_1_139' title='bbox 668 1385 1109 1441; x_wconf 84' lang='lat' dir='ltr'>sanctissimum</span> <span class='ocrx_word' id='word_1_140' title='bbox 1145 1385 1414 1459; x_wconf 89' lang='lat' dir='ltr'>Sergium</span> <span class='ocrx_word' id='word_1_141' title='bbox 1448 1385 1756 1458; x_wconf 81' lang='lat' dir='ltr'>praesulem</span> <span class='ocrx_word' id='word_1_142' title='bbox 1787 1383 1948 1440; x_wconf 90' lang='lat' dir='ltr'>velut</span> <span class='ocrx_word' id='word_1_143' title='bbox 1976 1384 2186 1442; x_wconf 89' lang='lat' dir='ltr'>salutis</span> <span class='ocrx_word' id='word_1_144' title='bbox 2216 1390 2517 1442; x_wconf 61' lang='lat' dir='ltr'>auctor‘m</span> <span class='ocrx_word' id='word_1_145' title='bbox 2549 1402 2616 1442; x_wconf 88' lang='lat' dir='ltr'>ac</span> <span class='ocrx_word' id='word_1_146' title='bbox 2647 1385 3046 1441; x_wconf 89' lang='lat' dir='ltr'>restitutorem</span> <span class='ocrx_word' id='word_1_147' title='bbox 3078 1385 3242 1458; x_wconf 89' lang='lat' dir='ltr'>pacis</span> <span class='ocrx_word' id='word_1_148' title='bbox 3263 1385 3680 1442; x_wconf 83' lang='lat' dir='ltr'>venerabantur.</span> <span class='ocrx_word' id='word_1_149' title='bbox 3701 1387 3779 1444; x_wconf 88' lang='lat' dir='ltr'>llle</span> <span class='ocrx_word' id='word_1_150' title='bbox 3793 1396 3849 1446; x_wconf 80' lang='lat' dir='ltr'>ta-</span> 
     </span>
    </p>
   </div>
   <div class='ocr_carea' id='block_1_13' title="bbox 593 1481 3850 1560">
    <p class='ocr_par' dir='ltr' id='par_1_13' title="bbox 593 1481 3850 1560">
     <span class='ocr_line' id='line_1_13' title="bbox 593 1481 3850 1560; baseline 0.002 -24"><span class='ocrx_word' id='word_1_151' title='bbox 593 1481 628 1536; x_wconf 91' lang='lat'>5</span> <span class='ocrx_word' id='word_1_152' title='bbox 667 1499 802 1538; x_wconf 89' lang='lat' dir='ltr'>men</span> <span class='ocrx_word' id='word_1_153' title='bbox 833 1500 950 1538; x_wconf 91' lang='lat' dir='ltr'>non</span> <span class='ocrx_word' id='word_1_154' title='bbox 971 1500 1090 1539; x_wconf 76' lang='lat' dir='ltr'>sum</span> <span class='ocrx_word' id='word_1_155' title='bbox 1111 1482 1312 1539; x_wconf 91' lang='lat' dir='ltr'>virtuti</span> <span class='ocrx_word' id='word_1_156' title='bbox 1340 1499 1460 1539; x_wconf 90' lang='lat' dir='ltr'>rem</span> <span class='ocrx_word' id='word_1_157' title='bbox 1485 1487 1733 1555; x_wconf 87' lang='lat' dir='ltr'>gestam,</span> <span class='ocrx_word' id='word_1_158' title='bbox 1758 1483 1858 1539; x_wconf 89' lang='lat' dir='ltr'>sed</span> <span class='ocrx_word' id='word_1_159' title='bbox 1877 1482 2074 1538; x_wconf 89' lang='lat' dir='ltr'>divino</span> <span class='ocrx_word' id='word_1_160' title='bbox 2095 1483 2324 1539; x_wconf 90' lang='lat' dir='ltr'>muneri</span> <span class='ocrx_word' id='word_1_161' title='bbox 2347 1483 2686 1556; x_wconf 88' lang='lat' dir='ltr'>deputabat.</span> <span class='ocrx_word' id='word_1_162' title='bbox 2712 1483 2844 1540; x_wconf 84' lang='lat' dir='ltr'>Jam</span> <span class='ocrx_word' id='word_1_163' title='bbox 2866 1481 3002 1553; x_wconf 83' lang='lat' dir='ltr'>quia</span> <span class='ocrx_word' id='word_1_164' title='bbox 3021 1481 3228 1556; x_wconf 89' lang='lat' dir='ltr'>lingua</span> <span class='ocrx_word' id='word_1_165' title='bbox 3251 1486 3463 1538; x_wconf 90' lang='lat' dir='ltr'>cuneta</span> <span class='ocrx_word' id='word_1_166' title='bbox 3483 1499 3598 1555; x_wconf 69' lang='lat' dir='ltr'>quae</span> <span class='ocrx_word' id='word_1_167' title='bbox 3621 1484 3766 1556; x_wconf 84' lang='lat' dir='ltr'>gessit</span> <span class='ocrx_word' id='word_1_168' title='bbox 3779 1503 3850 1560; x_wconf 82' lang='lat' dir='ltr'>per</span> 
     </span>
    </p>
   </div>
   <div class='ocr_carea' id='block_1_14' title="bbox 666 1578 3848 1653">
    <p class='ocr_par' dir='ltr' id='par_1_14' title="bbox 666 1578 3848 1653">
     <span class='ocr_line' id='line_1_14' title="bbox 666 1578 3848 1653; baseline 0.002 -19"><span class='ocrx_word' id='word_1_169' title='bbox 666 1579 932 1635; x_wconf 90' lang='lat' dir='ltr'>ordinem</span> <span class='ocrx_word' id='word_1_170' title='bbox 958 1580 1245 1653; x_wconf 83' lang='lat' dir='ltr'>explicare</span> <span class='ocrx_word' id='word_1_171' title='bbox 1276 1597 1390 1636; x_wconf 92' lang='lat' dir='ltr'>non</span> <span class='ocrx_word' id='word_1_172' title='bbox 1422 1579 1710 1652; x_wconf 67' lang='lat' dir='ltr'>praevalet,</span> <span class='ocrx_word' id='word_1_173' title='bbox 1744 1585 2116 1636; x_wconf 87' lang='lat' dir='ltr'>transeamus</span> <span class='ocrx_word' id='word_1_174' title='bbox 2147 1581 2219 1636; x_wconf 87' lang='lat' dir='ltr'>ad</span> <span class='ocrx_word' id='word_1_175' title='bbox 2251 1598 2319 1636; x_wconf 89' lang='lat' dir='ltr'>ea</span> <span class='ocrx_word' id='word_1_176' title='bbox 2347 1598 2475 1653; x_wconf 65' lang='lat' dir='ltr'>quas</span> <span class='ocrx_word' id='word_1_177' title='bbox 2504 1581 2564 1636; x_wconf 91' lang='lat' dir='ltr'>in</span> <span class='ocrx_word' id='word_1_178' title='bbox 2597 1579 2818 1636; x_wconf 89' lang='lat' dir='ltr'>sanctis</span> <span class='ocrx_word' id='word_1_179' title='bbox 2847 1580 2994 1637; x_wconf 91' lang='lat' dir='ltr'>locis</span> <span class='ocrx_word' id='word_1_180' title='bbox 3039 1578 3274 1646; x_wconf 85' lang='lat' dir='ltr'>obtulit,</span> <span class='ocrx_word' id='word_1_181' title='bbox 3305 1583 3366 1635; x_wconf 89' lang='lat' dir='ltr'>et</span> <span class='ocrx_word' id='word_1_182' title='bbox 3391 1579 3626 1636; x_wconf 89' lang='lat' dir='ltr'>breviter</span> <span class='ocrx_word' id='word_1_183' title='bbox 3649 1598 3848 1640; x_wconf 78' lang='lat' dir='ltr'>enarrare</span> 
     </span>
    </p>
   </div>
   <div class='ocr_carea' id='block_1_15' title="bbox 667 1675 3849 1752">
    <p class='ocr_par' dir='ltr' id='par_1_15' title="bbox 667 1675 3849 1752">
     <span class='ocr_line' id='line_1_15' title="bbox 667 1675 3849 1752; baseline 0.002 -22"><span class='ocrx_word' id='word_1_184' title='bbox 667 1676 1030 1734; x_wconf 90' lang='lat' dir='ltr'>inchoemus.</span> <span class='ocrx_word' id='word_1_185' title='bbox 1067 1677 1127 1734; x_wconf 90' lang='lat' dir='ltr'>In</span> <span class='ocrx_word' id='word_1_186' title='bbox 1160 1679 1350 1752; x_wconf 89' lang='lat' dir='ltr'>primo</span> <span class='ocrx_word' id='word_1_187' title='bbox 1382 1677 1619 1751; x_wconf 90' lang='lat' dir='ltr'>quidem</span> <span class='ocrx_word' id='word_1_188' title='bbox 1652 1678 2028 1750; x_wconf 84' lang='lat' dir='ltr'>pontificatus</span> <span class='ocrx_word' id='word_1_189' title='bbox 2057 1678 2148 1734; x_wconf 90' lang='lat' dir='ltr'>sui</span> <span class='ocrx_word' id='word_1_190' title='bbox 2179 1679 2413 1735; x_wconf 88' lang='lat' dir='ltr'>exordio</span> <span class='ocrx_word' id='word_1_191' title='bbox 2441 1695 2693 1752; x_wconf 88' lang='lat' dir='ltr'>superno</span> <span class='ocrx_word' id='word_1_192' title='bbox 2710 1695 2909 1735; x_wconf 88' lang='lat' dir='ltr'>amore</span> <span class='ocrx_word' id='word_1_193' title='bbox 2928 1675 3312 1734; x_wconf 85' lang='lat' dir='ltr'>exardescens</span> <span class='ocrx_word' id='word_1_194' title='bbox 3340 1677 3400 1732; x_wconf 89' lang='lat' dir='ltr'>in</span> <span class='ocrx_word' id='word_1_195' title='bbox 3423 1675 3648 1734; x_wconf 87' lang='lat' dir='ltr'>basilica</span> <span class='ocrx_word' id='word_1_196' title='bbox 3664 1677 3849 1737; x_wconf 80' lang='lat' dir='ltr'>Salvato&#39;</span> 
     </span>
    </p>
   </div>
   <div class='ocr_carea' id='block_1_16' title="bbox 666 1773 3959 1849">
    <p class='ocr_par' dir='ltr' id='par_1_16' title="bbox 666 1773 3959 1849">
     <span class='ocr_line' id='line_1_16' title="bbox 666 1773 3959 1849; baseline 0.001 -20"><span class='ocrx_word' id='word_1_197' title='bbox 666 1773 768 1841; x_wconf 89' lang='lat' dir='ltr'>ris,</span> <span class='ocrx_word' id='word_1_198' title='bbox 802 1792 929 1848; x_wconf 64' lang='lat' dir='ltr'>quae</span> <span class='ocrx_word' id='word_1_199' title='bbox 961 1775 1443 1832; x_wconf 85' lang='lat' dir='ltr'>Constantiniana</span> <span class='ocrx_word' id='word_1_200' title='bbox 1471 1780 1730 1841; x_wconf 89' lang='lat' dir='ltr'>vocatur,</span> <span class='ocrx_word' id='word_1_201' title='bbox 1765 1776 1924 1832; x_wconf 59' lang='lat' dir='ltr'>mirae</span> <span class='ocrx_word' id='word_1_202' title='bbox 1957 1775 2410 1848; x_wconf 88' lang='lat' dir='ltr'>pulchritudinis</span> <span class='ocrx_word' id='word_1_203' title='bbox 2444 1793 2595 1849; x_wconf 91' lang='lat' dir='ltr'>opus</span> <span class='ocrx_word' id='word_1_204' title='bbox 2621 1775 2889 1849; x_wconf 87' lang='lat' dir='ltr'>explevit.</span> <span class='ocrx_word' id='word_1_205' title='bbox 2921 1775 3067 1832; x_wconf 89' lang='lat' dir='ltr'>Nam</span> <span class='ocrx_word' id='word_1_206' title='bbox 3100 1775 3395 1832; x_wconf 89' lang='lat' dir='ltr'>ambitum</span> <span class='ocrx_word' id='word_1_207' title='bbox 3420 1775 3563 1831; x_wconf 91' lang='lat' dir='ltr'>sacri</span> <span class='ocrx_word' id='word_1_208' title='bbox 3583 1773 3762 1844; x_wconf 86' lang='lat' dir='ltr'>altaris,</span> <span class='ocrx_word' id='word_1_209' title='bbox 3779 1775 3847 1848; x_wconf 90' lang='lat' dir='ltr'>qui</span> <span class='ocrx_word' id='word_1_210' title='bbox 3957 1807 3959 1849; x_wconf 45' lang='grc' dir='ltr'><em>λ</em></span> 
     </span>
    </p>
   </div>
   <div class='ocr_carea' id='block_1_17' title="bbox 664 1871 3848 1947">
    <p class='ocr_par' dir='ltr' id='par_1_17' title="bbox 664 1871 3848 1947">
     <span class='ocr_line' id='line_1_17' title="bbox 664 1871 3848 1947; baseline 0 -19"><span class='ocrx_word' id='word_1_211' title='bbox 664 1871 916 1928; x_wconf 89' lang='lat' dir='ltr'>strictim</span> <span class='ocrx_word' id='word_1_212' title='bbox 950 1873 1007 1928; x_wconf 90' lang='lat' dir='ltr'>in</span> <span class='ocrx_word' id='word_1_213' title='bbox 1041 1889 1110 1928; x_wconf 89' lang='lat' dir='ltr'>ea</span> <span class='ocrx_word' id='word_1_214' title='bbox 1141 1874 1330 1929; x_wconf 77' lang='lat' dir='ltr'>fuerat</span> <span class='ocrx_word' id='word_1_215' title='bbox 1358 1873 1500 1929; x_wconf 89' lang='lat' dir='ltr'>olim</span> <span class='ocrx_word' id='word_1_216' title='bbox 1531 1879 1923 1942; x_wconf 88' lang='lat' dir='ltr'>constructus,</span> <span class='ocrx_word' id='word_1_217' title='bbox 1950 1871 2256 1946; x_wconf 88' lang='lat' dir='ltr'>largiorem</span> <span class='ocrx_word' id='word_1_218' title='bbox 2281 1873 2515 1947; x_wconf 83' lang='lat' dir='ltr'>prOprio</span> <span class='ocrx_word' id='word_1_219' title='bbox 2537 1872 2718 1946; x_wconf 84' lang='lat' dir='ltr'>digito</span> <span class='ocrx_word' id='word_1_220' title='bbox 2743 1873 3061 1946; x_wconf 85' lang='lat' dir='ltr'>designans</span> <span class='ocrx_word' id='word_1_221' title='bbox 3080 1890 3115 1929; x_wconf 90' lang='lat' dir='ltr'>a</span> <span class='ocrx_word' id='word_1_222' title='bbox 3134 1871 3532 1928; x_wconf 85' lang='lat' dir='ltr'>fundamentis</span> <span class='ocrx_word' id='word_1_223' title='bbox 3550 1872 3752 1944; x_wconf 81' lang='lat' dir='ltr'>perfecit</span> <span class='ocrx_word' id='word_1_224' title='bbox 3764 1872 3848 1946; x_wconf 87' lang='lat' dir='ltr'>pul-</span> 
     </span>
    </p>
   </div>
   <div class='ocr_carea' id='block_1_18' title="bbox 562 1967 3846 2044">
    <p class='ocr_par' dir='ltr' id='par_1_18' title="bbox 562 1967 3846 2044">
     <span class='ocr_line' id='line_1_18' title="bbox 562 1967 3846 2044; baseline 0.001 -21"><span class='ocrx_word' id='word_1_225' title='bbox 562 1969 630 2023; x_wconf 91' lang='grc'>10</span> <span class='ocrx_word' id='word_1_226' title='bbox 666 1968 734 2024; x_wconf 88' lang='lat' dir='ltr'>ch</span> <span class='ocrx_word' id='word_1_227' title='bbox 747 1968 938 2043; x_wconf 84' lang='lat' dir='ltr'>risque</span> <span class='ocrx_word' id='word_1_228' title='bbox 960 1969 1250 2025; x_wconf 89' lang='lat' dir='ltr'>columnis</span> <span class='ocrx_word' id='word_1_229' title='bbox 1268 1987 1402 2026; x_wconf 92' lang='lat' dir='ltr'>cum</span> <span class='ocrx_word' id='word_1_230' title='bbox 1426 1971 1820 2026; x_wconf 88' lang='lat' dir='ltr'>marmoribus</span> <span class='ocrx_word' id='word_1_231' title='bbox 1841 1971 2092 2043; x_wconf 89' lang='lat' dir='ltr'>desuper</span> <span class='ocrx_word' id='word_1_232' title='bbox 2114 1969 2171 2025; x_wconf 91' lang='lat' dir='ltr'>in</span> <span class='ocrx_word' id='word_1_233' title='bbox 2188 1986 2328 2044; x_wconf 83' lang='lat' dir='ltr'>gyro</span> <span class='ocrx_word' id='word_1_234' title='bbox 2350 1969 2596 2043; x_wconf 91' lang='lat' dir='ltr'>sculptis</span> <span class='ocrx_word' id='word_1_235' title='bbox 2616 1969 2919 2042; x_wconf 86' lang='lat' dir='ltr'>splendide</span> <span class='ocrx_word' id='word_1_236' title='bbox 2941 1968 3252 2026; x_wconf 86' lang='lat' dir='ltr'>decoravit.</span> <span class='ocrx_word' id='word_1_237' title='bbox 3277 1967 3389 2024; x_wconf 90' lang='lat' dir='ltr'>Ubi</span> <span class='ocrx_word' id='word_1_238' title='bbox 3411 1985 3562 2025; x_wconf 89' lang='lat' dir='ltr'>nunc</span> <span class='ocrx_word' id='word_1_239' title='bbox 3585 1967 3846 2041; x_wconf 80' lang='lat' dir='ltr'>sacraplehs</span> 
     </span>
    </p>
   </div>
   <div class='ocr_carea' id='block_1_19' title="bbox 664 2064 3848 2140">
    <p class='ocr_par' dir='ltr' id='par_1_19' title="bbox 664 2064 3848 2140">
     <span class='ocr_line' id='line_1_19' title="bbox 664 2064 3848 2140; baseline 0.001 -20"><span class='ocrx_word' id='word_1_240' title='bbox 664 2065 726 2122; x_wconf 90' lang='lat' dir='ltr'>in</span> <span class='ocrx_word' id='word_1_241' title='bbox 757 2066 1326 2123; x_wconf 79' lang='lat' dir='ltr'>administrationem</span> <span class='ocrx_word' id='word_1_242' title='bbox 1359 2065 1510 2122; x_wconf 91' lang='lat' dir='ltr'>sacri</span> <span class='ocrx_word' id='word_1_243' title='bbox 1539 2064 1778 2140; x_wconf 87' lang='lat' dir='ltr'>largiter</span> <span class='ocrx_word' id='word_1_244' title='bbox 1823 2066 2092 2124; x_wconf 89' lang='lat' dir='ltr'>consistit</span> <span class='ocrx_word' id='word_1_245' title='bbox 2132 2065 2332 2122; x_wconf 85' lang='lat' dir='ltr'>officii.</span> <span class='ocrx_word' id='word_1_246' title='bbox 2366 2069 2490 2133; x_wconf 89' lang='lat' dir='ltr'>Quo</span> <span class='ocrx_word' id='word_1_247' title='bbox 2521 2066 2766 2140; x_wconf 81' lang='lat' dir='ltr'>expleto,</span> <span class='ocrx_word' id='word_1_248' title='bbox 2799 2065 2924 2140; x_wconf 87' lang='lat' dir='ltr'>ipse</span> <span class='ocrx_word' id='word_1_249' title='bbox 2972 2066 3266 2123; x_wconf 83' lang='lat' dir='ltr'>almificus</span> <span class='ocrx_word' id='word_1_250' title='bbox 3309 2065 3562 2140; x_wconf 82' lang='lat' dir='ltr'>pontifex</span> <span class='ocrx_word' id='word_1_251' title='bbox 3590 2083 3680 2138; x_wconf 91' lang='lat' dir='ltr'>pro</span> <span class='ocrx_word' id='word_1_252' title='bbox 3705 2066 3848 2123; x_wconf 75' lang='lat' dir='ltr'>(locum</span> 
     </span>
    </p>
   </div>
   <div class='ocr_carea' id='block_1_20' title="bbox 666 2162 3846 2238">
    <p class='ocr_par' dir='ltr' id='par_1_20' title="bbox 666 2162 3846 2238">
     <span class='ocr_line' id='line_1_20' title="bbox 666 2162 3846 2238; baseline 0 -20"><span class='ocrx_word' id='word_1_253' title='bbox 666 2167 841 2235; x_wconf 85' lang='lat' dir='ltr'>atque</span> <span class='ocrx_word' id='word_1_254' title='bbox 867 2169 1077 2220; x_wconf 89' lang='lat' dir='ltr'>ornatu</span> <span class='ocrx_word' id='word_1_255' title='bbox 1122 2164 1299 2236; x_wconf 88' lang='lat' dir='ltr'>bujus</span> <span class='ocrx_word' id='word_1_256' title='bbox 1332 2163 1591 2236; x_wconf 69' lang='lat' dir='ltr'>praeclari</span> <span class='ocrx_word' id='word_1_257' title='bbox 1623 2165 1815 2236; x_wconf 90' lang='lat' dir='ltr'>operis</span> <span class='ocrx_word' id='word_1_258' title='bbox 1847 2164 1905 2219; x_wconf 92' lang='lat' dir='ltr'>in</span> <span class='ocrx_word' id='word_1_259' title='bbox 1935 2165 2142 2222; x_wconf 88' lang='lat' dir='ltr'>eadem</span> <span class='ocrx_word' id='word_1_260' title='bbox 2187 2163 2431 2220; x_wconf 88' lang='lat' dir='ltr'>basilica</span> <span class='ocrx_word' id='word_1_261' title='bbox 2473 2163 2686 2220; x_wconf 89' lang='lat' dir='ltr'>obtulit</span> <span class='ocrx_word' id='word_1_262' title='bbox 2713 2165 2840 2220; x_wconf 90' lang='lat' dir='ltr'>vela</span> <span class='ocrx_word' id='word_1_263' title='bbox 2870 2165 3004 2220; x_wconf 89' lang='lat' dir='ltr'>alba</span> <span class='ocrx_word' id='word_1_264' title='bbox 3033 2162 3358 2220; x_wconf 80' lang='lat' dir='ltr'>holoserica</span> <span class='ocrx_word' id='word_1_265' title='bbox 3385 2163 3586 2238; x_wconf 70' lang='lat' dir='ltr'>viginti</span> <span class='ocrx_word' id='word_1_266' title='bbox 3611 2167 3776 2220; x_wconf 81' lang='lat' dir='ltr'>ornata</span> <span class='ocrx_word' id='word_1_267' title='bbox 3807 2164 3846 2219; x_wconf 69' lang='lat' dir='ltr'>in</span> 
     </span>
    </p>
   </div>
   <div class='ocr_carea' id='block_1_21' title="bbox 666 2249 3829 2336">
    <p class='ocr_par' dir='ltr' id='par_1_21' title="bbox 666 2249 3829 2336">
     <span class='ocr_line' id='line_1_21' title="bbox 666 2249 3829 2336; baseline 0.001 -22"><span class='ocrx_word' id='word_1_268' title='bbox 666 2259 914 2316; x_wconf 88' lang='lat' dir='ltr'>circuitu</span> <span class='ocrx_word' id='word_1_269' title='bbox 946 2261 1017 2316; x_wconf 90' lang='lat' dir='ltr'>de</span> <span class='ocrx_word' id='word_1_270' title='bbox 1038 2261 1300 2316; x_wconf 86' lang='lat' dir='ltr'>fundato.</span> <span class='ocrx_word' id='word_1_271' title='bbox 1327 2259 1608 2316; x_wconf 87' lang='lat' dir='ltr'>Similiter</span> <span class='ocrx_word' id='word_1_272' title='bbox 1629 2266 1686 2317; x_wconf 91' lang='lat' dir='ltr'>et</span> <span class='ocrx_word' id='word_1_273' title='bbox 1705 2260 1818 2316; x_wconf 88' lang='lat' dir='ltr'>alia</span> <span class='ocrx_word' id='word_1_274' title='bbox 1846 2262 1916 2317; x_wconf 89' lang='lat' dir='ltr'>de</span> <span class='ocrx_word' id='word_1_275' title='bbox 1943 2262 2184 2318; x_wconf 86' lang='lat' dir='ltr'>fundato</span> <span class='ocrx_word' id='word_1_276' title='bbox 2204 2261 2371 2318; x_wconf 88' lang='lat' dir='ltr'>valde</span> <span class='ocrx_word' id='word_1_277' title='bbox 2393 2261 2615 2335; x_wconf 89' lang='lat' dir='ltr'>optima</span> <span class='ocrx_word' id='word_1_278' title='bbox 2634 2249 2842 2336; x_wconf 86' lang='lat' dir='ltr'>viginti</span> <span class='ocrx_word' id='word_1_279' title='bbox 2863 2265 3068 2318; x_wconf 85' lang='lat' dir='ltr'>ornata</span> <span class='ocrx_word' id='word_1_280' title='bbox 3087 2260 3145 2316; x_wconf 90' lang='lat' dir='ltr'>in</span> <span class='ocrx_word' id='word_1_281' title='bbox 3169 2260 3423 2317; x_wconf 87' lang='lat' dir='ltr'>circuitu</span> <span class='ocrx_word' id='word_1_282' title='bbox 3441 2261 3510 2318; x_wconf 91' lang='lat' dir='ltr'>de</span> <span class='ocrx_word' id='word_1_283' title='bbox 3525 2259 3829 2318; x_wconf 88' lang='lat' dir='ltr'>blatthin.Ub</span> 
     </span>
    </p>
   </div>
   <div class='ocr_carea' id='block_1_22' title="bbox 665 2357 3848 2432">
    <p class='ocr_par' dir='ltr' id='par_1_22' title="bbox 665 2357 3848 2432">
     <span class='ocr_line' id='line_1_22' title="bbox 665 2357 3848 2432; baseline 0.001 -20"><span class='ocrx_word' id='word_1_284' title='bbox 665 2357 842 2412; x_wconf 88' lang='lat' dir='ltr'>etiam</span> <span class='ocrx_word' id='word_1_285' title='bbox 875 2357 1302 2413; x_wconf 68' lang='lat' dir='ltr'>confessmnem</span> <span class='ocrx_word' id='word_1_286' title='bbox 1334 2357 1642 2414; x_wconf 78' lang='lat' dir='ltr'>mirificam</span> <span class='ocrx_word' id='word_1_287' title='bbox 1677 2357 1907 2414; x_wconf 89' lang='lat' dir='ltr'>Christo</span> <span class='ocrx_word' id='word_1_288' title='bbox 1964 2365 2310 2432; x_wconf 86' lang='lat' dir='ltr'>cooperante</span> <span class='ocrx_word' id='word_1_289' title='bbox 2357 2359 2702 2427; x_wconf 87' lang='lat' dir='ltr'>construxit,</span> <span class='ocrx_word' id='word_1_290' title='bbox 2735 2364 2793 2416; x_wconf 92' lang='lat' dir='ltr'>et</span> <span class='ocrx_word' id='word_1_291' title='bbox 2822 2359 3114 2432; x_wconf 87' lang='lat' dir='ltr'>argenteis</span> <span class='ocrx_word' id='word_1_292' title='bbox 3147 2357 3367 2415; x_wconf 89' lang='lat' dir='ltr'>tabulis</span> <span class='ocrx_word' id='word_1_293' title='bbox 3399 2375 3644 2430; x_wconf 85' lang='lat' dir='ltr'>auroque</span> <span class='ocrx_word' id='word_1_294' title='bbox 3668 2357 3848 2430; x_wconf 86' lang='lat' dir='ltr'>perfusis</span> 
     </span>
    </p>
   </div>
   <div class='ocr_carea' id='block_1_23' title="bbox 562 2453 3851 2530">
    <p class='ocr_par' dir='ltr' id='par_1_23' title="bbox 562 2453 3851 2530">
     <span class='ocr_line' id='line_1_23' title="bbox 562 2453 3851 2530; baseline 0.001 -22"><span class='ocrx_word' id='word_1_295' title='bbox 562 2453 630 2508; x_wconf 86' lang='grc'>15</span> <span class='ocrx_word' id='word_1_296' title='bbox 667 2453 886 2526; x_wconf 88' lang='lat' dir='ltr'>fulgide</span> <span class='ocrx_word' id='word_1_297' title='bbox 917 2455 1188 2528; x_wconf 86' lang='lat' dir='ltr'>compsit,</span> <span class='ocrx_word' id='word_1_298' title='bbox 1241 2471 1416 2528; x_wconf 90' lang='lat' dir='ltr'>quam</span> <span class='ocrx_word' id='word_1_299' title='bbox 1449 2455 1702 2529; x_wconf 90' lang='lat' dir='ltr'>propriis</span> <span class='ocrx_word' id='word_1_300' title='bbox 1744 2456 2020 2512; x_wconf 90' lang='lat' dir='ltr'>manibus</span> <span class='ocrx_word' id='word_1_301' title='bbox 2061 2473 2432 2523; x_wconf 87' lang='lat' dir='ltr'>consecrans,</span> <span class='ocrx_word' id='word_1_302' title='bbox 2465 2455 2524 2512; x_wconf 90' lang='lat' dir='ltr'>in</span> <span class='ocrx_word' id='word_1_303' title='bbox 2555 2473 2625 2513; x_wconf 89' lang='lat' dir='ltr'>ea</span> <span class='ocrx_word' id='word_1_304' title='bbox 2663 2456 2943 2530; x_wconf 89' lang='lat' dir='ltr'>reliquias</span> <span class='ocrx_word' id='word_1_305' title='bbox 2973 2456 3191 2530; x_wconf 80' lang='lat' dir='ltr'>posuit.</span> <span class='ocrx_word' id='word_1_306' title='bbox 3224 2457 3296 2512; x_wconf 89' lang='lat' dir='ltr'>Et</span> <span class='ocrx_word' id='word_1_307' title='bbox 3330 2455 3489 2513; x_wconf 87' lang='lat' dir='ltr'>aliud</span> <span class='ocrx_word' id='word_1_308' title='bbox 3520 2455 3728 2530; x_wconf 86' lang='lat' dir='ltr'>quidem</span> <span class='ocrx_word' id='word_1_309' title='bbox 3750 2471 3851 2528; x_wconf 83' lang='lat' dir='ltr'>opus</span> 
     </span>
    </p>
   </div>
   <div class='ocr_carea' id='block_1_24' title="bbox 667 2551 3850 2628">
    <p class='ocr_par' dir='ltr' id='par_1_24' title="bbox 667 2551 3850 2628">
     <span class='ocr_line' id='line_1_24' title="bbox 667 2551 3850 2628; baseline 0.001 -21"><span class='ocrx_word' id='word_1_310' title='bbox 667 2555 800 2608; x_wconf 90' lang='lat' dir='ltr'>ante</span> <span class='ocrx_word' id='word_1_311' title='bbox 825 2553 978 2608; x_wconf 88' lang='lat' dir='ltr'>fores</span> <span class='ocrx_word' id='word_1_312' title='bbox 1009 2551 1188 2624; x_wconf 87' lang='lat' dir='ltr'>hujus</span> <span class='ocrx_word' id='word_1_313' title='bbox 1218 2553 1554 2609; x_wconf 66' lang='lat' dir='ltr'>veneranda:</span> <span class='ocrx_word' id='word_1_314' title='bbox 1584 2551 1836 2609; x_wconf 64' lang='lat' dir='ltr'>basilica:</span> <span class='ocrx_word' id='word_1_315' title='bbox 1856 2553 2023 2610; x_wconf 89' lang='lat' dir='ltr'>valde</span> <span class='ocrx_word' id='word_1_316' title='bbox 2045 2553 2335 2626; x_wconf 90' lang='lat' dir='ltr'>optimum</span> <span class='ocrx_word' id='word_1_317' title='bbox 2360 2555 2608 2628; x_wconf 86' lang='lat' dir='ltr'>peregit:</span> <span class='ocrx_word' id='word_1_318' title='bbox 2633 2553 2771 2627; x_wconf 85' lang='lat' dir='ltr'>quia</span> <span class='ocrx_word' id='word_1_319' title='bbox 2791 2571 2957 2610; x_wconf 86' lang='lat' dir='ltr'>sacra</span> <span class='ocrx_word' id='word_1_320' title='bbox 2973 2555 3224 2628; x_wconf 86' lang='lat' dir='ltr'>pridem,</span> <span class='ocrx_word' id='word_1_321' title='bbox 3249 2571 3381 2628; x_wconf 65' lang='lat' dir='ltr'>quae</span> <span class='ocrx_word' id='word_1_322' title='bbox 3403 2553 3648 2610; x_wconf 87' lang='lat' dir='ltr'>latebant</span> <span class='ocrx_word' id='word_1_323' title='bbox 3664 2552 3850 2627; x_wconf 75' lang='lat' dir='ltr'>populis.</span> 
     </span>
    </p>
   </div>
   <div class='ocr_carea' id='block_1_25' title="bbox 662 2641 3853 2726">
    <p class='ocr_par' dir='ltr' id='par_1_25' title="bbox 662 2641 3853 2726">
     <span class='ocr_line' id='line_1_25' title="bbox 662 2641 3853 2726; baseline 0.001 -22"><span class='ocrx_word' id='word_1_324' title='bbox 662 2648 868 2705; x_wconf 87' lang='lat' dir='ltr'>limina</span> <span class='ocrx_word' id='word_1_325' title='bbox 897 2667 1130 2706; x_wconf 89' lang='lat' dir='ltr'>summo</span> <span class='ocrx_word' id='word_1_326' title='bbox 1163 2650 1356 2706; x_wconf 89' lang='lat' dir='ltr'>studio</span> <span class='ocrx_word' id='word_1_327' title='bbox 1382 2649 1658 2706; x_wconf 89' lang='lat' dir='ltr'>omnibus</span> <span class='ocrx_word' id='word_1_328' title='bbox 1680 2641 1990 2707; x_wconf 84' lang='lat' dir='ltr'>manifesta</span> <span class='ocrx_word' id='word_1_329' title='bbox 2008 2651 2331 2721; x_wconf 89' lang='lat' dir='ltr'>constituit,</span> <span class='ocrx_word' id='word_1_330' title='bbox 2364 2669 2498 2708; x_wconf 92' lang='lat' dir='ltr'>cum</span> <span class='ocrx_word' id='word_1_331' title='bbox 2518 2651 2759 2726; x_wconf 89' lang='lat' dir='ltr'>pulchre</span> <span class='ocrx_word' id='word_1_332' title='bbox 2783 2653 3024 2710; x_wconf 86' lang='lat' dir='ltr'>decoros</span> <span class='ocrx_word' id='word_1_333' title='bbox 3045 2652 3263 2710; x_wconf 88' lang='lat' dir='ltr'>ibidem</span> <span class='ocrx_word' id='word_1_334' title='bbox 3285 2669 3464 2708; x_wconf 86' lang='lat' dir='ltr'>arcus</span> <span class='ocrx_word' id='word_1_335' title='bbox 3486 2670 3519 2709; x_wconf 91' lang='lat' dir='ltr'>a</span> <span class='ocrx_word' id='word_1_336' title='bbox 3539 2649 3853 2708; x_wconf 76' lang='lat' dir='ltr'>fundamentis</span> 
     </span>
    </p>
   </div>
   <div class='ocr_carea' id='block_1_26' title="bbox 667 2747 2466 2822">
    <p class='ocr_par' dir='ltr' id='par_1_26' title="bbox 667 2747 2466 2822">
     <span class='ocr_line' id='line_1_26' title="bbox 667 2747 2466 2822; baseline 0.002 -19"><span class='ocrx_word' id='word_1_337' title='bbox 667 2752 1050 2815; x_wconf 87' lang='lat' dir='ltr'>construeret,</span> <span class='ocrx_word' id='word_1_338' title='bbox 1081 2765 1227 2820; x_wconf 89' lang='lat' dir='ltr'>quos</span> <span class='ocrx_word' id='word_1_339' title='bbox 1257 2747 1432 2804; x_wconf 88' lang='lat' dir='ltr'>etiam</span> <span class='ocrx_word' id='word_1_340' title='bbox 1464 2749 1640 2805; x_wconf 89' lang='lat' dir='ltr'>variis</span> <span class='ocrx_word' id='word_1_341' title='bbox 1669 2748 1915 2822; x_wconf 89' lang='lat' dir='ltr'>picturis</span> <span class='ocrx_word' id='word_1_342' title='bbox 1945 2749 2126 2804; x_wconf 91' lang='lat' dir='ltr'>nitide</span> <span class='ocrx_word' id='word_1_343' title='bbox 2156 2749 2466 2806; x_wconf 88' lang='lat' dir='ltr'>decoravit.</span> 
     </span>
    </p>
   </div>
   <div class='ocr_carea' id='block_1_27' title="bbox 740 2845 3854 2920">
    <p class='ocr_par' dir='ltr' id='par_1_27' title="bbox 740 2845 3854 2920">
     <span class='ocr_line' id='line_1_27' title="bbox 740 2845 3854 2920; baseline -0 -19"><span class='ocrx_word' id='word_1_344' title='bbox 740 2847 895 2902; x_wconf 73' lang='lat'>490</span> <span class='ocrx_word' id='word_1_345' title='bbox 925 2846 1054 2918; x_wconf 80' lang='lat' dir='ltr'>Ipse</span> <span class='ocrx_word' id='word_1_346' title='bbox 1081 2863 1214 2902; x_wconf 90' lang='lat' dir='ltr'>vero</span> <span class='ocrx_word' id='word_1_347' title='bbox 1247 2865 1278 2902; x_wconf 69' lang='grc' dir='ltr'>ιι</span> <span class='ocrx_word' id='word_1_348' title='bbox 1314 2848 1424 2902; x_wconf 90' lang='lat' dir='ltr'>Deo</span> <span class='ocrx_word' id='word_1_349' title='bbox 1447 2852 1746 2918; x_wconf 88' lang='lat' dir='ltr'>protectus</span> <span class='ocrx_word' id='word_1_350' title='bbox 1777 2851 1835 2902; x_wconf 89' lang='lat' dir='ltr'>et</span> <span class='ocrx_word' id='word_1_351' title='bbox 1865 2846 2180 2919; x_wconf 72' lang='lat' dir='ltr'>prmclarus</span> <span class='ocrx_word' id='word_1_352' title='bbox 2209 2846 2466 2920; x_wconf 83' lang='lat' dir='ltr'>pontifex</span> <span class='ocrx_word' id='word_1_353' title='bbox 2489 2865 2592 2920; x_wconf 90' lang='lat' dir='ltr'>pro</span> <span class='ocrx_word' id='word_1_354' title='bbox 2625 2846 2879 2905; x_wconf 88' lang='lat' dir='ltr'>remedio</span> <span class='ocrx_word' id='word_1_355' title='bbox 2897 2851 2954 2904; x_wconf 89' lang='lat' dir='ltr'>et</span> <span class='ocrx_word' id='word_1_356' title='bbox 2975 2847 3173 2904; x_wconf 89' lang='lat' dir='ltr'>futura</span> <span class='ocrx_word' id='word_1_357' title='bbox 3194 2847 3409 2904; x_wconf 66' lang='lat' dir='ltr'>animae</span> <span class='ocrx_word' id='word_1_358' title='bbox 3424 2865 3540 2904; x_wconf 70' lang='lat' dir='ltr'>suae</span> <span class='ocrx_word' id='word_1_359' title='bbox 3559 2845 3854 2903; x_wconf 85' lang='lat' dir='ltr'>retributione</span> 
     </span>
    </p>
   </div>
   <div class='ocr_carea' id='block_1_28' title="bbox 668 2943 3852 3016">
    <p class='ocr_par' dir='ltr' id='par_1_28' title="bbox 668 2943 3852 3016">
     <span class='ocr_line' id='line_1_28' title="bbox 668 2943 3852 3016; baseline -0 -18"><span class='ocrx_word' id='word_1_360' title='bbox 668 2960 961 3000; x_wconf 88' lang='lat' dir='ltr'>cameram</span> <span class='ocrx_word' id='word_1_361' title='bbox 1014 2943 1281 3016; x_wconf 67' lang='lat' dir='ltr'>praesepit</span> <span class='ocrx_word' id='word_1_362' title='bbox 1323 2943 1554 3000; x_wconf 90' lang='lat' dir='ltr'>Domini</span> <span class='ocrx_word' id='word_1_363' title='bbox 1601 2944 1785 3000; x_wconf 89' lang='lat' dir='ltr'>nostri</span> <span class='ocrx_word' id='word_1_364' title='bbox 1823 2944 1963 3000; x_wconf 89' lang='lat' dir='ltr'>Jesu</span> <span class='ocrx_word' id='word_1_365' title='bbox 1994 2943 2231 3016; x_wconf 87' lang='lat' dir='ltr'>Christi,</span> <span class='ocrx_word' id='word_1_366' title='bbox 2262 2945 2418 3016; x_wconf 92' lang='lat' dir='ltr'>quod</span> <span class='ocrx_word' id='word_1_367' title='bbox 2449 2944 2702 3002; x_wconf 62' lang='lat' dir='ltr'>basilicae</span> <span class='ocrx_word' id='word_1_368' title='bbox 2749 2945 2930 3000; x_wconf 66' lang='lat' dir='ltr'>beatae</span> <span class='ocrx_word' id='word_1_369' title='bbox 2962 2944 3063 3001; x_wconf 91' lang='lat' dir='ltr'>Dei</span> <span class='ocrx_word' id='word_1_370' title='bbox 3105 2945 3418 3002; x_wconf 75' lang='lat' dir='ltr'>Genitricis&#39;</span> <span class='ocrx_word' id='word_1_371' title='bbox 3451 2944 3681 3000; x_wconf 76' lang='lat' dir='ltr'>dominae</span> <span class='ocrx_word' id='word_1_372' title='bbox 3705 2947 3852 2998; x_wconf 67' lang='lat' dir='ltr'>nostra</span> 
     </span>
    </p>
   </div>
   <div class='ocr_carea' id='block_1_29' title="bbox 667 3040 3854 3115">
    <p class='ocr_par' dir='ltr' id='par_1_29' title="bbox 667 3040 3854 3115">
     <span class='ocr_line' id='line_1_29' title="bbox 667 3040 3854 3115; baseline -0 -19"><span class='ocrx_word' id='word_1_373' title='bbox 667 3041 1050 3108; x_wconf 87' lang='lat' dir='ltr'>connectitur,</span> <span class='ocrx_word' id='word_1_374' title='bbox 1083 3059 1210 3113; x_wconf 81' lang='lat' dir='ltr'>quae</span> <span class='ocrx_word' id='word_1_375' title='bbox 1241 3042 1426 3112; x_wconf 84' lang='lat' dir='ltr'>Major</span> <span class='ocrx_word' id='word_1_376' title='bbox 1455 3043 1527 3098; x_wconf 88' lang='lat' dir='ltr'>ab</span> <span class='ocrx_word' id='word_1_377' title='bbox 1559 3041 1836 3098; x_wconf 90' lang='lat' dir='ltr'>omnibus</span> <span class='ocrx_word' id='word_1_378' title='bbox 1857 3045 2250 3114; x_wconf 88' lang='lat' dir='ltr'>nuncupatur,</span> <span class='ocrx_word' id='word_1_379' title='bbox 2275 3042 2568 3115; x_wconf 87' lang='lat' dir='ltr'>argenteis</span> <span class='ocrx_word' id='word_1_380' title='bbox 2591 3041 2805 3099; x_wconf 86' lang='lat' dir='ltr'>tabulis</span> <span class='ocrx_word' id='word_1_381' title='bbox 2827 3059 2894 3098; x_wconf 90' lang='lat' dir='ltr'>ac</span> <span class='ocrx_word' id='word_1_382' title='bbox 2913 3041 3228 3110; x_wconf 89' lang='lat' dir='ltr'>deauratis,</span> <span class='ocrx_word' id='word_1_383' title='bbox 3251 3041 3604 3098; x_wconf 88' lang='lat' dir='ltr'>habentibus</span> <span class='ocrx_word' id='word_1_384' title='bbox 3621 3040 3854 3097; x_wconf 83' lang='lat' dir='ltr'>historiam</span> 
     </span>
    </p>
   </div>
   <div class='ocr_carea' id='block_1_30' title="bbox 665 3138 3856 3214">
    <p class='ocr_par' dir='ltr' id='par_1_30' title="bbox 665 3138 3856 3214">
     <span class='ocr_line' id='line_1_30' title="bbox 665 3138 3856 3214; baseline -0.001 -21"><span class='ocrx_word' id='word_1_385' title='bbox 665 3138 844 3194; x_wconf 76' lang='lat' dir='ltr'>beatze</span> <span class='ocrx_word' id='word_1_386' title='bbox 877 3139 976 3194; x_wconf 90' lang='lat' dir='ltr'>Dei</span> <span class='ocrx_word' id='word_1_387' title='bbox 1009 3139 1318 3196; x_wconf 86' lang='lat' dir='ltr'>Genitricis</span> <span class='ocrx_word' id='word_1_388' title='bbox 1351 3139 1565 3212; x_wconf 77' lang='lat' dir='ltr'>Mariae,</span> <span class='ocrx_word' id='word_1_389' title='bbox 1589 3139 1900 3212; x_wconf 83' lang='lat' dir='ltr'>magniﬁce</span> <span class='ocrx_word' id='word_1_390' title='bbox 1930 3145 2101 3214; x_wconf 89' lang='lat' dir='ltr'>atque</span> <span class='ocrx_word' id='word_1_391' title='bbox 2133 3141 2420 3214; x_wconf 67' lang='lat' dir='ltr'>praecipue</span> <span class='ocrx_word' id='word_1_392' title='bbox 2442 3139 2805 3214; x_wconf 87' lang='lat' dir='ltr'>perornavit:</span> <span class='ocrx_word' id='word_1_393' title='bbox 2843 3141 2995 3213; x_wconf 89' lang='lat' dir='ltr'>quod</span> <span class='ocrx_word' id='word_1_394' title='bbox 3023 3139 3220 3196; x_wconf 88' lang='lat' dir='ltr'>nullus</span> <span class='ocrx_word' id='word_1_395' title='bbox 3243 3139 3586 3214; x_wconf 83' lang='lat' dir='ltr'>pontificum</span> <span class='ocrx_word' id='word_1_396' title='bbox 3609 3157 3698 3212; x_wconf 89' lang='lat' dir='ltr'>per</span> <span class='ocrx_word' id='word_1_397' title='bbox 3714 3141 3780 3194; x_wconf 89' lang='lat' dir='ltr'>tot</span> <span class='ocrx_word' id='word_1_398' title='bbox 3793 3154 3856 3191; x_wconf 82' lang='lat' dir='ltr'>an-</span> 
     </span>
    </p>
   </div>
   <div class='ocr_carea' id='block_1_31' title="bbox 557 3235 3852 3310">
    <p class='ocr_par' dir='ltr' id='par_1_31' title="bbox 557 3235 3852 3310">
     <span class='ocr_line' id='line_1_31' title="bbox 557 3235 3852 3310; baseline 0 -20"><span class='ocrx_word' id='word_1_399' title='bbox 557 3236 594 3290; x_wconf 85' lang='grc'><strong>5</strong></span> <span class='ocrx_word' id='word_1_400' title='bbox 632 3253 841 3297; x_wconf 86' lang='lat' dir='ltr'>norum</span> <span class='ocrx_word' id='word_1_401' title='bbox 871 3236 1164 3292; x_wconf 86' lang='lat' dir='ltr'>curricula</span> <span class='ocrx_word' id='word_1_402' title='bbox 1191 3237 1262 3292; x_wconf 87' lang='lat' dir='ltr'>ad</span> <span class='ocrx_word' id='word_1_403' title='bbox 1295 3237 1441 3293; x_wconf 88' lang='lat' dir='ltr'>tanti</span> <span class='ocrx_word' id='word_1_404' title='bbox 1477 3237 1701 3294; x_wconf 89' lang='lat' dir='ltr'>decoris</span> <span class='ocrx_word' id='word_1_405' title='bbox 1732 3237 1983 3310; x_wconf 90' lang='lat' dir='ltr'>speciem</span> <span class='ocrx_word' id='word_1_406' title='bbox 2019 3239 2330 3310; x_wconf 90' lang='lat' dir='ltr'>perducere</span> <span class='ocrx_word' id='word_1_407' title='bbox 2360 3239 2676 3294; x_wconf 88' lang='lat' dir='ltr'>arbitratus</span> <span class='ocrx_word' id='word_1_408' title='bbox 2706 3243 2812 3294; x_wconf 88' lang='lat' dir='ltr'>est.</span> <span class='ocrx_word' id='word_1_409' title='bbox 2846 3238 2950 3294; x_wconf 86' lang='lat' dir='ltr'>Hic</span> <span class='ocrx_word' id='word_1_410' title='bbox 2969 3255 3100 3294; x_wconf 91' lang='lat' dir='ltr'>vero</span> <span class='ocrx_word' id='word_1_411' title='bbox 3131 3237 3369 3310; x_wconf 67' lang='lat' dir='ltr'>praesul,</span> <span class='ocrx_word' id='word_1_412' title='bbox 3405 3255 3537 3294; x_wconf 91' lang='lat' dir='ltr'>cum</span> <span class='ocrx_word' id='word_1_413' title='bbox 3565 3238 3631 3294; x_wconf 91' lang='lat' dir='ltr'>de</span> <span class='ocrx_word' id='word_1_414' title='bbox 3648 3235 3852 3294; x_wconf 82' lang='lat' dir='ltr'>omnibus</span> 
     </span>
    </p>
   </div>
   <div class='ocr_carea' id='block_1_32' title="bbox 667 3323 3959 3410">
    <p class='ocr_par' dir='ltr' id='par_1_32' title="bbox 667 3323 3959 3410">
     <span class='ocr_line' id='line_1_32' title="bbox 667 3323 3959 3410; baseline -0.001 -22"><span class='ocrx_word' id='word_1_415' title='bbox 667 3334 928 3390; x_wconf 87' lang='lat' dir='ltr'>ecclesiis</span> <span class='ocrx_word' id='word_1_416' title='bbox 958 3334 1201 3390; x_wconf 87' lang='lat' dir='ltr'>sollicite</span> <span class='ocrx_word' id='word_1_417' title='bbox 1233 3352 1433 3391; x_wconf 88' lang='lat' dir='ltr'>curam</span> <span class='ocrx_word' id='word_1_418' title='bbox 1458 3340 1698 3408; x_wconf 89' lang='lat' dir='ltr'>gereret,</span> <span class='ocrx_word' id='word_1_419' title='bbox 1729 3335 1905 3391; x_wconf 88' lang='lat' dir='ltr'>etiam</span> <span class='ocrx_word' id='word_1_420' title='bbox 1938 3335 2240 3392; x_wconf 88' lang='lat' dir='ltr'>basilicam</span> <span class='ocrx_word' id='word_1_421' title='bbox 2273 3336 2423 3392; x_wconf 90' lang='lat' dir='ltr'>santi</span> <span class='ocrx_word' id='word_1_422' title='bbox 2453 3336 2822 3410; x_wconf 84' lang='lat' dir='ltr'>Archangeli,</span> <span class='ocrx_word' id='word_1_423' title='bbox 2851 3353 2978 3408; x_wconf 63' lang='lat' dir='ltr'>quae</span> <span class='ocrx_word' id='word_1_424' title='bbox 2999 3335 3058 3390; x_wconf 91' lang='lat' dir='ltr'>in</span> <span class='ocrx_word' id='word_1_425' title='bbox 3080 3335 3391 3392; x_wconf 89' lang='lat' dir='ltr'>cacumine</span> <span class='ocrx_word' id='word_1_426' title='bbox 3413 3335 3592 3406; x_wconf 83' lang='lat' dir='ltr'>Fajini</span> <span class='ocrx_word' id='word_1_427' title='bbox 3611 3336 3678 3402; x_wconf 75' lang='grc' dir='ltr'>(ὁ)</span> <span class='ocrx_word' id='word_1_428' title='bbox 3697 3330 3851 3388; x_wconf 86' lang='lat' dir='ltr'>montis</span> 
     </span>
    </p>
   </div>
   <div class='ocr_carea' id='block_1_33' title="bbox 665 3429 3959 3506">
    <p class='ocr_par' dir='ltr' id='par_1_33' title="bbox 665 3429 3959 3506">
     <span class='ocr_line' id='line_1_33' title="bbox 665 3429 3959 3506; baseline -0.001 -20"><span class='ocrx_word' id='word_1_429' title='bbox 665 3434 754 3486; x_wconf 89' lang='lat' dir='ltr'>est</span> <span class='ocrx_word' id='word_1_430' title='bbox 777 3433 1116 3499; x_wconf 81' lang='lat' dir='ltr'>constituta,</span> <span class='ocrx_word' id='word_1_431' title='bbox 1137 3431 1444 3506; x_wconf 81' lang='lat' dir='ltr'>largiorem</span> <span class='ocrx_word' id='word_1_432' title='bbox 1468 3449 1642 3504; x_wconf 89' lang='lat' dir='ltr'>quam</span> <span class='ocrx_word' id='word_1_433' title='bbox 1663 3433 1890 3505; x_wconf 90' lang='lat' dir='ltr'>pridem</span> <span class='ocrx_word' id='word_1_434' title='bbox 1917 3433 2102 3488; x_wconf 87' lang='lat' dir='ltr'>fuerat</span> <span class='ocrx_word' id='word_1_435' title='bbox 2122 3450 2156 3488; x_wconf 93' lang='lat' dir='ltr'>a</span> <span class='ocrx_word' id='word_1_436' title='bbox 2175 3433 2572 3489; x_wconf 89' lang='lat' dir='ltr'>fundamentis</span> <span class='ocrx_word' id='word_1_437' title='bbox 2592 3433 2928 3506; x_wconf 85' lang='lat' dir='ltr'>perfecit,ac</span> <span class='ocrx_word' id='word_1_438' title='bbox 2949 3432 3320 3490; x_wconf 89' lang='lat' dir='ltr'>radiantibus</span> <span class='ocrx_word' id='word_1_439' title='bbox 3344 3432 3587 3506; x_wconf 91' lang='lat' dir='ltr'>picturis</span> <span class='ocrx_word' id='word_1_440' title='bbox 3605 3429 3855 3489; x_wconf 82' lang='lat' dir='ltr'>luculenter</span> <span class='ocrx_word' id='word_1_441' title='bbox 3958 3429 3959 3448; x_wconf 82' lang='grc'><em>³</em></span> 
     </span>
    </p>
   </div>
   <div class='ocr_carea' id='block_1_34' title="bbox 664 3527 3852 3604">
    <p class='ocr_par' dir='ltr' id='par_1_34' title="bbox 664 3527 3852 3604">
     <span class='ocr_line' id='line_1_34' title="bbox 664 3527 3852 3604; baseline -0 -23"><span class='ocrx_word' id='word_1_442' title='bbox 664 3528 823 3600; x_wconf 90' lang='lat' dir='ltr'>pingi</span> <span class='ocrx_word' id='word_1_443' title='bbox 839 3529 1042 3600; x_wconf 89' lang='lat' dir='ltr'>jussit,</span> <span class='ocrx_word' id='word_1_444' title='bbox 1068 3548 1132 3585; x_wconf 90' lang='lat' dir='ltr'>ac</span> <span class='ocrx_word' id='word_1_445' title='bbox 1159 3534 1351 3585; x_wconf 88' lang='lat' dir='ltr'>sarcta</span> <span class='ocrx_word' id='word_1_446' title='bbox 1375 3534 1526 3585; x_wconf 86' lang='lat' dir='ltr'>tecta</span> <span class='ocrx_word' id='word_1_447' title='bbox 1546 3530 1674 3602; x_wconf 87' lang='lat' dir='ltr'>ejus</span> <span class='ocrx_word' id='word_1_448' title='bbox 1696 3531 1823 3585; x_wconf 89' lang='lat' dir='ltr'>novi</span> <span class='ocrx_word' id='word_1_449' title='bbox 1833 3534 1920 3586; x_wconf 89' lang='lat' dir='ltr'>ter</span> <span class='ocrx_word' id='word_1_450' title='bbox 1939 3529 2306 3585; x_wconf 88' lang='lat' dir='ltr'>restauravit.</span> <span class='ocrx_word' id='word_1_451' title='bbox 2327 3530 2433 3586; x_wconf 88' lang='lat' dir='ltr'>Ubi</span> <span class='ocrx_word' id='word_1_452' title='bbox 2455 3535 2513 3586; x_wconf 88' lang='lat' dir='ltr'>ct</span> <span class='ocrx_word' id='word_1_453' title='bbox 2529 3529 2742 3586; x_wconf 88' lang='lat' dir='ltr'>obtulit</span> <span class='ocrx_word' id='word_1_454' title='bbox 2763 3535 2949 3586; x_wconf 87' lang='lat' dir='ltr'>vestes</span> <span class='ocrx_word' id='word_1_455' title='bbox 2965 3531 3038 3586; x_wconf 90' lang='lat' dir='ltr'>de</span> <span class='ocrx_word' id='word_1_456' title='bbox 3056 3529 3273 3587; x_wconf 88' lang='lat' dir='ltr'>imizilo</span> <span class='ocrx_word' id='word_1_457' title='bbox 3294 3536 3568 3604; x_wconf 88' lang='lat' dir='ltr'>quatuor,</span> <span class='ocrx_word' id='word_1_458' title='bbox 3591 3527 3852 3586; x_wconf 81' lang='lat' dir='ltr'>similiteret</span> 
     </span>
    </p>
   </div>
   <div class='ocr_carea' id='block_1_35' title="bbox 663 3623 3853 3702">
    <p class='ocr_par' dir='ltr' id='par_1_35' title="bbox 663 3623 3853 3702">
     <span class='ocr_line' id='line_1_35' title="bbox 663 3623 3853 3702; baseline -0 -24"><span class='ocrx_word' id='word_1_459' title='bbox 663 3623 789 3680; x_wconf 84' lang='lat' dir='ltr'>vela</span> <span class='ocrx_word' id='word_1_460' title='bbox 806 3631 1078 3696; x_wconf 88' lang='lat' dir='ltr'>quatuor.</span> <span class='ocrx_word' id='word_1_461' title='bbox 1100 3626 1116 3680; x_wconf 97' lang='lat' dir='ltr'>l</span> <span class='ocrx_word' id='word_1_462' title='bbox 1125 3642 1226 3697; x_wconf 88' lang='lat' dir='ltr'>pse</span> <span class='ocrx_word' id='word_1_463' title='bbox 1241 3643 1374 3680; x_wconf 83' lang='lat' dir='ltr'>vero</span> <span class='ocrx_word' id='word_1_464' title='bbox 1392 3625 1681 3681; x_wconf 82' lang='lat' dir='ltr'>almiticus</span> <span class='ocrx_word' id='word_1_465' title='bbox 1697 3631 1752 3682; x_wconf 90' lang='lat' dir='ltr'>et</span> <span class='ocrx_word' id='word_1_466' title='bbox 1769 3625 2146 3682; x_wconf 89' lang='lat' dir='ltr'>beatissimus</span> <span class='ocrx_word' id='word_1_467' title='bbox 2163 3643 2314 3699; x_wconf 90' lang='lat' dir='ltr'>papa</span> <span class='ocrx_word' id='word_1_468' title='bbox 2331 3627 2594 3682; x_wconf 86' lang='lat' dir='ltr'>scholam</span> <span class='ocrx_word' id='word_1_469' title='bbox 2615 3631 2944 3697; x_wconf 88' lang='lat' dir='ltr'>cantorum,</span> <span class='ocrx_word' id='word_1_470' title='bbox 2963 3645 3093 3700; x_wconf 65' lang='lat' dir='ltr'>quae</span> <span class='ocrx_word' id='word_1_471' title='bbox 3110 3626 3338 3700; x_wconf 88' lang='lat' dir='ltr'>pridem</span> <span class='ocrx_word' id='word_1_472' title='bbox 3359 3623 3853 3702; x_wconf 89' lang='lat' dir='ltr'>Orphanotrophium</span> 
     </span>
    </p>
   </div>
   <div class='ocr_carea' id='block_1_36' title="bbox 562 3718 3854 3798">
    <p class='ocr_par' dir='ltr' id='par_1_36' title="bbox 562 3718 3854 3798">
     <span class='ocr_line' id='line_1_36' title="bbox 562 3718 3854 3798; baseline -0.001 -22"><span class='ocrx_word' id='word_1_473' title='bbox 562 3721 628 3776; x_wconf 90' lang='grc'>10</span> <span class='ocrx_word' id='word_1_474' title='bbox 665 3722 1138 3790; x_wconf 84' lang='lat' dir='ltr'>vocabatur,cum</span> <span class='ocrx_word' id='word_1_475' title='bbox 1171 3739 1286 3794; x_wconf 72' lang='lat' dir='ltr'>prae</span> <span class='ocrx_word' id='word_1_476' title='bbox 1317 3722 1498 3778; x_wconf 90' lang='lat' dir='ltr'>nimia</span> <span class='ocrx_word' id='word_1_477' title='bbox 1519 3727 1803 3779; x_wconf 85' lang='lat' dir='ltr'>vetustate</span> <span class='ocrx_word' id='word_1_478' title='bbox 1825 3739 1971 3796; x_wconf 90' lang='lat' dir='ltr'>pene</span> <span class='ocrx_word' id='word_1_479' title='bbox 1991 3723 2048 3778; x_wconf 91' lang='lat' dir='ltr'>in</span> <span class='ocrx_word' id='word_1_480' title='bbox 2071 3724 2301 3779; x_wconf 78' lang='lat' dir='ltr'>rvinam</span> <span class='ocrx_word' id='word_1_481' title='bbox 2325 3725 2514 3797; x_wconf 87' lang='lat' dir='ltr'>posita</span> <span class='ocrx_word' id='word_1_482' title='bbox 2536 3730 2709 3798; x_wconf 90' lang='lat' dir='ltr'>atque</span> <span class='ocrx_word' id='word_1_483' title='bbox 2732 3726 3029 3782; x_wconf 89' lang='lat' dir='ltr'>confracta</span> <span class='ocrx_word' id='word_1_484' title='bbox 3047 3725 3365 3796; x_wconf 84' lang='lat' dir='ltr'>videretur,</span> <span class='ocrx_word' id='word_1_485' title='bbox 3393 3725 3497 3782; x_wconf 89' lang='lat' dir='ltr'>Dei</span> <span class='ocrx_word' id='word_1_486' title='bbox 3517 3728 3769 3780; x_wconf 88' lang='lat' dir='ltr'>annuente</span> <span class='ocrx_word' id='word_1_487' title='bbox 3781 3718 3854 3776; x_wconf 83' lang='lat' dir='ltr'>cle&#39;</span> 
     </span>
    </p>
   </div>
   <div class='ocr_carea' id='block_1_37' title="bbox 663 3815 3853 3890">
    <p class='ocr_par' dir='ltr' id='par_1_37' title="bbox 663 3815 3853 3890">
     <span class='ocr_line' id='line_1_37' title="bbox 663 3815 3853 3890; baseline -0 -16"><span class='ocrx_word' id='word_1_488' title='bbox 663 3818 904 3890; x_wconf 82' lang='lat' dir='ltr'>mantia,</span> <span class='ocrx_word' id='word_1_489' title='bbox 936 3837 970 3876; x_wconf 90' lang='lat' dir='ltr'>a</span> <span class='ocrx_word' id='word_1_490' title='bbox 1001 3819 1400 3876; x_wconf 81' lang='lat' dir='ltr'>fundamentis</span> <span class='ocrx_word' id='word_1_491' title='bbox 1430 3819 1488 3875; x_wconf 90' lang='lat' dir='ltr'>in</span> <span class='ocrx_word' id='word_1_492' title='bbox 1525 3819 1822 3877; x_wconf 91' lang='lat' dir='ltr'>meliorem</span> <span class='ocrx_word' id='word_1_493' title='bbox 1857 3825 1922 3877; x_wconf 93' lang='lat' dir='ltr'>ut</span> <span class='ocrx_word' id='word_1_494' title='bbox 1943 3820 2083 3876; x_wconf 90' lang='lat' dir='ltr'>olim</span> <span class='ocrx_word' id='word_1_495' title='bbox 2105 3823 2294 3878; x_wconf 86' lang='lat' dir='ltr'>fuerat</span> <span class='ocrx_word' id='word_1_496' title='bbox 2315 3826 2532 3878; x_wconf 87' lang='lat' dir='ltr'>statum</span> <span class='ocrx_word' id='word_1_497' title='bbox 2565 3822 2786 3879; x_wconf 88' lang='lat' dir='ltr'>noviter</span> <span class='ocrx_word' id='word_1_498' title='bbox 2811 3823 3179 3879; x_wconf 85' lang='lat' dir='ltr'>restauravit.</span> <span class='ocrx_word' id='word_1_499' title='bbox 3207 3823 3358 3880; x_wconf 85' lang='lat' dir='ltr'>Nam</span> <span class='ocrx_word' id='word_1_500' title='bbox 3380 3828 3440 3880; x_wconf 90' lang='lat' dir='ltr'>et</span> <span class='ocrx_word' id='word_1_501' title='bbox 3459 3822 3733 3880; x_wconf 84' lang='lat' dir='ltr'>basilicam</span> <span class='ocrx_word' id='word_1_502' title='bbox 3747 3815 3853 3873; x_wconf 76' lang='lat' dir='ltr'>beati</span> 
     </span>
    </p>
   </div>
   <div class='ocr_carea' id='block_1_38' title="bbox 661 3916 3851 3993">
    <p class='ocr_par' dir='ltr' id='par_1_38' title="bbox 661 3916 3851 3993">
     <span class='ocr_line' id='line_1_38' title="bbox 661 3916 3851 3993; baseline -0.001 -21"><span class='ocrx_word' id='word_1_503' title='bbox 661 3916 908 3973; x_wconf 84' lang='lat' dir='ltr'>Romani</span> <span class='ocrx_word' id='word_1_504' title='bbox 943 3917 1234 3991; x_wconf 79' lang='lat' dir='ltr'>martyris,</span> <span class='ocrx_word' id='word_1_505' title='bbox 1267 3933 1395 3989; x_wconf 64' lang='lat' dir='ltr'>quae</span> <span class='ocrx_word' id='word_1_506' title='bbox 1427 3935 1542 3974; x_wconf 88' lang='lat' dir='ltr'>non</span> <span class='ocrx_word' id='word_1_507' title='bbox 1574 3917 1746 3992; x_wconf 86' lang='lat' dir='ltr'>longe</span> <span class='ocrx_word' id='word_1_508' title='bbox 1776 3919 1848 3974; x_wconf 87' lang='lat' dir='ltr'>ab</span> <span class='ocrx_word' id='word_1_509' title='bbox 1881 3918 2031 3974; x_wconf 91' lang='lat' dir='ltr'>Urbe</span> <span class='ocrx_word' id='word_1_510' title='bbox 2065 3919 2204 3974; x_wconf 85' lang='lat' dir='ltr'>foris</span> <span class='ocrx_word' id='word_1_511' title='bbox 2233 3923 2402 3992; x_wconf 89' lang='lat' dir='ltr'>porta</span> <span class='ocrx_word' id='word_1_512' title='bbox 2423 3919 2648 3976; x_wconf 86' lang='lat' dir='ltr'>Salaria</span> <span class='ocrx_word' id='word_1_513' title='bbox 2676 3919 2792 3976; x_wconf 88' lang='lat' dir='ltr'>sita</span> <span class='ocrx_word' id='word_1_514' title='bbox 2821 3924 2929 3988; x_wconf 90' lang='lat' dir='ltr'>est,</span> <span class='ocrx_word' id='word_1_515' title='bbox 2963 3937 2997 3976; x_wconf 91' lang='lat' dir='ltr'>a</span> <span class='ocrx_word' id='word_1_516' title='bbox 3026 3920 3434 3978; x_wconf 84' lang='lat' dir='ltr'>fundamentis</span> <span class='ocrx_word' id='word_1_517' title='bbox 3463 3919 3699 3993; x_wconf 87' lang='lat' dir='ltr'>perfecit,</span> <span class='ocrx_word' id='word_1_518' title='bbox 3726 3930 3851 3988; x_wconf 79' lang='lat' dir='ltr'>quam</span> 
     </span>
    </p>
   </div>
   <div class='ocr_carea' id='block_1_39' title="bbox 662 4009 3854 4088">
    <p class='ocr_par' dir='ltr' id='par_1_39' title="bbox 662 4009 3854 4088">
     <span class='ocr_line' id='line_1_39' title="bbox 662 4009 3854 4088; baseline -0.001 -18"><span class='ocrx_word' id='word_1_519' title='bbox 662 4012 837 4070; x_wconf 89' lang='lat' dir='ltr'>etiam</span> <span class='ocrx_word' id='word_1_520' title='bbox 871 4014 1042 4070; x_wconf 85' lang='lat' dir='ltr'>titulo</span> <span class='ocrx_word' id='word_1_521' title='bbox 1075 4019 1412 4070; x_wconf 88' lang='lat' dir='ltr'>sanctorum</span> <span class='ocrx_word' id='word_1_522' title='bbox 1443 4014 1706 4071; x_wconf 85' lang='lat' dir='ltr'>Silvestri</span> <span class='ocrx_word' id='word_1_523' title='bbox 1737 4019 1794 4071; x_wconf 93' lang='lat' dir='ltr'>et</span> <span class='ocrx_word' id='word_1_524' title='bbox 1825 4014 2058 4071; x_wconf 87' lang='lat' dir='ltr'>Martini</span> <span class='ocrx_word' id='word_1_525' title='bbox 2089 4015 2425 4088; x_wconf 89' lang='lat' dir='ltr'>parochiam</span> <span class='ocrx_word' id='word_1_526' title='bbox 2457 4032 2582 4072; x_wconf 88' lang='lat' dir='ltr'>esse</span> <span class='ocrx_word' id='word_1_527' title='bbox 2613 4016 2886 4072; x_wconf 88' lang='lat' dir='ltr'>decrevit.</span> <span class='ocrx_word' id='word_1_528' title='bbox 2922 4017 3078 4072; x_wconf 89' lang='lat' dir='ltr'>Fecit</span> <span class='ocrx_word' id='word_1_529' title='bbox 3108 4021 3302 4074; x_wconf 88' lang='lat' dir='ltr'>autem</span> <span class='ocrx_word' id='word_1_530' title='bbox 3339 4023 3400 4074; x_wconf 90' lang='lat' dir='ltr'>et</span> <span class='ocrx_word' id='word_1_531' title='bbox 3420 4017 3706 4074; x_wconf 88' lang='lat' dir='ltr'>basilicam</span> <span class='ocrx_word' id='word_1_532' title='bbox 3723 4009 3854 4068; x_wconf 79' lang='lat' dir='ltr'>sancti</span> 
     </span>
    </p>
   </div>
   <div class='ocr_carea' id='block_1_40' title="bbox 661 4111 3852 4188">
    <p class='ocr_par' dir='ltr' id='par_1_40' title="bbox 661 4111 3852 4188">
     <span class='ocr_line' id='line_1_40' title="bbox 661 4111 3852 4188; baseline -0.001 -22"><span class='ocrx_word' id='word_1_533' title='bbox 661 4111 949 4167; x_wconf 91' lang='lat' dir='ltr'>Theodori</span> <span class='ocrx_word' id='word_1_534' title='bbox 985 4111 1277 4184; x_wconf 80' lang='lat' dir='ltr'>martyris,</span> <span class='ocrx_word' id='word_1_535' title='bbox 1312 4129 1438 4184; x_wconf 75' lang='lat' dir='ltr'>quae</span> <span class='ocrx_word' id='word_1_536' title='bbox 1469 4112 1528 4166; x_wconf 91' lang='lat' dir='ltr'>in</span> <span class='ocrx_word' id='word_1_537' title='bbox 1580 4111 1818 4168; x_wconf 80' lang='lat' dir='ltr'>Coranis</span> <span class='ocrx_word' id='word_1_538' title='bbox 1847 4111 2074 4168; x_wconf 88' lang='lat' dir='ltr'>videtur</span> <span class='ocrx_word' id='word_1_539' title='bbox 2101 4112 2320 4169; x_wconf 84' lang='lat' dir='ltr'>ﬁnibus</span> <span class='ocrx_word' id='word_1_540' title='bbox 2367 4113 2558 4185; x_wconf 84' lang='lat' dir='ltr'>posita</span> <span class='ocrx_word' id='word_1_541' title='bbox 2602 4111 2875 4169; x_wconf 85' lang='lat' dir='ltr'>milliario</span> <span class='ocrx_word' id='word_1_542' title='bbox 2903 4113 2974 4168; x_wconf 86' lang='lat' dir='ltr'>ab</span> <span class='ocrx_word' id='word_1_543' title='bbox 3007 4115 3148 4170; x_wconf 85' lang='lat' dir='ltr'>urbe</span> <span class='ocrx_word' id='word_1_544' title='bbox 3179 4114 3368 4170; x_wconf 81' lang='lat' dir='ltr'>Roma</span> <span class='ocrx_word' id='word_1_545' title='bbox 3399 4113 3701 4188; x_wconf 90' lang='lat' dir='ltr'>trigesimo,</span> <span class='ocrx_word' id='word_1_546' title='bbox 3726 4121 3852 4183; x_wconf 82' lang='lat' dir='ltr'>quam</span> 
     </span>
    </p>
   </div>
   <div class='ocr_carea' id='block_1_41' title="bbox 557 4208 2183 4282">
    <p class='ocr_par' dir='ltr' id='par_1_41' title="bbox 557 4208 2183 4282">
     <span class='ocr_line' id='line_1_41' title="bbox 557 4208 2183 4282; baseline 0.001 -18"><span class='ocrx_word' id='word_1_547' title='bbox 557 4210 626 4265; x_wconf 67' lang='grc' dir='ltr'>ιδ</span> <span class='ocrx_word' id='word_1_548' title='bbox 662 4208 837 4264; x_wconf 87' lang='lat' dir='ltr'>etiam</span> <span class='ocrx_word' id='word_1_549' title='bbox 871 4208 1176 4282; x_wconf 86' lang='lat' dir='ltr'>splendide</span> <span class='ocrx_word' id='word_1_550' title='bbox 1207 4209 1452 4282; x_wconf 89' lang='lat' dir='ltr'>picturis</span> <span class='ocrx_word' id='word_1_551' title='bbox 1483 4208 1841 4282; x_wconf 87' lang='lat' dir='ltr'>fulgentibus</span> <span class='ocrx_word' id='word_1_552' title='bbox 1873 4209 2183 4266; x_wconf 92' lang='lat' dir='ltr'>decoravit.</span> 
     </span>
    </p>
   </div>
   <div class='ocr_carea' id='block_1_42' title="bbox 732 4303 3852 4382">
    <p class='ocr_par' dir='ltr' id='par_1_42' title="bbox 732 4303 3852 4382">
     <span class='ocr_line' id='line_1_42' title="bbox 732 4303 3852 4382; baseline -0.001 -20"><span class='ocrx_word' id='word_1_553' title='bbox 732 4307 879 4363; x_wconf 73' lang='grc'>491</span> <span class='ocrx_word' id='word_1_554' title='bbox 919 4305 1074 4363; x_wconf 89' lang='lat' dir='ltr'>Fecit</span> <span class='ocrx_word' id='word_1_555' title='bbox 1103 4311 1296 4362; x_wconf 89' lang='lat' dir='ltr'>autem</span> <span class='ocrx_word' id='word_1_556' title='bbox 1328 4306 1388 4362; x_wconf 92' lang='lat' dir='ltr'>in</span> <span class='ocrx_word' id='word_1_557' title='bbox 1421 4306 1664 4363; x_wconf 87' lang='lat' dir='ltr'>basilica</span> <span class='ocrx_word' id='word_1_558' title='bbox 1691 4305 1844 4362; x_wconf 88' lang='lat' dir='ltr'>beati</span> <span class='ocrx_word' id='word_1_559' title='bbox 1869 4306 2021 4363; x_wconf 91' lang='lat' dir='ltr'>Petri</span> <span class='ocrx_word' id='word_1_560' title='bbox 2061 4305 2310 4380; x_wconf 87' lang='lat' dir='ltr'>apostoli</span> <span class='ocrx_word' id='word_1_561' title='bbox 2341 4311 2558 4363; x_wconf 87' lang='lat' dir='ltr'>vestem</span> <span class='ocrx_word' id='word_1_562' title='bbox 2595 4307 2664 4364; x_wconf 89' lang='lat' dir='ltr'>de</span> <span class='ocrx_word' id='word_1_563' title='bbox 2693 4307 3088 4382; x_wconf 88' lang='lat' dir='ltr'>ehrysoclavo,</span> <span class='ocrx_word' id='word_1_564' title='bbox 3111 4308 3428 4367; x_wconf 88' lang='lat' dir='ltr'>habentem</span> <span class='ocrx_word' id='word_1_565' title='bbox 3450 4310 3510 4366; x_wconf 92' lang='lat' dir='ltr'>in</span> <span class='ocrx_word' id='word_1_566' title='bbox 3533 4307 3704 4366; x_wconf 88' lang='lat' dir='ltr'>medio</span> <span class='ocrx_word' id='word_1_567' title='bbox 3719 4303 3852 4362; x_wconf 76' lang='lat' dir='ltr'>Salva-</span> 
     </span>
    </p>
   </div>
   <div class='ocr_carea' id='block_1_43' title="bbox 658 4402 3852 4481">
    <p class='ocr_par' dir='ltr' id='par_1_43' title="bbox 658 4402 3852 4481">
     <span class='ocr_line' id='line_1_43' title="bbox 658 4402 3852 4481; baseline -0.001 -21"><span class='ocrx_word' id='word_1_568' title='bbox 658 4402 804 4460; x_wconf 87' lang='lat' dir='ltr'>toris</span> <span class='ocrx_word' id='word_1_569' title='bbox 831 4403 1108 4477; x_wconf 85' lang='lat' dir='ltr'>effigiem,</span> <span class='ocrx_word' id='word_1_570' title='bbox 1138 4408 1195 4460; x_wconf 87' lang='lat' dir='ltr'>et</span> <span class='ocrx_word' id='word_1_571' title='bbox 1213 4404 1415 4460; x_wconf 85' lang='lat' dir='ltr'>dextra</span> <span class='ocrx_word' id='word_1_572' title='bbox 1444 4403 1700 4476; x_wconf 80' lang='lat' dir='ltr'>lzevaque</span> <span class='ocrx_word' id='word_1_573' title='bbox 1721 4405 1850 4477; x_wconf 90' lang='lat' dir='ltr'>ejus</span> <span class='ocrx_word' id='word_1_574' title='bbox 1880 4403 2142 4460; x_wconf 87' lang='lat' dir='ltr'>omnium</span> <span class='ocrx_word' id='word_1_575' title='bbox 2173 4409 2510 4460; x_wconf 88' lang='lat' dir='ltr'>sanctorum</span> <span class='ocrx_word' id='word_1_576' title='bbox 2534 4405 2929 4478; x_wconf 90' lang='lat' dir='ltr'>apostolorum</span> <span class='ocrx_word' id='word_1_577' title='bbox 2953 4405 3261 4462; x_wconf 89' lang='lat' dir='ltr'>rutilantes</span> <span class='ocrx_word' id='word_1_578' title='bbox 3283 4408 3529 4481; x_wconf 76' lang='lat' dir='ltr'>figuras,</span> <span class='ocrx_word' id='word_1_579' title='bbox 3551 4422 3711 4480; x_wconf 87' lang='lat' dir='ltr'>quam</span> <span class='ocrx_word' id='word_1_580' title='bbox 3727 4402 3852 4458; x_wconf 82' lang='lat' dir='ltr'>etiam</span> 
     </span>
    </p>
   </div>
   <div class='ocr_carea' id='block_1_44' title="bbox 659 4498 3853 4577">
    <p class='ocr_par' dir='ltr' id='par_1_44' title="bbox 659 4498 3853 4577">
     <span class='ocr_line' id='line_1_44' title="bbox 659 4498 3853 4577; baseline -0.001 -19"><span class='ocrx_word' id='word_1_581' title='bbox 659 4501 1100 4574; x_wconf 88' lang='lat' dir='ltr'>pretiosissimis</span> <span class='ocrx_word' id='word_1_582' title='bbox 1128 4502 1378 4576; x_wconf 89' lang='lat' dir='ltr'>gemmis</span> <span class='ocrx_word' id='word_1_583' title='bbox 1398 4503 1654 4574; x_wconf 89' lang='lat' dir='ltr'>prasinis</span> <span class='ocrx_word' id='word_1_584' title='bbox 1677 4508 1735 4558; x_wconf 91' lang='lat' dir='ltr'>et</span> <span class='ocrx_word' id='word_1_585' title='bbox 1751 4502 2146 4576; x_wconf 88' lang='lat' dir='ltr'>hyacinthinis</span> <span class='ocrx_word' id='word_1_586' title='bbox 2169 4503 2517 4575; x_wconf 88' lang='lat' dir='ltr'>perornavit.</span> <span class='ocrx_word' id='word_1_587' title='bbox 2547 4503 2727 4577; x_wconf 88' lang='lat' dir='ltr'>Igitur</span> <span class='ocrx_word' id='word_1_588' title='bbox 2747 4521 3119 4577; x_wconf 91' lang='lat' dir='ltr'>summopere</span> <span class='ocrx_word' id='word_1_589' title='bbox 3141 4510 3590 4562; x_wconf 90' lang='lat' dir='ltr'>consummatus</span> <span class='ocrx_word' id='word_1_590' title='bbox 3609 4505 3717 4577; x_wconf 87' lang='lat' dir='ltr'>ipse</span> <span class='ocrx_word' id='word_1_591' title='bbox 3733 4498 3853 4556; x_wconf 84' lang='lat' dir='ltr'>aDeo</span> 
     </span>
    </p>
   </div>
   <div class='ocr_carea' id='block_1_45' title="bbox 659 4594 3959 4676">
    <p class='ocr_par' dir='ltr' id='par_1_45' title="bbox 659 4594 3959 4676">
     <span class='ocr_line' id='line_1_45' title="bbox 659 4594 3959 4676; baseline -0.001 -22"><span class='ocrx_word' id='word_1_592' title='bbox 659 4603 958 4672; x_wconf 88' lang='lat' dir='ltr'>protectus</span> <span class='ocrx_word' id='word_1_593' title='bbox 985 4604 1043 4655; x_wconf 90' lang='lat' dir='ltr'>et</span> <span class='ocrx_word' id='word_1_594' title='bbox 1073 4599 1450 4655; x_wconf 81' lang='lat' dir='ltr'>beatissimus</span> <span class='ocrx_word' id='word_1_595' title='bbox 1481 4616 1652 4672; x_wconf 90' lang='lat' dir='ltr'>papa,</span> <span class='ocrx_word' id='word_1_596' title='bbox 1687 4599 1782 4671; x_wconf 87' lang='lat' dir='ltr'>pia</span> <span class='ocrx_word' id='word_1_597' title='bbox 1812 4601 2116 4656; x_wconf 87' lang='lat' dir='ltr'>devotione</span> <span class='ocrx_word' id='word_1_598' title='bbox 2139 4599 2427 4656; x_wconf 88' lang='lat' dir='ltr'>sollicitus</span> <span class='ocrx_word' id='word_1_599' title='bbox 2451 4618 2554 4673; x_wconf 91' lang='lat' dir='ltr'>pro</span> <span class='ocrx_word' id='word_1_600' title='bbox 2577 4601 2948 4658; x_wconf 89' lang='lat' dir='ltr'>desiderabili</span> <span class='ocrx_word' id='word_1_601' title='bbox 2973 4601 3281 4658; x_wconf 89' lang='lat' dir='ltr'>dilectione</span> <span class='ocrx_word' id='word_1_602' title='bbox 3303 4607 3637 4660; x_wconf 86' lang='lat' dir='ltr'>sanctorum</span> <span class='ocrx_word' id='word_1_603' title='bbox 3657 4594 3852 4656; x_wconf 77' lang='lat' dir='ltr'>Silvestri</span> <span class='ocrx_word' id='word_1_604' title='bbox 3958 4673 3959 4676; x_wconf 13' lang='grc' dir='ltr'><strong>η</strong></span> 
     </span>
    </p>
   </div>
   <div class='ocr_carea' id='block_1_46' title="bbox 585 4687 3852 4773">
    <p class='ocr_par' dir='ltr' id='par_1_46' title="bbox 585 4687 3852 4773">
     <span class='ocr_line' id='line_1_46' title="bbox 585 4687 3852 4773; baseline -0.001 -23"><span class='ocrx_word' id='word_1_605' title='bbox 585 4696 622 4750; x_wconf 89' lang='grc'>5</span> <span class='ocrx_word' id='word_1_606' title='bbox 657 4700 715 4750; x_wconf 89' lang='lat' dir='ltr'>et</span> <span class='ocrx_word' id='word_1_607' title='bbox 741 4695 968 4751; x_wconf 88' lang='lat' dir='ltr'>Martini</span> <span class='ocrx_word' id='word_1_608' title='bbox 1003 4695 1328 4764; x_wconf 86' lang='lat' dir='ltr'>ecclesiam,</span> <span class='ocrx_word' id='word_1_609' title='bbox 1363 4713 1492 4768; x_wconf 64' lang='lat' dir='ltr'>quae</span> <span class='ocrx_word' id='word_1_610' title='bbox 1521 4700 1722 4753; x_wconf 88' lang='lat' dir='ltr'>saneto</span> <span class='ocrx_word' id='word_1_611' title='bbox 1753 4713 1954 4753; x_wconf 89' lang='lat' dir='ltr'>eorum</span> <span class='ocrx_word' id='word_1_612' title='bbox 1989 4696 2176 4753; x_wconf 89' lang='lat' dir='ltr'>fuerat</span> <span class='ocrx_word' id='word_1_613' title='bbox 2206 4697 2427 4754; x_wconf 89' lang='lat' dir='ltr'>nomini</span> <span class='ocrx_word' id='word_1_614' title='bbox 2462 4703 2818 4766; x_wconf 89' lang='lat' dir='ltr'>consecrata,</span> <span class='ocrx_word' id='word_1_615' title='bbox 2851 4717 3029 4773; x_wconf 90' lang='lat' dir='ltr'>quam</span> <span class='ocrx_word' id='word_1_616' title='bbox 3083 4699 3156 4756; x_wconf 91' lang='lat' dir='ltr'>ab</span> <span class='ocrx_word' id='word_1_617' title='bbox 3196 4701 3436 4758; x_wconf 83' lang='lat' dir='ltr'>exordio</span> <span class='ocrx_word' id='word_1_618' title='bbox 3483 4695 3758 4757; x_wconf 85' lang='lat' dir='ltr'>sacerdotii</span> <span class='ocrx_word' id='word_1_619' title='bbox 3789 4687 3852 4748; x_wconf 88' lang='lat' dir='ltr'>sui</span> 
     </span>
    </p>
   </div>
   <div class='ocr_carea' id='block_1_47' title="bbox 661 4781 3852 4872">
    <p class='ocr_par' dir='ltr' id='par_1_47' title="bbox 661 4781 3852 4872">
     <span class='ocr_line' id='line_1_47' title="bbox 661 4781 3852 4872; baseline 0.001 -26"><span class='ocrx_word' id='word_1_620' title='bbox 661 4807 966 4864; x_wconf 88' lang='lat' dir='ltr'>usquequo</span> <span class='ocrx_word' id='word_1_621' title='bbox 996 4793 1068 4848; x_wconf 92' lang='lat' dir='ltr'>ad</span> <span class='ocrx_word' id='word_1_622' title='bbox 1101 4793 1475 4865; x_wconf 85' lang='lat' dir='ltr'>pontificatus</span> <span class='ocrx_word' id='word_1_623' title='bbox 1505 4793 1734 4850; x_wconf 87' lang='lat' dir='ltr'>culmen</span> <span class='ocrx_word' id='word_1_624' title='bbox 1767 4794 2056 4850; x_wconf 88' lang='lat' dir='ltr'>deductus</span> <span class='ocrx_word' id='word_1_625' title='bbox 2084 4781 2177 4850; x_wconf 61' lang='lat' dir='ltr'>cst</span> <span class='ocrx_word' id='word_1_626' title='bbox 2205 4799 2441 4851; x_wconf 89' lang='lat' dir='ltr'>strenue</span> <span class='ocrx_word' id='word_1_627' title='bbox 2468 4796 2830 4869; x_wconf 86' lang='lat' dir='ltr'>gubernavit,</span> <span class='ocrx_word' id='word_1_628' title='bbox 2855 4802 2913 4854; x_wconf 90' lang='lat' dir='ltr'>et</span> <span class='ocrx_word' id='word_1_629' title='bbox 2941 4815 3044 4871; x_wconf 89' lang='lat' dir='ltr'>per</span> <span class='ocrx_word' id='word_1_630' title='bbox 3065 4797 3286 4854; x_wconf 89' lang='lat' dir='ltr'>olitana</span> <span class='ocrx_word' id='word_1_631' title='bbox 3305 4803 3571 4872; x_wconf 86' lang='lat' dir='ltr'>tempora</span> <span class='ocrx_word' id='word_1_632' title='bbox 3591 4797 3775 4852; x_wconf 80' lang='lat' dir='ltr'>defecta</span> <span class='ocrx_word' id='word_1_633' title='bbox 3788 4803 3852 4842; x_wconf 66' lang='grc' dir='ltr'><strong>ω’</strong></span> 
     </span>
    </p>
   </div>
   <div class='ocr_carea' id='block_1_48' title="bbox 659 4884 3848 4964">
    <p class='ocr_par' dir='ltr' id='par_1_48' title="bbox 659 4884 3848 4964">
     <span class='ocr_line' id='line_1_48' title="bbox 659 4884 3848 4964; baseline 0.005 -23"><span class='ocrx_word' id='word_1_634' title='bbox 659 4890 876 4942; x_wconf 90' lang='lat' dir='ltr'>tustate</span> <span class='ocrx_word' id='word_1_635' title='bbox 908 4894 1236 4946; x_wconf 85' lang='lat' dir='ltr'>marcuerat</span> <span class='ocrx_word' id='word_1_636' title='bbox 1266 4890 1567 4963; x_wconf 89' lang='lat' dir='ltr'>ruinisque</span> <span class='ocrx_word' id='word_1_637' title='bbox 1599 4893 1894 4948; x_wconf 86' lang='lat' dir='ltr'>confracta</span> <span class='ocrx_word' id='word_1_638' title='bbox 1923 4890 2023 4946; x_wconf 91' lang='lat' dir='ltr'>diu</span> <span class='ocrx_word' id='word_1_639' title='bbox 2056 4891 2384 4964; x_wconf 86' lang='lat' dir='ltr'>antiquitus</span> <span class='ocrx_word' id='word_1_640' title='bbox 2413 4891 2665 4949; x_wconf 87' lang='lat' dir='ltr'>lacerata</span> <span class='ocrx_word' id='word_1_641' title='bbox 2699 4895 2994 4963; x_wconf 91' lang='lat' dir='ltr'>manebat,</span> <span class='ocrx_word' id='word_1_642' title='bbox 3028 4895 3130 4952; x_wconf 88' lang='lat' dir='ltr'>Dei</span> <span class='ocrx_word' id='word_1_643' title='bbox 3171 4903 3473 4954; x_wconf 90' lang='lat' dir='ltr'>annuente</span> <span class='ocrx_word' id='word_1_644' title='bbox 3503 4889 3786 4956; x_wconf 63' lang='lat' dir='ltr'>clementia,</span> <span class='ocrx_word' id='word_1_645' title='bbox 3810 4884 3848 4940; x_wconf 63' lang='lat' dir='ltr'>in</span> 
     </span>
    </p>
   </div>
   <div class='ocr_carea' id='block_1_49' title="bbox 659 4980 3852 5067">
    <p class='ocr_par' dir='ltr' id='par_1_49' title="bbox 659 4980 3852 5067">
     <span class='ocr_line' id='line_1_49' title="bbox 659 4980 3852 5067; baseline 0.003 -31"><span class='ocrx_word' id='word_1_646' title='bbox 659 4980 955 5038; x_wconf 82' lang='lat' dir='ltr'>meliorem</span> <span class='ocrx_word' id='word_1_647' title='bbox 989 4984 1498 5060; x_wconf 82' lang='lat' dir='ltr'>pulchrioremque</span> <span class='ocrx_word' id='word_1_648' title='bbox 1529 4992 1747 5045; x_wconf 87' lang='lat' dir='ltr'>statum</span> <span class='ocrx_word' id='word_1_649' title='bbox 1777 5008 1812 5045; x_wconf 90' lang='lat' dir='ltr'>a</span> <span class='ocrx_word' id='word_1_650' title='bbox 1842 4988 2242 5046; x_wconf 87' lang='lat' dir='ltr'>fundamentis</span> <span class='ocrx_word' id='word_1_651' title='bbox 2266 4990 2529 5062; x_wconf 83' lang='lat' dir='ltr'>perfecit.</span> <span class='ocrx_word' id='word_1_652' title='bbox 2567 4991 2845 5048; x_wconf 79' lang='lat' dir='ltr'>Absidam</span> <span class='ocrx_word' id='word_1_653' title='bbox 2870 5008 3103 5066; x_wconf 89' lang='lat' dir='ltr'>quoque</span> <span class='ocrx_word' id='word_1_654' title='bbox 3125 4993 3314 5067; x_wconf 90' lang='lat' dir='ltr'>ipsius</span> <span class='ocrx_word' id='word_1_655' title='bbox 3335 4993 3532 5051; x_wconf 87' lang='lat' dir='ltr'>aureis</span> <span class='ocrx_word' id='word_1_656' title='bbox 3551 4989 3749 5048; x_wconf 81' lang='lat' dir='ltr'>musivo</span> <span class='ocrx_word' id='word_1_657' title='bbox 3767 4998 3852 5057; x_wconf 66' lang='lat' dir='ltr'>pcr-</span> 
     </span>
    </p>
   </div>
   <div class='ocr_carea' id='block_1_50' title="bbox 661 5075 3848 5164">
    <p class='ocr_par' dir='ltr' id='par_1_50' title="bbox 661 5075 3848 5164">
     <span class='ocr_line' id='line_1_50' title="bbox 661 5075 3848 5164; baseline 0.001 -31"><span class='ocrx_word' id='word_1_658' title='bbox 661 5079 792 5134; x_wconf 89' lang='lat' dir='ltr'>fuso</span> <span class='ocrx_word' id='word_1_659' title='bbox 823 5078 1115 5136; x_wconf 88' lang='lat' dir='ltr'>coloribus</span> <span class='ocrx_word' id='word_1_660' title='bbox 1143 5082 1364 5154; x_wconf 85' lang='lat' dir='ltr'>ingenti</span> <span class='ocrx_word' id='word_1_661' title='bbox 1395 5102 1592 5142; x_wconf 90' lang='lat' dir='ltr'>amore</span> <span class='ocrx_word' id='word_1_662' title='bbox 1624 5087 1903 5160; x_wconf 80' lang='lat' dir='ltr'>depinxit.</span> <span class='ocrx_word' id='word_1_663' title='bbox 1937 5089 2006 5142; x_wconf 90' lang='lat' dir='ltr'>Et</span> <span class='ocrx_word' id='word_1_664' title='bbox 2034 5087 2105 5143; x_wconf 88' lang='lat' dir='ltr'>ad</span> <span class='ocrx_word' id='word_1_665' title='bbox 2136 5087 2416 5144; x_wconf 89' lang='lat' dir='ltr'>honorem</span> <span class='ocrx_word' id='word_1_666' title='bbox 2449 5086 2868 5160; x_wconf 87' lang='lat' dir='ltr'>omnipotentis</span> <span class='ocrx_word' id='word_1_667' title='bbox 2898 5089 3020 5157; x_wconf 90' lang='lat' dir='ltr'>Dei,</span> <span class='ocrx_word' id='word_1_668' title='bbox 3052 5090 3440 5164; x_wconf 88' lang='lat' dir='ltr'>ejusdemque</span> <span class='ocrx_word' id='word_1_669' title='bbox 3463 5083 3752 5146; x_wconf 87' lang='lat' dir='ltr'>beatissimi</span> <span class='ocrx_word' id='word_1_670' title='bbox 3773 5075 3848 5136; x_wconf 88' lang='lat' dir='ltr'>Sil-</span> 
     </span>
    </p>
   </div>
   <div class='ocr_carea' id='block_1_51' title="bbox 553 5174 3846 5262">
    <p class='ocr_par' dir='ltr' id='par_1_51' title="bbox 553 5174 3846 5262">
     <span class='ocr_line' id='line_1_51' title="bbox 553 5174 3846 5262; baseline 0 -30"><span class='ocrx_word' id='word_1_671' title='bbox 553 5177 622 5232; x_wconf 75' lang='lat' dir='ltr'>tO</span> <span class='ocrx_word' id='word_1_672' title='bbox 658 5174 834 5231; x_wconf 87' lang='lat' dir='ltr'>vestri</span> <span class='ocrx_word' id='word_1_673' title='bbox 865 5176 1150 5248; x_wconf 61' lang='lat' dir='ltr'>praesulis,</span> <span class='ocrx_word' id='word_1_674' title='bbox 1185 5197 1394 5250; x_wconf 79' lang='lat' dir='ltr'>corpus</span> <span class='ocrx_word' id='word_1_675' title='bbox 1415 5199 1550 5238; x_wconf 90' lang='lat' dir='ltr'>cum</span> <span class='ocrx_word' id='word_1_676' title='bbox 1571 5184 1910 5240; x_wconf 87' lang='lat' dir='ltr'>beatissimo</span> <span class='ocrx_word' id='word_1_677' title='bbox 1938 5185 2186 5241; x_wconf 83' lang='lat' dir='ltr'>Fabiano</span> <span class='ocrx_word' id='word_1_678' title='bbox 2209 5190 2384 5257; x_wconf 89' lang='lat' dir='ltr'>atque</span> <span class='ocrx_word' id='word_1_679' title='bbox 2408 5185 2723 5258; x_wconf 88' lang='lat' dir='ltr'>Stephano,</span> <span class='ocrx_word' id='word_1_680' title='bbox 2746 5190 2804 5242; x_wconf 92' lang='lat' dir='ltr'>et</span> <span class='ocrx_word' id='word_1_681' title='bbox 2825 5187 3024 5244; x_wconf 91' lang='lat' dir='ltr'>Sotere</span> <span class='ocrx_word' id='word_1_682' title='bbox 3051 5187 3410 5262; x_wconf 82' lang='lat' dir='ltr'>martyribus</span> <span class='ocrx_word' id='word_1_683' title='bbox 3437 5203 3505 5242; x_wconf 91' lang='lat' dir='ltr'>ac</span> <span class='ocrx_word' id='word_1_684' title='bbox 3525 5179 3846 5259; x_wconf 83' lang='lat' dir='ltr'>pontiﬁcibus,</span> 
     </span>
    </p>
   </div>
   <div class='ocr_carea' id='block_1_52' title="bbox 659 5272 3844 5358">
    <p class='ocr_par' dir='ltr' id='par_1_52' title="bbox 659 5272 3844 5358">
     <span class='ocr_line' id='line_1_52' title="bbox 659 5272 3844 5358; baseline 0.002 -26"><span class='ocrx_word' id='word_1_685' title='bbox 659 5272 954 5346; x_wconf 82' lang='lat' dir='ltr'>simulque</span> <span class='ocrx_word' id='word_1_686' title='bbox 969 5275 1194 5330; x_wconf 85' lang='lat' dir='ltr'>Asterio</span> <span class='ocrx_word' id='word_1_687' title='bbox 1216 5281 1467 5349; x_wconf 76' lang='lat' dir='ltr'>martyre</span> <span class='ocrx_word' id='word_1_688' title='bbox 1487 5296 1618 5336; x_wconf 92' lang='lat' dir='ltr'>cum</span> <span class='ocrx_word' id='word_1_689' title='bbox 1643 5282 2043 5338; x_wconf 87' lang='lat' dir='ltr'>sacratissima</span> <span class='ocrx_word' id='word_1_690' title='bbox 2063 5283 2182 5338; x_wconf 84' lang='lat' dir='ltr'>ﬁlia</span> <span class='ocrx_word' id='word_1_691' title='bbox 2200 5300 2224 5337; x_wconf 74' lang='grc' dir='ltr'><strong><em>ε</em></strong></span> <span class='ocrx_word' id='word_1_692' title='bbox 2225 5284 2250 5355; x_wconf 91' lang='lat' dir='ltr'>j</span> <span class='ocrx_word' id='word_1_693' title='bbox 2260 5301 2349 5350; x_wconf 92' lang='lat' dir='ltr'>us,</span> <span class='ocrx_word' id='word_1_694' title='bbox 2375 5288 2692 5358; x_wconf 89' lang='lat' dir='ltr'>sanctoque</span> <span class='ocrx_word' id='word_1_695' title='bbox 2711 5284 2949 5358; x_wconf 87' lang='lat' dir='ltr'>Cyriaco</span> <span class='ocrx_word' id='word_1_696' title='bbox 2969 5290 3026 5341; x_wconf 88' lang='lat' dir='ltr'>et</span> <span class='ocrx_word' id='word_1_697' title='bbox 3049 5285 3268 5350; x_wconf 83' lang='lat' dir='ltr'>Mauro,</span> <span class='ocrx_word' id='word_1_698' title='bbox 3291 5285 3480 5358; x_wconf 86' lang='lat' dir='ltr'>Largo</span> <span class='ocrx_word' id='word_1_699' title='bbox 3501 5289 3556 5340; x_wconf 89' lang='lat' dir='ltr'>et</span> <span class='ocrx_word' id='word_1_700' title='bbox 3575 5274 3844 5350; x_wconf 51' lang='lat' dir='ltr'>Smaragdov</span> 
     </span>
    </p>
   </div>
   <div class='ocr_carea' id='block_1_53' title="bbox 658 5372 3844 5454">
    <p class='ocr_par' dir='ltr' id='par_1_53' title="bbox 658 5372 3844 5454">
     <span class='ocr_line' id='line_1_53' title="bbox 658 5372 3844 5454; baseline 0.001 -27"><span class='ocrx_word' id='word_1_701' title='bbox 658 5376 833 5444; x_wconf 87' lang='lat' dir='ltr'>atque</span> <span class='ocrx_word' id='word_1_702' title='bbox 859 5372 1169 5428; x_wconf 88' lang='lat' dir='ltr'>Anastasio</span> <span class='ocrx_word' id='word_1_703' title='bbox 1200 5377 1257 5428; x_wconf 93' lang='lat' dir='ltr'>et</span> <span class='ocrx_word' id='word_1_704' title='bbox 1287 5373 1620 5432; x_wconf 87' lang='lat' dir='ltr'>Innocentio</span> <span class='ocrx_word' id='word_1_705' title='bbox 1652 5378 2046 5449; x_wconf 82' lang='lat' dir='ltr'>pontificibus,</span> <span class='ocrx_word' id='word_1_706' title='bbox 2081 5397 2200 5436; x_wconf 90' lang='lat' dir='ltr'>una</span> <span class='ocrx_word' id='word_1_707' title='bbox 2227 5396 2362 5437; x_wconf 90' lang='lat' dir='ltr'>cum</span> <span class='ocrx_word' id='word_1_708' title='bbox 2395 5385 2598 5436; x_wconf 87' lang='lat' dir='ltr'>sancto</span> <span class='ocrx_word' id='word_1_709' title='bbox 2631 5381 2869 5448; x_wconf 87' lang='lat' dir='ltr'>Quirino</span> <span class='ocrx_word' id='word_1_710' title='bbox 2907 5399 2974 5438; x_wconf 86' lang='lat' dir='ltr'>ac</span> <span class='ocrx_word' id='word_1_711' title='bbox 3005 5383 3194 5439; x_wconf 90' lang='lat' dir='ltr'>Leone</span> <span class='ocrx_word' id='word_1_712' title='bbox 3223 5381 3538 5454; x_wconf 85' lang='lat' dir='ltr'>episcopis,</span> <span class='ocrx_word' id='word_1_713' title='bbox 3566 5378 3755 5453; x_wconf 86' lang='lat' dir='ltr'>pariter</span> <span class='ocrx_word' id='word_1_714' title='bbox 3775 5377 3844 5424; x_wconf 74' lang='lat' dir='ltr'>Ar-</span> 
     </span>
    </p>
   </div>
   <div class='ocr_carea' id='block_1_54' title="bbox 659 5467 3844 5551">
    <p class='ocr_par' dir='ltr' id='par_1_54' title="bbox 659 5467 3844 5551">
     <span class='ocr_line' id='line_1_54' title="bbox 659 5467 3844 5551; baseline 0.002 -27"><span class='ocrx_word' id='word_1_715' title='bbox 659 5467 899 5536; x_wconf 91' lang='lat' dir='ltr'>themio,</span> <span class='ocrx_word' id='word_1_716' title='bbox 934 5468 1244 5535; x_wconf 86' lang='lat' dir='ltr'>Nicandro,</span> <span class='ocrx_word' id='word_1_717' title='bbox 1277 5469 1686 5528; x_wconf 87' lang='lat' dir='ltr'>Crescentiano</span> <span class='ocrx_word' id='word_1_718' title='bbox 1716 5475 2092 5549; x_wconf 82' lang='lat' dir='ltr'>martyribus,</span> <span class='ocrx_word' id='word_1_719' title='bbox 2126 5493 2262 5533; x_wconf 91' lang='lat' dir='ltr'>cum</span> <span class='ocrx_word' id='word_1_720' title='bbox 2294 5477 2512 5550; x_wconf 89' lang='lat' dir='ltr'>quibus</span> <span class='ocrx_word' id='word_1_721' title='bbox 2545 5479 2718 5534; x_wconf 85' lang='lat' dir='ltr'>beata</span> <span class='ocrx_word' id='word_1_722' title='bbox 2748 5477 2948 5534; x_wconf 84' lang='lat' dir='ltr'>Sotere</span> <span class='ocrx_word' id='word_1_723' title='bbox 2976 5482 3152 5551; x_wconf 84' lang='lat' dir='ltr'>atque</span> <span class='ocrx_word' id='word_1_724' title='bbox 3183 5476 3448 5547; x_wconf 90' lang='lat' dir='ltr'>Paulina,</span> <span class='ocrx_word' id='word_1_725' title='bbox 3483 5493 3688 5534; x_wconf 87' lang='lat' dir='ltr'>necnon</span> <span class='ocrx_word' id='word_1_726' title='bbox 3715 5472 3844 5529; x_wconf 77' lang='lat' dir='ltr'>Mem-</span> 
     </span>
    </p>
   </div>
   <div class='ocr_carea' id='block_1_55' title="bbox 663 5563 3841 5648">
    <p class='ocr_par' dir='ltr' id='par_1_55' title="bbox 663 5563 3841 5648">
     <span class='ocr_line' id='line_1_55' title="bbox 663 5563 3841 5648; baseline 0.003 -30"><span class='ocrx_word' id='word_1_727' title='bbox 663 5563 798 5633; x_wconf 85' lang='lat' dir='ltr'>inia,</span> <span class='ocrx_word' id='word_1_728' title='bbox 826 5565 1062 5622; x_wconf 89' lang='lat' dir='ltr'>Juliana</span> <span class='ocrx_word' id='word_1_729' title='bbox 1091 5571 1150 5622; x_wconf 86' lang='lat' dir='ltr'>et</span> <span class='ocrx_word' id='word_1_730' title='bbox 1179 5566 1442 5635; x_wconf 85' lang='lat' dir='ltr'>Quirilla,</span> <span class='ocrx_word' id='word_1_731' title='bbox 1474 5569 1801 5641; x_wconf 87' lang='lat' dir='ltr'>&#39;l‘beopisle,</span> <span class='ocrx_word' id='word_1_732' title='bbox 1853 5573 2070 5644; x_wconf 88' lang='lat' dir='ltr'>Sophia</span> <span class='ocrx_word' id='word_1_733' title='bbox 2117 5574 2443 5648; x_wconf 84' lang='lat' dir='ltr'>virginibus</span> <span class='ocrx_word' id='word_1_734' title='bbox 2475 5580 2650 5648; x_wconf 87' lang='lat' dir='ltr'>atque</span> <span class='ocrx_word' id='word_1_735' title='bbox 2681 5575 3058 5648; x_wconf 85' lang='lat' dir='ltr'>martyribus,</span> <span class='ocrx_word' id='word_1_736' title='bbox 3089 5580 3148 5632; x_wconf 90' lang='lat' dir='ltr'>et</span> <span class='ocrx_word' id='word_1_737' title='bbox 3199 5575 3368 5632; x_wconf 86' lang='lat' dir='ltr'>beata</span> <span class='ocrx_word' id='word_1_738' title='bbox 3412 5574 3670 5642; x_wconf 85' lang='lat' dir='ltr'>Quiriaea</span> <span class='ocrx_word' id='word_1_739' title='bbox 3701 5567 3841 5628; x_wconf 56' lang='lat' dir='ltr'>viduli,</span> 
     </span>
    </p>
   </div>
   <div class='ocr_carea' id='block_1_56' title="bbox 553 5659 3838 5744">
    <p class='ocr_par' dir='ltr' id='par_1_56' title="bbox 553 5659 3838 5744">
     <span class='ocr_line' id='line_1_56' title="bbox 553 5659 3838 5744; baseline 0.001 -30"><span class='ocrx_word' id='word_1_740' title='bbox 553 5661 620 5715; x_wconf 88' lang='grc'>15</span> <span class='ocrx_word' id='word_1_741' title='bbox 656 5677 790 5715; x_wconf 90' lang='lat' dir='ltr'>cum</span> <span class='ocrx_word' id='word_1_742' title='bbox 822 5661 952 5718; x_wconf 85' lang='lat' dir='ltr'>aliis</span> <span class='ocrx_word' id='word_1_743' title='bbox 974 5661 1177 5718; x_wconf 82' lang='lat' dir='ltr'>multis</span> <span class='ocrx_word' id='word_1_744' title='bbox 1200 5679 1447 5736; x_wconf 89' lang='lat' dir='ltr'>quorum</span> <span class='ocrx_word' id='word_1_745' title='bbox 1479 5664 1715 5721; x_wconf 89' lang='lat' dir='ltr'>nomina</span> <span class='ocrx_word' id='word_1_746' title='bbox 1747 5665 1862 5723; x_wconf 85' lang='lat' dir='ltr'>Deo</span> <span class='ocrx_word' id='word_1_747' title='bbox 1893 5669 1998 5724; x_wconf 92' lang='lat' dir='ltr'>soli</span> <span class='ocrx_word' id='word_1_748' title='bbox 2035 5675 2174 5725; x_wconf 86' lang='lat' dir='ltr'>sunt</span> <span class='ocrx_word' id='word_1_749' title='bbox 2199 5671 2452 5744; x_wconf 84' lang='lat' dir='ltr'>cognita,</span> <span class='ocrx_word' id='word_1_750' title='bbox 2476 5675 2757 5744; x_wconf 84' lang='lat' dir='ltr'>utrosque</span> <span class='ocrx_word' id='word_1_751' title='bbox 2781 5673 2892 5728; x_wconf 90' lang='lat' dir='ltr'>sub</span> <span class='ocrx_word' id='word_1_752' title='bbox 2917 5688 3082 5728; x_wconf 90' lang='lat' dir='ltr'>sacro</span> <span class='ocrx_word' id='word_1_753' title='bbox 3106 5671 3275 5728; x_wconf 89' lang='lat' dir='ltr'>altari</span> <span class='ocrx_word' id='word_1_754' title='bbox 3295 5669 3572 5728; x_wconf 87' lang='lat' dir='ltr'>dedicans</span> <span class='ocrx_word' id='word_1_755' title='bbox 3593 5659 3838 5724; x_wconf 67' lang='lat' dir='ltr'>collocant</span> 
     </span>
    </p>
   </div>
   <div class='ocr_carea' id='block_1_57' title="bbox 728 5755 3841 5840">
    <p class='ocr_par' dir='ltr' id='par_1_57' title="bbox 728 5755 3841 5840">
     <span class='ocr_line' id='line_1_57' title="bbox 728 5755 3841 5840; baseline 0.001 -26"><span class='ocrx_word' id='word_1_756' title='bbox 728 5759 881 5816; x_wconf 72' lang='lat'><strong>492</strong></span> <span class='ocrx_word' id='word_1_757' title='bbox 915 5760 1014 5815; x_wconf 87' lang='lat' dir='ltr'>His</span> <span class='ocrx_word' id='word_1_758' title='bbox 1043 5760 1224 5832; x_wconf 87' lang='lat' dir='ltr'>igitur</span> <span class='ocrx_word' id='word_1_759' title='bbox 1253 5761 1562 5836; x_wconf 80' lang='lat' dir='ltr'>magniﬁce</span> <span class='ocrx_word' id='word_1_760' title='bbox 1609 5765 1876 5836; x_wconf 85' lang='lat' dir='ltr'>peractis,</span> <span class='ocrx_word' id='word_1_761' title='bbox 1927 5768 2182 5838; x_wconf 87' lang='lat' dir='ltr'>gratanti</span> <span class='ocrx_word' id='word_1_762' title='bbox 2229 5768 2427 5823; x_wconf 89' lang='lat' dir='ltr'>animo</span> <span class='ocrx_word' id='word_1_763' title='bbox 2476 5773 2787 5840; x_wconf 82' lang='lat' dir='ltr'>menteque</span> <span class='ocrx_word' id='word_1_764' title='bbox 2839 5767 3086 5826; x_wconf 83' lang='lat' dir='ltr'>sollicita</span> <span class='ocrx_word' id='word_1_765' title='bbox 3117 5768 3323 5826; x_wconf 89' lang='lat' dir='ltr'>obtulit</span> <span class='ocrx_word' id='word_1_766' title='bbox 3347 5767 3409 5824; x_wconf 90' lang='lat' dir='ltr'>in</span> <span class='ocrx_word' id='word_1_767' title='bbox 3441 5767 3634 5824; x_wconf 86' lang='lat' dir='ltr'>eadem</span> <span class='ocrx_word' id='word_1_768' title='bbox 3661 5755 3841 5818; x_wconf 59' lang='lat' dir='ltr'>ecclesh</span> 
     </span>
    </p>
   </div>
   <div class='ocr_carea' id='block_1_58' title="bbox 656 5851 3840 5942">
    <p class='ocr_par' dir='ltr' id='par_1_58' title="bbox 656 5851 3840 5942">
     <span class='ocr_line' id='line_1_58' title="bbox 656 5851 3840 5942; baseline 0.002 -33"><span class='ocrx_word' id='word_1_769' title='bbox 656 5855 988 5926; x_wconf 88' lang='lat' dir='ltr'>perenniter</span> <span class='ocrx_word' id='word_1_770' title='bbox 1016 5855 1136 5911; x_wconf 78' lang='lat' dir='ltr'>haec</span> <span class='ocrx_word' id='word_1_771' title='bbox 1167 5861 1592 5930; x_wconf 89' lang='lat' dir='ltr'>permanenda:</span> <span class='ocrx_word' id='word_1_772' title='bbox 1630 5862 1894 5934; x_wconf 80' lang='lat' dir='ltr'>Regnum</span> <span class='ocrx_word' id='word_1_773' title='bbox 1927 5880 2169 5918; x_wconf 88' lang='lat' dir='ltr'>aureum</span> <span class='ocrx_word' id='word_1_774' title='bbox 2200 5863 2364 5920; x_wconf 85' lang='lat' dir='ltr'>valde</span> <span class='ocrx_word' id='word_1_775' title='bbox 2393 5863 2890 5934; x_wconf 88' lang='lat' dir='ltr'>pretiosissimum</span> <span class='ocrx_word' id='word_1_776' title='bbox 2920 5883 3058 5926; x_wconf 90' lang='lat' dir='ltr'>cum</span> <span class='ocrx_word' id='word_1_777' title='bbox 3087 5866 3334 5942; x_wconf 86' lang='lat' dir='ltr'>gemmis</span> <span class='ocrx_word' id='word_1_778' title='bbox 3364 5861 3633 5939; x_wconf 88' lang='lat' dir='ltr'>prasinis,</span> <span class='ocrx_word' id='word_1_779' title='bbox 3662 5851 3840 5930; x_wconf 70' lang='lat' dir='ltr'>hyacin-</span> 
     </span>
    </p>
   </div>
   <div class='ocr_carea' id='block_1_59' title="bbox 1692 5975 2728 6024">
    <p class='ocr_par' dir='ltr' id='par_1_59' title="bbox 1692 5975 2728 6024">
     <span class='ocr_line' id='line_1_59' title="bbox 1692 5975 2728 6024; baseline 0.001 -2"><span class='ocrx_word' id='word_1_780' title='bbox 1692 5976 1944 6024; x_wconf 65' lang='lat' dir='ltr'>NOTUIJE</span> <span class='ocrx_word' id='word_1_781' title='bbox 1985 5975 2366 6022; x_wconf 67' lang='lat' dir='ltr'>KARGINALES</span> <span class='ocrx_word' id='word_1_782' title='bbox 2409 5977 2728 6024; x_wconf 78' lang='lat' dir='ltr'>FABROTTI.</span> 
     </span>
    </p>
   </div>
   <div class='ocr_carea' id='block_1_60' title="bbox 587 6047 1839 6122">
    <p class='ocr_par' dir='ltr' id='par_1_60' title="bbox 587 6047 1839 6122">
     <span class='ocr_line' id='line_1_60' title="bbox 587 6047 1839 6122; baseline 0.011 -22"><span class='ocrx_word' id='word_1_783' title='bbox 587 6047 663 6118; x_wconf 79' lang='grc' dir='ltr'>(α)</span> <span class='ocrx_word' id='word_1_784' title='bbox 692 6049 918 6108; x_wconf 72' lang='lat' dir='ltr'>Plotina</span> <span class='ocrx_word' id='word_1_785' title='bbox 947 6052 1008 6108; x_wconf 80' lang='lat' dir='ltr'>in</span> <span class='ocrx_word' id='word_1_786' title='bbox 1035 6051 1244 6122; x_wconf 79' lang='lat' dir='ltr'>Sergio.</span> <span class='ocrx_word' id='word_1_787' title='bbox 1272 6057 1366 6108; x_wconf 73' lang='grc' dir='ltr'>(ω</span> <span class='ocrx_word' id='word_1_788' title='bbox 1384 6057 1542 6115; x_wconf 56' lang='lat' dir='ltr'>Fari}:</span> <span class='ocrx_word' id='word_1_789' title='bbox 1568 6055 1839 6120; x_wconf 63' lang='lat' dir='ltr'>Gargani.</span> 
     </span>
    </p>
   </div>
  </div>
