4058 6162
356 183 513 247 1305
1154 184 1518 247 HISTORIA
1558 185 1661 247 DE
1703 186 1907 249 VITIS
1952 184 2145 248 ROM.
2187 186 2520 249 PONT.—
2545 187 2611 248 S.
2656 187 2807 249 LEO
2849 185 2951 249 IV.
3598 186 3756 255 1306

496 317 614 371 test
633 313 797 387 (a)sic
810 331 997 387 neque
1012 314 1191 387 hujus
1205 332 1404 372 rumor
1416 317 1775 373 sanctissimi
1794 318 1897 373 viri
1914 317 2015 372 diu
2032 317 2297 373 occultus
2310 316 2556 374 existere
2572 316 3284 390 potuit.Famaillius,sive
3297 316 3626 375 sanctitatis
3639 317 3756 391 opi-

388 413 463 471 45
500 411 615 478 nio,
649 411 763 468 huc
795 411 933 468 illuc
962 415 1089 468 luce
1109 412 1323 469 clarius
1336 413 1633 487 divulgata
1654 418 1763 484 est,
1788 419 1963 487 atque
1987 414 2304 471 multorum
2328 414 2603 470 relatione
2632 415 2889 471 ﬁdelium
2916 416 2987 471 ad
3012 433 3183 472 aures
3203 415 3554 488 pontiﬁcalis
3576 432 3756 488 quon-

498 511 633 565 dam
656 508 977 566 beatissimi
999 510 1185 567 Patris
1208 516 1263 566 et
1284 528 1444 584 papae
1465 511 1724 584 Gregorii
1748 529 1881 568 mox
1906 512 2114 568 festino
2138 512 2322 568 relatu
2345 511 2615 579 occurrit,
2651 512 2742 567 cui
2775 529 2910 568 cum
2930 517 3103 568 tanta:
3128 512 3335 569 fuisset
3355 512 3644 569 castitatis
3666 512 3752 567 di-

499 624 743 680 gnasque
764 608 1222 665 conversationis
1249 609 1653 681 magisterium
1676 614 2033 677 enarratum,
2056 609 2209 667 illico
2231 628 2364 667 eum
2388 627 2455 665 ex
2479 608 2829 665 menasterio
2852 627 2965 681 quo
2988 609 3080 682 pie
3102 611 3346 683 degebat
3366 609 3755 681 exirejubens

499 705 572 761 ad
605 708 817 762 sanctae
840 706 1045 764 matris
1066 705 1333 763 Ecclesiae
1356 708 1646 780 gremium
1673 709 1961 781 perduxit,
1986 713 2158 781 atque
2180 713 2246 765 ut
2268 709 2325 764 in
2351 725 2456 765 suo
2483 724 2714 780 semper
2744 708 2977 763 servitio
3004 707 3346 791 familariter
3368 711 3753 781 permaneret,

496 803 558 858 in
590 804 965 860 Lateranensi
996 804 1350 877 patriarchio
1381 822 1509 862 esse
1541 806 1832 879 praecepit.

567 901 1198 959 495-Subdiaconum
1244 919 1475 975 quoque
1522 904 1594 959 ob
1636 921 1754 959 suae
1805 904 2022 959 famam
2071 902 2198 959 vitae
2257 902 2569 959 laudabilis
2619 903 2770 959 fecit.
2825 902 2930 969 Qui
2978 906 3197 958 tamem
3246 902 3512 975 quamvis
3561 901 3755 958 locum

504 1002 777 1068 mutaret,
800 999 890 1055 vel
912 1001 1197 1069 ordinem,
1230 1004 1427 1057 tamen
1450 999 1628 1056 vitam
1652 1018 1958 1073 moresque
1980 1018 2117 1056 suos
2142 1000 2273 1073 plus
2297 1018 2473 1073 quam
2498 1001 2660 1073 prius
2680 1000 2741 1055 in
2764 1001 2982 1056 summi
3009 999 3296 1056 Creatoris
3318 1000 3503 1055 nostri
3525 1000 3756 1055 servitio

410 1143 425 1147 ,-
503 1096 849 1169 regulariter
874 1098 1534 1171 constrinxit,bonisque
1556 1097 1966 1170 multiplicavit
1986 1099 2565 1171 operibus.Defuncto
2582 1102 2778 1155 autem
2795 1098 2974 1169 hujus
2994 1097 3406 1155 sacratissimm
3430 1097 3586 1154 sedis
3608 1113 3760 1169 papa

496 1194 952 1268 Gregorio,.tunc
975 1196 1212 1269 Sergius
1234 1195 1700 1269 archipresbyter
1719 1199 1931 1253 sanctae
1956 1197 2227 1254 Romanae
2246 1196 2511 1254 Ecclesiae
2535 1197 2747 1269 praesul
2770 1197 3034 1262 etl'ectus,
3056 1196 3233 1264 hunc,
3259 1197 3329 1251 de
3351 1212 3466 1268 quo
3489 1195 3759 1268 superius

421 1293 462 1348 5
499 1292 781 1348 nonnulla
811 1293 1143 1361 retulimus,
1178 1294 1428 1350 Leonem
1457 1293 1724 1349 videlicet
1765 1294 2171 1350 beatissimum
2204 1311 2435 1367 papam,
2472 1295 2876 1368 presbyterum
2909 1293 3287 1360 consecravit,
3319 1291 3488 1365 eique
3520 1292 3758 1349 titulum

505 1393 839 1446 sanctorum
871 1395 1124 1464 quatuor
1143 1391 1825 1465 Coronatorumlargitus
1847 1396 1953 1448 est.
1977 1396 2042 1449 In
2070 1404 2183 1465 q‘uo
2215 1393 2355 1448 dum
2386 1391 2555 1449 bonis
2587 1392 2831 1465 polleret
2854 1391 3343 1463 moribus,ibique
3357 1390 3761 1463 indigentibus

482 1489 829 1569 necessaria
857 1488 1235 1558 ministraret,
1269 1490 1606 1562 peregrinos
1628 1507 1701 1555 ac
1716 1506 2025 1563 pauperes.
2050 1489 2363 1563 minusque
2395 1490 2675 1547 habentes
2704 1508 2820 1547 non
2852 1490 3043 1547 solum
3074 1490 3268 1559 verbo,
3292 1488 3411 1546 imo
3433 1488 3610 1544 etiam
3631 1505 3758 1547 cor-

498 1585 800 1658 poralibus
830 1586 1125 1643 alimoniis
1154 1587 1454 1658 refoveret,
1488 1587 1536 1642 is
1568 1587 1667 1660 qui
1712 1591 1851 1643 tunc
1899 1593 2143 1661 praeerat
2172 1587 2412 1659 Sergius
2442 1588 2715 1645 Romanae
2748 1588 2904 1645 sedis
2952 1587 3196 1644 antistes
3228 1604 3298 1642 ex
3325 1586 3599 1660 presenti
3632 1587 3751 1643 vita

497 1683 835 1741 subtractus
862 1689 973 1754 est,
1005 1685 1115 1760 sub
1143 1686 1313 1757 cujus
1334 1685 1508 1742 etiam
1539 1690 1800 1758 tempore
1825 1686 2078 1743 ecclesiae
2110 1686 2583 1743 beatissimorum
2607 1686 2939 1761 principum
2969 1684 3122 1742 Petri
3141 1690 3198 1742 et
3219 1683 3381 1741 Pauli
3398 1684 3755 1743 aSaraceuis

388 1779 463 1837 40
486 1781 769 1838 ’Ῑυῐιάἰῐυε
800 1783 1140 1856 deprzedatze
1173 1787 1332 1839 sunt.

570 1881 724 1938 490
763 1881 910 1957 Quia
933 1881 1113 1955 igitur
1144 1880 1473 1938 calamitate
1502 1882 1621 1939 sive
1651 1883 1888 1939 miseria
1919 1884 2111 1940 omnis
2142 1884 2535 1939 Romanorum
2555 1883 2717 1956 vigor
2736 1882 3015 1956 elanguit,
3041 1887 3213 1955 atque
3234 1870 3519 1939 contritus
3539 1883 3630 1937 est
3649 1878 3758 1936 hoc

500 1978 674 2047 facto,
707 1978 980 2035 universa
1008 1979 1207 2035 concio
1241 1980 1639 2036 Romanorum
1669 1998 1737 2037 ex
1766 1982 1996 2038 duobus
2018 1983 2253 2039 casibus
2282 1982 2371 2038 vel
2388 1981 2684 2054 periculis,
2708 1980 2976 2037 videlicet
3005 1981 3076 2037 de
3096 1980 3401 2054 repentina
3419 1982 3605 2036 morte
3621 1994 3763 2051 pon-

502 2076 697 2145 tiﬁcis,
736 2082 794 2133 et
826 2077 1219 2153 devastatione
1249 2095 1375 2151 quae
1410 2080 1561 2135 facta
1591 2080 1779 2136 fuerat
1810 2080 1867 2135 in
1898 2081 2158 2137 ecclesiis
2188 2080 2428 2149 sanctis,
2455 2060 2918 2152 cunctorumque
2947 2079 3167 2137 ﬁnibus
3197 2079 3593 2136 Romanorum
3626 2077 3760 2135 fate-

501 2174 677 2230 batur
704 2191 766 2232 se
795 2175 1133 2247 nullatenus
1165 2176 1405 2232 evadere
1428 2176 1634 2232 mortis
1664 2176 1990 2249 periculum
2036 2196 2227 2251 posse.
2276 2178 2539 2251 Cumque
2579 2179 2703 2251 pari
2735 2177 3036 2235 devotione
3070 2176 3486 2248 communique
3515 2172 3759 2242 consilio

429 2273 466 2328 5
502 2271 756 2329 universi
782 2273 1026 2329 Romani
1052 2289 1321 2346 proceres
1353 2274 1424 2330 de
1456 2274 1651 2331 futuro
1672 2275 1994 2352 cogitarent
2013 2276 2309 2348 pontiﬁce,
2335 2276 2547 2347 utquis
2560 2280 2715 2332 esset
2736 2275 2835 2347 qui
2850 2280 2971 2330 tam
2993 2279 3264 2341 sanctum
3286 2277 3341 2329 et
3367 2270 3761 2329 inviolabilem

503 2370 695 2427 locum
727 2388 861 2428 cum
894 2371 1310 2444 omnipotentis
1330 2371 1430 2428 Dei
1462 2371 1669 2428 timore
1698 2389 1895 2446 regere
1924 2373 2015 2430 vel
2055 2374 2382 2446 gubernare
2411 2373 2720 2447 potuisset,
2756 2372 3066 2429 confestim
3084 2372 3241 2429 fama
3267 2369 3592 2431 beatissimi
3612 2386 3763 2442 prai-

504 2469 671 2536 sulis,
705 2469 883 2525 simul
915 2474 971 2526 et
1000 2469 1299 2538 meritum,
1334 2470 1405 2525 ab
1438 2469 1711 2527 omnibus
1742 2471 2032 2544 patefacta
2063 2476 2169 2539 est,
2202 2475 2504 2546 totamque
2534 2489 2638 2544 per
2669 2471 2873 2529 urbem
2892 2471 3142 2527 diffusa:
3175 2470 3391 2526 nedum
3413 2468 3570 2526 enim
3593 2467 3644 2524 is
3661 2466 3762 2540 qui

504 2567 725 2624 obierat
754 2567 1010 2640 pontifex
1039 2568 1110 2623 ad
1143 2566 1508 2640 sepulturam
1542 2567 1797 2624 debitam
1830 2569 2019 2624 fuerat
2048 2570 2409 2643 deportatus.

574 2667 720 2722 497
766 2667 836 2721 Et
864 2683 994 2722 ecce
1019 2683 1222 2722 omnes
1253 2683 1287 2721 a
1317 2664 1634 2722 novissimo
1668 2683 1852 2739 usque
1900 2667 1972 2725 ad
2012 2666 2271 2740 primum
2322 2685 2440 2723 una
2467 2683 2624 2735 voce,
2660 2684 2779 2723 una
2827 2665 3122 2740 simulque
3170 2663 3482 2723 concordia
3510 2663 3762 2719 Leonem

503 2764 891 2820 venerabilem
927 2765 1330 2837 presbyterum
1361 2762 1474 2819 sibi
1503 2764 1768 2821 futurum
1792 2765 2125 2836 pontificem
2149 2764 2514 2838 ﬂagitabant.
2541 2767 2610 2821 Et
2634 2765 2788 2838 quod
2812 2764 3043 2821 nullum
3065 2781 3242 2838 super
3262 2763 3529 2821 sealium
3552 2760 3763 2817 habere

505 2861 715 2917 vellent
744 2861 1072 2935 praesulem,
1107 2860 1218 2917 nisi
1254 2861 1412 2917 hunc
1444 2861 1514 2918 de
1543 2878 1657 2934 quo
1689 2862 1889 2918 crebro
1921 2863 2144 2918 dictum
2177 2868 2283 2929 cst,
2314 2863 2481 2919 multi
2507 2862 3012 2937 conjurationibus
3043 2880 3108 2918 ac
3133 2862 3374 2920 vocibus
3403 2859 3759 2921 fatebantur.

506 2961 764 3025 Quorum
795 2959 1206 3029 incunctanter
1234 2958 1499 3015 omnium
1532 2959 1827 3017 credimus
1859 2962 2035 3016 corda
2064 2962 2134 3016 ad
2168 2960 2324 3016 hunc
2356 2962 2742 3042 expetendum
2776 2978 2892 3018 non
2913 2961 3096 3033 aliud,
3113 2959 3225 3016 nisi
3259 2976 3424 3016 umor
3446 2957 3766 3026 divinus,et

435 3058 471 3113 5
507 3056 712 3112 divinae
738 3057 969 3130 virtutis
1001 3056 1387 3123 inflammavit
1414 3061 1471 3112 et
1501 3057 1684 3113 univit
1715 3057 2043 3115 clementia.
2076 3060 2239 3114 Tunc
2266 3076 2488 3127 omnes,
2523 3063 2589 3116 ut
2627 3060 2899 3131 superius
2939 3060 3285 3116 adnotatum
3315 3060 3423 3126 est,
3457 3057 3763 3130 pergentes

508 3172 641 3211 cum
663 3156 878 3230 gaudio
901 3155 1215 3229 multaeque
1235 3155 1742 3212 aviditatislaetitia
1762 3158 1833 3212 ad
1854 3156 2185 3223 ecclesiam,
2211 3157 2268 3213 in
2291 3174 2410 3230 qua
2431 3159 2695 3232 degebat,
2723 3158 3026 3215 beatorum
3048 3162 3300 3230 quatuor
3319 3156 3761 3225 Coronatorum,

508 3269 641 3308 eum
674 3258 939 3327 coactum
972 3254 1337 3326 invitumque
1368 3252 1573 3315 exinde
1602 3254 2006 3311 abstrahentes
2055 3273 2189 3311 cum
2232 3255 2466 3329 hymnis
2516 3255 2905 3330 laudibusque
2944 3255 3242 3333 precipius
3273 3255 3344 3313 ad
3378 3255 3766 3323 Lateranense

507 3351 930 3425 patriarchium
962 3352 1389 3424 perduxerunt:
1425 3350 1527 3422 qui
1559 3368 1779 3408 morem
1811 3358 2220 3411 conservantes
2249 3353 2580 3426 antiquum,
2624 3371 2827 3411 omnes
2859 3352 3105 3411 osculati
3137 3357 3278 3410 sunt
3306 3352 3505 3426 pedes.
3538 3350 3767 3416 Quanta

507 3452 702 3505 autem
731 3447 790 3523 in
825 3449 952 3525 ejus
983 3446 1301 3520 pontiﬁcali
1332 3447 1612 3504 electione
1642 3449 1951 3505 concordia
1969 3449 2057 3505 vel
2090 3450 2449 3506 unanimitas
2470 3450 2663 3518 fuerit,
2687 3451 2887 3507 nullus
2909 3451 3158 3507 breviter
3177 3446 3766 3507 enarrarehominum

403 3546 471 3601 10
509 3549 718 3619 potest.
752 3546 897 3612 Quid
932 3550 1127 3615 autem
1151 3544 1454 3601 electionis
1485 3563 1602 3601 suae
1635 3551 1894 3618 tempore
1925 3546 2322 3619 apostolorum
2373 3548 2689 3622 suffragiis,
2724 3552 2966 3621 suisque
2996 3548 3214 3604 sanctis
3246 3542 3768 3605 intervenientibus

507 3642 778 3715 precibus
808 3641 1212 3699 deSaracenis
1242 3641 1381 3713 illis,
1414 3642 1513 3715 qui
1538 3647 1657 3698 tam
1689 3643 1975 3699 nefarium
1997 3644 2188 3701 scelus
2214 3644 2653 3715 commiserunt,
2678 3646 2874 3707 divina
2902 3645 3087 3702 virtus
3111 3642 3552 3720 peregerit,_hoc
3574 3641 3770 3697 incon-

504 3739 742 3797 veniens
773 3744 876 3797 aut
905 3740 1359 3819 reprehensibile
1391 3758 1506 3797 non
1538 3744 1627 3797 est
1656 3740 1776 3797 sive
1805 3743 1877 3797 ob
1910 3743 2241 3799 futurorum
2274 3743 2394 3799 sive
2419 3744 2689 3801 timorem
2721 3745 2841 3805 sive
2869 3743 3235 3812 memoriam,
3271 3740 3642 3815 presentibus
3668 3736 3769 3792 lit-

504 3837 644 3895 teris
676 3828 970 3894 adnotare.
1004 3838 1220 3895 Omnes
1242 3837 1551 3904 enimcum
1573 3837 1803 3906 vellent,
1830 3838 2160 3911 iniquitatis
2178 3858 2246 3896 ac
2268 3841 2715 3915 depraedationis
2737 3842 2953 3900 scelere
2972 3844 3321 3914 perpetrato,
3345 3839 3417 3894 ad
3438 3835 3766 3899 Africanam

505 3954 621 4010 qua
649 3939 925 4011 venerant
955 3935 1249 4009 regionem
1281 3939 1565 4002 revertere
1586 3936 1860 4009 (b),v_asto
1883 3936 2063 3993 maris
2086 3937 2289 4011 pelago
2306 3939 2361 3993 vi
2387 3945 2690 3994 ventorum
2714 3939 3239 4012 procellarumque,
3266 3936 3417 3993 sicut
3441 3938 3599 3991 certa
3619 3930 3765 3989 rela-

400 4028 471 4084 15
506 4026 664 4083 tione
696 4024 1094 4099 cognovimus,
1128 4030 1241 4092 Deo
1275 4024 1667 4099 permittente,
1702 4025 1955 4082 demersi
1995 4030 2135 4083 sunt
2163 4029 2593 4102 antiquumque
2634 4028 2778 4084 illud
2822 4027 3224 4102 Egyptiorum
3254 4022 3606 4085 miraculum
3637 4036 3768 4077 ecce

505 4123 727 4181 noviter
756 4121 1152 4197 apostolorum
1184 4123 1400 4180 meruit
1445 4122 1631 4179 oratio
1661 4122 1941 4180 obtinere.
1989 4125 2237 4183 Romani
2283 4143 2535 4199 quoque,
2586 4131 2654 4183 ut
2684 4126 2960 4195 diximus,
2996 4125 3127 4182 novi
3166 4124 3445 4182 electione
3474 4118 3767 4195 pontiﬁcis

508 4222 963 4296 congaudentes,
999 4225 1299 4293 coeperunt
1336 4221 1548 4277 iterum
1599 4238 1715 4277 non
1754 4221 2129 4279 mediocriter
2175 4223 2531 4289 constritari,
2565 4240 2631 4280 eo
2663 4225 2818 4297 quod
2850 4225 2975 4281 sine
3006 4221 3297 4295 imperiali
3327 4237 3443 4276 non
3474 4218 3768 4275 audebant

508 4310 858 4367 auctoritate
888 4311 1151 4366 futurum
1204 4325 1543 4365 consecrare
1590 4308 1948 4381 pontiﬁcem,
1982 4310 2426 4384 periculumque
2464 4316 2734 4370 Romanae
2785 4312 2947 4368 urbis
2997 4311 3248 4368 maxime
3297 4309 3655 4374 metuebant,
3693 4321 3767 4360 ne

490 4409 720 4466 iterum
752 4411 817 4463 ut
843 4406 984 4463 olim
1017 4406 1148 4463 aliis
1177 4407 1250 4463 ab
1278 4405 1549 4462 hostibus
1578 4407 1787 4464 fuisset
1825 4407 2083 4464 obsessa.
2119 4408 2236 4477 Hoc
2266 4409 2476 4466 timore
2507 4414 2564 4466 ot
2596 4411 2791 4467 futuro
2822 4427 2962 4466 casu
2991 4406 3300 4483 perterriti,
3324 4422 3459 4461 eum
3491 4403 3615 4460 sine
3638 4420 3765 4475 per-

395 4507 472 4561 20
490 4498 696 4560 ~missu
723 4504 1005 4578 principis
1030 4504 1337 4576 preasulem
1360 4511 1862 4572 consecraverunt,
1894 4507 2069 4562 ﬁdem
2103 4524 2335 4580 quoque
2367 4507 2525 4565 illius
2557 4508 2675 4565 sive
2705 4508 2984 4564 honorem
3017 4510 3147 4580 post
3170 4507 3348 4561 Deum
3369 4520 3472 4579 per
3495 4500 3693 4559 omnia
3709 4504 3767 4558 et

492 4602 568 4658 in
600 4602 877 4659 omnibus
908 4606 1339 4658 conservantes.

576 4701 731 4757 408
772 4700 905 4756 Jam
935 4698 1073 4772 quia
1098 4699 1395 4756 humanus
1426 4700 1757 4757 existimare
1787 4720 1903 4759 non
1936 4702 2153 4759 sufﬁcit
2185 4703 2420 4772 arbiter,
2457 4722 2560 4760 nec
2582 4722 2645 4760 os
2680 4705 2893 4763 referre
2919 4702 3210 4777 praevalet,
3237 4698 3468 4777 quantae
3488 4697 3768 4757 bonitatis

505 4815 573 4855 ac
605 4798 840 4872 pietatis
869 4797 963 4853 hic
994 4797 1373 4855 beatissimus
1394 4798 1645 4878 existitit
1660 4801 1934 4877 pontifex,
1955 4803 2265 4871 redeamus
2288 4804 2359 4860 ad
2383 4822 2451 4860 ea
2473 4821 2589 4878 qua
2610 4805 2792 4861 fretus
2813 4802 2912 4860 Dei
2935 4821 3131 4875 amore
3148 4805 3485 4860 sanctorum
3507 4797 3766 4856 ecclesiis

506 4895 738 4965 obtulit,
767 4899 825 4952 et
853 4913 888 4951 a
915 4894 1105 4967 primo
1127 4896 1503 4968 pontiﬁcatus
1522 4897 1615 4952 sui
1633 4876 1865 4955 exordio
1887 4917 2248 4957 enarremus.
2286 4901 2389 4959 Hic
2408 4919 2540 4958 vero
2564 4902 2814 4975 insignis
2834 4907 2892 4958 et
2913 4902 3226 4976 praeclarus
3249 4896 3493 4961 antistes
3513 4913 3765 4971 superno

504 5008 703 5048 amore
722 4992 1104 5049 exardescens
1124 4991 1333 5048 obtulit
1349 4992 1408 5047 in
1423 4992 1667 5049 basilica
1688 4994 1840 5071 beati
1865 4982 2011 5071 Petri
2034 4998 2279 5072 apostoli
2302 5016 2577 5055 coronam
2599 5017 2667 5056 ex
2687 5000 2926 5073 argento
2948 4998 3267 5072 purissimo
3290 5014 3490 5065 unam,
3515 5011 3765 5069 pensan-

412 5090 622 5145 '5‘tem
653 5088 835 5146 libras
866 5089 1066 5163 viginti
1084 5092 1141 5144 et
1170 5093 1451 5161 quatuor;
1475 5090 1761 5169 gabatbas
1784 5092 2150 5151 interrasiles
2172 5097 2341 5165 duas,
2368 5113 2613 5169 pensan,
2645 5095 2826 5157 libras
2849 5097 2996 5153 duas
3021 5114 3034 5165 ;
3060 5095 3187 5153 vela
3216 5093 3623 5169 septem.,.duo
3644 5089 3767 5162 qui-

500 5188 637 5243 dem
671 5187 742 5243 de
766 5188 1035 5256 fundato,
1068 5190 1124 5243 et
1149 5186 1265 5243 alia
1301 5188 1417 5243 duo
1471 5188 1541 5244 de
1590 5190 1864 5260 stauraci,
1919 5196 1976 5247 et
2010 5194 2136 5249 tria
2184 5195 2255 5249 de
2285 5195 2577 5266 spanisco.
2619 5194 2839 5257 Obtulit
2869 5212 3003 5251 vero
3033 5194 3251 5251 ibidem
3283 5192 3355 5249 ad
3395 5189 3763 5264 splendorem

502 5289 561 5340 et
590 5284 1055 5358 gloriam-ipsius
1084 5285 1421 5341 venerandae
1454 5285 1704 5342 basilicae
1733 5288 2021 5345 cortinam
2053 5290 2500 5348 Alexandrinam
2535 5293 2696 5353 mirze
2731 5292 3187 5366 pulchritudinis
3226 5306 3427 5355 unam,
3452 5287 3762 5341 habentem

504 5372 816 5430 historiam
837 5390 1129 5446 pavonum
1152 5374 1511 5448 portantium
1533 5376 1784 5448 desuper
1808 5377 2097 5446 homines,
2123 5385 2180 5436 et
2196 5379 2369 5435 aliam
2393 5381 2699 5437 historiam
2723 5382 3053 5455 aquilarum
3081 5386 3475 5450 rotarumque,
3491 5378 3548 5430 et
3568 5374 3763 5431 avium

502 5487 638 5527 cum
657 5471 984 5528 arboribus.
1006 5472 1134 5545 Ipse
1152 5489 1287 5529 vero
1305 5473 1574 5547 egregius
1597 5479 1654 5531 et
1680 5476 2179 5554 prudentissimus
2205 5496 2353 5550 papa
2375 5478 2587 5535 obtulit
2608 5479 2666 5535 in
2692 5480 2936 5537 basilica
2961 5483 3297 5536 sanctorum
3321 5476 3574 5546 quatuor
3590 5471 3761 5527 Coro-

394 5567 468 5625 tO
506 5572 802 5637 natorum,
845 5569 905 5624 in
935 5586 1052 5640 qua
1082 5570 1390 5626 sacerdotii
1421 5570 1513 5627 sui
1544 5571 1927 5629 solertissime
1956 5574 2198 5632 functus
2219 5580 2307 5631 est
2334 5576 2614 5645 ofﬁcium,
2643 5576 2900 5633 canistra
2920 5577 2989 5631 de
3010 5577 3247 5646 argento
3278 5569 3597 5645 purissimo
3628 5567 3759 5638 tria,

396 5720 399 5723 .
498 5682 725 5739 pensan
756 5665 1004 5723 libras...
1038 5668 1421 5738 Aquamanile
1455 5668 1726 5725 similiter
1746 5671 1817 5726 dc
1840 5676 2078 5744 argento
2114 5673 2507 5729 mundissimo
2542 5691 2648 5746 par
2672 5691 2875 5739 unum,
2902 5670 3179 5727 canthara
3201 5685 3333 5725 cum
3359 5667 3764 5742 thymiamate-

501 5763 610 5831 rio,
642 5763 700 5820 id
730 5772 834 5821 est.
872 5781 1114 5837 pensan.
1146 5764 1441 5822 libras.....
1474 5767 1616 5823 Vela
1648 5768 1719 5824 de
1764 5769 2028 5838 fundato,
2062 5789 2198 5844 quos
2239 5772 2309 5828 ad
2363 5772 2612 5828 nitorem
2663 5770 2849 5843 ipsius
2899 5767 2955 5822 in
3010 5784 3148 5823 arcu
3193 5767 3460 5823 videntur
3504 5763 3760 5849 ecclesiae

473 5928 481 5941 κ
1532 5898 1782 5949 ΝΟΤΗΙιΕ
1823 5903 2211 5951 HABGINALES
2254 5903 2579 5950 FABROTTI.

424 5966 715 6041 (articuli.
746 5984 804 6028 v.
837 5967 1192 6042 (b)\Reverti.
1852 5962 1855 5967 '
