4058 6162
370 267 524 331 1307
1520 272 1673 332 ΑΝΑ
1687 274 1939 335 STASII

2122 275 2497 338 LIUTHECA
2510 277 2638 338 ΡιΙΙ.
3598 287 3724 350 1308

511 403 786 476 pendere,
821 401 1151 458 duodecim.
1185 407 1330 460 Item
1361 403 1487 461 vela
1517 407 1702 463 serica
1733 407 1864 464 alba
1895 408 2134 480 triginta
2165 415 2220 465 et
2251 415 2518 483 quatuor.
2545 410 2700 468 Fecit
2729 429 2862 469 vero
2885 411 2944 468 in
2976 412 3176 470 eadem
3207 413 3460 472 basilica
3484 418 3551 473 ad
3571 419 3729 492 splen-

510 501 710 555 dorem
743 499 892 556 sacri
929 500 1128 556 altaris
1161 508 1377 559 vestem
1409 504 1814 574 holosericam,
1840 507 2153 564 habentem
2185 508 2496 582 periclysin
2531 512 2600 566 de
2623 510 3016 584 chrysoclavo.
3041 512 3111 567 Et
3127 511 3304 568 aliam
3331 519 3540 570 vestem
3563 516 3728 574 albam

409 599 476 652 15
515 615 646 652 'um
681 598 849 666 rosis,
884 598 1195 655 habentem
1228 605 1382 657 rotas
1409 609 1652 674 septem,
1687 611 1743 660 et
1773 605 1830 660 in
1865 606 2054 661 medio
2076 607 2336 662 tabulam
2362 609 2430 664 dc
2453 608 2844 681 chrysoclavo,
2874 627 3010 665 cum
3032 609 3222 683 effigie
3241 610 3491 668 hominis
3513 617 3730 685 gerentis

513 695 572 749 in
605 695 790 768 capite
821 713 1085 768 gemmas
1116 699 1382 771 prasinus
1413 701 1690 773 quinque.
1725 703 1865 758 Item
1896 709 2117 760 vestem
2143 705 2336 760 albam
2369 706 2438 762 de
2469 706 2841 779 chrysoclavo
2865 724 2998 763 cum
3018 708 3160 763 rotis
3181 725 3300 764 sex.
3329 709 3731 770 Fecitautemia

507 795 634 866 jam
665 795 821 850 dicta
849 795 1093 851 basilica
1124 798 1196 852 ad
1227 798 1504 854 honorem
1537 803 1593 854 et
1620 800 1865 872 gloriam
1899 803 2046 858 sacri
2081 803 2281 858 altaris
2306 803 2431 859 vela
2459 803 2734 861 habentia
2769 822 2970 862 cruces
3001 810 3058 860 et
3079 806 3444 880 gammadias
3474 808 3540 862 de
3560 808 3750 880 clavem,

515 892 673 948 clavo
699 897 756 948 et
777 895 1026 967 gemmis
1044 913 1108 950 ac
1128 895 1304 952 bullis
1323 897 1516 953 aureis
1547 899 1633 954 33.
1649 899 1854 956 Velum
1870 901 2164 973 aculptile,
2189 903 2411 959 habens
2434 902 2692 960 hominis
2713 903 2966 976 effigiem
2991 903 3247 960 sedentis
3271 921 3446 976 super
3485 922 3728 978 pavonem

517 1008 723 1046 unum.
761 993 904 1047 Item
933 993 1076 1062 vela,
1111 994 1386 1050 habentia
1417 996 1721 1053 historiam
1753 1003 1966 1054 saneta:
1997 1000 2098 1056 Dei
2149 1000 2644 1074 Genitricis,:tria.
2675 1004 2820 1058 Item
2851 1001 2999 1058 velia
3039 1002 3282 1058 fundata
3305 1005 3729 1074 quatuordecim,

410 1089 480 1142 20
519 1093 573 1143 et
605 1089 718 1144 alia
749 1107 882 1144 cum
911 1097 1070 1147 veste
1101 1093 1170 1148 de
1202 1093 1450 1149 blatthin
1483 1095 1616 1150 duo.

589 1190 742 1244 499
785 1189 910 1260 Ipse
940 1189 1174 1262 quidem
1209 1191 1456 1249 eximius
1486 1197 1541 1248 et
1561 1193 1938 1250 beatissimus
1959 1213 2108 1268 papa
2129 1195 2264 1252 fecit
2293 1196 2351 1252 in
2383 1197 2626 1254 basilica
2655 1203 2870 1256 sanctae
2903 1198 2998 1254 Dei
3031 1197 3361 1266 Genitricis,
3387 1215 3510 1269 quae
3531 1199 3735 1270 ponitur

522 1285 581 1340 in
613 1287 736 1342 vico
771 1287 869 1360 qui
903 1293 1280 1361 nuncupatur
1311 1291 1650 1358 Sardorum,
1683 1297 1902 1348 vestem
1935 1294 2004 1349 de
2037 1295 2298 1362 fundato,
2333 1295 2643 1352 habentem
2661 1296 2968 1352 historiam
2991 1303 3208 1352 sancta;
3239 1295 3342 1352 Dei
3374 1295 3663 1352 Genitricis
3681 1297 3736 1353 de

521 1384 892 1456 chrysoclavo
925 1403 1056 1441 cum
1091 1389 1406 1461 prephetis.
1433 1395 1562 1461 Ipse
1583 1407 1713 1445 vero
1740 1409 1772 1446 a
1793 1391 1908 1447 Deo
1941 1392 2210 1448 amabilis
2241 1397 2300 1449 et
2329 1393 2827 1466 prudentissimus
2849 1411 3000 1468 papa
3021 1394 3230 1450 sedilia
3261 1394 3322 1448 in
3345 1393 3600 1466 ingressu
3621 1412 3744 1450 mar-

525 1473 790 1529 moribus
822 1475 1157 1547 patriarchii
1193 1477 1538 1546 construxit,
1575 1495 1702 1550 quae
1735 1479 1936 1536 nullus
1957 1481 2300 1553 pontificum
2325 1487 2388 1536 ut
2409 1483 2712 1556 perliceret
2745 1483 3066 1540 arbitratus
3096 1488 3204 1540 est.
3235 1483 3384 1538 Nam
3405 1487 3460 1538 et
3480 1481 3740 1554 solarium,

449 1572 486 1626 5
522 1573 674 1643 quod
700 1573 877 1628 beata:
901 1574 1194 1630 memoriis
1219 1577 1550 1632 Leotertius
1574 1594 1726 1649 papa
1746 1583 2167 1648 construxerat,
2189 1597 2322 1635 cum
2345 1599 2458 1653 prae
2483 1581 2666 1636 nimia
2685 1585 2973 1638 vetustate
2995 1582 3196 1638 fractis
3225 1581 3492 1637 trabibus
3513 1580 3570 1635 in
3591 1580 3743 1637 ruinis

523 1675 858 1726 cerneretur
889 1689 1178 1738 eversum,
1213 1675 1438 1730 noviter
1467 1675 1769 1746 pulchrius
1802 1677 1858 1731 in
1891 1675 2188 1733 meliorem
2221 1678 2470 1751 speciem
2504 1679 2869 1756 restauravit.
2905 1679 3008 1735 Hic
3039 1680 3278 1754 quidem
3309 1678 3550 1751 insignis
3569 1682 3620 1734 et
3639 1679 3745 1752 pius

524 1769 773 1826 antistes
805 1769 863 1824 in
894 1771 1138 1826 basilica
1168 1772 1320 1827 beati
1357 1771 1516 1827 Pauli
1551 1772 1796 1845 apostoli
1831 1791 2084 1847 superno
2123 1775 2305 1832 fretus
2337 1793 2532 1832 amore
2557 1776 2924 1849 vespertinas
2972 1777 3204 1850 publicé
3235 1795 3270 1832 a
3300 1781 3506 1832 cuncto
3544 1775 3678 1832 clero
3702 1782 3748 1833 et

523 1866 724 1922 schola
753 1868 1055 1923 constituit
1076 1869 1167 1924 die
1190 1869 1402 1925 natalis
1425 1872 1553 1941 ejus
1577 1870 1747 1943 psalli
1767 1872 1987 1929 laudes.
2015 1873 2204 1946 Hujus
2225 1874 2378 1930 beati
2403 1877 2662 1947 tempore
2685 1875 2955 1948 prmsulis
2976 1879 3345 1930 terrmmotus
3369 1875 3426 1930 in
3441 1874 3576 1930 urbe
3595 1874 3748 1930 Rana

526 1981 627 2035 per
655 1963 1032 2021 indictionem
1069 1967 1256 2022 factus
1279 1971 1368 2024 est
1393 1968 1700 2038 decimam,
1727 1969 1807 2025 ita
1829 1973 1895 2025 ut
1916 1971 2112 2026 omnia
2133 1970 2418 2027 elementa
2441 1989 2726 2028 concussa
2749 1972 3084 2028 viderentur
3103 1973 3175 2028 ab
3200 1971 3494 2028 omnibus.
3525 1971 3749 2043 lpsejam

419 2063 487 2116 10
525 2065 834 2134 smpefatus
864 2069 920 2119 et
951 2064 1374 2122 solertissimus
1404 2067 1662 2138 pontifex
1685 2069 2008 2124 secundum
2033 2070 2338 2142 antiquam
2361 2071 2847 2126 consuetudinem
2871 2070 3152 2127 canonica
3173 2070 3518 2126 auctoritate
3539 2069 3751 2125 decrevit

527 2164 701 2232 atque
733 2162 1057 2230 constituit,
1093 2168 1159 2219 ut
1189 2165 1330 2219 dum
1361 2181 1528 2220 saera
1557 2165 1873 2221 missarum
1907 2167 2192 2223 solemnia
2224 2167 2282 2222 in
2306 2167 2550 2223 ecclesia
2579 2167 2927 2237 celerantur,
2953 2167 3151 2224 nullus
3179 2185 3250 2223 ex
3279 2167 3444 2222 laicis
3475 2167 3530 2221 in
3551 2167 3750 2239 presby-

526 2259 672 2314 terio
696 2263 850 2315 stare
864 2259 952 2314 vel
979 2261 1178 2316 sedere
1203 2266 1303 2316 aut
1323 2261 1548 2335 ingredi
1571 2269 1905 2334 praesumat,
1931 2265 2044 2320 nisi
2067 2269 2299 2321 tantum
2332 2283 2498 2322 sacra
2519 2265 2684 2338 plebs
2701 2283 2828 2338 quae
2849 2265 2908 2322 in
2927 2265 3434 2321 administratione
3451 2262 3592 2320 sacri
3607 2261 3750 2320 ofﬁcii

527 2356 848 2412 constituta
875 2357 1124 2415 videtur.

602 2457 756 2513 500
796 2457 923 2528 Ipse
955 2456 1188 2529 quidem
1249 2459 1625 2518 beatissimus
1679 2461 1936 2533 pontifex
1965 2465 2098 2534 post
2127 2461 2342 2518 caedem
2370 2463 2426 2516 et
2457 2461 2946 2534 depraedationem
2969 2479 3128 2518 saeva:
3149 2460 3345 2534 gentis
3371 2461 3750 2533 Agarenorum,

530 2573 707 2627 quam
739 2555 796 2610 in
828 2559 1166 2612 sanctorum
1195 2556 1603 2629 Apostolorum
1631 2558 1890 2615 ecclesiis
1923 2562 2288 2632 peregerunt,
2323 2559 2392 2616 ad
2427 2560 2910 2615 restaurationem
2945 2559 3206 2632 ipsarum
3245 2559 3506 2631 quotidie
3526 2558 3750 2612 animum

529 2657 1242 2728 praetendebat,quatenus
1273 2655 1470 2712 omnia
1502 2675 1628 2729 quae
1663 2659 1733 2713 ab
1763 2657 1959 2730 impiis
1983 2657 2257 2713 manibus
2279 2657 2474 2713 ablata
2493 2658 2723 2713 fuerant
2744 2661 3312 2730 repararet,sperans
3333 2660 3550 2712 aeternae
3575 2657 3747 2710 futurae

525 2753 929 2810 retributionis
949 2755 1692 2820 mercedem.Quamobrem
1711 2754 1995 2811 obtulitin
2015 2754 2258 2811 basilica
2271 2755 2426 2811 beati
2451 2755 2598 2810 Petri
2613 2755 2858 2827 apostoli
2875 2755 3180 2810 buttonem
3203 2755 3276 2809 de
3299 2759 3534 2827 argento
3547 2751 3749 2824 purissi-

458 2853 491 2907 5
531 2869 626 2908 mo
645 2869 778 2907 cum
801 2853 1070 2926 gabathis
1097 2853 1388 2927 argenteis
1407 2853 1796 2925 pendentibus
1817 2853 1874 2908 in
1898 2852 2182 2909 catenulis
2199 2853 2608 2925 septem.Fecit
2629 2856 2824 2908 autem
2845 2853 2916 2908 ad
2937 2850 3616 2924 illuminationemipsius
3635 2849 3755 2905 basi-

530 2948 651 3004 licae
685 2954 802 3006 rete
833 2951 1110 3019 ahenum,
1145 2969 1278 3008 cum
1312 2950 1584 3007 canistris
1605 2951 1895 3023 argenteis
1925 2952 2122 3007 decem
2154 2954 2210 3007 et
2241 2955 2483 3022 septem.
2509 2951 2650 3006 Nam
2687 2955 2743 3006 et
2768 2951 3018 3024 pharum
3049 2950 3209 3004 mirae
3241 2947 3649 3022 magnitudinis
3691 2946 3746 2999 ad

531 3048 900 3120 splendorem
923 3052 980 3106 et
1008 3048 1255 3123 gloriam
1279 3049 1492 3121 saepius
1511 3053 1842 3104 memorata:
1874 3048 2128 3104 ecclesim
2161 3048 2450 3120 reparavit
2477 3067 2489 3117 ;
2510 3047 2569 3102 in
2592 3066 2709 3120 qua
2730 3048 2907 3104 etiam
2930 3047 3140 3104 obtulit
3165 3063 3444 3103 eeronam
3467 3047 3534 3102 de
3555 3049 3755 3118 argento

531 3147 942 3216 mundissimo,
975 3165 1216 3219 pensan.
1252 3147 1593 3202 libras.......
1625 3146 1764 3202 Vela
1805 3147 1875 3202 de
1925 3147 2186 3212 fundato,
2221 3163 2347 3218 quae
2381 3146 2440 3201 in
2473 3145 2696 3201 ambitu
2731 3145 2878 3201 sacri
2913 3145 3113 3202 altaris
3145 3145 3485 3218 pulchriora
3513 3143 3752 3216 pendent.

529 3245 732 3317 viginti
757 3245 1033 3317 quinque.
1056 3246 1198 3301 Item
1221 3245 1346 3300 vela
1366 3244 1602 3300 leonum
1622 3245 1900 3300 habentia
1920 3243 2222 3310 historias,
2247 3261 2373 3316 quae
2397 3249 2529 3299 ante
2541 3243 2898 3300 vestibulum
2919 3260 3096 3299 sacrae
3113 3241 3509 3299 Confessionis
3547 3256 3755 3296 cernun-

429 3344 498 3398 10
535 3347 630 3398 tur
661 3344 910 3415 pendere
931 3345 1150 3400 decem.
1172 3345 1242 3400 Et
1272 3343 1387 3400 alia
1405 3343 1534 3399 vela
1555 3343 1625 3398 de
1649 3343 1912 3409 fundato,
1928 3359 2054 3414 quae
2077 3342 2227 3397 inter
2247 3341 2552 3398 columnas
2569 3341 2755 3412 ipsius
2775 3341 3118 3397 venerandae
3141 3339 3400 3396 basilicae
3421 3340 3608 3396 dextra
3624 3337 3756 3392 laava-

535 3457 648 3513 que
679 3445 1007 3512 coruscant,
1042 3441 1430 3514 quadraginta
1460 3444 1516 3495 et
1545 3457 1660 3496 sex.
1698 3439 1841 3495 Item
1875 3439 1999 3495 vela
2030 3440 2101 3495 de
2149 3440 2412 3508 fundato,
2439 3456 2554 3512 qua
2579 3439 2637 3494 in
2670 3456 2808 3494 arcu
2849 3440 2922 3494 ad
2959 3443 3232 3494 ornatum
3263 3443 3326 3494 et
3363 3435 3749 3493 deeorationem

534 3537 876 3610 presbyterii
910 3539 1182 3609 pendent,
1207 3538 1448 3611 triginta
1478 3541 1532 3592 et
1560 3537 1690 3592 tria.
1723 3537 2138 3593 Verumtamen
2172 3541 2228 3593 et
2257 3537 2372 3593 alia
2415 3537 2543 3592 vela
2571 3537 2640 3592 de
2673 3537 2940 3604 fundato,
2975 3555 3101 3610 quae
3135 3537 3193 3591 in
3227 3534 3474 3592 diversis
3524 3533 3750 3606 ejusdem

539 3635 791 3690 basilica:
823 3635 967 3706 locis
997 3635 1120 3707 ipse
1150 3634 1443 3691 almificus
1473 3651 1625 3707 pixpa
1653 3634 1955 3690 constituit
1985 3635 2256 3706 pendere,
2290 3636 2488 3691 decem
2522 3639 2670 3690 octo.
2703 3635 2772 3690 Et
2792 3633 2906 3692 alia
2935 3635 3074 3691 item
3095 3633 3241 3702 vela,
3279 3651 3408 3705 quae
3431 3633 3753 3703 antejanuas

541 3749 715 3788 sacrae
748 3731 1001 3788 basilicae
1031 3733 1304 3805 pendent,
1342 3715 1612 3804 quatuor.

612 3831 756 3888 501
803 3831 906 3887 Hic
935 3847 1068 3887 vero
1091 3829 1338 3904 insignis
1371 3833 1428 3886 et
1457 3829 1952 3903 prudentissimus
1983 3831 2197 3902 praesul
2229 3847 2483 3908 superno
2513 3831 2697 3888 fretus
2731 3846 2927 3886 amore
2949 3829 3084 3886 fecit
3113 3830 3173 3885 in
3203 3829 3451 3886 basilica
3469 3831 3757 3885 sanctorum

539 3933 834 4002 matyrum
865 3933 1108 4001 qeatuor
1137 3929 1556 3985 Coronatorum
1587 3931 1804 3984 vestem
1858 3928 1928 3983 de
1975 3927 2338 4001 chysoclavo,
2380 3929 2696 3984 habentem
2749 3927 3056 3984 historiam
3094 3925 3544 3983 resurrectionis
3570 3919 3760 3980 Domini

542 4025 724 4082 nostri
755 4027 894 4082 Jcsu
927 4027 1059 4083 Chri
1099 4027 1163 4097 ti,
1199 4031 1374 4098 atque
1405 4025 1626 4098 efﬁgies
1650 4023 2056 4098 praedictorum
2081 4031 2406 4100 martyrum
2431 4029 2488 4082 et
2509 4025 2697 4098 ipstus
2716 4024 2952 4080 almiﬁci
2977 4023 3276 4096 praesulis;
3301 4024 3482 4096 hujus
3496 4023 3638 4078 enim
3653 4034 3761 4091 pra:-

543 4125 643 4180 fati
671 4123 906 4180 almiﬁci
937 4124 1204 4196 praesulis
1237 4125 1471 4180 animus
1503 4127 1662 4178 tanto
1695 4123 1889 4178 divino
1921 4123 2187 4196 fulgebat
2217 4140 2433 4192 amore,
2469 4127 2534 4179 ut
2564 4140 2632 4178 ea
2661 4140 2789 4195 quae
2818 4121 3044 4195 pridem
3077 4138 3147 4177 ex
3177 4121 3336 4178 beati
3385 4120 3528 4178 Petri
3557 4113 3759 4192 apostoli

465 4223 500 4278 5
538 4221 784 4279 ecclesia
812 4223 885 4278 ab
908 4223 1105 4295 impiis
1140 4222 1413 4278 manibus
1443 4221 1897 4277 innumerabilia
1927 4223 2157 4278 fuerant
2177 4223 2331 4278 bona
2347 4221 2544 4278 ablata
2575 4239 2680 4278 suo
2701 4219 2991 4294 praecipuo
3025 4224 3290 4292 tempore
3323 4219 3536 4276 libente
3559 4211 3763 4271 voluerit

578 4325 807 4394 pectore
837 4321 1034 4377 omnia
1065 4321 1286 4377 noviter
1305 4323 1650 4376 restaurare.
1687 4319 1907 4375 Idcirco
1927 4321 1998 4376 ad
2020 4321 2196 4376 decus
2223 4324 2279 4376 et
2304 4319 2586 4375 honorem
2603 4319 2790 4392 ipsius
2813 4317 3101 4389 praedicta:
3129 4317 3388 4374 ecclesiae
3413 4315 3542 4372 fecit
3559 4325 3760 4370 coronas

542 4437 609 4475 ex
641 4423 879 4492 argento
913 4417 1227 4490 purissimo
1251 4417 1398 4472 miro
1429 4417 1785 4488 compositas
1817 4432 1988 4488 opere
2020 4417 2168 4472 duas
2199 4417 2524 4490 pendentes
2555 4415 2616 4470 in
2649 4413 2940 4471 catenulis
2971 4413 3284 4487 argenteis,
3321 4429 3456 4468 cum
3485 4407 3762 4484 gemmiset

544 4517 721 4573 bullis
755 4516 1068 4584 deauratis,
1097 4532 1472 4588 pensan.una
1499 4513 1680 4569 libras
1709 4517 1942 4568 centum
1975 4513 2214 4586 triginta
2243 4517 2297 4570 et
2326 4514 2498 4582 duas,
2519 4517 2575 4569 et
2603 4511 2720 4568 alia
2749 4515 2982 4568 centum
3005 4515 3060 4566 et
3089 4510 3352 4584 triginta,
3386 4510 3649 4566 habentes
3669 4517 3761 4558 una

545 4615 946 4672 elamaeterios
977 4617 1279 4687 argenteos
1311 4614 1512 4669 subter
1535 4613 1896 4685 pendentens
1917 4611 2156 4684 triginta
2188 4615 2246 4667 et
2264 4615 2522 4684 septem;
2555 4615 2612 4666 et
2632 4610 2808 4666 aliam
2826 4609 3006 4666 simili
3021 4610 3192 4666 modo
3211 4609 3524 4665 habentem
3547 4602 3760 4677 quadra—

444 4715 509 4766 10
546 4713 726 4784 ginta.
759 4715 828 4768 Et
857 4713 996 4784 quia
1016 4713 1208 4768 divino
1232 4729 1462 4784 semper
1481 4715 1604 4767 erat
1627 4727 1866 4766 munere
1891 4713 2255 4784 perornatus,
2283 4709 2642 4781 dignamque
2671 4709 2742 4764 de
2761 4705 3037 4764 omnibus
3057 4723 3259 4762 curam
3281 4709 3338 4761 et
3359 4699 3760 4762 sollicitudinem

547 4811 761 4866 habere
793 4812 1064 4866 studebat
1094 4811 1357 4878 feliciter,
1389 4809 1525 4866 fecit
1555 4809 1614 4864 in
1638 4809 1888 4864 oratorio
1920 4807 2107 4864 sancti
2136 4809 2379 4862 Andrea:
2411 4805 2660 4879 apostoli
2693 4806 2766 4862 ad
2799 4809 3070 4861 sanctum
3100 4805 3332 4859 Petrum
3359 4802 3485 4857 vela
3506 4792 3764 4868 majurade

549 4909 790 4963 fundato
821 4909 955 4976 duo,
989 4912 1046 4962 et
1075 4908 1188 4964 alia
1219 4909 1446 4964 minora
1476 4908 1734 4980 quinque
1765 4910 1970 4962 ornata
1998 4905 2057 4960 in
2091 4905 2338 4961 circuitu
2371 4906 2442 4960 de
2471 4903 2743 4960 blatthin.
3727 4983 3752 4994 η

623 5005 773 5061 502
805 5003 933 5074 Ipse
954 5020 1083 5060 vero
1107 5023 1139 5060 a
1161 5006 1275 5061 Deo
1307 5009 1602 5078 protectus
1647 5003 1959 5060 venerabili
1991 5007 2047 5060 et
2087 5003 2400 5076 praeclarus
2419 5001 2675 5075 pontifex
2690 5000 2902 5057 fecitln
2925 4997 3281 5055 monasterio
3303 4994 3488 5053 sancti
3507 4993 3755 5078 Apastasu

551 5119 653 5174 pro
685 5104 901 5155 aeterna
921 5099 1126 5154 anima:
1151 5118 1266 5155 suae
1292 5102 1686 5174 redemptione
1706 5105 1923 5158 vestem
1952 5100 2198 5158 sericam
2220 5101 2291 5156 de
2309 5101 2552 5156 fundato
2569 5116 2766 5166 unam,
2786 5098 3098 5154 habentem
3119 5094 3426 5151 historiam
3449 5089 3757 5162 aquilarum.

553 5198 833 5256 Similiter
863 5201 920 5253 et
947 5196 1074 5252 vela
1105 5198 1174 5253 de
1205 5198 1446 5255 fundato
1477 5200 1611 5268 duo,
1645 5203 1878 5272 compta
1907 5199 1966 5254 in
1992 5199 2236 5256 circuitu
2261 5200 2332 5254 de
2354 5197 2628 5254 blatthin.
2653 5196 2843 5253 Simili
2865 5195 3038 5250 modo
3061 5194 3195 5250 fecit
3223 5193 3284 5248 in
3311 5186 3761 5285 monasterio

552 5303 654 5354 ctze
683 5297 958 5353 Praxedis
989 5298 1206 5351 vestem
1239 5296 1311 5350 de
1341 5296 1585 5352 fundato
1617 5315 1815 5352 unam.
1851 5297 1955 5352 Hic
1985 5314 2220 5369 quoque
2249 5297 2567 5368 prmdictus
2586 5293 2856 5368 praesule.
2878 5293 2973 5348 die
2996 5307 3111 5363 qua
3131 5290 3328 5345 divina
3345 5288 3524 5343 fretus
3545 5281 3760 5380 potenti?

478 5399 514 5452 5
552 5413 778 5454 sacram
811 5393 1238 5469 apsstolLPetri
1272 5394 1470 5450 sedem
1503 5395 1662 5450 omni
1696 5393 2055 5467 benignitate
2078 5393 2436 5460 conscendit,
2487 5409 2622 5448 mox
2667 5392 2736 5447 de
2777 5389 2988 5462 priscis
3017 5386 3107 5443 vel
3141 5384 3400 5458 antiquis
3433 5380 3574 5439 sacri
3597 5374 3761 5485 palatii

556 5495 783 5566 usibus,
813 5498 988 5567 atque
1021 5491 1345 5561 ordinibus,
1379 5491 1477 5564 qui
1511 5492 1618 5546 sub
1651 5493 2150 5564 praedecessorum
2181 5509 2424 5548 suorum
2455 5491 2804 5564 pontiﬁcum
2837 5493 3100 5559 tempore
3129 5483 3347 5556 erupit,
3377 5485 3546 5552 atque
3581 5476 3765 5530 diversa

555 5593 980 5648 consuetudine
1011 5592 1242 5647 fuerant
1265 5590 1458 5659 deleti,
1492 5590 1620 5646 ideo
1652 5591 1722 5645 ad
1757 5607 1875 5645 suae
1906 5591 2252 5645 memoriam
2285 5589 2616 5646 sanctitatis
2647 5587 2950 5642 universos
2984 5583 3283 5647 reducere,
3311 5578 3397 5634 vel
3429 5577 3484 5632 in
3509 5571 3764 5630 meliorem

557 5695 772 5748 statum
805 5706 980 5761 quam
1015 5706 1200 5762 nuper
1223 5689 1451 5745 fuerant
1474 5685 1669 5743 omnia
1689 5686 1890 5742 libenti
1916 5685 2112 5740 animo
2144 5685 2412 5740 ordinare
2435 5684 2596 5740 avide
2617 5687 2860 5738 conatus
2881 5683 2988 5736 est.
3013 5679 3158 5734 Nam
3183 5683 3240 5734 et
3263 5673 3602 5736 accubitum,

557 5759 950 5843 domnus—Leo
982 5787 1145 5842 home
1179 5787 1473 5844 memoriae
1504 5784 1710 5841 tertius
1736 5801 1888 5856 papa
1919 5801 1952 5838 a
1985 5783 2384 5838 fundamentis
2417 5783 2838 5846 construxerat,
2861 5783 2918 5833 et
2952 5776 3150 5833 omnia
3175 5775 3514 5831 ornamenta
3551 5780 3662 5863 quae
3687 5759 3750 5863 1P1

449 5887 526 5942 40
556 5887 873 5957 paraverat,
900 5899 1012 5954 prae
1055 5884 1238 5939 nimia
1269 5889 1552 5940 vetustate
1582 5887 1637 5938 ct
1676 5855 1964 5937 oblivione
2001 5884 2440 5934 antecessorum
2463 5878 2808 5950 pantiﬁcum
2840 5876 3028 5932 deleta
3068 5877 3240 5940 sunt;
3277 5877 3333 5928 et
3369 5869 3426 5924 in
3469 5868 3556 5923 die
3573 5855 3756 5918 Natalis

560 5980 792 6038 Domini
821 5979 1002 6038 nosiri
1022 5980 1161 6038 Jesu
1181 5981 1396 6040 Christi
1408 5983 1734 6039 secundum
1757 5994 2014 6044 carnem,
2035 5979 2154 6032 tam
2179 5975 2430 6032 domnus
2452 5975 2761 6047 Gregorius
2783 5991 2962 6045 quam
2987 5977 3043 6031 et
3067 5973 3320 6030 domnus
3339 5965 3562 6040 Sergius
3581 5957 3753 6017 sancta!

563 6078 1202 6140 recordationisibidem
1215 6080 1457 6140 minime
1477 6079 1894 6146 epulabantur:
1918 6067 2107 6136 isdem
2124 6091 2256 6135 vero
2279 6073 2657 6134 beatissimus
2678 6075 2733 6128 et
2753 6088 3022 6130 summus
3043 6069 3253 6144 praesul
3276 6071 3384 6128 Leo
3407 6065 3626 6138 quartus
3643 6063 3752 6110 cum
