4136 6168
389 285 549 351 1309
1191 285 1559 349 HISTORIA
1603 287 1706 349 DE
1751 287 1955 350 VITIS
2003 287 2022 348 l

2161 285 2192 346 ἱ.
2239 285 2652 388 DONT.—S.
2698 286 2847 349 LEO
2889 285 2992 348 ιν.
3639 279 3794 342 1310

531 418 748 496 gaudio
777 422 833 476 et
862 418 1046 476 nimia
1065 419 1445 476 delectatibne
1467 419 1664 476 omnia
1684 423 2048 488 ornamenta,
2075 419 2193 474 sive
2213 418 2512 486 alimenta,
2537 435 2663 490 qua
2687 417 2820 474 inde
2837 418 3026 476 deleta
3048 419 3296 486 fuerant,
3321 415 3544 474 noviter
3559 433 3793 490 repara-

528 518 634 591 vit,
664 522 721 574 et
749 517 822 574 ad
855 534 1030 573 usum
1061 517 1375 590 pristinum
1407 518 1716 590 magniﬁce
1749 517 2052 573 revocavit.
2087 517 2319 572 Necnon
2355 521 2411 572 et
2448 533 2680 572 crucem
2709 533 2778 572 ex
2807 535 2948 573 auro
2984 517 3300 590 purissimo
3329 516 3580 590 gemmis
3619 533 3790 572 orna-

425 618 494 673 15
531 621 674 684 tam,
708 633 887 690 quam
919 614 1159 672 Carolus
1189 615 1298 688 pia
1326 617 1622 671 memoria
1649 615 1965 689 imperator
1995 617 2348 671 Francorum
2379 621 2436 672 et
2457 592 2852 671 Romanorum
2877 615 2934 670 in
2960 615 3205 670 basilica
3225 613 3540 671 Salvatoris
3564 613 3790 670 Domini

527 713 715 771 nostri
741 714 882 770 Jesu
913 713 1145 779 Christi,
1175 731 1302 786 qua
1333 713 1814 770 Constantiniana
1843 716 2234 786 nuncupatur,
2268 713 2633 786 temporibus
2663 712 2864 768 domni
2897 713 3106 769 Leonis
3131 716 3346 768 saneta
3372 711 3790 768 recordationis

527 811 682 868 tertii
707 828 870 884 papa
897 810 1206 877 obtulerat,
1239 827 1367 884 qua
1399 828 1528 867 mos
1557 816 1681 867 erat
1713 815 1775 866 ut
1805 811 1862 866 in
1894 811 2115 866 litaniis
2143 816 2277 867 ante
2307 811 2775 868 sacratissimum
2808 810 3141 883 pontiﬁcem
3174 809 3300 882 ipsa
3333 810 3699 882 praecederet,
3731 813 3792 865 et

529 909 614 965 sie
645 908 963 982 permansit
986 925 1173 981 usque
1189 909 1260 964 ad
1278 912 1514 979 tempus
1537 912 1749 964 sancta
1780 909 2198 964 recordationis
2210 909 2410 966 domni
2431 908 2728 966 Paschalis
2749 925 2931 981 papa,
2953 908 3106 966 unde
3119 907 3790 980 diabolieasuggestione

529 1010 704 1080 atque
732 1005 1107 1080 instigatione
1137 1023 1172 1062 a
1202 1005 1375 1062 malis
1405 1011 1629 1063 extorta
1659 1011 1767 1074 est,
1800 1010 1857 1062 et
1888 1023 1922 1062 a
1949 1005 2278 1062 latronibus
2309 1010 2475 1062 nocte
2508 1006 2708 1061 furtim
2741 1005 2964 1072 ablata;
2990 1007 3046 1060 et
3065 1003 3262 1060 nullus
3284 1003 3558 1076 deinceps
3578 1003 3791 1075 prade-

417 1105 491 1160 20
529 1119 828 1160 cessorum
860 1102 1228 1178 pontiﬁcum,
1261 1107 1381 1159 tam
1413 1104 1668 1160 domnus
1699 1103 1997 1160 Paschalis
2027 1121 2204 1176 quam
2235 1105 2490 1159 domnus
2521 1103 2839 1176 Eugenius,
2865 1102 2983 1158 sive
3006 1103 3260 1158 domnus
3279 1099 3645 1166 Valentinus,
3671 1099 3788 1156 sive

529 1201 784 1256 domnus
814 1200 1148 1274 Gregorius,
1183 1217 1408 1258 necnon
1439 1205 1496 1257 et
1522 1202 1776 1258 domnus
1810 1201 2048 1275 Sergius
2078 1203 2416 1258 recordatus
2449 1201 2557 1258 fuit
2576 1207 2642 1258 ut
2671 1219 2798 1258 eam
2832 1204 3185 1256 restauraret
3205 1203 3258 1256 et
3282 1200 3352 1254 ad
3377 1215 3553 1254 usum
3577 1203 3787 1254 saneta
3813 1222 3832 1243 -

529 1297 630 1354 Dei
661 1297 936 1353 Romana
966 1296 1236 1354 Ecclesia
1267 1302 1562 1371 repararet
1585 1297 1688 1370 (a):
1713 1299 1812 1356 sed
1843 1299 2028 1356 isdem
2062 1301 2336 1372 prafatus
2358 1305 2414 1355 et
2435 1299 2784 1373 magniﬁcus
2807 1297 3017 1371 prasul
3041 1297 3176 1354 fecit
3194 1315 3262 1353 ex
3283 1313 3424 1352 auro
3445 1294 3783 1368 purissimo,

526 1399 586 1451 et
618 1394 779 1450 mira
811 1393 1240 1467 magnitudinis
1270 1395 1604 1470 margaritis
1636 1399 1692 1451 et
1720 1397 1972 1470 gemmis
2001 1396 2403 1470 hyacinthinis
2433 1401 2490 1452 et
2519 1395 2776 1469 prasinis
2798 1395 3022 1452 utiliter
3043 1393 3288 1464 ornavit,
3313 1399 3369 1450 et
3389 1394 3460 1450 ad
3487 1409 3662 1450 usum
3683 1391 3774 1466 pri

526 1491 746 1548 stinum
776 1497 989 1548 saneta
1019 1491 1121 1549 Dei
1152 1493 1461 1550 Genitricis
1489 1493 1761 1550 Romana
1791 1494 2061 1552 Ecclesia
2093 1495 2339 1550 miriﬁce
2369 1495 2682 1550 decoravit.

599 1591 752 1648 508
783 1589 888 1646 Hie
914 1607 1046 1646 vero
1076 1591 1405 1664 praeipuus
1434 1596 1492 1648 et
1521 1592 1770 1665 insignis
1801 1592 2014 1664 prasul
2045 1591 2375 1648 divinarum
2407 1593 2841 1666 Scripturarum
2875 1592 2932 1647 in
2965 1591 3210 1648 scicntia
3229 1595 3284 1648 et
3305 1588 3632 1646 eruditione
3659 1604 3785 1661 pro-

525 1687 872 1745 batissimus
902 1687 1126 1745 exstitit
1154 1689 1516 1762 pradieator,
1549 1689 1650 1762 qui
1681 1691 1837 1746 fama
1864 1694 2038 1745 tanta
2070 1691 2451 1748 beatitudinis
2481 1696 2655 1764 atque
2685 1689 3016 1747 sanctitatis
3047 1689 3274 1756 claruit,
3300 1691 3364 1743 ut
3389 1688 3448 1742 in
3468 1688 3784 1759 conspectu

524 1785 780 1842 universi
812 1785 985 1843 istius
1014 1785 1075 1842 in
1104 1786 1334 1843 Christo
1367 1787 1620 1843 fundata
1647 1779 1914 1845 Ecclesia
1947 1787 2144 1862 populi
2177 1789 2459 1844 miracula
2480 1793 2836 1862 operaretur.
2861 1789 2924 1844 In
2946 1788 3135 1860 primo
3156 1787 3392 1860 quidem
3409 1785 3784 1858 pontiﬁcatus

521 1882 613 1939 sui
645 1900 798 1940 anno
819 1884 990 1954 juxta
1017 1884 1323 1941 basilicam
1354 1885 1532 1941 beata
1567 1885 1754 1942 Lucia
1779 1887 2070 1960 martyris,
2094 1905 2223 1960 qua
2247 1887 2305 1943 in
2329 1887 2555 1961 Orphea
2576 1889 2652 1959 (b)
2669 1887 2782 1944 sita
2799 1891 2908 1957 est,
2929 1887 2985 1941 in
3004 1885 3360 1958 quibusdam
3381 1881 3520 1940 teris
3533 1881 3783 1938 abditis-

447 1981 486 2036 5
521 1998 636 2054 que
665 1980 927 2038 cavernis
959 1981 1068 2038 diri
1089 1981 1319 2056 generis
1346 1999 1608 2056 serpens,
1633 1984 1730 2057 qui
1755 1984 2064 2042 basiliscus
2085 1987 2299 2052 Graec,
2325 1985 2526 2042 Latine
2548 1985 2787 2059 regulus
2813 1963 3046 2050 dicitur,
3071 1987 3235 2040 ortus
3256 1987 3364 2050 est,
3389 1981 3490 2054 qui
3512 1981 3653 2036 ﬂatu
3675 1995 3781 2035 suo

521 2095 590 2134 ae
619 2077 840 2136 visione
869 2096 1073 2136 omnes
1103 2079 1203 2152 qui
1233 2081 1304 2137 ad
1327 2081 1562 2137 easdem
1588 2083 1977 2154 properabant
1996 2101 2271 2140 cavernas
2293 2083 2560 2140 celeriter
2580 2085 2844 2152 necabat,
2869 2082 3191 2155 mortisque
3213 2080 3481 2137 tradebat
3502 2077 3778 2152 periculo:

523 2175 604 2232 ita
633 2180 698 2232 ut
727 2193 930 2234 omnes
963 2181 1169 2250 stupor
1197 2195 1263 2234 ac
1294 2178 1472 2234 timor
1501 2179 1816 2248 invaderet,
1851 2181 2140 2253 serpentis
2171 2181 2415 2239 virtutes
2447 2183 2728 2238 mirantes
2757 2187 2814 2238 et
2843 2181 3088 2238 cladem.

595 2274 749 2331 504
779 2279 910 2348 Ipse
937 2292 1072 2332 vero
1104 2276 1484 2334 beatissimus
1514 2281 1570 2333 et
1600 2277 1914 2350 praeclarus
1943 2279 2201 2351 pontifex
2230 2279 2380 2336 hanc
2430 2279 2629 2352 populi
2672 2296 2873 2334 necem
2925 2278 3170 2334 audiens
3217 2280 3393 2350 atque
3439 2273 3780 2348 perniciem,

522 2373 593 2428 ad
627 2372 920 2429 orationes
949 2391 1010 2430 se
1040 2373 1342 2443 convertit,
1376 2392 1510 2430 eum
1532 2375 1780 2447 jejuniis
1818 2376 2134 2432 Dominum
2183 2378 2476 2450 deprecari
2514 2395 2628 2432 non
2678 2394 2936 2443 cessans,
2971 2382 3036 2432 ut
3067 2377 3137 2432 ab
3187 2373 3528 2448 hujusmodi
3577 2389 3783 2430 omnes

517 2469 739 2526 interiti
769 2470 1060 2528 liberaret.
1113 2472 1264 2528 Dum
1296 2471 1417 2528 hac
1467 2477 1798 2546 agerentur,
1825 2473 2140 2548 praclarus
2171 2480 2228 2532 et
2275 2475 2690 2532 celeberrimus
2737 2476 2862 2530 dies
2909 2474 3160 2540 advenit,
3195 2473 3251 2529 in
3287 2491 3403 2546 quo
3451 2473 3634 2528 beata
3679 2469 3781 2527 Dei

519 2571 832 2628 Genitricis
890 2589 1237 2645 semperque
1261 2572 1520 2647 Virginis
1573 2573 1767 2629 Maria
1817 2575 2142 2647 assumptio
2192 2575 2536 2632 celebratur.
2585 2577 2750 2632 Tune
2798 2576 3074 2648 prafatus
3121 2579 3180 2630 et
3230 2572 3579 2630 universalis
3631 2587 3784 2645 papa

444 2669 482 2724 5
519 2685 554 2724 a
583 2669 938 2742 patriarcbio
968 2687 1103 2727 cum
1130 2670 1366 2744 hymnis
1398 2675 1454 2727 et
1484 2671 1727 2728 canticis
1775 2671 2161 2744 spiritalibus,
2213 2680 2418 2730 sancta
2466 2675 2828 2747 praecedente
2876 2673 3065 2739 ieona,
3116 2674 3188 2728 ad
3241 2671 3544 2728 basilicam
3595 2667 3782 2726 sancti

517 2766 758 2823 Adriani
821 2767 1095 2842 martyris
1153 2767 1308 2825 sicut
1364 2785 1492 2826 mos
1549 2773 1637 2825 est
1667 2769 1918 2843 propriis
1974 2771 2224 2844 pedibus
2273 2789 2407 2827 cum
2464 2771 2624 2828 omni
2676 2771 2828 2828 clero
2889 2771 3160 2845 perrexit.
3191 2771 3273 2826 De
3303 2787 3420 2842 qua
3477 2783 3781 2841 regressus

519 2881 654 2921 cum
685 2865 844 2922 omni
883 2865 1145 2923 ﬁdelium
1176 2870 1326 2923 catu
1358 2869 1430 2924 ad
1481 2867 1786 2924 basilicam
1835 2869 2014 2925 beata
2067 2869 2377 2926 Genitricis
2409 2871 2508 2928 Dei
2563 2873 2621 2926 et
2650 2870 2881 2927 Domini
2941 2869 3123 2926 nostri
3174 2870 3316 2926 Jesu
3365 2865 3600 2935 Christi,
3651 2882 3778 2938 qua

521 2961 594 3018 ad
627 2962 887 3036 Prasepe
943 2963 1178 3033 dicitur,
1236 2981 1371 3020 eum
1417 2965 1518 3022 Dei
1569 2965 1848 3022 laudibus
1898 2983 2114 3039 magna
2169 2967 2484 3023 comitante
2532 2972 2762 3024 caterva
2818 2966 3015 3040 pepuli
3064 2965 3432 3039 properabat.
3485 2962 3592 3030 Qui
3642 2977 3778 3018 eum

520 3059 878 3132 pervenisset
907 3061 978 3117 ad
1010 3059 1202 3117 locum
1261 3061 1322 3117 in
1373 3078 1488 3134 quo
1518 3061 1644 3135 ipse
1699 3063 2057 3120 savissimus
2116 3062 2429 3119 basiliscus
2461 3064 2648 3129 tetris,
2708 3067 2774 3119 ut
2795 3063 2920 3134 jam
2953 3062 3224 3135 superius
3281 3060 3557 3117 diximus.
3611 3060 3778 3132 jace-‘

414 3145 485 3202 10
523 3147 624 3204 bat
668 3149 952 3215 cavernis,
1002 3167 1236 3206 omnem
1291 3149 1511 3207 elerum
1561 3155 1620 3207 et
1657 3151 1939 3224 populum
1999 3156 2151 3208 stare
2196 3152 2488 3224 praeepit,
2533 3157 2709 3224 atque
2750 3153 2919 3222 juxta
2957 3152 3192 3206 easdem
3237 3166 3515 3206 cavernas
3564 3164 3772 3220 prope-

519 3262 656 3302 rans
688 3263 866 3319 super
896 3247 1154 3304 foramen
1188 3247 1377 3321 ipsius
1425 3248 1525 3305 ubi
1576 3249 1832 3322 pestiferi
1885 3250 2060 3306 ﬂatus
2109 3249 2515 3323 egrediebatur
2561 3250 2851 3323 serpentis
2895 3249 3222 3321 intrepidus
3272 3247 3455 3314 stetit,
3490 3250 3548 3302 et
3577 3245 3778 3302 oculos

518 3343 588 3399 ad
623 3343 833 3400 calum
866 3345 1086 3417 pariter
1111 3346 1358 3402 tetendit
1387 3350 1445 3403 et
1490 3347 1737 3420 palmas,
1789 3346 2206 3419 Christumque
2255 3346 2356 3419 qui
2407 3351 2496 3402 est
2545 3363 2722 3418 super
2759 3345 2958 3402 omnia
2987 3345 3142 3401 Deus
3191 3343 3445 3416 profusis
3491 3341 3769 3415 laerymis

513 3439 860 3513 deprecatus
891 3445 998 3508 est,
1033 3446 1096 3497 ut
1125 3443 1197 3498 ab
1226 3443 1430 3500 eodem
1481 3442 1606 3500 loco
1640 3443 1751 3499 diri
1803 3444 2091 3516 serpentis
2119 3459 2307 3516 genus
2356 3461 2464 3499 sua
2511 3443 2771 3516 potentia
2817 3443 3120 3515 effugaret.
3152 3442 3224 3497 Et
3267 3441 3406 3496 data
3439 3454 3618 3512 super
3669 3455 3772 3510 po-

513 3535 719 3609 pulum
751 3537 1032 3606 oratione,
1067 3539 1166 3595 Dei
1199 3539 1404 3597 laudes
1433 3541 1504 3596 ad
1535 3539 1840 3597 basilicam
1863 3559 2039 3614 quam
2068 3542 2340 3614 superius
2365 3541 2818 3596 memoravimus
2841 3542 3134 3612 profectus
3152 3543 3240 3596 est
3258 3537 3546 3594 exhibere.
3577 3536 3661 3591 Ab
3686 3553 3778 3592 eo-

407 3633 476 3688 15
512 3633 642 3690 dem
673 3651 808 3692 vero
840 3635 933 3691 die
961 3635 1086 3709 ipse
1115 3637 1355 3709 pestifer
1405 3637 1718 3695 basiliseus
1746 3639 1829 3694 ita
1875 3640 2168 3714 eﬁ‘ugatus
2214 3645 2388 3712 atque
2420 3640 2492 3695 ab
2541 3639 2686 3712 ipsis
2733 3639 3026 3711 projectus
3057 3641 3144 3693 est
3193 3636 3398 3703 antris,
3434 3639 3497 3690 ut
3525 3633 3683 3690 ultra
3713 3633 3774 3689 in

509 3729 628 3787 illis
658 3731 802 3789 locis
831 3731 996 3788 nulla
1025 3733 1278 3790 Iasionis
1302 3735 1430 3806 ejus
1453 3735 1684 3792 macula
1699 3741 2021 3810 appareret.
2045 3739 2114 3792 Et
2146 3737 2302 3793 aliud
2323 3737 2674 3792 miraculum
2697 3735 2819 3809 ipse
2841 3735 3132 3793 almiﬁcns
3155 3751 3305 3808 papa
3328 3732 3590 3808 perfecit,
3615 3732 3772 3806 quod

511 3843 748 3886 narrare
777 3828 1029 3886 breviter
1055 3831 1420 3888 inchoamus.

580 3924 730 3982 ωδ
764 3931 827 3981 In
861 3927 988 3999 ipso
1018 3929 1170 4001 quod
1205 3929 1476 4002 superius
1507 3929 1964 3988 memoravimus
2013 3931 2294 4004 pontiﬁcii
2325 3930 2415 3988 sui
2468 3931 2702 3987 exordio
2749 3932 3045 3988 Saxonum
3092 3929 3286 3987 vicum
3338 3928 3566 3985 validus
3613 3925 3769 3999 ignis

508 4021 741 4092 invasit,
774 4023 875 4096 qui
907 4023 1283 4082 ﬂammarum
1313 4025 1526 4082 virtute
1555 4032 1770 4085 cuneta
1816 4029 2156 4084 comburere
2205 4029 2378 4101 capit
2423 4028 2694 4096 validius,
2747 4028 2844 4084 ubi
2888 4029 3241 4102 pepulerum
3291 4025 3480 4082 multa
3529 4039 3774 4097 congre-

507 4123 641 4194 gata
695 4125 836 4176 sunt
893 4122 1151 4196 agmina,
1204 4141 1330 4196 qua
1388 4123 1568 4196 hujus
1625 4123 1880 4182 incendii
1944 4127 2214 4182 ﬂammas
2265 4125 2539 4182 volebant
2589 4125 2990 4200 exstinguere:
3041 4127 3137 4182 sed
3188 4129 3493 4181 ventorum
3525 4121 3764 4178 ﬂatibus

505 4216 683 4274 altius
735 4220 1154 4276 extendebatur
1213 4222 1368 4295 ignis
1406 4222 1464 4277 in
1526 4239 1658 4279 aere
1713 4228 1925 4280 cuncta
1981 4223 2334 4280 comburens
2391 4228 2566 4297 atque
2617 4223 3047 4292 comminuens,
3092 4224 3174 4278 ita
3203 4227 3268 4278 ut
3313 4221 3554 4294 propius
3611 4217 3772 4276 beati

429 4315 468 4371 5
507 4314 656 4371 Petri
687 4315 970 4390 principis
1021 4319 1421 4392 apostolorum
1469 4319 1724 4377 basilica
1769 4322 2116 4395 proveniret,
2167 4323 2480 4379 Saxonum.
2535 4323 3054 4396 Longobardorum
3104 4321 3330 4384 domos,
3367 4335 3432 4374 ac
3464 4316 3757 4390 porticum

499 4429 881 4470 eoneremans
911 4417 1086 4487 atque
1115 4415 1415 4489 diripiens.
1451 4419 1574 4485 Quo
1622 4419 1822 4474 audito
1868 4419 1994 4492 ipse
2037 4419 2416 4476 beatissimus
2463 4421 2722 4493 pontifex
2769 4419 2978 4476 anxius
3027 4418 3166 4474 illuc
3194 4415 3366 4473 celeri
3397 4432 3572 4471 cursu
3625 4429 3770 4486 pro-

503 4509 691 4567 fectus
721 4515 830 4580 est,
863 4516 922 4568 et
949 4511 1154 4568 obvius
1205 4519 1340 4570 ante
1389 4515 1541 4589 ignis
1586 4516 1874 4590 impetum
1909 4535 1969 4574 se
2018 4519 2384 4592 praparavit,
2419 4536 2484 4575 ac
2536 4518 2853 4574 Dominum
2901 4515 3196 4589 deprecari
3236 4513 3428 4586 coepit,
3463 4516 3528 4567 ut
3576 4510 3773 4583 ipsius

501 4605 756 4664 incendii
790 4609 1061 4666 ﬂammas
1093 4610 1508 4685 exstingueret,
1541 4617 1598 4669 et
1629 4614 1820 4670 crucis
1850 4615 2101 4688 propriis
2149 4616 2366 4672 faciens
2415 4615 2785 4689 signaculum
2817 4613 3038 4688 digitis,
3091 4611 3346 4685 amplius
3377 4609 3537 4684 ignis
3567 4613 3770 4665 exten-

501 4705 636 4762 dere
695 4705 966 4764 ﬂammas
1013 4725 1128 4763 non
1189 4709 1397 4781 potuit,
1449 4711 1550 4766 sed
1602 4711 1752 4768 beati
1803 4712 2077 4769 virtutem
2137 4713 2286 4770 ferre
2335 4731 2450 4770 non
2499 4713 2698 4769 valens
2749 4711 3063 4786 pontiﬁcis,
3140 4709 3457 4766 exstinctae
3502 4708 3772 4763 ﬂammas

389 4803 460 4858 10
497 4803 721 4877 redegit
768 4804 827 4860 in
877 4804 1154 4862 cinerem.
1207 4806 1335 4880 Ipse
1385 4825 1518 4864 vero
1568 4826 1602 4864 a
1649 4809 1764 4866 Deo
1815 4810 2086 4866 amabilis
2133 4815 2193 4868 et
2249 4811 2749 4884 prudentissimus
2803 4827 2954 4883 papa
3011 4809 3146 4865 fecit
3199 4807 3258 4863 in
3309 4804 3550 4863 basilica
3603 4803 3760 4860 beati

499 4900 653 4956 Petri
685 4901 933 4974 apostoli
964 4901 1090 4959 vela
1122 4904 1192 4960 de
1223 4905 1464 4961 fundato
1495 4905 1554 4961 in
1585 4907 1831 4964 circuitu
1880 4913 2114 4982 compta
2145 4909 2215 4965 de
2243 4907 2494 4964 blatthin
2547 4925 2791 4964 numero
2839 4907 3232 4980 quadraginta
3280 4905 3562 4979 quinque.
3615 4898 3772 4959 Fecit

500 5001 698 5054 autem
755 4999 941 5056 isdem
991 4999 1259 5074 egregius
1318 5002 1576 5076 pontifex
1622 5003 1682 5060 in
1733 5006 2085 5062 monasterio
2135 5006 2320 5063 sancti
2381 5006 2638 5072 Martini,
2690 5005 2845 5078 quod
2896 5004 3048 5061 beati
3080 5003 3231 5060 Petri
3288 5001 3541 5059 basilica
3583 5000 3768 5056 coha-

500 5097 608 5163 ret,
659 5097 732 5151 ad
780 5095 1016 5154 laudem
1065 5102 1124 5154 et
1152 5097 1398 5171 gloriam
1447 5099 1634 5173 ipsius
1681 5102 1833 5158 beati
1891 5103 2126 5160 Martini
2183 5103 2405 5160 oraculi
2464 5103 2624 5160 mira
2684 5102 3142 5176 pulchritudinis
3169 5105 3410 5158 vestem.
3457 5100 3768 5155 habentem

498 5190 810 5249 historiam
841 5194 1113 5268 superius
1141 5197 1444 5253 memorati
1477 5198 1662 5254 sancti
1687 5199 1942 5271 jacentis
1974 5202 2030 5256 in
2073 5201 2305 5269 lectulo,
2357 5219 2488 5257 cum
2541 5201 2732 5274 efﬁgie
2775 5200 3090 5257 Salvatoris
3139 5198 3364 5256 Domini
3415 5195 3596 5252 nostri
3627 5195 3767 5249 Jesu

390 5287 464 5346 15
501 5287 748 5346 Christi:
795 5291 977 5348 simul
1015 5291 1268 5367 efﬁgiem
1319 5299 1532 5351 sancta
1583 5298 1857 5371 martyris
1902 5299 2137 5372 Agatha
2191 5299 2461 5356 habentis
2491 5301 2560 5355 ad
2613 5300 2789 5372 pedes
2835 5297 3091 5373 efﬁgiem
3143 5298 3332 5370 ipsius
3385 5292 3522 5348 almi
3573 5289 3766 5362 ponti-

498 5385 650 5455 ﬁcis,
682 5387 992 5446 habentem
1027 5407 1291 5465 gemmas
1321 5391 1734 5466 hyaeinthinas
1754 5396 1953 5452 decem
1983 5400 2040 5453 et
2068 5401 2312 5470 septem.
2348 5397 2488 5453 Item
2521 5397 2580 5452 in
2607 5398 2810 5454 eodem
2841 5397 3093 5454 oratorio
3127 5394 3261 5450 fecit
3283 5391 3407 5448 vela
3429 5391 3766 5463 quatuor,et

501 5501 684 5542 unum
719 5485 957 5559 quidem
990 5487 1213 5546 habens
1244 5494 1404 5548 rotas
1433 5491 1505 5548 de
1534 5493 1905 5567 chrysoelavo
1935 5498 2074 5550 tres.

576 5582 729 5639 506
761 5584 918 5640 Fecit
955 5585 1111 5642 idem
1145 5586 1204 5642 in
1252 5587 1498 5645 basilica
1545 5594 1880 5647 sanctorum
1934 5597 2187 5664 quatuor
2235 5593 2480 5648 fratrum
2528 5597 2748 5650 vestem
2781 5593 2853 5648 de
2899 5590 3144 5646 fundato
3195 5601 3396 5652 unam,
3450 5585 3762 5641 habentem

498 5677 805 5737 historiam
836 5682 1098 5755 ipsorum
1125 5689 1460 5742 sanctorum
1495 5693 1816 5762 martyrum
1849 5693 1907 5745 et
1932 5689 2184 5763 efﬁgiem
2238 5690 2424 5763 ipsius
2459 5691 2595 5746 almi
2646 5688 2912 5764 prasulis
2960 5686 3268 5742 habentem
3320 5699 3586 5757 gemmas
3614 5684 3766 5740 duo--

499 5772 711 5846 decim,
758 5779 1032 5836 similiter
1058 5784 1116 5836 et
1143 5781 1268 5839 vela
1297 5784 1367 5839 de
1417 5785 1659 5842 fundato
1715 5791 1986 5859 quatuor.
2019 5787 2122 5843 Hic
2172 5803 2304 5844 vero
2361 5787 2708 5843 venerabilis
2746 5791 2803 5841 et
2859 5782 3173 5856 praelarus
3229 5782 3489 5856 pontifex
3537 5779 3671 5838 fecit
3699 5781 3760 5836 in

1537 5902 1785 5949 NOTULE
1825 5905 1910 5949 MA
1922 5903 2212 5950 BGINALES
2255 5905 2546 5950 FABROTT]
2560 5932 2572 5945 .

427 5968 538 6041 (a)'
570 5979 823 6044 pararet.
855 5978 936 6047 (b)
954 5977 1180 6033 Platina
1209 5977 1440 6036 Orthea.
