4058 6162
375 187 526 276 ςὸίί
1519 201 1932 274 ANASTASII
1975 201 2630 266 BIBLIOTHECARII.

519 321 760 380 basilica
789 321 942 380 beati
976 324 1124 382 Petri
1145 327 1393 400 apostoli
1426 331 1728 388 nutritoris
1777 332 1868 389 sui
1917 334 2239 390 canistrum
2270 333 2598 390 interrasile
2629 334 2700 390 de
2747 339 2986 408 argento
3037 335 3370 410 purissimo,
3401 355 3554 411 pens.
3597 342 3723 404 lib...

444 423 480 477 5
519 420 625 476 Ubi
659 439 838 494 supra
867 423 1079 480 obtulit
1110 443 1354 483 coronas
1387 429 1456 483 de
1487 437 1725 504 argento
1782 432 2195 500 mundissimo,
2245 449 2490 506 pensan.
2524 431 2774 489 libras...
2827 434 2929 490 llic
2959 451 3092 490 vero
3145 435 3509 494 beatissimus
3537 445 3588 496 et
3613 460 3730 514 pra-

515 517 706 574 clarus
737 537 887 592 papa
917 539 1168 596 superno
1201 526 1383 581 fretus
1436 545 1633 584 amore
1683 529 1895 584 obtulit
1941 531 2109 586 beato
2159 535 2326 586 Petro
2379 530 2638 604 apostolo
2671 531 2742 586 ad
2790 531 3160 606 splendorem
3193 537 3250 588 et
3297 533 3527 606 gloriam
3574 537 3728 612 ipsius

517 617 903 674 sanctissimae
965 621 1216 677 basilica:
1274 624 1575 682 lucernam
1633 626 1892 700 bimixyn
1943 629 2013 682 de
2065 633 2306 702 argento
2363 628 2702 700 purissimo,
2765 635 3110 702 pensantem
3155 629 3334 686 libras
3393 635 3734 710 quadraginta

518 715 798 787 quinque.
853 717 1040 773 Isdem
1093 720 1470 778 beatissimus
1520 725 1732 795 praesul
1767 724 1899 780 fecit
1949 726 2008 780 in
2041 725 2281 782 ecclesia
2333 726 2484 782 beati
2536 725 2798 782 Silvestri
2843 727 3195 783 confessoris
3247 733 3416 800 atque
3461 731 3730 803 pontiﬁcis,

517 813 616 884 qui
649 815 886 886 ponitur
917 816 974 870 in
1011 825 1206 874 monte
1239 821 1495 890 Soracte,
1527 825 1747 878 vestem
1780 823 1850 878 de
1882 824 2122 879 fundato
2155 841 2332 879 unam
2385 825 2695 880 habentem
2747 823 2994 898 angulos
3039 829 3310 898 quatuor,
3362 827 3503 884 duos
3531 830 3731 902 quidem

411 909 479 966 40
515 911 716 984 tyrios,
779 917 834 967 et
891 915 1038 970 duos
1097 917 1390 974 fundatos.
1453 920 1609 976 Fecit
1665 919 1840 976 etiam
1901 921 2086 978 isdem
2145 923 2556 978 sanctissimus
2603 927 2661 978 et
2711 923 3089 978 beatissimus
3145 923 3358 996 praesul
3413 924 3470 980 in
3527 927 3734 987 ecclesia

517 1009 671 1064 beati
704 1011 852 1066 Petri
885 1013 1169 1088 principis
1222 1017 1618 1089 apostolorum
1675 1019 1801 1075 vela
1850 1037 1976 1092 quae
2023 1022 2285 1094 'pendent
2331 1022 2390 1076 in
2425 1039 2562 1078 arcu
2613 1021 2956 1096 presbyterii
3005 1038 3072 1076 ex
3103 1039 3243 1078 auro
3273 1027 3450 1090 toxta,
3503 1023 3736 1082 habentia

517 1105 823 1164 historiam
857 1111 1008 1166 beati
1043 1113 1190 1168 Petri
1224 1115 1470 1188 apostoli
1504 1135 1746 1178 numero
1779 1119 1978 1174 decem
2011 1124 2069 1174 et
2099 1123 2248 1175 octo.
2301 1120 2534 1178 Necnon
2569 1118 2628 1174 in
2678 1119 2930 1175 oratorio
2981 1119 3132 1175 beati
3185 1121 3388 1177 Leonis
3433 1122 3735 1180 confessoris

519 1209 692 1278 atque
724 1209 1038 1280 pontificis,
1069 1213 1223 1284 quod
1266 1219 1354 1268 est
1403 1215 1579 1270 situm
1627 1215 1778 1271 infra
1811 1217 2144 1289 prmdictam
2193 1217 2520 1286 ecclesiam,
2571 1221 2789 1272 vestem
2822 1218 2894 1272 de
2943 1217 3186 1272 fundato
3237 1235 3414 1273 unam
3465 1218 3734 1278 habentem

521 1303 828 1362 historiam
858 1307 1208 1382 aquilarum.
1261 1311 1484 1368 Obtulit
1532 1331 1765 1386 quoque
1797 1316 1894 1370 ubi
1946 1333 2126 1388 supra
2175 1333 2449 1371 coronam
2479 1316 2548 1370 de
2598 1318 2837 1388 argento
2884 1332 3084 1382 unam,
3131 1321 3472 1388 pensantem
3521 1315 3732 1376 libras...

592 1403 736 1458 507
774 1405 904 1460 Jam
937 1407 1113 1462 etiam
1147 1407 1279 1464 fecit
1309 1410 1388 1465 ibi
1419 1410 1544 1466 vela
1576 1413 1646 1467 de
1679 1413 1919 1468 fundato
1965 1417 2172 1468 ornata
2223 1430 2290 1468 ex
2333 1417 2578 1486 utraque
2627 1418 2788 1484 parte
2839 1413 2910 1468 de
2959 1411 3210 1468 hlatthin
3259 1430 3499 1470 numero
3545 1415 3735 1488 viginti.

519 1499 741 1555 Obtulit
771 1501 943 1578 etiam
975 1505 1141 1582 beato
1189 1507 1353 1564 Petro
1398 1509 1657 1582 apostolo
1709 1510 1918 1566 ealices
1973 1511 2041 1566 de
2085 1515 2347 1584 argento,
2382 1509 2482 1582 qui
2539 1509 2742 1566 sedent
2773 1527 2948 1582 super
2978 1510 3225 1566 circuitu
3285 1509 3485 1566 altaris
3533 1529 3736 1570 numero

519 1597 833 1666 sexdecim,
867 1619 1109 1674 pensan.
1143 1603 1390 1661 libras...
1423 1607 1639 1663 Verum
1673 1609 1852 1663 etiam
1883 1612 1940 1664 et
1971 1609 2208 1664 calicem
2233 1607 2622 1682 pendentilem
2646 1625 2780 1662 cum
2804 1607 3091 1664 catenulis
3117 1613 3173 1663 et
3193 1607 3507 1680 delphinis,
3533 1627 3735 1694 pensan.

517 1693 766 1752 libras...
801 1699 942 1756 Item
975 1703 1388 1758 sanctissimus
1418 1709 1474 1760 et
1506 1706 1875 1780 coangelicus
1903 1707 2180 1779 praefatus
2207 1706 2418 1780 praesul
2451 1711 2582 1780 post
2613 1705 3104 1778 deprmdationem
3153 1707 3570 1762 Saracenorum
3597 1693 3738 1765 istius

445 1791 481 1844 5
518 1793 772 1850 ecclesiae
806 1796 938 1852 fecit
969 1815 1146 1870 super
1178 1817 1388 1874 corpus
1419 1802 1572 1858 beati
1605 1803 1754 1860 Petri
1789 1804 2040 1878 upostoli
2077 1805 2364 1877 imagines
2390 1808 2716 1878 argenteas,
2751 1807 3021 1876 totasque
3053 1820 3300 1860 numero
3335 1807 3483 1872 tres;
3514 1809 3568 1860 et
3594 1822 3738 1860 unam

521 1891 756 1962 quidem
787 1893 846 1948 in
881 1897 1071 1952 medio
1102 1897 1416 1956 habentem
1448 1901 1702 1974 efﬁgiem
1735 1901 2053 1959 Salvatoris
2083 1902 2314 1958 Domini
2348 1901 2530 1958 nostri
2560 1901 2698 1958 Jesu
2730 1900 2944 1956 Christi
2969 1918 3101 1956 cum
3123 1901 3377 1974 gemmis
3399 1901 3456 1956 in
3475 1901 3644 1974 capite
3663 1919 3741 1976 per

521 2005 751 2045 erucem
787 1998 1050 2049 ornatam
1071 1993 1466 2067 hyacinthinis
1483 2003 1539 2054 et
1563 1999 1837 2072 prasinis.
1867 2005 2010 2056 Item
2035 2000 2206 2055 aliam
2231 1999 2547 2072 quamdam
2571 1999 2822 2072 positam
2843 1999 2916 2054 ad
2937 2000 3198 2054 dextram
3221 2003 3448 2071 partem
3469 1997 3740 2054 Salvatoris

520 2091 578 2141 et
605 2087 917 2146 habentem
945 2091 1172 2148 vultum
1205 2095 1356 2150 beati
1391 2095 1541 2151 Petri
1576 2097 1821 2170 apostoli
1854 2103 1910 2154 et
1941 2099 2120 2154 beata:
2169 2095 2520 2152 Petronillze.
2573 2095 2746 2152 aliam
2779 2097 3097 2170 quamdam
3147 2097 3402 2168 positam
3451 2097 3520 2152 ad
3557 2101 3740 2168 partem

521 2183 721 2240 laevam
755 2187 1066 2259 depictam,
1101 2191 1330 2248 vultum
1362 2193 1672 2250 habentem
1703 2196 1854 2251 beati
1887 2197 2126 2252 Andreae
2148 2194 2417 2268 apostoli,
2447 2194 2624 2250 simul
2647 2199 2704 2249 et
2723 2193 2954 2250 vultum
2977 2193 3236 2266 praedicti
3255 2193 3474 2250 summi
3495 2193 3742 2268 prmsulis,

403 2279 481 2354 _lO
519 2297 762 2354 pensan.
797 2283 976 2341 libras
1009 2291 1240 2342 centum
1273 2295 1330 2345 et
1362 2295 1632 2364 quatuor.
1669 2293 1825 2348 Fecit
1854 2293 1954 2348 ubi
1987 2311 2165 2366 supra
2194 2293 2380 2366 phara
2427 2309 2593 2360 aerea,
2628 2309 2755 2364 quas
2805 2292 3008 2348 sedent
3037 2307 3215 2364 super
3244 2290 3596 2346 vestibulum
3623 2292 3742 2347 sacri

521 2377 744 2446 altaris,
781 2398 1024 2439 numero
1057 2385 1386 2442 duodecim.
1417 2389 1577 2461 Szepe
1606 2406 1736 2445 vero
1769 2389 1862 2446 hic
1891 2389 2270 2446 beatissimus
2301 2407 2453 2462 papa
2484 2389 2683 2444 omnia
2711 2393 3048 2445 sanctorum
3079 2406 3206 2461 quas
3232 2389 3528 2446 destructa
3556 2391 3746 2444 fuerant

520 2475 646 2532 loca
677 2479 1026 2538 reaaditicare
1057 2499 1411 2558 magnopere
1442 2487 1735 2560 cupiebat.
1771 2488 1916 2544 Nam
1949 2487 2369 2543 monasterium
2403 2487 2737 2556 Corsarum,
2771 2488 2926 2560 quod
2951 2488 3123 2558 juxta
3137 2485 3450 2542 basilicam
3471 2488 3612 2543 beati
3631 2487 3744 2542 Sixti

521 2576 797 2650 martyris
831 2583 1004 2651 atque
1035 2581 1328 2654 pontiﬁcis
1358 2583 1538 2640 situm
1570 2589 1678 2654 est,
1703 2587 1856 2657 quod
1880 2587 2270 2658 quorumdam
2297 2585 2586 2641 malorum
2617 2584 2928 2640 hominum
2957 2585 3145 2642 fuerat
3167 2585 3444 2656 operibus
3466 2585 3744 2642 desolatam

520 2676 578 2728 et
610 2673 681 2728 ad
714 2675 1062 2734 smcularum
1094 2679 1512 2737 habitationem
1547 2683 1916 2756 perductum,
1947 2701 2050 2756 pro
2083 2683 2270 2740 salute
2300 2700 2366 2738 ac
2399 2683 2598 2738 futura
2643 2682 3022 2738 retributione
3070 2681 3277 2740 animae
3333 2700 3448 2738 suae
3477 2682 3746 2756 perfectius

407 2770 485 2846 Δ15
522 2773 884 2832 restauravit.
921 2775 982 2830 In
1017 2793 1131 2848 quo
1164 2779 1340 2834 etiam
1372 2779 1718 2837 ancillarum
1745 2781 1846 2837 Dei
1875 2781 2384 2855 congregationem
2408 2780 2746 2838 munivitad
2773 2779 3222 2854 persolvendum
3244 2780 3349 2836 Dei
3375 2779 3746 2854 omnipotentis

522 2869 780 2940 quotidie
811 2871 1033 2942 laudes,
1068 2877 1412 2932 muneribus
1443 2878 1623 2946 auxit,
1658 2877 1875 2934 divitiis
1905 2877 2254 2952 perornavit,
2289 2881 2346 2934 et
2369 2878 2567 2934 omnia
2597 2878 2780 2934 sacris
2811 2877 3137 2952 praeceptis,
3180 2895 3310 2952 quae
3367 2877 3563 2934 exinde
3589 2877 3749 2933 ablata

523 2965 772 3036 fuerant,
809 2974 1165 3042 restaurans,
1199 2973 1324 3029 suis
1355 2976 1572 3032 sanctis
1604 2976 1806 3050 digitis
1837 2975 2067 3050 plenius
2098 2993 2165 3032 ea
2197 2975 2582 3032 conﬁrmavit.
2618 2979 2672 3031 Is
2699 2975 2914 3048 saepius
2941 2979 3300 3031 memoratus
3324 2979 3381 3031 et
3417 2973 3747 3031 beatissimus

521 3080 673 3136 papa
701 3067 1129 3138 przedicationis
1160 3088 1277 3128 sua:
1307 3071 1564 3145 alloquio
1615 3073 1833 3132 multos
1861 3075 1932 3130 ad
1965 3073 2356 3147 cognitionem
2406 3073 2666 3130 veritatis
2715 3073 3008 3146 perduxit,
3041 3077 3098 3128 et
3129 3071 3465 3132 salutiferas
3507 3072 3740 3154 omnibus

521 3163 885 3234 operationes
917 3167 1176 3238 quotidie
1211 3169 1650 3228 demonstravit.

596 3257 746 3316 508
779 3262 924 3318 Nam
958 3268 1218 3322 octavam
1247 3269 1682 3342 Assumptionis
1716 3269 1895 3324 beatae
1927 3269 2029 3326 Dei
2061 3267 2374 3326 Genitricis
2404 3267 2582 3336 diem,
2617 3283 2744 3340 quae
2774 3267 3018 3324 minime
3051 3267 3246 3324 Romae
3277 3271 3454 3328 antea
3474 3267 3746 3334 colebatur,

522 3355 738 3430 vigiliis
768 3361 950 3416 sacris
979 3364 1402 3438 matutinisque
1433 3383 1566 3422 cum
1600 3367 1758 3424 omni
1791 3367 1943 3423 clero
1977 3371 2324 3440 pernoctans
2353 3365 2628 3422 laudibus
2659 3365 2716 3422 in
2736 3365 2976 3422 basilica
2999 3367 3264 3438 ejusdem
3287 3383 3520 3440 semper
3537 3363 3748 3438 Virginis

523 3454 774 3512 domina:
805 3465 1035 3529 nostrze,
1072 3479 1196 3534 qua:
1233 3463 1370 3519 foris
1405 3481 1606 3520 muros
1617 3467 1790 3536 juxta
1811 3465 2116 3520 basilicam
2141 3463 2294 3520 beati
2313 3464 2610 3520 Laurentii
2631 3464 2906 3536 martyris
2929 3464 3042 3520 sita
3062 3469 3174 3532 est,
3197 3463 3478 3522 celebrari
3501 3461 3746 3536 praecepit.

526 3550 588 3604 In
620 3569 796 3622 quam
829 3557 1004 3612 etiam
1037 3576 1252 3634 magna
1273 3561 1468 3632 populi
1493 3561 1810 3618 multitudo
1833 3567 2200 3630 convenerat,
2221 3579 2376 3618 nova:
2401 3562 2742 3628 festivitatis
2759 3561 3000 3636 cupiens
3019 3561 3314 3618 celebrare
3339 3560 3745 3646 solemnitatem.

451 3647 486 3701 5
527 3647 642 3704 Hoc
672 3648 796 3722 ipse
829 3656 1244 3726 magnanimus
1275 3675 1408 3714 cum
1441 3658 1659 3716 videret
1689 3660 1954 3728 antistes,
1989 3660 2047 3715 in
2079 3676 2283 3718 omnes
2315 3659 2414 3734 qui
2446 3659 2689 3716 aderant
2720 3659 2857 3716 huic
2887 3659 3208 3716 celebritati
3239 3658 3442 3732 plures
3491 3662 3750 3730 argenteos

525 3747 800 3818 erogavit.
837 3750 992 3806 Fecit
1020 3770 1151 3810 vero
1181 3755 1370 3811 isdem
1401 3756 1777 3814 beatissimus
1809 3757 1867 3813 in
1899 3759 2165 3830 ejusdem
2197 3759 2292 3812 Dei
2326 3757 2637 3814 Genitricis
2667 3773 3014 3832 semperque
3036 3756 3295 3830 Virginis
3333 3757 3522 3814 Maria:
3549 3753 3750 3814 ecclesia

520 3849 742 3901 vestem
774 3847 844 3904 de
875 3849 1113 3928 fundato
1144 3870 1345 3910 unam.
1380 3855 1615 3912 Necnon
1647 3856 1780 3912 fecit
1809 3855 2024 3913 ibidem
2059 3855 2185 3912 vela
2211 3872 2453 3912 numero
2485 3855 2876 3928 quadraginta
2901 3854 3179 3928 quinque,
3213 3855 3284 3910 Et
3319 3855 3474 3912 infra
3499 3854 3554 3932 in
3595 3851 3744 3925 ipsius

525 3941 780 4002 ecclesia:
819 3949 1157 4018 oratorium,
1210 3954 1365 4024 quod
1415 3953 1706 4012 vocitatur
1747 3955 1926 4010 beatae
1955 3954 2242 4022 Barbara},
2276 3953 2490 4010 obtulit
2534 3957 2755 4014 vestem
2787 3954 2859 4008 de
2909 3953 3149 4012 fundato
3199 3970 3406 4032 unam.
3456 3953 3575 4024 Ipse
3602 3949 3744 4030 agDeo

523 4041 852 4116 prmeipuus
884 4047 1128 4104 antistes
1162 4054 1218 4104 et
1249 4050 1307 4105 in
1340 4051 1590 4108 oratorio
1618 4057 1831 4108 sanctas
1863 4051 2130 4126 Eugeniae
2163 4051 2299 4108 fecit
2327 4055 2548 4108 vestem
2579 4051 2651 4108 de
2683 4050 2928 4106 fundato
2961 4067 3165 4106 unam.

597 4139 748 4204 509
781 4143 848 4198 Et
877 4143 970 4200 hic
1003 4145 1446 4216 solertissimus,
1481 4151 1592 4206 Deo
1622 4149 1968 4222 opitulante,
2011 4147 2540 4220 sanctissimusque
2571 4151 2628 4202 et
2659 4145 2718 4201 in
2751 4145 3029 4202 omnibus
3059 4145 3380 4220 praclarus
3427 4149 3590 4218 atque
3629 4159 3746 4216 prae-

525 4237 1026 4312 cipuuslpontifex
1055 4261 1268 4318 magno
1299 4246 1496 4303 animo
1526 4251 1583 4304 et
1613 4265 1761 4320 pura
1796 4246 2096 4304 voluntate
2144 4245 2380 4302 donavit
2407 4244 2466 4298 in
2498 4243 2744 4300 ecclesia
2791 4241 2946 4298 beati
2997 4243 3446 4316 protomartyris
3492 4239 3744 4314 Stephani,

524 4353 650 4407 quae
681 4338 919 4410 ponitur
949 4341 1088 4400 foris
1121 4360 1322 4400 muros
1363 4344 1534 4415 juxta
1576 4343 1880 4402 ecclesiam
1931 4343 2084 4400 beati
2129 4339 2429 4412 Laurentii
2477 4339 2770 4414 martyris,
2824 4344 3046 4396 vestem
3085 4341 3156 4396 de
3207 4341 3453 4400 fundato
3501 4336 3748 4398 unam.Et

525 4432 678 4490 infra
701 4435 879 4507 hujus
912 4439 1126 4496 moenia
1155 4441 1409 4498 ecclesiae
1441 4442 1501 4497 in
1551 4443 1800 4500 oratorio
1844 4441 1998 4500 beati
2047 4439 2256 4498 Leonis
2309 4438 2584 4512 martyris
2631 4437 2765 4494 fecit
2811 4443 3032 4494 vestem
3080 4439 3150 4494 de
3200 4438 3446 4495 fundato
3491 4453 3668 4494 unam.
3695 4434 3747 4488 Et

451 4529 486 4582 5
525 4529 648 4602 ipse
680 4531 1033 4592 mitissimus
1073 4538 1332 4608 pontifex
1375 4543 1551 4612 atque
1599 4543 1808 4596 acutus
1835 4538 1896 4593 in
1947 4538 2223 4594 omnibus
2255 4535 2426 4593 bonls
2475 4533 2778 4592 obtulitin
2830 4535 3076 4598 ecclesia
3133 4536 3314 4594 beata:
3348 4534 3452 4592 Dei
3481 4531 3742 4591 Genitricis

525 4644 868 4704 semperque
896 4634 1153 4708 Virginis
1179 4637 1371 4694 Mariae
1404 4638 1652 4695 dominae
1685 4643 1914 4705 nostrai,
1951 4654 2078 4710 quae
2109 4635 2345 4710 ponitur
2373 4633 2524 4690 infra
2553 4633 2896 4716 praedictum
2921 4633 3525 4712 monasteriu_m,quod
3545 4633 3743 4687 vocatur

524 4727 852 4796 Corsarum,
869 4737 1090 4790 vestem
1115 4736 1185 4790 de
1203 4736 1441 4794 fundato
1455 4754 1654 4794 unam.
1671 4736 1776 4793 Ubi
1791 4753 1971 4809 supra
1983 4733 2195 4792 obtulit
2207 4733 2266 4790 in
2279 4732 2527 4790 oratorio
2542 4731 2729 4790 sancti
2747 4731 2974 4792 Caesarii
2989 4737 3209 4788 vestem
3223 4732 3292 4788 de
3315 4731 3550 4788 fundato
3573 4741 3735 4784 unam.

601 4823 751 4880 510
785 4829 938 4884 Fecit
967 4829 1153 4890 isdem
1183 4833 1680 4908 benignisssimus
1724 4851 1956 4892 crucem
1989 4849 2228 4890 auream
2279 4831 2520 4898 noviter,
2555 4834 2610 4886 et
2641 4829 2771 4902 ipsa
2817 4846 2978 4897 crux,
3030 4833 3096 4884 ut
3121 4845 3248 4888 mos
3295 4827 3609 4910 antiquitus
3639 4825 3732 4906 est.

531 4920 872 4978 subdiaconi
905 4929 1175 4986 manibus
1205 4931 1500 4990 ferebatur
1529 4938 1662 4989 ante
1693 4949 1912 5004 equum
1955 4931 2450 5004 praedecessorum
2498 4927 2869 5002 pontificum,
2903 4943 3082 5000 quam
3130 4927 3246 4982 Deo
3281 4927 3524 4998 juvantc
3551 4924 3602 4979 in
3627 4933 3738 4978 auro

531 5022 588 5073 et
617 5025 856 5092 argento
887 5039 952 5078 ac
983 5027 1232 5096 gemmis
1261 5030 1472 5088 melius
1503 5031 1819 5088 renovavit.
1849 5029 2072 5088 Obtulit
2099 5046 2230 5090 vero
2263 5029 2324 5083 in
2353 5025 2598 5084 ecclesia
2621 5027 2801 5082 beatae
2835 5025 3114 5098 Nympha:
3165 5023 3459 5102 martyris.
3507 5038 3622 5093 qua:
3647 5030 3744 5074 esse

527 5117 757 5174 videtur
787 5119 844 5174 in
878 5119 1106 5178 civitate
1131 5124 1456 5196 Portuensi,
1486 5135 1706 5188 vestem
1738 5131 1809 5186 de
1840 5129 2084 5186 fundato
2107 5143 2308 5184 unam.
2343 5123 2626 5182 Similiter
2645 5123 2780 5180 fecit
2801 5123 2862 5178 in
2881 5121 3126 5180 ecclesia
3147 5123 3449 5180 beatorum
3471 5123 3742 5190 martyrum

455 5216 491 5272 5
526 5221 742 5273 Cosmae
773 5223 828 5274 et
857 5219 1149 5288 Damiani,
1183 5239 1308 5294 quae
1341 5226 1398 5280 in
1431 5227 1586 5284 Silva
1616 5228 1866 5284 candida
1895 5245 2022 5284 esse
2053 5227 2300 5282 videtur.
2335 5227 2557 5282 vestem
2589 5223 2660 5278 de
2693 5222 2933 5278 fundato
2965 5237 3166 5278 unam.
3219 5221 3452 5278 Necnon
3483 5217 3574 5274 ubi
3603 5227 3745 5292 supra

528 5315 740 5374 obtulit
767 5317 894 5374 vela
920 5319 990 5374 de
1021 5319 1262 5376 fundato
1289 5323 1417 5378 tria.
1443 5329 1645 5382 ornata
1667 5326 1724 5382 in
1748 5327 1996 5382 circuitu
2017 5327 2086 5381 de
2105 5323 2379 5380 blatthin.
2405 5322 2507 5378 Hic
2527 5338 2660 5378 vero
2683 5319 3060 5378 beatissimus
3081 5335 3234 5392 papa
3253 5316 3742 5392 sacratissimorum

530 5420 852 5488 martyrum
885 5417 1154 5491 sepulcra
1184 5419 1388 5476 devota
1417 5427 1611 5478 mente
1641 5403 1981 5496 ardentique
2011 5423 2250 5479 assidue
2271 5425 2502 5496 pectore
2523 5419 2818 5476 visitabat.
2845 5420 2999 5486 Quos
3021 5416 3235 5490 vigiliis
3259 5416 3552 5487 sacrisque
3574 5408 3743 5468 oratio-

533 5511 706 5568 nibus
737 5520 976 5574 cunctos
1006 5534 1109 5590 pro
1139 5517 1470 5576 orthodoxae
1503 5519 1636 5576 ﬁdei
1667 5520 1880 5594 populo
1913 5523 2207 5578 exorabat.

605 5611 748 5667 511
787 5613 888 5670 Die
922 5619 1114 5672 autem
1148 5617 1400 5690 quadam
1434 5635 1568 5674 cum
1603 5620 1674 5674 ad
1701 5619 2034 5692 sepulcrum
2068 5619 2220 5675 beati
2254 5617 2548 5674 Laurentii
2607 5613 2878 5696 martyris
2928 5611 3304 5686 pervenisset,
3335 5606 3593 5680 etsolito
3617 5612 3741 5704 more

531 5709 851 5766 orationem
881 5713 1151 5784 expleret,
1183 5716 1520 5790 diligentius
1551 5717 1844 5790 inquirere
1875 5717 2048 5790 erepit
2077 5736 2144 5774 ac
2175 5719 2391 5774 dicere:
2415 5715 2626 5782 Quanti
2649 5711 3021 5786 quotidianae
3046 5709 3141 5766 hic
3165 5705 3436 5766 monachi
3465 5706 3571 5762 Deo
3591 5712 3741 5801 om?

531 5808 750 5878 potenti
783 5809 1038 5864 referunt
1058 5811 1297 5869 laudes?
1318 5817 1480 5871 Tunc
1502 5833 1703 5872 omnes
1727 5815 1824 5888 qui
1851 5815 2090 5870 aderant
2113 5817 2277 5870 beato
2299 5811 2558 5886 pontifici
2583 5809 2950 5884 protulerunt
2971 5807 3126 5880 quod
3151 5823 3184 5863 a
3205 5805 3553 5906 quiliusgaﬂl
3585 5799 3738 5906 lion“:

535 5905 744 5963 ﬁcibus
777 5907 890 5963 duo
923 5911 1278 5968 monasteria
1306 5913 1524 5972 ibidem
1555 5915 1808 5972 tuissent
1838 5916 2192 5981 constructa,
2227 5910 2327 5966 sed
2357 5923 2461 5981 pro
2485 5923 2702 5978 magna
2721 5906 3080 5988 paupertatis
3107 5905 3306 5990 inopia
3323 5902 3386 5958 in
3408 5897 3738 5972 desolationes

465 6001 501 6056 5
538 6003 776 6062 reducta
803 6005 940 6064 sint.
971 6003 1102 6064 Mox
1132 6012 1328 6070 autem
1357 6013 1482 6086 ipse
1512 6013 1801 6074 almiﬁcus
1831 6011 2088 6086 pontifex
2117 6023 2370 6082 superno
2405 6008 2554 6070 nutu
2576 6010 2968 6077 compunctus
2989 6001 3428 6068 monasterium,
3459 5993 3600 6070 quod
3615 5999 3736 6047 nunc
