4058 6162
313 48 463 135 431'3
1103 64 1471 130 HISTORIA'
1518 66 1620 128 DE
1662 62 1865 129 VlTIS
1912 65 2102 127 ROM.
2151 64 2557 128 eorm—cs.
2607 66 2755 128 LEO
2799 66 2899 129 1v.
3545 70 3701 132 1314

446 200 633 257 sancti
662 200 903 257 vocatur
917 200 1195 274 Stephani
1227 198 1285 257 et
1302 197 2320 267 Cassiani,restaurans,muneribus
2351 215 2417 254 ac
2449 197 2869 255 divitiislocum
2891 197 3231 272 plenissime
3262 203 3612 274 pcrornavit.
3637 203 3700 258 In

452 299 605 372 quod
623 297 800 356 etiam
817 298 1031 355 sancta:
1047 295 1501 354 conversationis
1523 295 1721 370 plures
1743 298 1969 353 Graecos
1990 312 2198 369 genere
2222 294 2473 351 instituit
2490 296 2827 365 monachos,
2845 296 2945 369 qui
2967 290 3704 373 Omnipotenti,cidcmqi1e

448 396 688 471 martyri
719 397 814 454 die
844 400 1137 470 noctuque
1164 396 1370 453 laudes
1399 395 1812 470 persolverent.
1849 396 1976 466 Ipse
2006 394 2242 467 quidem
2277 411 2309 449 a
2340 394 2454 450 Deo
2486 399 2781 467 protectus
2813 399 2870 451 et
2898 396 3246 452 venerabilis
3290 398 3501 469 praesul
3551 399 3706 456 intra

447 492 752 550 basilicam
785 493 936 550 beati
970 494 1118 550 Petri
1150 494 1398 568 apostoli
1429 492 1730 551 oraculum
1763 492 1921 549 mirae
1954 491 2410 566 pulchritudinis
2440 491 2775 564 summique
2797 492 3020 549 decoris
3042 494 3554 567 construxit,quod
3574 495 3704 569 pul-

346 595 412 651 10
449 590 606 648 chris
638 591 1032 647 marmoribus
1062 590 1435 648 circumdans
1465 591 1769 666 splendide
1799 590 2070 664 compsit,
2104 588 2487 662 absidamque
2516 589 2643 661 ejus
2673 606 2741 645 ex
2788 590 3016 647 musivo
3065 609 3238 648 aureo
3290 593 3705 667 superinducto

449 689 639 746 colore
668 688 926 763 glerifice
957 688 1267 745 decoravit.
1301 693 1367 744 In
1396 706 1511 761 quo
1543 689 1718 746 etiam
1747 687 2076 763 venerabile
2105 705 2317 762 corpus
2347 687 2500 744 beati
2539 687 2746 743 Leonis
2797 688 3146 747 confessoris
3193 697 3367 763 atque
3414 674 3706 766 pontiﬁcis

452 786 792 854 recondens,
825 801 1058 842 sacrum
1091 786 1342 858 desUper
1371 786 1695 842 construxit
1723 782 1925 854 altare,
1949 789 2005 842 et
2035 785 2320 842 ciborium
2351 802 2484 841 cum
2515 801 2686 851 cruce
2715 789 3096 855 exaurata,ad
3130 788 3362 846 laudem
3385 795 3441 847 et
3461 792 3706 865 gloriam

451 882 633 939 Chriti
666 882 922 940 nominis
953 884 1061 940 hoc
1093 882 1285 940 fretus
1308 901 1504 941 amore
1533 882 1796 957 perfecit,
1828 886 1894 939 ut
1922 880 2033 939 sibi
2066 883 2311 957 dignum
2342 883 2401 939 in
2432 882 2643 939 aethere
2676 883 3042 955 conquireret
3066 883 3280 940 locum.

526 1008 672 1066 521
718 1007 968 1065 Patratis
1014 1009 1211 1082 itaque
1242 1008 1519 1065 omnibus
1567 1011 1742 1080 atque
1772 1006 2044 1081 perfectis
2074 1007 2369 1079 operibus,
2399 1024 2650 1080 quorum
2674 1008 2801 1079 jam
2833 1006 3137 1081 sigillatim
3168 1011 3440 1083 superius
3469 1015 3711 1071 nomina

451 1106 670 1179 scripta
716 1110 812 1163 vet
858 1112 1181 1164 memorata
1226 1110 1385 1174 sunt,
1418 1105 1726 1163 confestim
1750 1105 1936 1162 isdem
1969 1109 2170 1177 pastor
2198 1109 2257 1161 et
2287 1106 2455 1162 Pater
2482 1106 2773 1180 egregius,
2805 1106 3074 1179 quamvis
3105 1108 3508 1183 universarum
3534 1113 3710 1185 proli-

453 1220 624 1260 cuam
654 1203 1033 1261 ecclesiarum
1065 1190 1159 1262 Dei
1191 1223 1393 1263 curam
1424 1206 1781 1278 dignamque
1799 1203 2252 1260 sollicitudinem
2274 1208 2517 1276 gereret,
2533 1208 2590 1259 et
2610 1205 2681 1260 ad
2704 1221 2877 1260 omne
2893 1221 3040 1277 opus
3062 1205 3281 1262 bonum
3299 1223 3415 1280 prae
3437 1210 3711 1267 omnibus

450 1299 712 1358 intentus
743 1302 1015 1360 existeret
1043 1320 1113 1360 ex
1141 1302 1349 1359 intimo
1379 1303 1572 1360 cordis
1601 1302 1693 1361 sui
1722 1301 1898 1377 longa
1925 1302 2166 1359 trahens
2197 1302 2471 1376 suspiria,
2506 1320 2638 1358 cum
2669 1302 2929 1376 quotidie
2958 1303 3284 1360 beatissimi
3314 1308 3713 1378 apostolorum

376 1400 416 1480 5.
450 1398 735 1472 principis
766 1400 917 1456 Petri
950 1400 1415 1457 sacratissimum
1448 1400 1628 1458 altare
1657 1406 1918 1458 cerneret
1937 1400 2239 1471 violatum,
2260 1403 2317 1456 et
2344 1401 2417 1457 ad
2448 1404 2673 1457 tantam
2704 1400 3139 1458 inhonestatem
3171 1421 3204 1458 a
3234 1405 3539 1462 Saracenis
3589 1423 3712 1480 per-

451 1496 589 1552 ﬁdis
619 1496 854 1570 Deoque
883 1498 1192 1555 contrariis
1221 1503 1280 1554 et
1305 1498 1589 1556 vilitatem
1617 1500 1988 1572 perductum,
2021 1499 2198 1555 etiam
2227 1502 2286 1555 et
2314 1499 2492 1572 (quod
2525 1498 2786 1554 dolentes
2815 1503 3243 1572 moerentesque
3295 1501 3567 1576 dicimus)
3590 1503 3715 1575 ipse

450 1592 712 1667 undique
740 1594 1140 1652 Christianum
1170 1596 1455 1669 populum
1488 1597 1560 1653 ad
1580 1597 1708 1669 jam
1739 1596 1841 1653 fati
1873 1596 2157 1670 principis
2185 1596 2608 1668 sacratissima,
2638 1595 2918 1652 orationis
2944 1612 3123 1653 causa
3149 1597 3236 1653 vel
3268 1599 3475 1670 gratia,
3508 1599 3715 1656 limina

450 1691 732 1749 destinari
763 1699 1042 1764 cerneret,
1076 1698 1134 1750 et
1161 1695 1234 1751 ob
1264 1694 1374 1752 hoc
1402 1698 1536 1752 vota
1565 1712 1674 1752 sua
1704 1698 1769 1750 ut
1799 1693 1937 1750 olim
1971 1695 2247 1767 perﬁcere
2279 1711 2394 1750 non
2439 1692 2689 1767 pleniter
2739 1691 3081 1766 satagebat;
3115 1694 3243 1750 ideo
3292 1695 3717 1768 omnipotentis

449 1789 683 1845 Domini
715 1791 899 1848 fretus
929 1790 1166 1861 auxilio,
1195 1796 1371 1865 atque
1394 1792 1637 1849 consilio
1677 1796 1735 1849 et
1761 1792 1974 1848 virtute
2005 1791 2291 1860 munitus,
2323 1791 2517 1853 aureis
2548 1790 2844 1863 simulque
2873 1791 3167 1864 argenteis
3206 1792 3405 1850 talulis
3436 1811 3552 1850 non
3583 1798 3713 1851 tan-

339 1888 410 1943 10
449 1891 581 1943 tum
611 1889 1039 1945 confessionem
1070 1906 1535 1958 sacram,verum
1565 1890 1740 1948 etiam
1770 1891 2020 1947 frontem
2051 1889 2345 1962 saepedicti
2377 1888 2580 1945 altaris
2611 1889 2754 1945 satis
2783 1889 3057 1947 decenter
3086 1894 3144 1945 et
3172 1890 3488 1949 honorifice
3519 1910 3715 1965 peror-

450 1985 715 2054 navit',ut
743 2003 1001 2059 praesens
1028 2004 1133 2060 per
1161 1988 1362 2045 omnia
1388 2005 1536 2061 opus
1565 1988 1784 2045 ibidem
1817 1988 2152 2045 dedicatum
2183 1986 2312 2043 luce
2342 1985 2559 2043 clarius
2586 1986 3347 2052 manifestat.Quamobrem
3378 1990 3715 2046 venerandii

454 2082 662 2139 altaris
711 2083 963 2140 frontem
1005 2084 1361 2159 praecipuam
1404 2084 1622 2143 tabulis
1653 2102 1795 2142 auro
1827 2086 2048 2158 optimo
2078 2085 2302 2141 noviter
2331 2082 2636 2152 dedicavit,
2668 2101 2786 2139 una
2818 2100 2951 2140 cum
2983 2085 3232 2158 gemmis
3262 2087 3719 2161 quamplurimis

454 2179 625 2237 valde
652 2179 891 2252 optimis
921 2197 988 2237 ac
1017 2182 1290 2255 pretiosis
1319 2186 1503 2239 totam
1533 2182 1939 2251 circumdedit,
1954 2187 2011 2239 et
2032 2182 2093 2238 in
2112 2181 2414 2238 meliorem
2435 2186 2503 2237 ut
2518 2181 2682 2255 prius
2704 2184 2925 2238 statum
2947 2182 3331 2256 decoremque
3350 2186 3633 2257 perduxit.
3654 2187 3718 2243 In

458 2276 677 2349 quibus
708 2277 931 2335 scilicet
959 2279 1173 2349 aureis,
1188 2284 1255 2337 ut
1285 2281 1508 2337 dictum
1539 2279 1880 2349 est,tabulis
1910 2297 2026 2337 non
2061 2280 2253 2336 solum
2285 2279 2689 2352 Redemptoris
2718 2280 2901 2335 nostri
2930 2280 3119 2337 forma
3146 2282 3377 2355 depicta
3396 2284 3720 2358 praefulget,

344 2375 416 2433 45
459 2389 665 2432 verum
696 2379 753 2432 et
773 2376 902 2448 ejus
932 2377 1279 2434 resurrectio
1308 2378 1656 2446 veneranda,
1690 2381 1865 2449 atque
1895 2375 2179 2432 indicium
2209 2392 2386 2432 sacrae
2418 2391 2484 2432 ac
2516 2375 2831 2432 salutifera:
2861 2377 3071 2435 crucis.

535 2490 688 2547 518
728 2487 879 2547 Petri
910 2508 1143 2566 quoque
1172 2492 1450 2566 Paulique
1480 2493 1698 2567 pariter
1722 2492 1921 2550 vultus
1950 2497 2126 2565 atque
2154 2492 2395 2548 Andreae
2424 2490 2484 2546 in
2511 2480 2952 2564 praenomi'natis
2982 2495 3201 2552 tabulis
3232 2497 3506 2554 simiiiter
3526 2498 3722 2571 splen-

459 2587 603 2644 dent
632 2592 806 2662 atqne
834 2593 1145 2647 coruscant
1161 2607 1174 2646 :
1189 2590 1342 2647 inter
1361 2608 1508 2663 quos
1525 2586 1885 2648 sanctissimi
1909 2590 2102 2663 quarti
2136 2590 2343 2646 Leonis
2365 2588 2651 2662 praesulis,
2670 2605 2894 2646 necnon
2916 2596 2974 2647 et
2990 2593 3265 2665 specialis
3280 2594 3383 2649 filii
3407 2596 3497 2651 sui
3520 2595 3723 2653 domni

458 2685 833 2759 imperatoris
882 2688 1160 2758 Lotharii,
1195 2695 1431 2763 propter
1479 2689 1738 2745 futuram
1790 2688 2134 2745 memoriam
2166 2686 2285 2744 sive
2316 2688 2665 2754 mercedem,
2694 2703 2955 2759 persona:
2985 2690 3102 2747 Deo
3134 2690 3342 2759 charis,
3377 2708 3481 2764 per
3510 2699 3725 2752 cuncta

460 2780 676 2842 sacula
703 2786 1046 2842 venerandae
1068 2787 1309 2860 depictas
1330 2790 1487 2844 sunt.
1504 2786 1663 2843 Fecit
1686 2785 1936 2859 denique
1956 2784 2218 2842 tabulam
2241 2780 2313 2841 de
2334 2784 2565 2853 smalto,
2582 2801 2729 2857 opus
2757 2786 3037 2843 ducentas
3060 2787 3352 2845 sexdecim
3374 2806 3517 2846 auro
3540 2791 3721 2848 obrizi

379 2881 420 2936 5
462 2875 686 2952 pensan
716 2880 918 2939 libras.
935 2880 1368 2941 Confessionem
1398 2898 1530 2941 vero
1551 2884 1751 2940 crebro
1773 2883 1913 2940 dicti
1936 2882 2138 2939 altaris
2158 2882 2375 2939 tabulis
2399 2899 2469 2938 ex
2486 2887 2729 2956 argento
2748 2883 2973 2956 paratis
2989 2885 3329 2957 purissimo,
3346 2884 3526 2944 simili
3548 2888 3722 2948 modo

460 2983 587 3035 tota
615 2974 796 3036 animi
827 2978 1129 3038 devotione
1158 2982 1230 3038 ad
1261 2978 1570 3055 antiquum
1600 2981 1779 3039 decus
1808 2986 1867 3040 et
1893 2985 2111 3038 statum
2143 2980 2433 3054 perduxit.
2465 2981 2529 3037 In
2559 2980 2776 3053 quibus
2805 2978 3161 3039 Salvatorem
3190 2983 3249 3039 in
3282 2984 3492 3042 throno
3512 2988 3726 3045 seden-

465 3081 583 3133 tem
635 3072 1033 3151 conspicimus
1076 3080 1362 3153 pretidsas
1383 3080 1443 3136 in
1464 3080 1651 3153 capite
1670 3073 1935 3154 gemmas
1958 3080 2291 3147 habentem,
2325 3082 2382 3136 et
2411 3095 2445 3134 a
2473 3078 2690 3134 dextris
2731 3077 2893 3135 illius
2931 3076 3235 3150 cherubin,
3268 3098 3303 3138 a
3332 3081 3473 3139 laeva
3492 3098 3726 3158 quoque

467 3176 598 3247 ejus
644 3170 842 3233 vultus
893 3174 1291 3250 apostolorum
1341 3174 1798 3251 caeterorumque
1829 3176 2111 3251 depictos.
2145 3177 2268 3233 Imo
2299 3181 2357 3232 et
2387 3192 2566 3249 rugas
2598 3176 2734 3232 fecit
2764 3192 2942 3232 sacrae
2974 3178 3359 3236 confessionis
3387 3195 3457 3238 ex
3487 3187 3726 3256 argento

469 3266 1072 3345 constructas,vultus
1105 3276 1385 3334 habentes
1417 3270 1744 3333 beatissimi
1778 3268 1930 3333 Petri
1961 3281 2018 3333 et
2048 3273 2231 3341 Pauli,
2249 3289 2493 3347 pensan.
2507 3273 2689 3330 libras
2708 3275 2989 3331 ducentas
3009 3279 3068 3331 et
3087 3274 3380 3349 octo.lpse
3400 3294 3534 3336 vero
3555 3296 3589 3336 a
3610 3281 3726 3338 Deo

347 3361 426 3430 1Ὁ
470 3362 746 3429 amabilis
778 3377 835 3430 et
864 3364 1365 3447 prudentissimus
1393 3375 1653 3447 pontifex
1683 3374 1819 3430 fecit
1842 3374 1901 3429 in
1931 3373 2177 3430 basilica
2204 3372 2357 3429 beati
2390 3371 2540 3428 Petri
2572 3371 2820 3444 apostoli
2841 3371 2967 3428 vela
2987 3389 3056 3429 ex
3076 3388 3217 3429 auro
3244 3379 3399 3431 texta
3418 3377 3730 3448 pendentia

467 3462 535 3527 in
564 3472 819 3529 arcubus
849 3462 1080 3546 compte
1110 3472 1169 3529 in
1203 3460 1449 3529 circuitu
1481 3468 1552 3528 de
1583 3472 1837 3529 blatthin
1868 3488 2113 3527 numero
2146 3469 2690 3526 undecim.Necnun
2712 3474 2769 3526 et
2789 3468 2849 3525 in
2873 3471 3125 3528 oratorio
3146 3473 3333 3529 sancti
3365 3475 3572 3532 Leonis
3594 3494 3733 3549 pon-

465 3568 646 3626 tiﬁcis
676 3570 831 3626 intra
858 3570 1164 3627 ecclesiam
1195 3570 1349 3627 beati
1379 3570 1537 3626 Petri
1567 3569 1816 3643 apostoli
1845 3568 1981 3626 fecit
2008 3572 2230 3625 vestem
2262 3567 2512 3624 sericam
2543 3566 2735 3624 albam
2768 3566 3085 3641 sigillatam
3125 3585 3259 3625 cum
3290 3573 3644 3644 gammadiis
3673 3579 3731 3632 et

471 3664 742 3738 periclysi
774 3666 846 3722 de
876 3665 1126 3722 blatthin
1160 3683 1361 3735 unam,
1396 3671 1455 3723 et
1486 3656 1611 3722 vela
1639 3665 1912 3723 similiter
1941 3664 2076 3722 alba
2106 3666 2331 3738 majora
2360 3666 2496 3734 duo,
2529 3665 2758 3721 minora
2786 3669 2935 3722 octo.
2971 3668 3042 3723 Et
3072 3667 3130 3722 in
3164 3671 3517 3728 monasterio
3546 3672 3733 3730 sancti

470 3760 727 3831 Caesarii,
759 3765 913 3837 quod
946 3765 1185 3837 ponitur
1214 3765 1271 3820 in
1305 3764 1542 3837 palatio,
1577 3765 1712 3821 fecit
1739 3768 1960 3821 vestem
1985 3765 2059 3820 de
2089 3765 2333 3820 fundato
2364 3779 2567 3832 unam,
2597 3767 2656 3819 et
2682 3762 2811 3819 vela
2843 3768 2997 3821 octo.

546 3884 697 3944 514
736 3887 865 3961 Ipse
892 3904 1024 3943 vero
1055 3905 1089 3943 a
1117 3887 1233 3944 Deo
1265 3892 1559 3960 protectus
1590 3891 1647 3945 et
1673 3886 2023 3950 venerabilis
2052 3886 2311 3959 pontifex
2337 3890 2572 3960 propter
2600 3886 3044 3943 retributionem
3077 3893 3135 3944 et
3167 3890 3493 3946 mercedem
3524 3890 3733 3948 anima;

470 4003 590 4041 suae
621 3985 756 4041 fecit
785 3984 843 4041 in
875 3983 1203 4041 cmmeterio
1234 3985 1413 4042 beatas
1443 3986 1681 4060 Agathzs
1722 3984 2017 4058 martyris,
2052 3985 2207 4056 quod
2239 3984 2478 4057 ponitur
2507 3982 2646 4039 foris
2677 3988 2907 4056 portam
2935 3985 3087 4041 beati
3120 3987 3405 4042 Pancratii
3436 3990 3731 4062 martyris,

471 4090 693 4140 vestem
743 4084 815 4141 de
858 4083 1101 4139 fundato
1149 4099 1351 4151 unam,
1382 4087 1439 4140 et
1468 4083 1593 4140 vela
1623 4086 1772 4140 octo.
1806 4081 2087 4150 Quisnam
2119 4082 2309 4138 dicere
2340 4080 2550 4149 valeat,
2579 4078 2667 4136 vel
2702 4094 2938 4137 narrare
2976 4083 3247 4139 sufficere
3274 4083 3477 4156 possit,
3512 4091 3735 4157 quanta

474 4181 599 4253 ipse
630 4198 664 4236 a
689 4181 805 4236 Deo
833 4185 1127 4254 protectus
1156 4184 1213 4236 et
1243 4179 1664 4238 solertissimus
1691 4199 1843 4255 papa
1873 4180 2093 4237 sanctis
2123 4179 2267 4236 locis
2298 4180 2503 4236 devota
2533 4178 2747 4235 obtulit
2775 4183 2971 4234 mente
3002 4180 3192 4235 dona?
3212 4181 3356 4236 Nam
3379 4181 3437 4235 in
3460 4183 3730 4253 oratorio,

390 4280 434 4334 5
479 4278 634 4349 quod
675 4275 838 4333 Pauli
884 4277 1100 4333 dicitur
1145 4294 1328 4350 papae,
1362 4278 1522 4334 mira
1553 4276 2014 4351 pulchritudinis
2044 4275 2259 4333 obtulit
2288 4280 2505 4333 vestem
2539 4274 2890 4359 aquilarum,
2925 4274 3234 4331 habentem
3264 4274 3569 4334 historiam
3599 4296 3734 4336 cum

476 4391 645 4431 cruce
678 4374 749 4431 de
779 4375 1150 4448 chrysoclavo
1176 4379 1234 4432 et
1261 4376 1612 4449 gammadiis
1644 4393 1844 4432 unam.
1872 4374 2028 4433 Fecit
2059 4379 2253 4431 autem
2286 4374 2345 4430 in
2377 4374 2626 4431 oratorio
2658 4376 2996 4430 sanctorum
3028 4372 3287 4429 Processi
3317 4378 3374 4429 et
3402 4374 3737 4433 Martiniani

474 4471 807 4545 splendoris
835 4490 951 4529 non
982 4472 1196 4530 modici
1228 4478 1443 4531 vestem
1476 4492 1610 4531 cum
1642 4474 1785 4532 rotis
1816 4478 1874 4531 et
1898 4474 2259 4540 hominibus,
2294 4476 2350 4528 et
2378 4471 2684 4528 historiam
2716 4488 2849 4528 eum
2882 4487 3073 4538 cruce,
3107 4470 3379 4527 similiter
3396 4471 3467 4527 de
3496 4471 3738 4546 chryso-

475 4570 658 4638 clavo,
674 4574 732 4628 et
751 4569 1149 4645 gammadiam
1170 4588 1373 4629 unam.
1389 4572 1580 4629 Aliam
1597 4590 1730 4630 vero
1752 4577 1973 4629 vestem
2007 4571 2242 4645 fulgidae
2271 4569 2513 4627 visionis
2545 4570 2605 4626 in
2637 4569 2880 4626 basilica
2896 4573 3109 4625 sanctze
3133 4567 3454 4626 Petronillae
3476 4570 3737 4643 perfecit,

474 4667 811 4739 habentem,
845 4673 1032 4727 rotam
1059 4668 1439 4744 aquilamque
1470 4688 1606 4728 cum
1637 4688 1806 4728 cruce
1837 4671 1908 4728 de
1936 4670 2309 4744 chrysoclavo
2338 4674 2397 4725 et
2426 4667 2780 4743 gammadiis
2812 4682 3012 4724 unam.

552 4770 701 4850 5-15
742 4792 966 4851 Obtulit
1018 4810 1149 4850 vere
1179 4793 1239 4849 in
1270 4794 1520 4855 oratorio
1553 4798 1766 4852 sanctae
1793 4794 1895 4852 Dei
1926 4793 2237 4852 Genitricis
2269 4809 2502 4865 semper
2531 4791 2773 4865 virginis
2803 4790 3052 4848 dominae
3095 4792 3304 4846 nostrae
3335 4789 3549 4860 Marias,
3582 4793 3738 4865 quod

475 4892 537 4947 in
565 4891 835 4949 mediana
863 4890 1151 4961 consistit,
1181 4895 1400 4949 vestem
1432 4892 1705 4949 similiter
1734 4910 1868 4950 cum
1910 4891 2055 4950 rotis
2077 4890 2407 4965 aquilisque
2436 4894 2494 4945 ct
2522 4906 2692 4946 cruce
2718 4890 2789 4945 de
2821 4887 3192 4962 chrysoclavo
3223 4904 3356 4945 cum
3388 4884 3740 4962 gammadiis

478 5006 679 5046 unam.
716 4988 872 5046 Fecit
901 4990 1139 5063 quidem
1169 4989 1230 5045 in
1264 4989 1514 5047 oratorio
1545 4990 1732 5047 sancti
1761 4990 2001 5046 Adriani
2027 4992 2247 5046 vestem
2277 5005 2412 5045 cum
2445 4985 2587 5043 rotis
2618 4985 3042 5059 hominumque
3072 4986 3376 5060 efﬁgiebus
3406 5004 3539 5044 cum
3570 5004 3741 5045 cruce

478 5087 749 5145 similiter
769 5088 839 5144 de
858 5087 1229 5162 chrysoclavo
1251 5092 1310 5144 et
1329 5088 1681 5162 gammadiis
1709 5105 1909 5145 unam.
1926 5088 2055 5162 Ipse
2085 5104 2216 5144 vero
2244 5085 2459 5159 sacpius
2481 5090 2842 5143 memoratus
2868 5088 2923 5141 et
2947 5084 3328 5141 beatissimus
3356 5103 3509 5159 papa
3529 5084 3741 5142 obtulit

388 5187 434 5243 5
479 5185 539 5241 in
572 5184 815 5242 basilica
840 5184 1027 5242 sancti
1057 5183 1385 5242 Sebastiani
1416 5184 1710 5259 martyris,
1725 5202 1853 5259 quae
1884 5186 1943 5241 in
1977 5186 2250 5242 Frascata
2278 5183 2567 5251 consistit,
2586 5186 2803 5239 vestem
2832 5181 3267 5256 pretiosissimae
3300 5181 3583 5238 claritatis
3604 5174 3739 5238 cum

479 5297 650 5338 cruce
680 5282 750 5338 de
781 5280 1153 5355 chrysoclavo
1184 5286 1242 5339 et
1270 5281 1624 5356 gammadiis
1653 5300 1855 5339 unam.
1891 5283 1998 5350 Qui
2031 5299 2303 5340 summus
2333 5284 2391 5337 et
2422 5279 2752 5354 praecipuus
2783 5280 2997 5354 praasul
3029 5281 3164 5337 fecit
3202 5280 3261 5336 in
3296 5277 3539 5334 basilica
3584 5277 3739 5333 beati

482 5379 629 5437 Petri
656 5379 905 5453 apostoli
939 5378 1223 5437 cortinam
1254 5379 1642 5437 holosericam
1674 5396 1809 5437 cum
1837 5380 2098 5439 historiis
2128 5379 2333 5437 multis
2363 5378 2645 5435 claritatis
2676 5378 2977 5436 immensae
3011 5380 3081 5434 ad
3114 5379 3378 5435 decorem
3410 5378 3466 5431 et
3492 5373 3738 5446 gloriam

482 5477 667 5551 ipsius
698 5478 1109 5536 sacratissime
1141 5478 1395 5537 basilicae
1428 5479 1790 5537 unam.Cum
1818 5496 1953 5537 vero
1984 5479 2127 5550 haec,
2143 5483 2199 5536 et
2230 5496 2358 5552 qua:
2390 5477 2610 5551 scripta
2640 5481 2800 5549 sunt,
2816 5478 2928 5533 Leo
2957 5476 3046 5531 vir
3074 5472 3454 5531 beatissimus
3475 5476 3740 5545 quartus-

481 5562 591 5648 que
613 5576 827 5650 praesul
857 5578 1104 5635 Domino
1132 5577 1440 5635 solatiante
1459 5577 1677 5634 amoris
1708 5594 1774 5634 ac
1797 5577 2070 5634 desiderii
2090 5577 2276 5651 gratio
2299 5594 2401 5649 per
2420 5575 2648 5632 diversa
2670 5575 2901 5648 piorum
2922 5572 3048 5629 loca
3066 5574 3402 5627 sanctorum
3425 5568 3740 5643 perfectius

348 5670 447 5731 10'
484 5674 848 5755 contulisset,
878 5679 1019 5732 tunc
1049 5676 1122 5732 de
1150 5679 1422 5755 Romanae
1455 5673 1620 5731 urbis
1650 5678 1807 5731 statu
1838 5692 1904 5732 ac
1936 5674 2358 5732 restauratione
2384 5673 2824 5746 murorum,qui
2850 5670 3161 5743 longojam
3193 5668 3355 5726 senio
3385 5673 3557 5743 atque
3575 5660 3741 5725 vetu-

484 5752 631 5853 state
662 5770 847 5830 nimia
875 5772 1044 5830 fracti
1072 5754 1369 5846 dirutique
1398 5770 1664 5828 funditus
1683 5771 2050 5843 videbantur,
2066 5772 2240 5847 ccepit
2264 5790 2398 5830 cum
2420 5773 2559 5829 Jesu
2580 5768 2791 5826 Christi
2815 5766 3045 5853 Domini
3061 5770 3317 5853 tractare
3345 5760 3637 5834 consultu,
3668 5782 3742 5823 ne

483 5865 532 5924 si
564 5845 665 5926 diu
696 5858 807 5928 sub
838 5871 948 5929 hac
971 5858 1328 5944 negligentia
1346 5868 1467 5927 sive
1487 5864 1775 5927 oblivione
1794 5845 2199 5941 consisterent,
2214 5874 2318 5927 aut
2346 5867 2592 5925 Domino
2614 5864 2989 5939 permittente
3011 5852 3241 5922 facilius
3262 5850 3332 5921 ab
3350 5856 3619 5920 hostibus
3641 5866 3744 5921 aut

487 5967 611 6043 capi
644 5971 745 6028 aut
774 5968 969 6028 forsan
1001 5966 1324 6045 expugnari
1353 5965 1690 6044 potuissent
1719 5983 1735 6028 :
1769 5966 1919 6043 ideo,
1953 5985 2026 6028 ne
2056 5968 2167 6028 hoc
2198 5968 2259 6027 in
2288 5968 2553 6027 futurum
2584 5962 2809 6023 malum
2839 5963 3022 6038 ﬁeret,
3056 5976 3260 6023 omnes
3307 5958 3744 6042 praenominata
