4058 6162
474 96 881 171 perinductam
913 97 1124 163 colore,
1156 112 1291 152 cum
1320 94 1511 152 crucis
1545 98 1756 169 tropaeo
1786 92 2219 166 Salvatorisque
2249 93 2458 166 efﬁgie,
2510 97 2841 166 sanctzeque
2896 92 2997 150 Dei
3045 94 3355 152 Genitricis
3401 100 3460 152 et
3506 101 3737 152 sancto-

475 212 607 252 rum
638 194 1037 268 apostolorum
1071 195 1314 269 pulchro
1345 193 1639 249 schemate
1668 195 2022 258 decoratum,
2058 209 2303 265 pensan.
2334 190 2517 248 libras
2567 197 2818 264 septem;
2855 192 3124 249 similiter
3178 193 3417 250 calicem
3470 198 3742 251 sanctum

369 297 434 352 10
474 311 734 367 auroque
767 292 1067 366 perfusum
1104 291 1629 365 Evangelistarum,
1664 291 1974 346 habentem
2010 290 2261 360 iconam,
2295 294 2350 343 et
2380 306 2634 359 crucem,
2669 308 2831 362 pens.
2867 290 3047 347 libras
3087 295 3366 363 quatuor;
3404 308 3629 349 necnon
3676 310 3745 349 ex

477 394 717 465 argento
748 388 1065 463 purissimo
1098 389 1445 444 cantharum
1480 392 1845 456 exauratum,
1869 387 1927 442 in
1959 404 2075 460 quo
2106 386 2472 459 signaculum
2502 386 2561 441 in
2594 386 2841 442 circuitu
2872 389 3215 460 depressum
3248 388 3504 444 cernitur
3533 389 3743 457 crucis,

479 506 614 545 cum
647 487 1063 561 prophetarum
1096 487 1423 560 efﬁgiebus,
1456 485 1901 559 beatissimique
1933 484 2210 559 Stephani
2242 482 2417 557 primi
2447 484 2724 556 martyris
2768 484 2974 554 icona;
3006 490 3407 543 verumtamen
3458 490 3515 543 et
3562 486 3746 542 thuri-

479 586 686 643 bizlum
718 603 787 643 ex
815 590 1054 659 argento
1087 584 1480 641 mundissimo
1512 583 1900 658 apostolicum
1932 599 2115 639 unum
2145 601 2159 652 ;
2191 582 2475 657 gabathas
2506 583 2578 638 ad
2611 581 2858 638 nitorem
2889 582 3077 655 ipsius
3106 601 3212 639 ven
3253 585 3446 640 randac
3494 584 3747 643 basilicae

485 687 794 742 exauratas
826 685 1098 754 quatuor,
1132 699 1297 755 pens.
1332 682 1562 754 pondus
1590 681 1841 737 duarum
1875 680 2055 736 semis
2084 679 2391 735 librarum.

556 782 708 839 520
760 780 858 835 llis
896 781 1173 837 omnibus
1219 779 1304 835 ita
1351 779 1553 853 gestis,
1605 778 2032 836 confessionem
2084 795 2219 834 cum
2273 794 2437 833 sacro
2486 776 2657 834 altari
2705 776 2997 850 argenteis
3045 778 3263 835 tabulis
3293 797 3537 852 pensan.
3570 780 3751 836 libras

483 877 803 952 nonaginta
831 881 889 934 et
917 881 1035 934 tres
1068 877 1377 945 decoravit,
1408 880 1863 948 sanctorumque
1894 875 2201 947 efﬁgiebus
2233 876 2583 947 pcrornavit.
2619 876 2805 948 Super
2834 876 2991 948 quod
3022 875 3196 933 etiam
3245 878 3458 934 obtulit
3504 896 3750 953 regnum

484 980 555 1035 de
600 980 839 1050 argento
888 975 1208 1049 purissimo
1258 991 1390 1030 cum
1442 973 1885 1048 pretiovissimis
1929 972 2200 1045 gemmis,
2233 972 2458 1029 habens
2505 973 2565 1027 in
2614 973 2807 1029 medio
2851 989 3106 1043 erucem,
3151 976 3307 1047 quod
3358 993 3549 1049 usque
3597 994 3753 1033 nunc

484 1091 662 1149 super
701 1074 905 1130 eodem
952 1073 1202 1145 pendere
1255 1071 1424 1128 altari
1473 1070 1851 1143 conspicitur.
1888 1069 1996 1125 Ubi
2047 1068 2223 1125 etiam
2272 1068 2487 1125 obtulit
2533 1069 2657 1126 vela
2706 1072 2777 1127 dc
2827 1071 3069 1128 fundato
3115 1073 3506 1146 quadraginta
3534 1080 3591 1132 et
3621 1076 3753 1133 tria.

413 1179 449 1233 5
488 1176 616 1248 Ipse
644 1190 777 1229 vero
810 1170 1024 1245 saepius
1053 1174 1413 1227 memoratus
1443 1173 1501 1226 et
1530 1168 1846 1241 praeclarus
1877 1168 2125 1225 antistes
2175 1185 2427 1241 superno
2478 1168 2882 1226 inﬂammatus
2933 1186 3130 1245 amore
3178 1171 3390 1228 obtulit
3436 1173 3496 1228 in
3551 1191 3757 1231 mona-

489 1271 666 1329 sterio
696 1270 883 1326 sancti
917 1267 1179 1325 Silvestri
1212 1268 1485 1341 santique
1509 1267 1802 1324 Benedicti
1834 1271 1890 1322 et
1919 1270 2131 1322 sancta
2164 1266 2557 1332 Scholasticis,
2590 1268 2742 1339 quod
2796 1273 3171 1340 nuncupatur
3218 1271 3328 1325 sub
3362 1272 3534 1341 Lacu,
3569 1277 3760 1330 vestes

496 1371 566 1426 de
594 1368 837 1424 fundato
866 1371 1006 1434 tres,
1037 1369 1094 1423 et
1121 1365 1248 1423 vela
1293 1365 1563 1423 similiter
1605 1366 1675 1421 de
1726 1365 1969 1421 fundato
2018 1368 2264 1437 septem.
2301 1364 2458 1420 Fecit
2503 1364 2680 1420 etiam
2732 1365 2886 1421 idem
2931 1365 3310 1422 beatissimus
3360 1385 3596 1440 praeses,
3630 1375 3762 1443 post

492 1464 981 1539 depraedationem
1013 1464 1435 1520 Saracenorum
1467 1463 1526 1519 in
1555 1461 1800 1519 ecclesia
1830 1461 1982 1519 beati
2031 1462 2185 1517 Petri
2237 1461 2483 1534 apostoli
2530 1462 2873 1518 cruciﬁxum
2925 1462 3084 1518 mirae
3137 1464 3585 1537 magnitudinis,
3619 1485 3760 1523 con-

494 1568 783 1621 structum
818 1579 952 1619 cum
984 1561 1236 1635 gemmis
1286 1560 1684 1635 hyacinthinis
1733 1561 1803 1616 de
1852 1565 2089 1634 argento
2138 1559 2476 1632 purissimo,
2512 1564 2877 1631 exauratum,
2913 1578 3076 1634 pens.
3112 1561 3245 1618 libr.
3279 1564 3670 1637 septuaginta,
3708 1571 3764 1622 et

318 1662 321 1667 ’
387 1665 457 1718 10
494 1662 638 1718 alias
668 1677 936 1734 gemmas
966 1659 1131 1715 albas
1163 1663 1410 1731 septem,
1446 1660 1727 1731 majorem
1759 1676 1959 1714 unam.

570 1760 714 1816 52]
749 1758 831 1813 Ea
862 1758 1026 1822 item,
1059 1774 1185 1829 quae
1216 1756 1369 1812 inter
1398 1761 1603 1812 czetera
1632 1774 1735 1830 per
1763 1756 2121 1813 sanctissimi
2156 1755 2423 1828 prmsulis
2454 1755 2726 1813 assiduas
2757 1773 2957 1829 preces
2987 1775 3054 1814 ac
3100 1757 3390 1832 lacrymas
3438 1778 3472 1817 a
3518 1762 3765 1819 Domino

497 1856 799 1914 exauditae
831 1854 1178 1910 duodecima
1207 1853 1518 1910 insistente
1547 1852 1866 1909 indictione
1898 1853 2243 1909 mirabiliter
2271 1858 2400 1909 acta
2428 1853 2516 1910 vel
2548 1858 2711 1927 gesta
2734 1859 3024 1924 sunt,non
3057 1855 3674 1932 inutiliteragemus,si
3693 1863 3766 1917 ob

500 1960 776 2011 aeternam
809 1951 1154 2008 memoriam
1186 1951 1323 2006 huic
1355 1951 1514 2023 operi
1547 1950 1761 2006 clarius
1793 1950 2045 2007 inserere
2076 1951 2421 2008 studeamus
2455 1967 2468 2005 :
2504 1956 2570 2006 ut
2599 1956 2829 2025 quantae
2862 1953 3188 2011 sanctitatis
3217 1955 3277 2010 in
3299 1956 3408 2013 hac
3439 1975 3770 2016 aerumnosa

503 2054 621 2109 vita
649 2052 739 2107 vir
766 2051 877 2107 iste
906 2049 1215 2116 exstiterit,
1238 2053 1555 2122 praesentes
1584 2053 1758 2120 atque
1790 2048 1970 2103 futuri
2005 2048 2233 2104 facilius
2261 2050 2866 2123 agnoscanLDenique
2897 2056 3028 2123 post
3057 2055 3374 2110 nefandum
3393 2055 3770 2130 otlugubrem

435 2155 472 2208 5
508 2150 786 2221 omnique
816 2147 1048 2222 plenam
1083 2147 1320 2203 miseria
1351 2148 1772 2203 Saracenorum
1806 2146 2512 2220 deprzedationem,quam
2544 2146 2606 2202 in
2637 2148 2826 2220 primo
2855 2150 3245 2206 Ecclesiarum
3279 2155 3543 2210 omnium
3562 2157 3770 2227 capite,

515 2252 717 2306 sancta
745 2246 978 2303 Scilicet
1001 2246 1265 2302 Romana
1294 2244 1807 2313 Ecclesia,hortatu
1839 2244 2124 2300 diabolico
2147 2244 2826 2318 peregerunt,voluerunt
2848 2246 3057 2302 iterum
3076 2248 3426 2321 ipsiSatanaa
3439 2251 3541 2307 ﬁlii
3559 2252 3777 2310 similia

514 2348 575 2402 in
606 2347 901 2402 Romanos
930 2343 1077 2399 ﬁnes
1109 2347 1167 2399 et
1190 2341 1493 2399 ecclesiam
1524 2340 2106 2413 beatissimiapostoli
2124 2342 2275 2397 Petri
2298 2346 2363 2397 ut
2378 2341 2517 2397 olim
2536 2342 2753 2398 damna
2768 2342 3065 2411 inferre,et
3080 2345 3287 2402 deinde
3298 2348 3547 2407 victores
3564 2351 3635 2406 ad
3650 2350 3776 2407 loca

518 2444 734 2517 quibus
763 2441 981 2515 egressi
1013 2442 1251 2495 fuerunt
1281 2456 1566 2507 remeare;
1602 2440 1701 2495 sed
1734 2456 1876 2495 cura
1901 2456 1966 2495 ac
1998 2440 2193 2495 studio
2225 2439 2442 2496 summi
2475 2438 2851 2512 praefulgente
2881 2445 3055 2513 atque
3083 2442 3358 2515 vigilante
3384 2448 3637 2518 pastoris
3655 2448 3776 2505 haec

515 2541 757 2599 minime
786 2540 1062 2612 perﬁcere
1087 2538 1642 2611 potuerunt.Tamen
1676 2541 1740 2592 ut
1768 2535 1968 2592 ﬁdeles
2000 2538 2059 2591 in
2092 2537 2336 2592 Domino
2368 2536 2621 2608 amplius
2637 2536 2927 2593 ﬁdeliores
2948 2539 3778 2619 jurecxistant,etilliussigna

408 2643 478 2697 10
514 2656 580 2697 ac
606 2638 937 2695 veneranda
967 2635 1251 2691 miracula
1279 2652 1347 2690 ex
1376 2633 1669 2689 veteribus
1700 2634 1925 2690 noviter
1938 2649 2242 2689 emanasse
2274 2650 2389 2688 non
2420 2633 2751 2702 dubitent,a
2762 2634 3048 2707 principio
3064 2636 3428 2694 retinendum
3447 2641 3693 2713 estquid
3706 2644 3777 2698 de

514 2737 601 2794 eis
629 2735 824 2792 divina
854 2734 1058 2790 eodem
1088 2738 1347 2805 tempore
1374 2730 1777 2787 misericordia
1808 2730 2221 2786 miserabiliter
2245 2732 2383 2804 egit,
2418 2731 2774 2804 quantisque
2820 2732 3072 2788 miseriis
3120 2737 3295 2806 atque
3343 2735 3779 2796 calamitatibus

515 2851 658 2909 gens
687 2832 789 2889 illa
818 2832 1092 2905 pestifera
1124 2831 1329 2887 merito
1360 2830 1606 2902 protrita
1633 2830 1861 2901 dilapsa
1886 2833 1989 2885 est.
2026 2829 2417 2895 Quamobrem
2449 2827 2764 2900 pristinum
2796 2830 3239 2888 reminiscentes
3260 2832 3489 2890 lucrum
3520 2836 3608 2892 vel
3639 2856 3779 2911 prm-

521 2932 658 2987 dam
688 2948 869 3003 quam
901 2929 1177 2997 fecerant,
1211 2927 1600 3000 multiplicata
1630 2927 1844 2983 iterum
1871 2944 2269 3000 perversorum
2302 2917 2609 2982 hominum
2643 2944 2842 2996 manu,
2877 2927 3195 3001 multisque
3243 2947 3377 2987 cum
3409 2934 3657 2992 navibus
3705 2940 3777 2994 ad

520 3030 727 3085 urbem
756 3027 1205 3101 expugnandam
1239 3026 1564 3083 Romanam
1596 3024 1942 3080 duodecima
1969 3024 2289 3080 indictione
2317 3024 2546 3098 vigente
2570 3025 2765 3081 venire
2796 3024 3107 3083 crudeliter
3134 3028 3533 3089 decreverunt.
3558 3033 3784 3092 Multis-

420 3131 486 3184 15
525 3143 636 3201 que
666 3126 844 3183 etiam
872 3125 1080 3181 diebus
1110 3123 1170 3180 in
1200 3123 1352 3191 loco,
1382 3122 1485 3195 qui
1518 3123 1804 3178 Tozarum
1835 3121 2071 3188 dicitur,
2094 3122 2267 3194 juxta
2295 3121 2550 3178 insulam
2584 3122 2864 3179 Sardiniaa
2913 3124 3195 3181 demorati
3245 3132 3404 3185 sunt.
3435 3130 3481 3186 A
3529 3147 3647 3204 qua
3695 3133 3781 3189 di-

525 3224 711 3299 gressi
743 3223 1073 3280 Romanum
1103 3226 1362 3294 portum,
1394 3221 1510 3276 Deo
1540 3218 1672 3276 illos
1701 3235 1816 3275 non
1847 3220 2180 3292 adjuvante,
2214 3218 2360 3275 inire
2388 3219 2581 3275 conati
2613 3224 2772 3277 sunt.

604 3322 755 3379 522
781 3324 1039 3387 Quorum
1070 3318 1311 3392 iniquus
1340 3334 1407 3374 ac
1433 3317 1723 3373 nefandus
1752 3317 2037 3374 adventus
2068 3318 2361 3373 Romanos
2392 3334 2509 3372 non
2541 3318 2913 3375 mediocriter
2940 3320 3166 3377 terruit.
3190 3322 3300 3379 Sed
3319 3325 3784 3396 quiaEcclesiam

527 3437 697 3476 suam
733 3420 882 3475 Deus
913 3416 1284 3490 omnipotens
1315 3430 1544 3487 semper
1574 3413 1910 3471 inviolatam
1941 3414 2338 3483 custodivit,et
2368 3415 2641 3488 deinceps
2664 3417 2956 3474 custodire
2975 3435 3093 3474 non
3115 3419 3351 3491 desinit,
3366 3423 3634 3481 excitavit
3649 3431 3789 3484 tunc

526 3519 680 3574 inter
709 3521 945 3573 caeteros
975 3513 1239 3571 omnium
1272 3511 2304 3585 Neapolitarum,Amalphitanorum,
2329 3514 2854 3587 Cajetanorumque
2884 3516 3081 3583 corda,
3106 3521 3171 3573 ut
3196 3535 3315 3575 una
3343 3537 3476 3577 cum
3511 3523 3792 3583 Romanis

525 3619 730 3673 contra
762 3631 860 3670 eos
890 3613 1190 3685 insurgere
1222 3629 1288 3668 ac
1318 3611 1597 3666 dimicare
1626 3609 1853 3666 fortiter
1881 3610 2602 3668 debuissent.Moxetenim
2623 3611 2810 3669 alocis
2825 3614 3306 3689 propriisegressi
3327 3623 3460 3677 ante
3473 3619 3792 3682 Saracenos

455 3716 493 3770 5
528 3710 905 3784 inutiles,ipsi
924 3727 1058 3766 cum
1073 3709 1197 3766 suis
1215 3709 1461 3765 navibus
1480 3707 2317 3780 conjunxerunt(a),suumque
2332 3708 2703 3781 repentinum
2716 3711 3030 3766 adventum
3043 3712 3382 3771 beatissimo
3402 3717 3568 3773 Leoni
3585 3727 3793 3792 quarto
3822 3768 3823 3771 η

530 3810 788 3884 pontiﬁci
822 3813 1025 3864 notum
1057 3808 1320 3863 iecerunt
1351 3823 1365 3862 ε
1398 3811 1454 3862 et
1482 3806 1638 3878 quod
1672 3822 1733 3863 se
1762 3805 1834 3860 ob
1869 3804 2047 3860 ullam
2079 3821 2201 3860 rem
2234 3805 2461 3861 venisse
2490 3805 2667 3861 aliam
2698 3810 2840 3862 sunt
2867 3809 3137 3878 professi,
3171 3810 3280 3866 nisi
3330 3817 3392 3867 ut
3440 3813 3510 3869 de
3551 3818 3794 3889 paganis

532 3908 778 3965 Domino
809 3904 1124 3962 auxiliante
1154 3904 1401 3960 victores
1430 3904 1932 3960 existerent.Tunc
1962 3903 2200 3958 demum
2230 3902 2579 3959 venerabilis
2608 3921 2761 3976 papa
2792 3903 3123 3976 aliquantos
3140 3923 3207 3961 ex
3223 3907 3307 3963 eis
3339 3910 3502 3979 prius
3519 3913 3591 3966 ad
3610 3930 3672 3968 se
3691 3914 3798 3969 Ro-

536 4022 695 4062 mam
727 4005 920 4060 venire
951 4001 1446 4076 praecepit,volens
1475 4000 1806 4074 specialiter
1829 4000 1978 4057 scire
2008 4001 2081 4056 ab
2114 4001 2199 4056 eis
2229 4000 2279 4057 si
2309 4016 2510 4056 eorum
2542 3999 2822 4072 paciﬁcus
2852 4009 3007 4059 esset
3040 4003 3325 4061 adventus
3351 4006 3441 4061 vel
3471 4009 3795 4075 non,sicuti

534 4108 591 4159 et
619 4104 840 4159 factum
870 4106 978 4158 est.
1012 4102 1166 4157 Inter
1196 4117 1344 4172 quos
1374 4104 1515 4155 tunc
1547 4098 1703 4154 ﬁlius
1733 4098 1919 4172 Sergii
1950 4098 2213 4171 magistri
2247 4098 2633 4170 militum,qui
2665 4102 2789 4153 erat
2817 4099 3120 4157 ordinatus
3149 4117 3327 4174 super
3350 4104 3799 4172 exercitum,no-

430 4203 502 4258 10
540 4201 696 4257 mine
725 4198 1032 4267 Cmsarius,
1067 4197 1317 4264 advenit,
1351 4213 1498 4270 quos
1529 4196 1779 4269 benigne
1806 4196 1866 4251 in
1896 4194 2111 4269 palatio
2144 4196 2519 4253 Lateranensi
2551 4195 2879 4268 suscipiens
2921 4213 3160 4253 causam
3204 4215 3307 4270 pro
3355 4215 3470 4271 qua
3517 4210 3801 4260 venerunt

537 4296 840 4369 inqusivit.
873 4294 960 4351 Illi
993 4297 1187 4351 autem
1220 4294 1292 4351 ob
1324 4292 1485 4350 aliud
1516 4310 1632 4350 non
1663 4294 1892 4350 venisse
1921 4293 2117 4349 testati
2150 4297 2308 4361 sunt,
2344 4292 2457 4349 nisi
2503 4294 2576 4349 ob
2625 4293 2733 4349 hoc
2779 4295 2936 4365 quod
2984 4311 3163 4367 super
3218 4294 3432 4367 legitur
3474 4305 3797 4361 exaratum.

540 4398 798 4462 Quorum
830 4393 963 4465 pius
992 4391 1346 4466 apostolicus
1372 4391 1647 4448 credulus
1674 4391 1867 4448 verbis
1898 4408 2033 4448 cum
2065 4408 2279 4465 magno
2309 4394 2667 4447 armatorum
2698 4391 2999 4465 procinctu
3031 4409 3165 4448 mox
3180 4394 3251 4448 ad
3265 4393 3553 4451 civitatem
3576 4397 3800 4454 Ostiam

540 4490 1218 4566 properavit,omnesque
1244 4489 1657 4563 Neapolitanos
1687 4490 1895 4563 grandi
1927 4494 2103 4562 atque
2131 4488 2345 4545 eximia
2375 4490 2677 4559 devotione
2691 4488 3081 4561 suscepit.Qui
3100 4494 3476 4547 utsummum
3493 4494 3802 4565 praesulem

543 4592 987 4663 conspexerunt,
1023 4588 1200 4662 pedes
1229 4589 1358 4659 ejus
1389 4587 1568 4643 humo
1600 4587 1875 4660 prostrati
1901 4586 2260 4644 venerabiles
2289 4590 2430 4643 sunt
2458 4586 3067 4660 oseulati,gratiasque
3096 4587 3481 4661 omnipotenti
3512 4590 3804 4650 atithrono

435 4692 507 4747 15
543 4687 886 4757 retulerunt,
920 4686 1021 4760 qui
1053 4685 1125 4742 ad
1155 4702 1217 4743 se
1247 4685 1658 4742 confortandos
1690 4684 1867 4741 talem
1898 4684 2147 4758 dirigere
2177 4684 2428 4741 decrevit
2455 4683 2796 4741 antistitem.
2831 4683 2938 4751 Qui
2970 4690 3034 4740 ut
3063 4684 3334 4743 meliores
3364 4687 3436 4743 de
3466 4686 3640 4745 Belial
3671 4690 3807 4748 ﬁliis

541 4788 789 4844 victores
819 4786 1532 4857 existerent,summopere
1554 4783 1844 4856 deprecati
1880 4787 2020 4840 sunt
2048 4786 2112 4838 ut
2142 4783 2213 4839 de
2243 4783 2369 4839 suis
2401 4781 2583 4838 sacris
2618 4780 3114 4856 manibuscorpus
3132 4783 3503 4863 Dominicum
3515 4787 3809 4860 percipere

546 4884 920 4941 meruissent.
956 4882 1178 4950 Quibus
1207 4899 1305 4938 ore
1334 4898 1441 4937 suo
1477 4880 1722 4937 missam
1755 4880 1814 4936 in
1847 4880 2091 4937 ecclesia
2120 4880 2300 4936 beata:
2327 4881 2527 4936 Aureae
2558 4880 2904 4946 decantavit,
2922 4884 3098 4953 atque
3130 4880 3383 4938 universi
3415 4900 3485 4939 ex
3531 4884 3711 4951 illius,
3746 4891 3811 4942 ut

551 4983 773 5057 dictum
806 4978 1203 5048 est,manibus
1234 4977 1706 5035 communionem
1742 4978 2221 5050 sumpserunt.Et
2251 4980 2564 5049 antequam
2595 4976 2717 5031 haec
2747 4976 3166 5050 ﬁerent,usque
3194 4979 3267 5034 ad
3298 4981 3599 5052 praefatam
3639 4981 3813 5037 eccle-

551 5080 700 5136 siam
731 5096 865 5135 cum
897 5078 1133 5159 hymnis
1163 5094 1230 5134 ac
1259 5074 1478 5133 litaniis
1504 5075 1862 5148 canticisque
1891 5075 2220 5150 praecipuis,
2254 5074 2429 5131 simul
2460 5092 2594 5131 cum
2628 5074 2773 5147 ipsis
2803 5075 3200 5149 Neapolitanis
3231 5077 3462 5133 Christo
3497 5077 3812 5134 auxiliante

442 5180 514 5233 20
550 5177 845 5251 profectus
877 5176 1059 5232 est.In
1092 5192 1207 5248 qua
1240 5173 1417 5231 etiam
1449 5172 1612 5229 ﬂexis
1640 5171 1887 5246 genibus
1916 5171 2285 5229 Altissimum
2318 5172 2662 5244 deprecatus
2691 5176 2801 5243 est,
2827 5179 3116 5246 quatenus
3146 5174 3508 5231 orationibus
3538 5173 3662 5231 suis
3687 5174 3813 5247 ipse

547 5272 1015 5329 Christianorum
1044 5270 1243 5327 hostes
1274 5269 1333 5325 in
1364 5286 1578 5326 manus
1610 5268 2010 5325 resistentium
2041 5269 2268 5325 tradere
2300 5268 2657 5342 dignaretur.

626 5370 777 5428 523
808 5371 997 5443 Super
1025 5386 1174 5442 quos
1202 5368 1380 5425 etiam
1414 5366 1617 5425 multis
1648 5384 1784 5424 cum
1815 5366 2089 5441 lacrymis
2118 5366 2271 5423 hanc
2302 5366 2623 5423 orationem
2654 5368 2884 5439 obtulit,
2919 5368 3118 5424 dicens
3149 5384 3162 5422 :
3195 5368 3354 5434 Deus,
3394 5367 3550 5439 cujus
3592 5367 3815 5424 dextera

554 5471 770 5526 beatum
796 5469 1020 5524 Petrum
1049 5467 1354 5540 apostolum
1375 5466 1747 5522 ambulantem
1776 5467 1833 5521 in
1862 5466 2139 5535 ﬂuctibus,
2187 5482 2256 5520 ne
2298 5473 2655 5534 mergeretur,
2684 5468 2877 5532 erexit,
2910 5473 2963 5521 et
3005 5464 3367 5535 eoapostolum
3408 5465 3526 5536 ejus
3578 5466 3816 5522 Paulum

551 5568 710 5624 tertio
739 5567 1165 5637 naufragaan
1191 5564 1257 5621 de
1279 5563 1552 5637 profundo
1576 5563 1792 5636 pelagii
1821 5563 2094 5634 liberavit,
2124 5561 2330 5619 exaudi
2351 5578 2450 5619 nos
2474 5565 2768 5636 propitius,
2800 5570 2851 5621 et
2894 5559 3135 5629 concede,
3168 5567 3230 5617 ut
3275 5560 3561 5620 amborum
3604 5564 3816 5622 meritis

1599 5669 1847 5716 NOTULE
1886 5667 2270 5717 HABGINALES
2312 5668 2634 5718 FABROTTI.

485 5753 565 5832 (a)
595 5753 1057 5830 Conjuuxerunt,
1089 5751 1147 5812 id
1174 5759 1273 5825 est,
1305 5755 1714 5829 pervenerunt.
