4058 6162
456 114 614 178 1323
1625 113 2033 220 ιξΝΑΞΤΑΞΠ

2164 114 2732 177 BLIOTHECARII.
3649 127 3766 189 1324

600 247 874 320 martyris
903 247 962 302 in
994 246 1163 318 Sylva
1191 245 1452 301 Candida
1480 249 1698 302 vestem
1731 248 1802 302 de
1836 246 2423 313 fuadato,habentem
2455 247 2514 303 in
2547 247 2735 303 medio
2766 263 3000 304 crucem
3027 248 3099 304 de
3127 247 3472 320 periclysi,et
3497 252 3551 308 in
3576 254 3772 316 circuitu

599 347 669 402 de
699 343 974 410 blatthin,
1007 341 1233 416 legente
1263 344 1333 398 de
1367 343 1602 398 nomine
1633 343 1830 398 domni
1869 343 2076 412 Leonis
2109 343 2298 415 quarti
2333 361 2514 416 papae.

669 439 1012 513 53liFecit
1039 439 1215 496 etiam
1245 439 1428 496 isdem
1462 439 1840 495 beatissimus
1871 440 2084 512 praesul
2112 439 2170 494 in
2201 440 2446 495 ecclesia
2475 441 2628 496 beati
2676 441 2989 496 Clementis
3034 441 3302 515 martyris
3344 447 3505 516 atque
3540 447 3776 518 pontiﬁcis

597 538 881 612 gabathas
913 538 985 594 de
1017 541 1254 611 argento
1284 537 1600 610 purissimo
1631 554 1876 592 numero
1907 542 2169 593 sexztres
2199 537 2439 609 quidem
2469 537 2740 609 ﬁlopares
2771 537 2936 610 signo
2967 538 3274 607 Christi,et
3289 541 3430 596 duas
3444 541 3602 598 etiam
3617 544 3776 602 simili-

595 635 831 692 tudines
860 635 1284 708 palmarum,et
1314 651 1494 690 unam
1525 634 2077 706 interrasilem,qua3
2104 638 2194 690 est
2224 635 2731 706 saxisca,pensan.
2754 635 3130 692 simullibras
3150 640 3415 708 quatuor.
3431 638 3600 695 Isdem
3619 641 3780 697 beatis-

599 733 788 790 simus
818 737 876 790 et
904 733 1218 806 praeclarus
1247 733 1507 804 pontifex
1528 733 1663 788 fecit
1683 732 1740 786 in
1763 731 2007 787 basilica
2035 730 2187 787 beati
2220 731 2372 788 Petri
2404 732 2651 804 apostoli
2686 733 2990 788 nutritoris
3011 733 3101 788 sui
3120 751 3288 790 arcus
3310 717 3439 790 cum
3466 735 3781 804 columnis,et

527 832 564 888 5
599 830 740 887 liliis
771 831 842 888 de
869 835 1108 905 argento
1139 829 1454 902 purissimo
1484 833 1622 898 tres,
1641 828 2139 901 pensan.insimul
2171 829 2354 884 libras
2379 833 2615 885 centum
2632 831 3016 902 etduas.Ipse
3046 831 3282 902 quidem
3308 833 3782 906 venerabilisponti-

597 931 692 986 fex
711 929 848 985 fecit
866 927 926 984 in
948 927 1190 984 basilica
1221 927 1409 983 sancti
1440 925 1689 996 Caesarii,
1723 943 1851 998 qua:
1883 925 2120 999 ponitur
2149 926 2208 980 in
2232 927 2565 992 Terracina,
2594 932 2818 982 vestem
2849 927 2919 982 de
2950 927 3310 1000 quadrapulo
3341 933 3607 997 ornatam,
3632 929 3682 986 in
3705 931 3782 988 cir-

599 1027 764 1084 cuitu
785 1027 855 1082 de
875 1025 1147 1093 blatthin,
1170 1025 1422 1080 habente
1451 1025 1512 1080 in
1545 1023 1738 1080 medio
1763 1040 1996 1079 crucem
2029 1025 2099 1080 de
2129 1023 2520 1096 chrysoclavo,
2556 1023 2783 1096 legente
2810 1025 2879 1079 de
2907 1025 3143 1080 nomine
3174 1025 3392 1080 domini
3419 1027 3608 1081 Leonis
3634 1029 3782 1099 quarti

598 1125 1031 1200 papaa.Necnon
1054 1128 1110 1180 et
1128 1123 1188 1178 in
1204 1122 1448 1179 basilica
1475 1121 1625 1178 beati
1661 1121 1809 1177 Petri
1841 1121 2084 1194 apostoli
2119 1121 2252 1176 fecit
2281 1138 2452 1178 arcus
2469 1122 2540 1178 de
2563 1126 2804 1196 argento
2830 1121 3147 1194 purissimo
3165 1139 3297 1178 cum
3315 1121 3588 1180 columnis
3612 1130 3661 1180 et
3680 1124 3784 1181 liliis

597 1239 843 1279 numero
871 1227 1010 1290 tres,
1043 1238 1206 1294 pens.
1241 1219 1422 1276 libras
1453 1220 1774 1292 sexaginta.
1810 1219 1963 1274 Fecit
1991 1223 2047 1274 et
2077 1219 2132 1274 in
2167 1218 2412 1275 ecclesia
2441 1224 2653 1274 sanet-aa
2686 1220 2790 1275 Dei
2819 1219 3128 1275 Genitricis
3151 1220 3505 1292 Mariamque
3533 1223 3786 1294 poniturin

491 1325 560 1379 10
596 1321 824 1378 civitate
855 1318 1178 1386 Portuensi,
1211 1322 1431 1374 vestem
1463 1319 1534 1373 de
1566 1317 1836 1390 spanisco
1870 1321 2352 1382 unam,ornatam
2385 1317 2443 1372 in
2475 1317 2726 1373 circuitu
2756 1318 2827 1373 de
2859 1317 3194 1386 fundato,et
3223 1306 3283 1372 in
3315 1318 3500 1378 medio
3529 1320 3786 1376 cruccmde

597 1421 836 1492 argento
861 1435 876 1485 ;
910 1415 1181 1472 similiter
1210 1415 1335 1471 vela
1357 1416 1428 1470 de
1459 1416 1750 1487 spanisco,
1785 1418 1986 1469 ornata
2017 1414 2074 1469 in
2109 1413 2359 1469 circuitu
2390 1415 2461 1469 de
2493 1415 2732 1470 fundato
2762 1431 3004 1470 numero
3035 1413 3176 1470 tria:
3211 1415 3312 1470 sed
3341 1417 3398 1470 et
3427 1415 3783 1472 tabulasdear-

595 1518 767 1590 gento
798 1513 1200 1580 exauratas,in
1213 1513 1399 1584 gradu
1431 1516 1566 1568 ante
1597 1511 2018 1568 confessionem
2049 1511 2203 1567 beati
2235 1511 2383 1566 Petri
2415 1511 2659 1584 apostoli
2695 1528 2940 1566 numero
2971 1515 3243 1584 quatuor,
3271 1516 3326 1568 et
3357 1529 3532 1586 agnos
3559 1513 3784 1585 duos,qui

595 1629 837 1686 pensan.
854 1611 1033 1666 libras
1049 1609 1286 1665 insimul
1303 1610 1693 1689 quadraginta
1709 1613 1765 1664 et
1783 1613 2052 1681 quatuor.
2075 1607 2320 1676 Obtulit,
2337 1609 2436 1664 ubi
2459 1626 2658 1682 supra,
2673 1625 2918 1665 coronas
2936 1608 3373 1682 porphyreticas
3393 1607 3546 1664 mirae
3559 1609 3786 1680 magnitu-

593 1709 750 1766 dinis
778 1714 1013 1766 ornatas
1043 1725 1110 1763 ex
1141 1724 1282 1762 auro
1313 1707 1634 1780 purissimo
1667 1723 1800 1762 cum
1834 1706 2125 1779 delphinis
2158 1705 2732 1780 duodecim,legente
2749 1707 2818 1762 de
2839 1706 3074 1762 nomine
3098 1707 3285 1780 ipsius
3307 1705 3540 1761 almifici
3557 1705 3784 1778 praesulis,

495 1807 559 1864 15
595 1824 838 1880 pensan.
863 1806 1022 1862 auris
1043 1805 1222 1861 libras
1253 1808 1371 1860 tres
1399 1808 1457 1860 et
1487 1803 1934 1872 semis;necnon
1964 1808 2021 1859 et
2053 1820 2223 1859 arcus
2249 1805 2320 1860 de
2349 1813 2586 1876 argento
2618 1803 2936 1876 purissimo
2968 1821 3213 1860 numero
3243 1805 3465 1872 decem,
3488 1803 3579 1875 qui
3600 1819 3785 1875 pensan.

594 1903 772 1961 simul
800 1904 861 1958 in
890 1919 1076 1958 unum
1107 1902 1288 1958 libras
1319 1906 1554 1958 centum
1584 1901 1920 1974 octuaginta
1945 1905 2002 1957 et
2035 1918 2210 1956 unam
2237 1919 2250 1956 :
2275 1906 2332 1957 et
2363 1899 2486 1957 vela
2514 1900 2688 1972 linea,
2713 1919 2837 1974 quae
2864 1903 3120 1974 pendent
3147 1901 3206 1956 in
3239 1900 3618 1970 arcubus,ubi
3637 1917 3788 1973 supra,

589 2004 794 2058 ornata
823 2001 881 2056 in
913 2000 1163 2056 circuitu
1194 1999 1264 2055 de
1295 1999 1537 2055 fundato
1570 2016 1812 2056 numero
1845 1999 2234 2072 quadraginta
2262 2004 2411 2054 octo.

668 2100 822 2157 532
853 2099 1053 2154 Dicere
1084 2115 1240 2154 nunc
1265 2103 1397 2171 post
1426 2098 1697 2154 universa
1725 2114 1852 2169 quas
1883 2097 2258 2168 retroscripta
2282 2102 2420 2152 sunt
2450 2096 2611 2167 libet,
2643 2102 2988 2170 eternaaque
3019 2097 3316 2152 memoriae
3347 2097 3700 2169 prasentibus
3715 2094 3791 2150 lit-

590 2197 732 2252 teris
761 2196 1012 2252 enodare
1041 2213 1169 2268 quae
1200 2195 1287 2250 vel
1319 2199 1538 2267 quanta
1566 2193 1964 2267 permaximus
1985 2210 2051 2250 ac
2067 2194 2416 2251 venerabilis
2444 2195 2656 2266 praesul
2689 2195 2887 2252 solerti
2914 2195 3127 2268 pioque
3156 2195 3355 2250 studio
3389 2211 3488 2266 pro
3518 2193 3790 2249 defensione

592 2293 874 2348 universa:
904 2293 1112 2349 matris
1141 2291 1428 2360 Ecclesia,
1459 2292 1580 2347 zelo
1612 2291 1832 2348 scilicet
1859 2296 2246 2364 compunctus
2277 2291 2492 2362 divino,
2523 2291 2678 2348 infra
2705 2309 3026 2364 paucorum
3060 2291 3250 2364 spatia
3280 2296 3602 2364 temporum
3629 2289 3790 2363 perho-

589 2393 752 2447 neste
773 2407 840 2446 ac
861 2387 1133 2444 nobiliter
1153 2388 1457 2444 dedicavit.
1475 2389 1862 2454 Quamobrem
1896 2389 2037 2444 dum
2061 2388 2332 2444 universa
2345 2390 2740 2445 Romanorum
2773 2389 3068 2456 nobilitas,
3082 2395 3323 2462 propter
3337 2389 3495 2445 illam
3513 2405 3668 2462 quam
3680 2389 3793 2459 jam-

517 2489 554 2544 5
591 2488 816 2544 dudum
856 2484 1285 2558 depraedatione
1324 2485 1560 2540 nefandi
1593 2501 1658 2540 ac
1689 2485 1954 2541 malevoli
1987 2485 2258 2542 Saraceni
2287 2485 2608 2540 intulerant
2635 2485 2694 2540 in
2728 2485 2911 2541 nimia
2937 2485 3359 2542 lamentatione
3390 2485 3717 2550 consisteret,
3741 2499 3793 2538 ne

596 2583 868 2656 deinceps
900 2583 1036 2652 (nisi
1069 2581 1314 2638 ecclesia
1343 2581 1493 2638 beati
1527 2581 1674 2637 Petri
1707 2581 1952 2654 apostoli
1985 2581 2172 2638 muris
2202 2583 2460 2656 undique
2490 2582 2718 2638 munita
2746 2582 2922 2638 citius
2951 2583 3120 2652 foret)
3135 2583 3340 2656 pejora
3369 2581 3793 2638 valuissentcom-

595 2680 1043 2750 mittere,isdem
1074 2678 1344 2735 amabilis
1365 2679 1620 2752 pontifex
1641 2696 1916 2752 magnam
1939 2697 2042 2752 pro
2064 2679 2342 2736 Romanis
2370 2679 2644 2736 omnibus
2661 2679 2833 2752 coepit
2847 2675 3060 2736 habere
3075 2680 3413 2753 angustiam
3439 2697 3452 2736 :
3476 2683 3530 2735 et
3543 2693 3646 2750 quo
3660 2676 3790 2732 modo

593 2777 899 2836 velordine
915 2779 986 2834 ab
1008 2794 1210 2834 eorum
1242 2776 1517 2832 cordibus
1549 2780 1778 2832 tantum
1810 2777 2097 2850 potuisset
2127 2793 2428 2834 rancorem
2460 2777 2580 2832 sive
2603 2777 2873 2833 timorem
2904 2779 3130 2833 auferre
3160 2777 3375 2833 anxius
3399 2773 3792 2850 cogitare.Cum-

595 2895 708 2950 que
730 2878 790 2933 in
810 2877 905 2932 his
927 2873 1222 2932 diuturnis
1243 2875 1444 2930 crebro
1466 2873 1764 2931 laboribus
1787 2876 2119 2946 desudaret,
2133 2876 2248 2932 Deo
2269 2875 2576 2941 revelante,
2593 2873 2934 2946 hujusmodi
2951 2875 3220 2947 protinus
3235 2873 3548 2930 consilium
3569 2869 3789 2944 sumpsit,

486 2977 554 3033 10
593 2979 660 3030 ut
687 2973 798 3030 hoc
829 2973 1024 3046 ipsum
1042 2990 1148 3028 suo
1165 2971 1375 3028 dilecto
1406 2989 1472 3028 ac
1503 2971 1738 3043 speciali
1763 2972 1881 3027 filio
1902 2973 2118 3029 domno
2149 2973 2417 3028 Lothario
2438 2972 2567 3028 luce
2589 2971 2808 3028 clarius
2828 2971 3112 3028 indicaret
3131 2973 3423 3046 Augusto,
3445 2975 3794 3044 quatenusper

591 3071 770 3140 illius,
804 3069 1049 3126 Domino
1081 3074 1397 3138 annuente,
1429 3069 1789 3143 adjutorium
1821 3073 1998 3140 atque
2026 3069 2362 3140 consilium,
2396 3069 2688 3126 civitatem
2735 3068 2898 3126 illam
2943 3087 3118 3142 quam
3156 3071 3548 3142 praedecessor
3573 3069 3684 3139 ejus
3711 3067 3794 3122 Leo

592 3185 742 3243 papa
770 3167 980 3224 tertius
1009 3183 1148 3240 erga
1171 3166 1474 3223 ecclesiam
1509 3166 1912 3240 praenominati
1943 3167 2187 3240 apostoli
2219 3169 2506 3224 aedificare
2534 3169 2802 3240 coeperat,
2818 3172 2875 3224 et
2889 3169 3061 3240 cujus
3092 3167 3300 3225 multis
3321 3170 3452 3240 jam
3481 3167 3537 3222 in
3557 3165 3682 3222 locis
3695 3165 3795 3219 fun-

591 3269 866 3324 damenta
891 3270 1167 3338 posuerat
1189 3263 1344 3337 (licet
1374 3268 1504 3336 post
1533 3281 1708 3320 suum
1737 3265 2463 3338 transitumaquibusdam
2481 3265 2675 3322 ablata
2696 3266 2944 3322 fuissent
2971 3265 3512 3333 hominibus,itaut
3531 3281 3626 3322 nec
3640 3264 3793 3320 aditus

591 3368 913 3438 appareret,
928 3363 1027 3420 ubi
1059 3362 1224 3436 prius
1253 3361 1684 3418 inchoationem
1717 3364 1991 3435 praefatus
2014 3363 2297 3420 habuerat
2319 3364 2566 3436 murus),
2582 3365 2632 3420 si
2647 3364 2764 3419 vita
2776 3381 2970 3421 comes
2991 3365 3242 3434 adesset,
3258 3365 3643 3420 desideratum
3661 3376 3791 3434 opus,

483 3465 555 3521 45
591 3463 818 3520 Christo
849 3461 1264 3529 solatiante,ad
1293 3461 1562 3516 effectum
1597 3465 1795 3532 posset
1824 3461 1960 3532 perd
1973 3461 2290 3517 ucere.Hoc
2317 3461 2568 3533 denique
2597 3461 2902 3534 piissimus
2929 3478 2997 3518 ac
3026 3461 3446 3518 serenissimus
3473 3467 3646 3517 Caesar
3662 3475 3794 3532 agno-

591 3577 781 3630 scens,
796 3576 1010 3633 magna
1039 3564 1130 3615 est
1147 3557 1302 3614 illico
1331 3557 1532 3614 laetitia
1551 3563 1609 3614 et
1627 3557 2010 3614 exsultatione
2039 3559 2316 3631 repletus,
2332 3576 2662 3632 rogansque
2669 3561 2794 3630 jam
2815 3560 2999 3616 fatum
3017 3577 3398 3632 summopere
3414 3559 3792 3634 praesulem,pa-

589 3661 850 3728 tremque
869 3671 970 3727 per
989 3653 1186 3710 omnia
1207 3653 1631 3724 spiritalem,ut
1660 3654 2006 3727 quantocius
2031 3657 2178 3710 tanti
2209 3657 2400 3728 operis
2431 3656 2734 3723 fabricam,
2767 3657 2970 3713 sedulo
3001 3657 3198 3714 labore
3227 3658 3638 3730 perﬁceret.Ad
3656 3671 3792 3728 quam

590 3755 716 3828 ipse
737 3769 872 3809 cum
895 3751 1018 3807 suis
1041 3751 1320 3806 fratribus
1341 3767 1456 3806 non
1479 3751 1737 3808 modicas
1751 3751 2166 3824 argentilibras
2179 3753 2404 3822 direxit,
2421 3758 2507 3820 ut,
2522 3753 2910 3809 sicutdictum
2934 3759 3040 3822 est,
3057 3759 3178 3811 tam
3192 3753 3793 3828 proficuumopusinde—

587 3852 900 3908 liberatum
933 3848 1174 3904 minime
1204 3849 1644 3904 remaneret.Ex
1661 3865 1774 3921 quo
1799 3850 2004 3905 nuntio
2039 3854 2354 3922 praeoptato
2384 3851 2597 3924 praesul
2631 3851 2960 3924 praecipuus
2985 3851 3141 3908 ultra
3169 3854 3418 3910 modum
3447 3853 3640 3910 hilaris
3653 3849 3793 3907 estet-

477 3951 550 4006 20
585 3949 792 4006 fectus.
825 3945 1007 4019 Coepit
1036 3949 1231 4002 autem
1261 3962 1328 4001 ex
1359 3950 1496 4000 tunc
1528 3945 1598 4000 de
1627 3946 1902 4018 praedicto
1930 3949 2160 4020 negotio
2189 3947 2354 4004 valde
2383 3965 2512 4004 esse
2541 3947 2825 4005 sollicitus
2859 3966 2873 4005 :
2907 3967 3352 4024 convocansque
3371 3956 3608 4007 cunctos
3622 3950 3790 4005 sancta

586 4047 688 4104 Dei
721 4043 922 4102 fideles
951 4043 1237 4111 Ecclesiae,
1270 4046 1475 4115 petens
1503 4043 1576 4098 ab
1607 4043 1691 4099 eis
1720 4060 1818 4100 ore
1849 4061 1954 4101 suo
1985 4044 2296 4101 consilium
2329 4045 2579 4118 qualiter
2626 4050 2791 4102 tanta
2839 4063 3141 4102 murorum
3172 4047 3284 4104 cito
3317 4047 3594 4105 valuisset
3620 4044 3792 4102 fabrica

584 4141 1004 4210 consummari,
1035 4145 1176 4196 tunc
1205 4139 1479 4196 omnibus
1511 4140 1592 4196 ita
1619 4139 1809 4212 visum
1839 4145 1948 4210 est,
1982 4147 2047 4198 ut
2075 4143 2147 4198 de
2175 4143 2425 4216 singulis
2458 4143 2810 4212 civitatibus,
2841 4144 3171 4218 massisque
3201 4146 3464 4204 univeris
3490 4142 3790 4220 publicis,ac

585 4239 960 4298 monasteriis
989 4256 1092 4312 per
1117 4237 1272 4293 vices
1301 4254 1440 4293 suas
1463 4237 1808 4311 generaliter
1836 4240 2106 4296 advenire
2138 4240 2390 4308 fecisset,
2422 4240 2576 4296 sicut
2603 4246 2660 4298 et
2689 4242 2907 4298 factum
2943 4245 3048 4299 est.

659 4339 810 4396 538
841 4335 1231 4404 Quamobrem
1263 4336 1520 4391 secundo
1553 4335 1898 4408 praesulatus
1929 4335 2087 4392 illius
2108 4353 2261 4391 anno
2291 4336 2530 4408 praefata
2559 4336 2762 4392 civitas
2792 4338 3118 4394 aediﬁcandi
3147 4339 3409 4412 sumpsit
3436 4333 3792 4395 exordium.Et

581 4437 643 4492 in
662 4439 822 4492 sexto
843 4432 1298 4490 consecrationis
1320 4449 1457 4500 suae,
1481 4435 1678 4504 utpote
1698 4433 1928 4505 magnis
1949 4449 2015 4488 ac
2038 4433 2409 4489 mirabilibus
2433 4432 2627 4490 omnis
2659 4439 2747 4490 est
2775 4435 3012 4495 fabricis
3036 4435 3240 4492 civitas
3270 4437 3534 4509 undique
3562 4447 3788 4490 consum-

581 4538 759 4590 mata.
787 4531 1052 4603 Cumque
1081 4545 1186 4602 per
1205 4528 1422 4584 multos
1447 4528 1674 4584 labores
1695 4533 1867 4602 atque
1887 4531 2206 4586 certamina
2223 4530 2544 4586 beatissimi
2567 4529 2832 4603 praesulis
2856 4535 3045 4587 totum
3067 4537 3132 4588 ut
3146 4532 3522 4590 desiderabat
3536 4542 3786 4590 murorum

579 4648 728 4704 opus
758 4627 1115 4701 completum
1147 4626 1646 4698 deliberatumque
1670 4626 1898 4688 fuisset,
1931 4628 2104 4700 ccepit
2133 4627 2516 4700 omnipotenti
2547 4629 2662 4684 Deo
2693 4628 3072 4686 multimodas
3099 4630 3220 4688 sive
3248 4629 3588 4688 innumeras
3612 4626 3784 4703 gratias

509 4730 545 4784 5
581 4727 886 4801 agere,qui
908 4745 1047 4783 suas
1069 4725 1442 4798 quotidianas
1464 4741 1664 4798 preces
1689 4741 1962 4797 pro-nova
1983 4725 2365 4781 aedificatione
2385 4743 2688 4782 murorum
2710 4727 2982 4783 exaudire
3003 4731 3061 4784 et
3081 4727 3402 4801 adimplere
3423 4729 3680 4803 dignatus
3703 4728 3783 4781 est

579 4825 724 4880 Nam
755 4829 1034 4896 quantam
1067 4822 1417 4894 qualemque
1445 4821 1769 4888 curam,vel
1801 4822 2394 4894 studium,simulque
2425 4823 2878 4880 sollicitudinem
2905 4824 3038 4897 pius
3051 4843 3118 4880 ac
3134 4825 3451 4882 laudabilis
3469 4832 3783 4898 pastor,quo-

578 4935 765 4990 usque
796 4920 1474 4984 construeretur,dieb’us
1505 4919 1752 4993 singulis
1783 4937 1848 4976 ac
1879 4921 2150 4976 noctibus
2171 4920 2634 4988 habuit,nullius
2662 4922 2920 4978 hominis
2949 4923 3151 4996 lingua
3181 4924 3434 4980 breviter
3461 4935 3785 4992 enarrarepo-

577 5021 693 5072 test
717 5035 730 5084 ;
757 5023 812 5071 et
834 5017 971 5088 quia
993 5017 1139 5073 nihil
1162 5018 1320 5073 aliud
1345 5023 1476 5091 post
1497 5019 1690 5074 debita
1713 5033 2014 5073 sacrorum
2041 5017 2447 5073 mandatorum
2483 5019 2674 5075 officia
2703 5021 2910 5092 agebat
2939 5025 3146 5092 praeter
3173 5021 3234 5076 id
3257 5022 3414 5094 quod
3446 5019 3695 5092 superius
3717 5032 3786 5071 ex-

576 5118 805 5171 aratum
836 5118 942 5178 est,
979 5131 1175 5170 revera
1195 5133 1310 5170 non
1332 5116 1538 5188 frigus,
1563 5132 1752 5187 neque
1775 5115 1948 5170 ﬂatus
1977 5118 2301 5183 ventorum,
2325 5114 2414 5171 vel
2446 5116 2676 5188 pluvim,
2699 5121 2805 5172 aut
2821 5118 2972 5172 aeris
2987 5119 3228 5190 grandis
3244 5119 3330 5176 vel
3349 5117 3576 5176 modica
3593 5120 3786 5173 contur-

465 5213 538 5270 40
572 5211 997 5284 batio,pigrum
1025 5211 1082 5266 in
1107 5213 1295 5266 eundo
1319 5213 1389 5266 de
1411 5211 1503 5266 die
1525 5213 1582 5266 in
1607 5213 1758 5266 diem
1785 5212 2046 5284 quolibet
2069 5212 2240 5268 modo
2272 5213 2458 5270 facere
2486 5213 2694 5286 potuit.
2721 5214 2832 5269 Sed
2854 5215 3026 5270 modo
3049 5215 3163 5283 hic,
3189 5219 3359 5274 modo
3381 5218 3503 5274 illic
3523 5233 3619 5290 per
3634 5213 3782 5270 diver-

571 5326 668 5366 sas
697 5325 1002 5364 murorum
1037 5307 1288 5362 fabricas
1318 5307 1454 5379 vigil
1487 5325 1552 5363 ac
1585 5307 1868 5365 sollicitus
1901 5309 2282 5378 discurrebat,
2299 5315 2366 5366 ut
2395 5328 2570 5367 suum
2602 5311 2820 5368 bonum
2853 5313 3218 5385 propositum
3248 5331 3314 5370 ac
3341 5313 3682 5370 desiderium
3707 5323 3784 5382 per

571 5405 970 5480 apostolorum
1001 5405 1099 5478 pia
1120 5403 1271 5460 Petri
1293 5403 1574 5476 Paulique
1603 5406 1881 5477 suffragia
1912 5407 2266 5478 Redemptor
2290 5413 2489 5464 noster
2517 5408 2888 5481 omnipotens
2905 5427 3280 5483 praepropere
3301 5409 3782 5484 adimpleredecre-

564 5504 764 5572 visaet,
793 5508 968 5576 atque
989 5504 1162 5560 modo
1188 5517 1392 5558 omnes
1410 5501 1826 5574 conSpicimu-s.
1854 5504 2016 5559 Tunc
2047 5505 2283 5560 demum
2311 5507 2735 5562 consummatis
2752 5507 3044 5580 simulque
3061 5509 3348 5580 perfectis,
3365 5513 3432 5564 ut
3451 5508 3641 5564 crebro
3654 5507 3783 5565 retu-7

563 5600 768 5674 limus,
782 5618 940 5658 novae
971 5600 1223 5658 civitatis
1255 5597 1542 5655 universis
1573 5599 1866 5670 operibus,
1883 5617 2036 5672 papa
2052 5601 2428 5658 beatissimus
2445 5608 2502 5658 et
2518 5620 2621 5674 per
2643 5603 2843 5659 omnia
2859 5607 2916 5660 et
2930 5603 2990 5661 in
3005 5605 3282 5662 omnibus
3311 5621 3540 5678 semper
3555 5597 3780 5658 laudabi-

467 5700 532 5756 15
569 5698 640 5755 lis
672 5703 740 5756 ut
765 5700 1041 5772 praedicta
1067 5698 1432 5770 civitas,qua3
1464 5715 1496 5753 a
1526 5697 1758 5770 proprio
1789 5697 2109 5756 conditoris
2139 5699 2232 5756 sui
2263 5700 2497 5756 nomine
2530 5702 2822 5758 Leoniana
2850 5703 3182 5774 vocabatur,
3213 5703 3618 5778 perpetualiter
3643 5699 3782 5756 ﬁrma

569 5813 636 5858 ac
655 5797 924 5858 roborata
953 5797 1314 5867 consisteret,
1321 5795 1505 5872 jussit
1535 5812 1732 5856 cumm
1756 5812 1907 5872 agna
1927 5779 2110 5854 animi
2135 5797 2439 5858 devotione
2464 5799 2773 5875 cordisque
2786 5799 3008 5875 laetitia,
3021 5805 3087 5862 ut
3104 5819 3308 5863 omnes
3322 5820 3458 5863 cum
3477 5817 3542 5862 eo
3561 5798 3778 5876 episcopi
