4058 6162
229 210 394 274 1329
1032 208 1404 274 HISTORIA
1447 206 1551 271 DE
1598 205 1798 271 VlTIS
1841 204 2032 270 ROM.
2077 204 2310 268 PONT.
2337 237 2415 252 —
2443 203 2508 268 S.
2547 205 2698 269 LEO
2740 203 2844 268 IV.
3474 197 3636 262 1330

368 345 708 406 exeuratam
739 358 846 416 par
872 358 1080 412 unum,
1111 341 1339 416 legente
1367 341 1444 400 de
1467 341 1706 398 nomine
1729 339 1927 395 domni
1961 337 2170 394 Leonis
2201 337 2392 410 quarti
2426 354 2608 410 papae,
2642 334 3079 410 pensan.simul
3103 334 3162 392 in
3211 350 3396 391 unum
3446 332 3630 390 libras

367 446 624 515 quatuor
649 444 710 497 et
735 439 941 496 uncias
969 439 1249 513 quinque.
1275 439 1405 512 Ipse
1425 437 1674 512 insignis
1697 435 2027 510 prasulque
2048 435 2376 508 praecipuus
2397 451 2532 490 cum
2555 433 2865 491 innumera
2885 435 3102 490 summi
3126 434 3350 490 decoris
3371 449 3548 505 opera
3565 431 3627 486 in

367 536 611 595 basilica
639 537 793 593 beati
825 520 985 594 Petri.
1007 535 1135 592 cmli
1167 535 1438 608 clavigeri
1470 535 1828 608 perfecisset,
1843 537 2062 606 portas,
2077 549 2225 605 quas
2247 534 2614 589 destruxerat
2635 533 2921 588 Saracena
2941 533 3247 605 progenies
3269 531 3627 604 argentoque

365 635 639 702 nudarat,
673 634 872 702 erexit,
905 633 1226 706 multisque
1257 632 1548 706 argenteis
1577 631 1793 687 tabulis
1820 629 2077 686 lueiﬂuis
2108 629 2538 702 salutiferisque
2569 629 2830 685 historiis
2867 630 3114 702 sculptis
3161 627 3538 694 decoravit,et
3563 625 3624 681 in

253 735 328 790 20
365 731 670 788 meliorem
701 729 954 803 speciem
985 747 1163 804 quam
1194 729 1419 802 pridem
1453 729 1683 785 fuerant
1711 727 2020 801 reparavit,
2053 733 2114 783 ut
2147 743 2350 784 omnes
2371 727 2554 801 quiin
2573 728 2838 783 eamdem
2855 725 3158 782 basilicam
3177 725 3401 798 ingredi
3421 723 3626 781 volunt

363 827 570 884 laudes
596 829 716 884 Deo
743 826 1128 900 omnipotenti
1159 831 1478 900 sanctoque
1503 843 1609 884 suo
1641 825 1976 898 praesulatui
2011 826 2284 892 referant,
2318 831 2376 882 et
2402 828 2714 898 exposeant
2745 828 2810 880 ut
2841 823 3028 880 multa
3048 840 3334 878 annorum
3357 839 3474 879 suae
3494 820 3623 876 vita:

364 925 660 983 curricula
688 927 1094 992 extendantur,
1127 925 1225 999 qui
1254 925 1403 981 tanti
1433 923 1677 996 fulgoris
1709 927 2186 996 opere,tantoque
2217 923 2675 996 pulchritudinis
2718 923 2974 996 pondere
3004 921 3198 976 aulam
3231 919 3330 975 Dei
3361 922 3621 991 argento,

363 1039 610 1097 pensan.
643 1023 826 1080 libras
855 1022 1232 1096 septuaginta
1259 1021 1502 1078 ornavit.
1521 1019 1628 1086 Qui
1660 1035 1931 1074 summus
1961 1020 2196 1091 Deoque
2223 1019 2494 1076 amabilis
2527 1037 2678 1092 papa
2707 1019 2765 1074 in
2801 1019 3032 1075 exordio
3065 1017 3154 1073 sui
3186 1015 3468 1090 pontificii
3492 1031 3627 1070 cum

364 1121 626 1194 porticus
654 1119 838 1193 partis
867 1119 1020 1176 laeva
1049 1119 1201 1176 beati
1233 1135 1349 1192 pra
1380 1116 1566 1174 nimia
1591 1119 1880 1172 vetustate
1909 1115 2060 1172 Petri
2094 1116 2350 1174 basilicas
2377 1117 2702 1186 cecidisset,
2735 1117 2909 1174 celeri
2941 1116 3136 1173 studio
3166 1113 3502 1188 preaclarius
3533 1130 3624 1170 re-

250 1218 332 1274 25
365 1215 618 1272 novavit.

441 1313 588 1370 541
627 1312 777 1368 Nam
809 1315 867 1368 et
892 1311 1082 1385 ipsius
1109 1310 1414 1384 praecipuae
1445 1313 1606 1366 sarta
1633 1311 1787 1366 tecta
1825 1308 2082 1366 ecclesia
2131 1311 2364 1384 magnis
2410 1310 2678 1368 trabibus
2726 1309 3074 1384 procacique
3113 1307 3358 1366 artiﬁcio
3398 1306 3637 1364 elevatis

364 1409 602 1467 luciﬂue
631 1409 946 1466 renovavit.
977 1409 1084 1476 Qui
1113 1409 1287 1464 etiam
1319 1407 1634 1481 porticum,
1668 1424 1796 1480 quae
1826 1407 2014 1462 sancti
2040 1408 2279 1464 Andreas
2311 1407 2558 1465 eohaaret
2577 1407 2850 1476 ecclesiae,
2883 1424 3016 1464 eum
3045 1409 3380 1462 cerneretur
3399 1421 3630 1472 casura,

361 1507 423 1563 in
453 1505 670 1563 melius
696 1505 920 1562 noviter
950 1505 1313 1562 restauravit.
1348 1505 1459 1562 Sed
1499 1508 1558 1560 et
1604 1520 1919 1571 cameram,
1968 1521 2096 1576 quae
2145 1509 2278 1562 ante
2327 1511 2523 1578 portas
2571 1510 2876 1579 argenteas
2915 1507 3042 1578 jam
3090 1504 3258 1560 dicta;
3306 1502 3451 1558 aulae
3502 1517 3632 1558 esse

361 1603 740 1678 conspicitur,
771 1603 1004 1660 inﬁnito
1036 1604 1220 1660 fretus
1246 1619 1444 1659 amore
1475 1618 1782 1668 renovans,
1815 1601 2124 1658 decoravit.
2159 1604 2231 1659 Et
2261 1603 2480 1660 multas
2509 1603 2616 1677 piae
2667 1603 3018 1676 Operationis
3067 1603 3128 1658 in
3180 1602 3382 1658 eadem
3435 1601 3626 1672 specie

283 1704 328 1760 5
359 1701 637 1762 ecclesias
669 1701 824 1770 fecit,
857 1718 1010 1776 quas
1037 1701 1088 1757 si
1120 1700 1424 1773 scripturis
1453 1700 1682 1756 tradere
1708 1698 2087 1768 voluerimus,
2116 1699 2320 1774 lingua
2348 1719 2584 1758 narrare
2617 1719 2730 1758 non
2763 1702 3014 1760 sufficiet
3035 1706 3218 1758 etnec
3239 1699 3626 1756 scribentium

358 1800 640 1858 valebunt
667 1800 900 1860 articuli
933 1798 1241 1856 sustinere.
1275 1798 1420 1854 Cum
1453 1813 1590 1871 ergo
1621 1814 1726 1870 per
1753 1797 2012 1854 diversas
2043 1797 2142 1853 Dei
2175 1797 2452 1856 ecclesias
2483 1799 2670 1856 multa
2699 1801 3002 1872 perficeret
3021 1798 3278 1871 insignia
3298 1813 3472 1870 opera
3500 1795 3628 1868 ipse

357 1897 739 1956 beatissimus
769 1897 1025 1970 pontifex
1055 1895 1365 1968 porticum,
1400 1913 1527 1969 quas
1559 1898 1692 1950 ante
1723 1894 2025 1952 basilicam
2053 1900 2268 1952 sancta:
2300 1897 2400 1954 Dei
2431 1897 2739 1954 Genitricis
2769 1898 3058 1964 consistit,
3084 1914 3211 1969 qua;
3225 1896 3397 1967 juxta
3424 1893 3626 1950 basili-

359 2013 490 2053 cam
520 1995 706 2052 sancti
739 1993 1038 2051 Laurentii
1069 1995 1185 2050 sita
1212 1998 1301 2050 est
1329 1993 1470 2050 foris
1501 2009 1724 2060 muros,
1759 1991 1972 2049 clarius
1999 2009 2066 2048 ac
2099 1994 2329 2050 ﬁrmius
2359 1995 2674 2052 renovavit.
2701 1998 2764 2052 In
2799 1995 3044 2052 ecclesia
3069 1998 3263 2050 autem
3288 1995 3503 2049 sancta:
3524 1991 3625 2048 Dei

359 2093 692 2161 Genitricis,
723 2109 854 2165 qua;
883 2091 1123 2165 ponitur
1149 2091 1211 2145 in
1240 2089 1366 2146 vico
1396 2090 1748 2154 Sardonum,
1782 2089 2059 2146 milliario
2108 2092 2180 2147 ab
2231 2092 2375 2148 urbe
2425 2093 2612 2149 Roma
2655 2092 2980 2167 trigesimo,
3014 2094 3046 2148 4
3076 2091 3395 2148 catholicos
3444 2089 3628 2146 libros

242 2190 328 2249 40
360 2191 595 2263 obtulit,
626 2206 814 2246 unum
845 2187 1499 2263 Evangeliorum,alium
1521 2188 2453 2262 Regnorum,Psalmorum,atque
2475 2191 2916 2247 Sermonum.ln
2940 2189 3184 2246 ecclesia
3214 2188 3369 2246 beati
3391 2185 3630 2244 Martini

359 2287 713 2348 confessoris
739 2291 917 2361 atque
945 2286 1260 2360 pontiﬁcis,
1294 2285 1437 2342 foris
1465 2289 1692 2359 portam
1733 2285 1886 2342 beati
1935 2286 2085 2342 Petri
2131 2287 2402 2360 apostoli,
2433 2288 2571 2344 fecit
2619 2288 2858 2344 calicem
2906 2289 2977 2344 de
3006 2291 3245 2361 argento
3273 2302 3462 2342 unum
3493 2300 3629 2342 eum

362 2383 1242 2459 catenulis,pensan.libras&et
1259 2383 1464 2440 uncias
1483 2385 1615 2439 2.Et
1641 2383 1703 2438 in
1734 2382 1981 2439 ecclesia
2008 2387 2346 2440 sanctorum
2371 2389 2626 2457 quatuor
2653 2389 3068 2441 Coronatorum
3103 2383 3241 2440 fecit
3269 2383 3629 2456 thymiama-

357 2483 506 2540 teria
533 2484 652 2541 duo
681 2499 751 2540 ex
780 2486 1020 2556 argento
1055 2479 1470 2548 mundissimo,
1501 2497 1746 2554 pensan.
1777 2479 1910 2535 libr.
1941 2482 1979 2534 2
2006 2485 2063 2536 et
2092 2480 2326 2537 unciam
2357 2498 2558 2538 unam.
2593 2481 2782 2538 Simili
2815 2483 2988 2538 modo
3017 2485 3076 2536 et
3096 2481 3156 2535 in
3178 2479 3424 2536 ecciesia
3444 2480 3626 2536 beata

359 2581 686 2638 Petronillaa
717 2579 852 2637 fecit
877 2583 1066 2636 vestes
1095 2579 1166 2635 de
1199 2579 1441 2634 fundato
1472 2581 1592 2634 tres
1623 2583 1680 2634 et
1705 2577 1832 2634 vela
1861 2577 2190 2644 duodecim,
2225 2583 2482 2650 quatuor
2509 2579 2746 2650 quidem
2778 2579 2847 2634 de
2877 2578 3352 2650 fundato,etdtres
3383 2576 3454 2632 de
3485 2592 3626 2648 spa-

236 2678 324 2736 45
357 2677 542 2744 niseo,
573 2681 633 2732 et
661 2675 814 2732 linea
845 2674 1126 2748 quinque.
1161 2675 1310 2730 Nam
1339 2678 1396 2730 et
1421 2675 1482 2730 in
1513 2673 1760 2730 ecclesia
1786 2679 1998 2731 sanctae
2029 2675 2128 2732 Dei
2162 2675 2472 2732 Genitricis
2493 2676 2708 2745 Mariae,
2737 2693 2916 2748 quam
2939 2676 3064 2748 ipse
3085 2673 3464 2732 beatissimus
3485 2691 3625 2748 pon-

355 2775 496 2831 tifex
519 2791 556 2830 a
582 2773 986 2830 fundamentis
1015 2789 1196 2846 supra
1215 2771 1476 2828 scholam
1508 2772 1804 2828 Saxonum
1836 2772 2060 2830 noviter
2086 2775 2434 2842 construxit,
2466 2774 2678 2831 obtulit
2705 2779 2898 2832 vestes
2918 2776 2989 2832 de
3011 2775 3252 2830 fundato
3273 2776 3477 2840 tres,et
3495 2771 3623 2830 vela

357 2870 634 2928 similiter
661 2871 734 2927 de
765 2871 1006 2926 fundato
1037 2873 1310 2942 quatuor.

431 2969 584 3027 542
611 2969 754 3025 Item
787 2967 1167 3025 beatissimus
1199 2967 1457 3040 pontifex
1487 2967 1622 3024 fecit
1649 2967 1708 3022 in
1739 2967 1982 3024 basilica
2009 2967 2164 3024 beati
2196 2968 2349 3024 Petri
2381 2968 2626 3042 apostoli
2659 2986 2854 3026 cereos
2885 2969 3312 3042 deargentatos,
3333 2967 3433 3040 qui
3464 2970 3624 3024 stant

356 3065 416 3120 in
451 3063 809 3138 presbyterio
837 3079 1082 3120 numero
1109 3062 1316 3136 viginti
1347 3066 1404 3119 et
1431 3067 1676 3136 septem,
1710 3080 1954 3136 pensan.
1986 3065 2228 3121 insimul
2262 3066 2442 3123 libras
2483 3066 2889 3140 quadraginta.
2923 3067 3070 3122 Nam
3115 3070 3173 3122 et
3219 3065 3416 3121 trabes
3443 3066 3502 3120 in
3529 3065 3618 3122 in-

357 3177 565 3234 gressu
595 3165 656 3217 et
683 3161 742 3216 in
777 3159 970 3216 medio
997 3159 1342 3234 presbyterii
1372 3159 1667 3217 investivit
1691 3177 1760 3216 ex
1789 3164 2030 3234 argento
2067 3163 2405 3234 purissimo,
2437 3181 2681 3236 pensan.
2717 3163 2897 3219 libras
2945 3162 3248 3236 sexaginta
3290 3167 3348 3218 et
3396 3166 3620 3236 septem

359 3261 416 3316 et
445 3258 651 3314 uncias
679 3261 968 3314 tres.Cum
1000 3261 1196 3313 autem
1223 3274 1490 3330 superna:
1511 3258 1631 3314 zelo
1653 3257 1850 3330 patriis
1871 3257 2148 3314 incensus
2171 3259 2451 3332 speciosis
2471 3259 2679 3316 Christi
2706 3277 2808 3332 per
2827 3261 3090 3316 ordinem
3115 3264 3348 3317 ornaret
3369 3261 3622 3318 metallis

267 3356 322 3412 5
357 3371 426 3411 ac
454 3353 815 3412 ornamentis
845 3353 1154 3421 Ecclesiae,
1175 3358 1310 3426 post
1340 3354 1477 3409 fecit
1504 3353 1618 3410 alia
1648 3353 1834 3410 multa
1866 3355 1924 3410 in
1955 3357 2090 3412 aula
2107 3357 2258 3412 beati
2277 3358 2425 3414 Petri
2447 3357 2689 3430 apostoli
2709 3357 2990 3430 principis
3006 3375 3280 3414 coronam
3297 3375 3366 3414 ex
3382 3363 3620 3432 argento

354 3451 676 3525 purissimo
705 3468 908 3518 unam,
941 3467 1075 3508 eum
1105 3451 1390 3508 catenulis
1421 3452 1711 3524 argenteis
1741 3457 2012 3524 quatuor,
2038 3453 2348 3510 habentem
2372 3455 2681 3528 delphinos
2704 3455 3096 3529 quadraginta
3117 3460 3175 3512 et
3201 3457 3618 3528 duos,pensan.

351 3548 537 3607 simul
562 3549 744 3605 libras
772 3548 979 3623 viginti
1010 3554 1068 3605 et
1094 3553 1232 3605 tres.
1268 3549 1370 3604 Hic
1402 3565 1636 3622 quoque
1665 3549 1940 3621 pontifex,
1961 3551 2171 3608 Christi
2195 3570 2428 3626 semper
2447 3553 2660 3608 auxilio
2684 3553 2865 3608 fretus
2887 3570 2953 3609 ac
2975 3552 3256 3610 divinitus
3277 3553 3621 3626 inspiratus,

351 3647 494 3703 fecit
519 3647 580 3702 in
613 3645 861 3717 circuitu
891 3646 1094 3703 altaris
1124 3646 1278 3702 beati
1310 3645 1461 3703 Petri
1493 3646 1739 3719 apostoli
1769 3647 1896 3704 vela
1925 3649 2110 3705 serica
2131 3651 2201 3704 de
2223 3651 2459 3722 prasino
2477 3649 3028 3723 quatuor,habentia
3048 3651 3280 3707 tabulas
3302 3651 3372 3708 de
3395 3652 3624 3726 chryso-

347 3743 536 3813 clavo,
569 3760 704 3800 eum
735 3743 926 3818 efﬁgie
953 3743 1267 3800 Salvatoris
1298 3747 1356 3800 et
1385 3743 1780 3816 apostolorum
1813 3744 1964 3800 Petri
1995 3750 2053 3802 et
2084 3747 2266 3824 Pauli,
2296 3752 2353 3803 et
2383 3747 2472 3803 sui
2507 3747 2692 3820 ipsius
2717 3747 2954 3803 almitici
2977 3747 3327 3820 prsesulis,et
3349 3749 3406 3803 in
3428 3749 3619 3805 medio

229 3843 324 3900 ω
355 3857 566 3898 cruces
594 3845 652 3896 et
681 3842 1048 3915 gammadias
1078 3843 1150 3898 de
1181 3841 1551 3916 ehrysoclavo
1581 3859 1716 3898 eum
1749 3841 2049 3908 orbiculis,
2082 3843 2141 3898 in
2173 3843 2389 3914 quibus
2411 3845 2549 3896 sunt
2576 3840 2864 3913 imagines
2894 3841 3291 3912 apostolorum
3315 3842 3474 3897 mira:
3497 3841 3622 3914 pul-

346 3937 706 3994 chritudinis
736 3939 1056 4006 decoratas,
1089 3956 1216 4012 qua
1246 3939 1305 3994 in
1338 3938 1545 3995 diebus
1573 3939 1738 3994 festis
1771 3939 1842 3995 ad
1876 3939 2142 3996 decorem
2175 3939 2392 3994 ibidem
2420 3938 2881 4011 suspenduntur.
3536 4007 3541 4013 .

427 4036 586 4094 543
611 4035 740 4092 Pari
772 4037 946 4092 modo
976 4037 1112 4093 fecit
1140 4037 1240 4093 ubi
1271 4054 1452 4110 supra
1480 4036 1595 4093 alia
1621 4037 1748 4094 vela
1779 4036 1912 4093 alba
1937 4034 2259 4093 holoserica
2291 4038 2486 4088 rosata
2515 4049 2650 4088 eum
2702 4032 2978 4088 cancellis
3025 4033 3299 4089 decorata
3347 4033 3620 4103 mirifice,

348 4133 592 4192 Pascha
621 4133 1035 4190 obumbrantia
1059 4135 1488 4191 saera.Neenon
1517 4139 1575 4190 et
1604 4134 1780 4191 aliam
1811 4150 2085 4190 coronam
2107 4131 2394 4188 minorem
2417 4129 2636 4186 ibidem
2659 4129 2874 4186 obtulit
2890 4146 3024 4185 cum
3043 4130 3327 4186 catenulis
3345 4134 3617 4202 quatuor,

349 4235 414 4287 et
435 4229 731 4304 delphinis
751 4231 947 4287 decem
965 4231 1277 4288 habentem
1295 4231 1485 4288 lilium
1503 4236 1560 4288 et
1581 4229 2322 4302 uncinum,pensan.libras
2343 4228 2705 4300 duas.Hujus
2730 4244 2986 4299 namque
3007 4227 3330 4284 beatissimi
3355 4228 3622 4300 praesulis

349 4327 593 4384 animus
620 4341 854 4399 semper
883 4331 996 4382 Deo
1025 4329 1266 4384 devotus
1287 4328 1546 4385 existens
1571 4329 1842 4400 pretiosis
1861 4329 1892 4384 J
1897 4345 2001 4384 esu
2019 4327 2233 4384 Christi
2253 4325 2528 4383 ecclesias
2545 4325 2903 4382 ornamentis
2919 4325 3140 4399 ingenti
3158 4326 3232 4381 ob
3249 4330 3472 4382 aeternae
3493 4327 3620 4382 vitaa

257 4427 308 4482 5
351 4423 610 4480 salutem
642 4423 917 4480 decorare
948 4424 1222 4480 studebat
1250 4442 1446 4481 amore
1470 4442 1482 4479 :
1508 4427 1744 4498 et,quod
1780 4425 1980 4480 nullus
2012 4441 2427 4497 praecessorum
2451 4425 2580 4496 ejus
2601 4423 2943 4495 pontificum
2969 4423 3154 4479 facere
3174 4424 3490 4480 arbitratus
3512 4427 3622 4494 est,

348 4521 450 4581 hic
479 4525 684 4576 saneto
714 4520 917 4594 procul
946 4521 1124 4578 dubio
1157 4521 1379 4594 Spiritu
1403 4521 1830 4595 fervens,atque
1849 4521 2462 4595 eompulsus,coronas
2485 4540 2552 4578 ex
2577 4539 2717 4578 auro
2740 4521 3133 4578 mundissimo
3157 4521 3389 4595 inclytis
3410 4523 3625 4579 Christi

347 4617 624 4675 videlicet
651 4621 709 4674 et
738 4621 1076 4675 sanctorum
1106 4619 1365 4676 vultibus
1397 4619 1774 4694 refulgentes,
1792 4620 1916 4677 fieri
1945 4620 2003 4676 in
2040 4620 2436 4694 apostolorum
2468 4618 2749 4692 principis
2779 4617 2929 4674 Petri
2958 4617 3203 4674 ecclesia
3223 4619 3394 4691 juxta
3422 4619 3635 4689 altare,-

351 4716 470 4773 sub
499 4733 616 4788 quo
641 4717 770 4788 ejus
801 4715 1267 4774 sacratissimum
1299 4733 1513 4790 corpus
1545 4719 1882 4790 requiescit,
1916 4719 2117 4774 dextra
2147 4718 2404 4790 laevaque
2435 4717 2756 4790 pendentes
2784 4717 2932 4772 duas
2956 4734 3091 4772 eum
3115 4716 3400 4774 catenulis
3431 4719 3626 4776 aureis

348 4811 536 4870 bullis
566 4813 936 4886 gemmisque
964 4815 1217 4887 prasinis
1248 4815 1550 4870 decoratas
1579 4815 1848 4883 decrevit,
1882 4815 2166 4872 habentes
2197 4815 2438 4872 insimul
2469 4815 2781 4887 delphinos
2813 4815 3136 4886 sexaginta,
3169 4833 3412 4888 pensan.
3442 4816 3624 4874 libras

207 4913 304 4972 10
348 4908 584 4982 viginti.
621 4909 778 4966 Fecit
811 4915 870 4966 et
899 4912 1244 4968 crucifixum
1275 4916 1618 4985 argenteum
1650 4913 1796 4968 miro
1828 4929 1999 4984 opere
2031 4913 2326 4986 depictum
2351 4913 2410 4967 in
2444 4913 2648 4968 eadem
2677 4910 3050 4984 eeclesia,qui
3086 4911 3146 4967 in
3178 4911 3320 4969 laeva
3350 4913 3624 4970 introitus

355 5011 528 5081 parte
556 5007 710 5063 inter
737 5006 1046 5064 columnas
1073 5025 1318 5083 magnas
1348 5009 1578 5082 positus
1607 5010 1827 5083 ingenti
1858 5011 2123 5084 splendet
2153 5010 2698 5078 deeore,habentem
2748 5009 2926 5066 libras
2974 5012 3276 5084 sexaginta
3305 5015 3362 5068 et
3391 5013 3538 5068 duas
3567 5016 3626 5068 et

354 5103 691 5162 dimidiam.
727 5105 854 5178 Ipse
884 5123 1115 5178 quoque
1145 5107 1522 5163 beatissimus
1553 5108 1810 5180 pontifex
1840 5109 1974 5165 fecit
2003 5109 2060 5164 in
2093 5109 2346 5164 oratorio
2367 5107 2518 5163 beati
2547 5107 2783 5162 Andreae
2805 5107 3238 5180 apostoli,quod
3261 5109 3447 5164 sancti
3469 5107 3624 5164 Petri

356 5201 612 5258 eohasret
639 5201 918 5272 ecclesiis,
950 5207 1168 5260 vestem
1201 5203 1444 5260 sericam
1475 5222 1655 5260 unam
1686 5205 1998 5262 habentem
2030 5205 2337 5262 historiam
2369 5205 2697 5277 aquilarum
2723 5221 2738 5272 ;
2767 5209 2824 5260 et
2853 5204 2912 5260 in
2952 5205 3164 5275 medio,
3198 5205 3458 5262 tabulam
3489 5220 3625 5258 eum

361 5298 762 5373 ehrysoelavo,
793 5299 854 5354 in
888 5317 1004 5372 qua
1033 5301 1272 5374 depictas
1305 5301 1520 5358 Christi
1551 5308 1608 5358 et
1639 5302 2058 5374 discipulorum
2093 5304 2222 5374 ejus
2251 5303 2452 5358 dextra
2481 5301 2738 5378 laevaque
2768 5300 3056 5376 imagines
3087 5303 3325 5373 fulgent,
3359 5304 3416 5356 et
3441 5298 3628 5371 ipsius

213 5402 314 5458 15
363 5396 605 5454 almifici
635 5396 924 5470 praesulis.
957 5401 1041 5454 Ac
1072 5398 1324 5454 similem
1359 5404 1492 5471 post
1520 5399 1699 5456 totius
1721 5401 1912 5473 operis
1938 5401 2371 5473 perfectionem,
2403 5403 2460 5454 et
2488 5399 2850 5454 ornamentis
2883 5398 3106 5454 decoris
3137 5399 3196 5452 in
3227 5395 3471 5452 ecclesia
3501 5413 3630 5452 san-

363 5497 594 5550 ctorum
627 5497 880 5566 quatuor
905 5499 1322 5552 Coronatorum
1354 5503 1572 5552 vestem
1608 5498 1740 5552 fecit
1765 5499 1834 5553 de
1865 5499 2066 5553 eodem
2095 5498 2298 5565 serico,
2344 5515 2480 5554 cum
2525 5497 2728 5552 tabula
2775 5498 2846 5552 de
2889 5493 3282 5568 chrysoclavo,
3314 5493 3629 5552 habentem

364 5590 698 5665 historiam,
732 5608 834 5648 seu
867 5591 1215 5649 miraeuium
1249 5595 1405 5667 quod
1433 5595 1718 5650 Dominus
1749 5594 2016 5652 Christus
2049 5597 2119 5652 de
2145 5597 2409 5670 quinque
2440 5613 2662 5668 panum
2695 5600 2751 5650 et
2779 5593 3030 5666 piscium
3062 5591 3357 5648 alimentis
3378 5592 3632 5650 duorum

363 5689 628 5762 quinque
657 5690 846 5748 millia
873 5689 1182 5747 hominﬁm
1213 5694 1582 5750 abundanter
1611 5694 1851 5749 satians.
1887 5698 1977 5749 est
2003 5697 2298 5766 operatus.

438 5785 593 5845 844
623 5789 786 5845 Inter
806 5788 930 5846 haec
959 5805 1093 5846 vero
1125 5806 1252 5862 qua
1302 5792 1572 5865 superius
1621 5791 1840 5866 scripta
1887 5796 2027 5848 sunt
2071 5791 2244 5864 ccapit
2275 5792 2475 5847 crebro
2508 5788 2841 5844 nominatus
2873 5787 3284 5846 sanctissimus
3316 5787 3530 5864 prwsul
3560 5788 3632 5846 de

359 5882 619 5958 singulis
648 5887 1402 5959 ecclesiarumrectoribus,
1433 5889 1698 5948 videlicet
1717 5883 2963 5964 episcopis,presbyteris,diaconibUS,atque
2983 5887 3141 5942 omni
3163 5887 3630 5945 Christianorum
