4058 6162
237 253 394 318 1333
1032 256 1400 319 HISTORIA
1445 257 1549 318 DE
1592 257 1796 321 VITIS
1841 258 2030 322 ROM.
2077 259 2310 337 PONT.
2339 291 2418 302 —
2448 259 2512 321 S.
2557 257 2709 321 LEO
2751 256 2852 321 IV.
3107 267 3118 286 ‘
3481 257 3636 322 I334

379 391 593 446 sanctae
619 388 720 444 Dei
743 387 1050 445 Genitricis
1081 388 1274 444 Maria:
1305 388 1362 442 in
1387 389 1636 457 jEmilia,
1662 407 1787 463 quae
1815 392 1908 447 via
1939 389 2168 447 Aurelia
2197 393 2588 463 nuncupatur,
2611 395 2829 447 vestem
2853 392 2924 448 de
2955 391 3194 448 fundato
3223 407 3424 448 unam.
3459 390 3642 448 Simi-

377 487 511 542 liter
540 491 598 543 et
624 486 684 542 in
713 485 972 542 Ecclesia
1003 487 1187 542 sancti
1210 486 1510 558 Stephani,
1535 487 1636 543 ubi
1657 506 1854 560 supra,
1879 489 2093 545 obtulit
2121 488 2295 544 aliam
2327 491 2546 544 vestem
2569 489 2640 543 de
2662 489 2900 545 fundato
2931 507 3130 546 unam.
3158 491 3318 546 Idem
3347 505 3482 546 vero
3507 505 3647 562 prae-

349 572 356 580 ’
376 585 568 643 clarus
615 589 674 641 et
721 584 1010 640 almiﬁcus
1046 583 1277 656 praesul,
1295 603 1547 658 superna
1569 590 1863 658 protectus
1879 588 2097 654 dextra,
2113 603 2297 659 usque
2317 585 2376 640 in
2398 585 2496 641 Dei
2517 601 2748 656 semper
2769 587 3002 643 servitio
3021 587 3246 644 sincero
3269 603 3646 660 perseverans

264 686 338 741 20
377 684 592 752 animo,
619 685 749 756 post
770 681 988 737 multas
1010 683 1195 738 bonas
1217 683 1492 749 actiones,
1517 683 1670 739 beati
1705 683 1964 740 Silvestri
1991 689 2048 739 et
2077 683 2308 739 Martini
2331 683 2848 754 ecclesiam,quam
2873 685 3126 740 domnus
3148 684 3388 757 Sergius
3418 685 3642 757 praede-

376 799 572 838 cessor
600 782 728 852 ejus
750 779 974 835 noviter
1002 779 1074 834 ab
1105 779 1242 834 imis
1273 779 1675 846 aadiﬁcaverat,
1703 781 1906 836 multis
1928 779 2161 853 quidem
2196 780 2574 852 pulchrisque
2599 779 2890 836 decoravit
2921 798 2986 836 ac
3000 782 3274 854 depinxit
3305 781 3597 838 coloribus
3623 797 3637 838 :

377 879 548 950 cujus
566 856 741 932 etiam
775 875 1148 949 pulchritudo
1170 893 1443 948 magnam
1469 894 1655 949 usque
1677 877 1848 932 hodie
1867 877 2145 933 humanis
2171 877 2355 932 oculis
2383 877 2826 933 admirationem
2852 882 3107 950 praestat.
3131 879 3276 934 Nam
3299 884 3356 934 et
3375 879 3641 951 ejusdem

374 974 702 1032 venerabile
733 990 1082 1046 sacrumpue
1113 972 1294 1029 altare
1322 991 1389 1029 ex
1419 977 1658 1047 argento
1691 973 1979 1030 investivit
2022 990 2089 1029 ac
2120 973 2412 1030 decoravit
2441 974 2781 1047 purissimo,
2814 991 3057 1046 pensan.
3089 973 3272 1032 libras
3320 980 3554 1032 centum
3585 978 3644 1032 et

380 1073 693 1130 sexdecim.

450 1170 600 1228 548
632 1169 1021 1236 Quamobrem
1043 1172 1176 1242 post
1197 1168 1440 1240 pulchra
1460 1184 1526 1223 ac
1550 1166 1870 1224 laudabilia
1890 1167 2250 1224 diversarum
2274 1168 2652 1225 ecclesiarum
2677 1169 2778 1225 Dei
2807 1168 3092 1242 opuscula
3113 1187 3241 1242 quae
3270 1167 3483 1242 praesul
3513 1185 3644 1226 ma-

375 1267 626 1342 gniﬁcus
654 1270 777 1322 tota
805 1266 987 1322 animi
1017 1265 1314 1322 devotione
1344 1265 1585 1337 peregit,
1611 1282 1682 1320 ne
1703 1265 2066 1320 Christianus
2091 1264 2344 1338 populus
2365 1265 2622 1338 amplius
2646 1266 2704 1322 in
2728 1267 3214 1323 Centumcellensi
3239 1271 3430 1323 castro
3451 1265 3524 1322 ab
3545 1265 3646 1322 ho-

375 1365 563 1423 stibus
593 1364 899 1438 deperiret,
925 1362 1095 1418 sicuti
1129 1379 1278 1433 saepe
1305 1361 1426 1417 ﬁeri
1449 1361 1692 1428 solebat,
1719 1361 1924 1417 effecit.
1951 1363 2096 1418 Nam
2130 1379 2232 1434 per
2254 1363 2643 1435 quadraginta
2663 1380 2847 1420 annos
2867 1363 2996 1436 ipsa
3017 1364 3218 1420 civitas
3241 1363 3426 1420 muris
3447 1363 3644 1420 diruta

386 1467 445 1520 et
471 1463 794 1518 habitatore
823 1460 1057 1533 proprio
1090 1459 1371 1515 destituta
1403 1459 1980 1532 manebat,moreque
2009 1459 2578 1526 bestiarum,relictis
2607 1461 2844 1517 sedibus
2875 1461 3126 1534 propriis
3156 1463 3228 1518 ob
3248 1462 3520 1518 timorem
3542 1461 3646 1518 Sa-

303 1565 339 1620 5
375 1563 810 1626 racenorem,ut
831 1557 1155 1630 usquejam
1179 1557 1394 1611 factum
1430 1557 1633 1624 fuerat,
1659 1573 1761 1628 per
1785 1574 1964 1630 opaca
1985 1557 2264 1613 silvarum
2293 1562 2642 1630 montesque
2664 1557 2991 1631 incognitas
3012 1575 3122 1614 sua
3145 1558 3443 1615 domicilia
3460 1575 3650 1634 popu-g

375 1659 487 1728 lus,
511 1658 612 1732 qui
644 1656 878 1712 relictus
901 1655 971 1710 ab
1003 1655 1088 1710 eis
1119 1655 1324 1720 fuerat,
1349 1654 1695 1710 aberrabat:
1725 1655 1779 1709 in
1814 1654 2030 1727 quibus
2056 1655 2234 1710 etiam
2264 1672 2380 1728 prae
2405 1655 2614 1710 timore
2645 1655 3015 1711 inimicorum
3037 1655 3246 1712 diebus
3274 1673 3340 1712 ac
3369 1656 3641 1712 noctibus

376 1775 480 1814 nec
511 1771 778 1828 soporem
808 1753 1012 1822 oculis,
1035 1769 1140 1808 nec
1173 1751 1350 1806 ullam
1375 1753 1545 1823 juxta
1574 1751 1894 1807 humanam
1927 1753 2411 1808 consuetudinem
2435 1751 2691 1828 quietem
2713 1752 2802 1809 vel
2827 1753 3119 1809 modicam
3149 1753 3362 1810 habere
3391 1757 3638 1826 poterat.

373 1856 637 1928 Cumque
669 1858 787 1909 tam
807 1851 942 1924 pius
961 1855 1016 1906 et
1037 1847 1350 1906 laudabilis
1372 1849 1584 1922 praesul
1608 1851 1676 1904 de
1698 1849 1930 1904 illorum
1955 1849 2310 1922 gravamine,
2327 1855 2502 1922 atque
2527 1849 2873 1906 intolerabili
2899 1849 3148 1906 nimium
3173 1850 3467 1923 angustia,
3488 1850 3642 1906 ultra

375 1954 614 2010 modum
644 1955 702 2008 et
731 1950 1046 2024 plusquam
1078 1946 1232 2003 credi
1263 1951 1470 2020 potest,
1494 1947 1754 2019 quotidie
1783 1947 2134 2018 condoleret,
2168 1947 2371 2004 multis
2401 1965 2534 2003 cum
2577 1947 2851 2019 lacrymis
2882 1948 3246 2021 inﬁnitisque
3273 1947 3638 2004 orationibus

266 2053 338 2108 10
373 2051 687 2108 Dominum
713 2065 906 2104 rerum
925 2045 1190 2102 omnium
1207 2043 1564 2100 conditorem
1585 2045 2007 2117 deprecabatur
2027 2045 2280 2114 assidue,
2297 2049 2362 2100 ut
2383 2044 2432 2101 ei
2449 2046 2600 2102 dono
2619 2046 2814 2119 gratim
2833 2063 2950 2101 sua:
2968 2047 3308 2120 dignaretur
3324 2046 3636 2102 ostendere

371 2167 486 2222 quo
517 2149 574 2202 in
609 2146 732 2202 loco
765 2161 867 2218 pro
899 2143 1084 2200 salute
1115 2147 1172 2198 et
1200 2141 1538 2198 liberatione
1571 2142 1771 2198 crebro
1795 2141 1931 2197 dicti
1954 2142 2269 2198 Christiani
2301 2142 2499 2216 pepuli
2524 2143 3039 2199 Ccntumcellensis
3062 2144 3266 2200 civitas
3295 2143 3513 2199 mutari
3536 2159 3642 2217 po-

370 2246 600 2303 tuisset.
624 2245 707 2300 Ad
739 2259 916 2315 quam
947 2241 1072 2314 ipse
1105 2241 1400 2312 profectus
1432 2239 1577 2301 loca,
1601 2256 1727 2311 quae
1760 2237 1809 2294 ei
1843 2239 2128 2295 afﬁnitate
2159 2244 2324 2296 erant
2366 2242 2698 2312 conjuncta,
2726 2239 2986 2314 diligenti
3020 2257 3160 2296 cura
3189 2257 3255 2296 ac
3285 2241 3480 2296 studio
3511 2257 3642 2313 per-

373 2344 516 2400 vidit
545 2347 719 2413 atque
749 2338 1068 2410 conspexit.
1093 2338 1202 2394 Sed
1236 2337 1335 2394 ubi
1367 2337 1530 2392 locus
1555 2335 1860 2391 videbatur
1887 2337 2134 2394 idoneus
2165 2338 2233 2392 ad
2270 2337 2473 2394 urbem
2497 2337 2919 2406 aediﬁcandam,
2943 2355 3107 2410 aqua;
3131 2339 3438 2412 gestabant
3466 2355 3644 2410 penu-

383 2443 555 2511 riam,
587 2455 713 2511 quae
745 2435 1086 2492 hominibus
1118 2452 1349 2507 semper
1378 2434 1522 2490 satis
1553 2437 1640 2489 est
1669 2433 2018 2489 necessaria.
3587 2501 3590 2503 Δ

441 2539 592 2595 549
625 2532 954 2607 Pcragratis
984 2531 1164 2605 igitur
1183 2531 1479 2595 omnibus,
1503 2534 1568 2586 ut
1597 2530 1996 2603 przediximus,
2019 2529 2184 2598 locis,
2211 2531 2472 2602 pervenit
2495 2534 2730 2588 tandem
2760 2532 2954 2588 divina
2986 2533 3210 2588 favente
3243 2531 3646 2589 misericordia

375 2637 449 2692 ad
469 2635 664 2691 locum
685 2631 973 2704 optimum
996 2628 1280 2700 valdeque
1313 2627 1630 2696 munitum,
1655 2644 1831 2700 super
1853 2644 1965 2698 quo
1987 2645 2134 2683 suus
2160 2628 2412 2684 maxime
2433 2632 2523 2684 est
2547 2628 2780 2686 animus
2802 2629 3104 2696 dilatatus,
3118 2629 3257 2701 quia
3278 2633 3334 2684 et
3353 2645 3642 2701 aquarum

373 2733 604 2807 copiam
633 2731 706 2788 ad
739 2728 1021 2803 populum
1053 2725 1522 2792 eonfortandum,
1554 2727 1611 2780 et
1641 2728 1878 2780 caeteras
1927 2723 2210 2780 utilitates
2242 2723 2554 2792 humanas,
2589 2727 3033 2799 aquimolasquo
3083 2725 3366 2782 molentes
3393 2725 3644 2800 pleniter

368 2827 872 2890 subministrabat.
891 2827 1110 2880 Tamen
1133 2839 1248 2894 quo
1280 2822 1451 2877 modo
1473 2819 1561 2876 vel
1581 2819 1784 2877 ordine
1814 2820 1923 2876 hoc
1953 2823 2010 2876 et
2041 2820 2238 2877 divina
2256 2821 2574 2884 ostenderit
2604 2822 2934 2892 clementia,
2959 2824 3201 2897 dignum
3225 2827 3314 2879 est
3333 2827 3400 2880 ut
3421 2823 3493 2880 ad
3520 2839 3644 2880 ms-

295 2935 334 2989 5
369 2929 618 2987 moriam
649 2931 704 2981 et
732 2925 967 2980 laudem
997 2919 1307 2978 venerandi
1338 2918 1633 2992 pontiﬁcis
1655 2918 1849 2973 omnis
1880 2916 2134 2990 populus
2162 2919 2362 2974 credat
2382 2920 2662 2976 veraciter
2687 2924 2744 2976 et
2774 2922 3270 2994 cognoscat,quod
3291 2921 3486 2977 divino
3511 2937 3646 2977 con-

371 3028 503 3085 silio
535 3029 590 3082 et
619 3022 890 3080 consultu
923 3037 1071 3093 opus
1103 3019 1204 3074 diu
1235 3016 1590 3090 exquisitum
1620 3017 1887 3072 effectum
1921 3019 2028 3070 est.
2060 3016 2236 3072 Nocte
2256 3016 2507 3089 denique
2533 3017 2785 3089 quadam
2809 3019 2950 3073 dum
2982 3018 3198 3075 lectulo
3229 3017 3462 3092 proprio
3475 3019 3653 3090 juxta

370 3139 594 3180 morem
619 3119 929 3194 praeclarus
945 3117 1188 3188 jaceret,
1205 3114 1470 3181 antistes,
1486 3117 1544 3168 et
1562 3115 1631 3169 de
1653 3112 1886 3179 divinis,
1903 3117 1968 3166 ut
1988 3113 2154 3179 solet,
2171 3113 2473 3185 opusculis
2489 3114 2789 3188 cogitaret,
2809 3116 2878 3171 ad
2899 3117 3208 3188 praevisum
3227 3120 3283 3172 et
3300 3116 3640 3172 ordinatum

371 3223 486 3294 iam
519 3213 848 3287 locum,qui
879 3211 1224 3268 duodecimo
1245 3229 1279 3266 a
1298 3209 1782 3266 Centumcellensi
1809 3209 1951 3264 urbe
1971 3209 2242 3264 milliario
2265 3211 2462 3279 distat,
2495 3211 2555 3266 in
2588 3213 2812 3268 somnis
2840 3215 3159 3285 perductus
3189 3219 3297 3283 est,
3321 3218 3378 3271 et
3402 3213 3646 3287 singula

368 3319 498 3376 loca
528 3315 761 3372 cuidam
784 3313 950 3368 Petro
975 3310 1256 3382 magistro
1280 3307 1530 3362 militum
1555 3305 1724 3378 quasi
1747 3323 1848 3378 per
1877 3307 2235 3378 corporalem
2257 3309 2626 3380 praesentiam
2651 3310 2708 3365 in
2733 3310 2861 3382 ipsa
2883 3310 3226 3368 revelatione
3247 3328 3350 3384 per
3371 3311 3640 3367 ordinem

261 3421 332 3476 10
371 3411 810 3476 demonstravit,
833 3408 932 3464 ubi
963 3405 1236 3463 ecclesias
1269 3410 1326 3488 et
1358 3405 1454 3460 ubi
1489 3409 1688 3477 portas
1718 3421 1787 3458 ex
1817 3403 2132 3475 pontiﬁcali
2165 3405 2457 3476 adjutorio
2496 3407 2742 3463 fundare
2772 3414 2828 3464 et
2857 3412 3193 3464 construere
3223 3407 3540 3464 debuisset.
3572 3409 3646 3464 Et

376 3514 517 3587 quia
538 3528 653 3583 prae
681 3506 788 3564 loci
813 3505 1085 3577 angustia
1109 3520 1222 3558 non
1245 3501 1460 3558 ibidem
1489 3500 1602 3556 nisi
1625 3501 1752 3555 duae
1780 3503 1956 3572 porta:
1981 3503 2378 3558 construendae
2401 3507 2584 3572 erant,
2610 3504 2668 3558 in
2693 3503 2819 3576 ipsa
2841 3523 3054 3560 arcana
3074 3505 3420 3561 revelatione
3441 3503 3646 3578 digitis

370 3608 622 3684 propriis
651 3603 966 3661 adnotavit.
988 3603 1158 3656 Mane
1183 3604 1381 3655 autem
1407 3600 1577 3665 facto,
1603 3615 1706 3670 pro
1728 3597 1955 3654 somnio
1979 3599 2130 3670 quod
2155 3600 2376 3656 viderat
2397 3619 2610 3674 magna
2635 3603 2808 3690 cqapit
2828 3602 3042 3658 habere
3063 3603 3406 3672 certamina,
3421 3606 3478 3658 et
3497 3619 3644 3674 prea-

371 3707 738 3764 nominatum
771 3705 1009 3756 Petrum
1041 3699 1112 3753 ad
1143 3714 1309 3752 suam
1345 3695 1498 3751 illico
1523 3695 1707 3768 jussit
1734 3695 1926 3750 venire
1969 3698 2362 3768 praasentiam,
2389 3699 2474 3754 cai
2509 3699 2796 3772 quidquid
2829 3701 2887 3756 in
2920 3701 3144 3757 somnis
3173 3701 3396 3757 viderat
3424 3700 3645 3770 retulit,

371 3805 703 3872 multosque
723 3804 780 3856 et
807 3797 866 3852 in
889 3799 1127 3869 argento
1149 3811 1456 3849 mancosos
1487 3793 1750 3866 praebuit,
1768 3796 1836 3847 ut
1863 3795 2152 3848 conducto
2185 3795 2397 3866 populo
2421 3797 2938 3854 Centumcellencis
2959 3797 3144 3863 urbis,
3168 3815 3303 3853 cum
3326 3797 3411 3853 eis
3435 3797 3642 3852 urbem

254 3909 333 3963 15
374 3900 749 3959 festinantius
780 3895 1054 3969 perﬁcere
1085 3891 1400 3946 debuisset.
1431 3895 1511 3944 Ac
1536 3889 1650 3944 Deo
1672 3889 1911 3960 quidem
1943 3891 2178 3962 auspice
2206 3891 2288 3946 ita
2333 3909 2486 3947 nunc
2517 3893 2713 3948 omnia
2743 3895 3028 3949 zediﬁcata
3057 3893 3370 3961 nitescunt,
3395 3894 3549 3950 sicut
3579 3893 3639 3948 in

373 4014 579 4055 somno
611 4010 759 4068 papa
788 3987 1098 4046 laudabilis
1129 4003 1308 4040 manu
1341 3985 1574 4058 propria
1605 3985 1929 4058 designavit
1953 4002 1964 4040 ε
1991 3987 2082 4046 cui
2115 4003 2182 4040 ex
2213 3987 2448 4044 nomine
2481 3989 2712 4061 proprio
2744 3989 3040 4061 Leopolim
3075 4005 3287 4044 nomen
3327 3987 3636 4060 imposuit;

371 4098 442 4154 ad
473 4110 675 4168 quam.
699 4093 1011 4163 postquam
1033 4083 1306 4139 aediﬁcari
1338 4086 1610 4154 coeperat,
1635 4083 1708 4137 ad
1730 4081 2038 4137 videndam
2061 4086 2118 4137 et
2138 4083 2622 4140 considerandam
2647 4085 2927 4141 fabricam
2951 4103 3084 4142 cum
3107 4103 3354 4142 suorum
3377 4085 3641 4140 ﬁdelium

372 4189 750 4250 multitudine
779 4189 1042 4242 amanter
1069 4179 1501 4237 accessit.Visis
1524 4177 1776 4250 denique
1802 4179 1984 4252 portis
2005 4185 2063 4236 et
2093 4179 2374 4248 ecclesiis,
2403 4181 2461 4234 in
2492 4181 2636 4254 ipsis
2661 4182 2993 4254 specialiter
3011 4182 3152 4238 locis
3175 4183 3328 4238 sicut
3359 4187 3649 4239 monstra-

373 4294 554 4354 verat,
577 4291 635 4342 et
667 4301 841 4342 suum
865 4281 1090 4336 Christo
1121 4281 1456 4350 protegente
1487 4275 1844 4332 desiderium
1869 4277 2274 4349 adimpletum.
2301 4279 2682 4350 omnipotenti
2707 4279 2952 4336 Domino
2976 4280 3197 4354 gratias
3229 4278 3433 4336 retulit
3467 4280 3637 4335 inﬁni

254 4393 338 4447 20
375 4385 596 4458 tas,qui
619 4357 678 4438 ei
709 4380 884 4436 talem
909 4377 1211 4434 ostendere
1241 4375 1433 4429 locum
1461 4373 1735 4445 dignatus
1759 4377 1864 4439 est,
1890 4374 1951 4428 in
1983 4390 2095 4446 quo
2125 4379 2182 4429 et
2213 4374 2464 4447 pepulus
2495 4376 2692 4432 salvus
2721 4377 3007 4444 existeret,
3028 4382 3086 4432 et
3105 4377 3178 4433 ad
3205 4376 3630 4433 abundantiam

375 4483 520 4540 inibi
552 4479 913 4537 ministraret
937 4475 1112 4530 etiam
1144 4472 1367 4545 lapides
1397 4476 1453 4526 et
1483 4475 2048 4543 arenam,quatenus
2078 4472 2202 4527 sine
2235 4471 2431 4530 labore
2481 4475 2878 4547 operariorum
2931 4475 3154 4530 noviter
3197 4477 3532 4530 constructa
3563 4474 3648 4531 fa-

375 4582 538 4638 brica
567 4579 949 4650 augmentum
981 4571 1275 4644 percipere
1307 4568 1608 4640 potuisset.

453 4677 606 4735 550
635 4673 880 4731 Gavisus
911 4687 979 4726 ex
1007 4669 1102 4724 his
1133 4666 1408 4724 omnibus
1441 4665 1644 4721 urbem
1677 4666 1971 4737 Leopolim
2007 4667 2352 4739 saepedictus
2382 4670 2638 4742 pontifex
2672 4670 2890 4726 litauiis
2921 4676 2976 4726 et
3006 4670 3367 4727 orationibus
3397 4670 3648 4744 pedibus

381 4774 633 4852 propriis
663 4769 947 4836 circuivit,
969 4767 1276 4836 tribusque
1307 4762 1670 4818 orationibus
1692 4761 1749 4816 in
1774 4764 2014 4818 modum
2037 4765 2344 4821 Trinitatis
2369 4767 2779 4838 perpetualiter
2799 4770 3187 4838 consecravit;
3217 4769 3558 4836 missarum,
3583 4773 3652 4824 ut

380 4874 590 4932 solitus
621 4873 768 4934 erat,
791 4865 1049 4922 ofﬁcium
1093 4863 1201 4918 rite
1249 4858 1600 4933 persolvens,
1625 4863 1681 4914 et
1710 4877 1919 4932 aquam
1977 4862 2340 4918 benedictam
2392 4881 2494 4936 per
2541 4882 2740 4921 muros
2785 4866 3000 4937 jactari
3047 4867 3406 4940 praacipicns.
3432 4867 3502 4922 Et
3529 4882 3648 4922 non

381 4971 670 5029 modicam
703 4963 978 5022 manibus
1010 4959 1259 5034 propriis
1289 4975 1404 5030 prae
1437 4956 1656 5012 amoris
1683 4957 2087 5029 magnitudine
2117 4959 2386 5016 universo
2409 4961 2620 5032 populo
2642 4979 2841 5035 regam
2865 4961 3202 5019 distribuit:
3227 4962 3650 5020 commendans

305 5073 344 5126 5
381 5063 767 5138 omnipotenti
801 5059 1040 5116 Domino
1073 5055 1377 5130 populum,
1400 5059 1458 5108 et
1486 5053 1778 5108 civitatem
1807 5053 2084 5112 divinitus
2109 5057 2589 5124 demonstratam,
2613 5076 2683 5114 ne
2710 5077 2972 5130 unquam
2992 5061 3063 5117 ab
3093 5059 3364 5118 hostibus
3386 5060 3652 5133 capiatur

380 5165 471 5221 vel
501 5162 831 5218 invadatur.
854 5158 958 5213 His
1013 5154 1288 5210 omnibus
1320 5149 1690 5223 perpetratis,
1725 5151 1796 5205 ad
1831 5152 2025 5206 sedem
2061 5170 2229 5208 suam
2261 5172 2392 5210 cum
2425 5155 2647 5229 ingenti
2707 5157 2908 5212 laetitia
2962 5161 3020 5214 et
3075 5158 3391 5224 alacritate,
3425 5155 3671 5213 Cbristo‘

383 5259 720 5324 auxiliante,
753 5270 1018 5312 reversus
1043 5255 1149 5318 est,
1174 5249 1382 5320 dieque
1405 5246 1782 5318 superaddite
1804 5247 2030 5304 decimo
2064 5250 2270 5321 quinto
2301 5253 2493 5308 omnis
2517 5271 2821 5310 murorum
2845 5257 3102 5312 ambitus
3129 5254 3453 5326 completus
3475 5257 3650 5325 atque

385 5358 676 5432 perfectus
705 5357 812 5421 est,
837 5368 988 5407 anno
1022 5346 1369 5422 priesulatus
1401 5344 1491 5399 sui
1524 5348 1742 5412 octavo,
1779 5344 2095 5402 indictione
2127 5349 2403 5406 secunda.

460 5431 604 5510 δἐι
637 5451 748 5508 Sed
770 5453 826 5505 et
855 5447 914 5502 in
944 5443 1207 5502 ecclesiis
1228 5459 1374 5514 quas
1403 5439 1619 5496 ibidem
1645 5441 1776 5495 fecit
1807 5443 1989 5498 multa
2015 5444 2167 5499 dena
2190 5446 2392 5501 obtulit
2425 5465 2436 5501 :
2465 5449 2523 5502 In
2550 5450 2792 5507 ecclesia
2807 5449 3074 5506 videlicet
3095 5447 3278 5504 sancti
3299 5445 3447 5502 Petri
3471 5447 3650 5520 gaba-

388 5552 524 5608 thas
553 5569 620 5606 ex
642 5551 880 5621 argento
905 5543 1106 5600 fusiles
1128 5541 1398 5611 majores,
1425 5538 1789 5610 minoresque
1813 5547 2056 5612 septem,
2087 5561 2324 5614 pensan.
2351 5547 2566 5616 pariter
2588 5547 2765 5603 libras
2787 5546 3073 5603 sexdecim
3100 5548 3156 5600 et
3175 5544 3410 5599 unciam
3436 5561 3648 5615 unam;

390 5648 732 5706 c’antharam
762 5646 1099 5700 exauratam
1131 5655 1331 5702 unam,
1357 5637 1571 5690 baucas
1602 5641 1908 5692 exauratas
1939 5642 2083 5706 tres;
2119 5641 2452 5698 ﬁbulatoria
2483 5647 2724 5715 majora,
2759 5648 2815 5698 et
2844 5643 3068 5696 minora
3097 5641 3382 5714 quinque;
3419 5657 3653 5698 crucem

391 5765 460 5804 ex
492 5748 730 5818 argento
763 5743 1100 5799 deauratam
1135 5750 1473 5800 unam,cum
1505 5729 1736 5806 gemma
1768 5735 2060 5792 una.ltcm
2095 5738 2266 5793 aliam
2303 5758 2533 5794 crucem
2559 5743 2626 5794 de
2651 5756 2790 5793 auro
2822 5755 3020 5802 unam,
3041 5738 3355 5796 habentem
3377 5739 3435 5794 in
3460 5738 3655 5796 medio

321 5847 358 5902 5
393 5841 819 5910 monocossim;
852 5843 908 5896 et
935 5837 1112 5894 aliam
1145 5847 1372 5888 crucem
1403 5847 1472 5886 ex
1501 5835 1762 5904 argento,
1796 5835 2174 5904 numeratim,
2202 5835 2511 5892 habentem
2545 5851 2806 5908 gemmas
2838 5837 3255 5912 quadraginta;
3292 5835 3661 5894 thuribulum

393 5957 638 6002 aureum
668 5942 1010 5998 exauratum
1042 5947 1250 5996 unum,
1279 5931 1536 5986 dextram
1571 5929 1856 5987 saxiscam
1902 5950 2099 6000 unam,
2136 5951 2379 5991 coronas
2421 5950 2626 5990 aureas
2657 5922 2988 6004 duodecim,
3016 5936 3328 6008 gabatham
3360 5951 3563 6007 unam,
3599 5939 3662 5994 et
