4136 6168
513 219 674 308 1335
1654 231 2066 320 amaram:
2109 231 2772 322 amnemamnem],
3738 237 3864 328 uas

659 356 1275 432 struthiocamelorum
1309 378 1414 418 ova
1442 362 1578 420 duo.
1601 365 1787 438 Atque
1818 367 1953 423 fecit
1982 367 2040 422 in
2071 367 2280 445 eadem
2304 365 2550 440 ecclesia
2570 367 2696 436 jam
2728 365 2894 423 dictae
2917 365 3166 442 civitatis
3193 370 3382 444 vestes
3411 367 3624 436 sex-iens
3643 368 3870 428 duas:et

653 450 870 524 quibus
903 473 1078 511 unam
1113 457 1288 514 habet
1320 459 1378 514 in
1410 461 1602 517 medio
1651 463 1913 519 tabulam
1944 463 2014 520 de
2045 463 2434 538 chrysoclavo,
2471 468 2528 524 et
2558 461 2672 521 alia
2719 462 2896 532 habet
2923 463 2982 518 in
3036 465 3226 519 medio
3258 480 3506 538 crucem,
3527 471 3586 520 et
3613 465 3870 523 orbiculos

651 553 905 622 quatuor
929 569 1061 630 cum
1092 557 1476 628 gammadiis;
1510 562 1566 613 et
1585 558 1708 627 vela
1729 561 1799 616 de
1833 561 2072 616 fundato
2095 562 2292 618 decem
2313 565 2369 628 et
2389 565 2517 616 octo
2541 577 2554 616 :
2579 558 2921 620 cruciﬁxum
2946 577 3014 616 ex
3035 565 3275 637 argento
3301 560 3637 636 purissimo,
3661 573 3869 636 pensan.

545 647 612 702 10
651 647 831 704 libras
857 651 912 706 7.
937 650 1170 708 Necnon
1202 659 1260 708 et
1288 651 1346 708 in
1379 653 1622 712 ecclesia
1643 657 1829 722 sancti
1863 658 2092 725 Leonis,
2118 659 2217 714 ubi
2239 675 2417 732 supra
2445 656 2660 714 obtulit
2688 660 2958 729 patenam
2989 645 3324 730 exau'ratam
3348 675 3546 732 unam,
3573 659 3801 728 calicem
3817 661 3874 716 de

648 750 888 818 argento
920 764 1128 824 unum,
1149 755 1337 807 vestes
1367 752 1536 817 duas,
1561 771 1739 808 unam
1770 753 2007 827 quidem
2039 757 2110 815 de
2143 755 2404 821 fundato,
2433 757 2698 810 ornatam
2728 754 2788 809 in
2819 752 3067 812 circuitu
3118 756 3190 828 de
3233 755 3482 824 olovero,
3507 755 3802 813 habentem
3825 756 3872 812 in

649 847 873 915 septem
899 861 912 898 :
937 845 1324 904 Historiarum
1355 849 1704 918 Salomonis,
1731 853 2248 925 Antiphonarium,
2273 853 2619 912 Psalterium
2641 857 2698 908 et
2719 853 3275 930 Sacramentarium,
3297 857 3595 927 gestorum
3617 858 3673 908 et
3695 869 3875 910 sermo-

649 957 776 1008 nes,
798 943 897 997 sed
931 947 988 998 et
1018 945 1394 1018 Evangelium
1425 965 1560 1004 cum
1590 949 1810 1005 tabulis
1840 950 2131 1024 argenteis
2155 967 2168 1007 :
2192 954 2368 1024 atque
2413 948 2878 1024 sacratissimum
2910 949 3009 1005 Dei
3043 949 3242 1020 altare,
3269 950 3425 1024 quod
3458 967 3638 1024 supra
3665 950 3875 1006 sanctis.

543 1036 614 1093 45
652 1037 871 1094 simum
903 1040 1054 1096 beati
1091 1042 1238 1098 Petri
1271 1045 1518 1116 apostoli
1551 1063 1762 1120 corpus
1792 1049 2059 1104 consistit
2098 1047 2387 1122 argenteis
2411 1045 2866 1120 deauratis,quae
2897 1046 2958 1102 in
2990 1047 3189 1102 dextra
3214 1050 3272 1102 et
3297 1037 3646 1122 ltevaips'ius
3674 1053 3873 1120 aposto-

651 1133 841 1192 lorum
875 1137 1158 1210 principis
1190 1139 1366 1196 habet
1397 1142 1700 1216 miracula,
1724 1146 2050 1216 perornavit
2078 1145 2316 1206 laminis
2335 1145 2436 1218 (α),
2459 1161 2587 1220 quae
2617 1145 2844 1220 ingenti.
2863 1144 3168 1220 splendore
3194 1161 3352 1220 nunc
3383 1148 3450 1218 ut
3477 1143 3606 1206 σιειί
3635 1150 3781 1205 astra
3803 1161 3874 1202 co-

651 1238 912 1313 ruscant,
946 1252 1190 1306 pensari.
1215 1255 1346 1292 vero
1377 1238 1554 1308 simul
1587 1239 1767 1296 libras
1797 1243 2136 1318 octuaginta
2165 1235 2418 1316 quatuor
2444 1247 2502 1298 et
2532 1242 2738 1299 uncias
2765 1241 3048 1318 quinque.

724 1329 876 1388 552
904 1335 1090 1410 Atque
1119 1339 1250 1408 post
1279 1340 1401 1392 tam
1431 1337 1734 1405 immensa:
1782 1317 2135 1412 operationis
2165 1340 2444 1414 insignia,
2465 1339 2730 1414 factaque
2760 1317 2977 1410 divina,
3001 1337 3102 1413 Dei
3143 1337 3339 1396 aeterni
3389 1337 3697 1409 clementia
3719 1337 3874 1411 inspi-

648 1433 977 1502 rante,quze
1010 1449 1112 1506 per
1141 1433 1369 1490 diversa
1387 1433 1515 1491 loca
1535 1436 1608 1503 ob
1639 1435 1888 1494 salutem
1905 1437 2368 1514 Christianorum
2400 1437 2524 1509 ipse
2553 1435 2964 1512 sanctissimus
2986 1451 3136 1509 papa
3158 1436 3250 1512 est
3277 1434 3871 1514 operatumeccjesiam,

647 1543 777 1604 quae
807 1528 1038 1584 Domini
1067 1547 1207 1586 voce
1238 1549 1416 1604 supra
1447 1533 1680 1589 firmam
1738 1539 1959 1606 petram
1996 1535 2240 1590 fundata
2266 1532 2555 1600 consistit,
2589 1533 2745 1595 etde
2776 1517 2941 1597 beati
2961 1517 3115 1592 Petri
3172 1529 3571 1606 apostolorum
3631 1528 3875 1611 principis

647 1625 884 1680 nomine
913 1630 1116 1682 sancto
1147 1626 1400 1700 gloriosa
1429 1635 1716 1698 coruscat,
1752 1631 2182 1704 pretiosissima
2205 1629 2470 1687 omnium
2512 1628 2880 1702 metallorum
2912 1633 3119 1706 ornatu
3151 1645 3268 1700 prae
3299 1627 3480 1686 nimio
3511 1627 3710 1704 patria
3737 1627 3873 1684 etsie-

570 1721 608 1776 5
646 1721 754 1778 stis
784 1739 980 1779 amore
1011 1725 1272 1796 quotidie
1299 1742 1504 1783 ornare
1535 1745 1876 1800 procurans,
1901 1729 2117 1784 ibidem
2158 1745 2388 1802 quoque
2418 1727 2726 1803 lectorium
2767 1731 3110 1801 argenteum
3141 1725 3356 1798 inclyta
3378 1725 3713 1800 operatione
3739 1725 3873 1783 cele-

643 1823 794 1897 tum,
818 1823 875 1876 et
905 1836 1083 1893 super
1111 1827 1365 1894 quatuor
1385 1825 1560 1896 pedes
1591 1825 1919 1888 consistens
1939 1827 2198 1899 perfecit.
2223 1827 2287 1882 In
2319 1826 2492 1901 cujus
2527 1823 2796 1902 videlicet
2821 1823 3165 1897 summitate
3205 1821 3390 1884 leonis
3429 1827 3608 1910 caput
3640 1822 3871 1896 refulget,

644 1933 866 1989 pensan
923 1916 1106 1974 libras
1134 1919 1377 1992 triginta
1399 1939 1578 1977 unam
1609 1928 1666 1978 et
1695 1924 1902 1990 uncias
1932 1925 2204 1999 undecim
2229 1943 2242 1980 :
2267 1941 2492 1980 necnon
2527 1928 2586 1979 et
2615 1925 2905 1998 cerostata
2927 1926 3198 1998 quatuor,
3222 1938 3351 1994 quae
3383 1919 3624 1996 alonge
3651 1925 3873 1994 tempore

645 2031 1014 2070 summorum
1046 2017 1391 2090 pontificum
1422 2017 1483 2072 in
1513 2018 1706 2087 medio
1735 2021 2081 2095 presbyterii
2115 2021 2280 2082 festis
2311 2021 2688 2093 erigebantur
2717 2017 2946 2074 diebus.
2974 2019 3159 2097 Atque
3191 2018 3311 2074 haec
3342 2017 3538 2091 sagaci
3572 2017 3795 2079 arbitrio
3819 2017 3874 2073 de

645 2119 884 2187 argento
931 2113 1246 2191 purissime
1295 2115 1606 2186 investivit,
1632 2121 1806 2190 atque
1836 2121 1902 2185 ut
1930 2109 2364 2195 inperpetuum
2417 2117 2636 2184 ibidem
2667 2118 3082 2192 erectaessent
3137 2115 3459 2184 constituit,
3493 2115 3655 2188 quod
3707 2113 3874 2170 nullus

538 2209 610 2264 4-0
647 2211 1139 2282 praedecessorum
1171 2212 1299 2282 ejus
1331 2213 1517 2282 facere
1546 2215 1836 2287 cogitavit,
1859 2215 2138 2288 habentia
2167 2215 2344 2277 simul
2375 2215 2554 2271 libras
2575 2214 3004 2291 quinquaginta
3034 2217 3093 2270 et
3121 2214 3402 2294 quinque.
3425 2213 3534 2270 Ubi
3579 2231 3751 2288 supra
3769 2213 3876 2270 fecit

654 2310 711 2362 et
740 2311 1024 2362 cerostata
1053 2307 1122 2362 de
1143 2313 1384 2384 argento
1407 2312 1650 2381 majora,
1679 2329 1785 2383 par
1804 2329 2010 2385 unum,
2036 2329 2280 2384 pensan,
2301 2311 2482 2383 libras
2505 2295 2893 2386 quadraginta
2913 2317 3040 2371 octo
3061 2316 3120 2384 et
3140 2311 3344 2367 uncias
3366 2310 3592 2385 decem,
3616 2310 3674 2368 in
3695 2310 3874 2384 quibus

687 2403 892 2460 sedent
920 2403 1170 2461 lucernae
1190 2404 1446 2462 bimixtaa
1468 2407 1538 2462 de
1562 2411 1798 2480 argento
1830 2408 2148 2482 purissimo
2177 2407 2439 2464 lucentes
2461 2409 2636 2481 juxta
2653 2409 2833 2465 altare
2855 2409 2970 2482 maj
2981 2425 3072 2486 us,
3093 2425 3335 2484 pIensan.
3361 2407 3548 2464 libras
3569 2407 3743 2464 simul
3762 2423 3872 2480 qua-

653 2501 926 2575 draginta
955 2506 1010 2558 et
1040 2519 1244 2559 novem
1272 2521 1286 2558 :
1311 2521 1534 2561 necnon
1579 2509 1635 2561 et
1677 2504 1793 2561 alia
1837 2509 2128 2568 cerostata
2155 2507 2534 2580 deargentata
2569 2511 2815 2578 septem,
2838 2522 3080 2578 pensan.
3104 2497 3286 2567 libras
3311 2504 3523 2578 viginti
3568 2505 3812 2583 quinque
3833 2507 3878 2561 et

651 2599 857 2655 uncias
887 2605 1024 2656 tres.
1047 2599 1175 2655 Pari
1202 2601 1375 2672 modo
1406 2605 1463 2658 et
1492 2599 1609 2678 alia
1634 2606 1858 2674 septem
1895 2607 2047 2659 tetra
2083 2603 2214 2660 fecit
2245 2607 2530 2659 cerostata
2561 2603 2744 2660 ferrea
2771 2603 3022 2676 desuper
3050 2602 3122 2658 de
3170 2589 3428 2674 argento,
3455 2617 3698 2675 pensan.
3727 2601 3878 2657 libras

544 2698 612 2778 1.5
650 2714 829 2753 unam
862 2702 919 2754 et
945 2697 1172 2771 viginti,
1195 2707 1252 2754 et
1281 2701 1488 2757 uncias
1515 2705 1654 2756 tres.
1680 2703 1867 2774 Atque
1897 2717 2074 2773 super
2111 2700 2306 2774 ipsum
2339 2699 2521 2756 altare
2552 2697 2686 2756 fecit
2715 2705 2934 2756 vestem
2963 2715 3104 2756 auro
3132 2702 3370 2768 textam,
3393 2697 3666 2754 candidis
3693 2715 3789 2772 per
3810 2703 3878 2754 to-

647 2798 772 2851 tum
804 2795 1140 2868 margaritis
1171 2795 1514 2872 fulgentem,
1536 2802 1594 2854 et
1625 2798 1682 2852 in
1714 2798 1916 2854 dextra
1947 2797 2200 2874 laevaque
2227 2796 2459 2874 tabulas
2489 2801 2814 2876 gemmatas
2845 2797 3154 2875 habentem
3187 2813 3323 2876 cum
3355 2797 3686 2880 aureisper
3700 2797 3880 2854 circui-

647 2897 776 2969 tum
805 2893 1104 2968 orbiculis,
1131 2895 1346 2966 quibus
1376 2893 1604 2968 insigne
1635 2895 1833 2968 ipsius,
1856 2894 2124 2968 praesulis
2153 2897 2241 2951 est
2267 2911 2480 2955 nomen
2513 2895 2894 2968 descriptum.

718 2990 870 3046 553
900 2989 1032 3066 Jam
1065 2995 1124 3046 et
1151 2991 1573 3048 monasterium
1608 2992 1796 3058 sancti
1828 2992 2250 3066 Martini,quod
2272 2991 2446 3070 longo
2467 2991 2630 3068 senio
2658 2995 2784 3048 erat
2802 3007 3100 3059 casurum,
3128 2989 3631 3066 mirisdomorum
3653 2987 3879 3062 aediﬁciis

650 3087 1017 3153 restauravit,
1031 3091 1088 3142 et
1116 3087 1187 3142 ad
1219 3087 1500 3144 honorem
1532 3087 1830 3154 meliorem
1855 3105 2031 3162 quam
2061 3088 2225 3162 prius
2275 3089 2460 3150 fuerat
2491 3086 2755 3156 funditus
2786 3087 3098 3150 decoravit.
3133 3074 3197 3152 In
3228 3103 3343 3160 quo
3371 3091 3430 3143 et
3456 3092 3681 3144 vestem
3712 3087 3878 3143 albam

645 3187 902 3240 rosatam
923 3201 1056 3238 cum
1089 3183 1238 3240 rosis
1269 3183 1502 3254 obtulit,
1521 3189 1580 3240 et
1609 3185 1960 3260 salvatorem
1987 3203 2121 3242 cum
2151 3184 2452 3260 apostolis,
2475 3189 2534 3246 et
2553 3185 2850 3260 Virginem
2883 3183 3171 3260 legentem
3203 3202 3413 3245 nomen
3442 3185 3672 3251 domini
3701 3184 3878 3251 Leonis

646 3281 858 3352 quarti.
883 3279 1020 3336 Item
1055 3280 1181 3337 vela
1209 3281 1470 3354 quinque
1501 3282 1634 3352 alba
1662 3287 1874 3350 rosata,
1899 3287 1956 3339 et
1983 3300 2168 3338 unum
2197 3283 2434 3356 quidem
2467 3282 2691 3340 habens
2720 3283 3088 3356 gammadias
3117 3282 3416 3350 tredecim,
3439 3281 3802 3356 etamigdala
3817 3282 3878 3338 de

571 3380 608 3435 5
645 3381 884 3458 argento
911 3381 1184 3434 exaurata
1214 3377 1346 3434 tria.
1390 3380 1453 3435 In
1487 3378 1732 3436 ecclesia
1779 3384 2111 3436 sanctorum
2145 3365 2396 3453 quatuor
2425 3379 2842 3446 Coronatorum
2878 3379 3012 3436 fecit
3037 3383 3257 3442 vestem
3290 3380 3360 3435 de
3408 3379 3656 3436 fundato
3702 3395 3874 3454 unum.

644 3475 924 3552 Praeterea
953 3475 1110 3530 idem
1137 3493 1410 3531 summus
1431 3481 1488 3532 et
1513 3476 1868 3533 orthodoxus
1890 3476 2148 3548 pontifex
2168 3475 2365 3532 divina
2383 3475 2765 3548 inspiratione
2788 3475 3059 3549 pulsatus
3080 3475 3214 3535 fecit
3234 3475 3292 3530 in
3315 3474 3562 3532 basilica
3582 3475 3732 3532 beati
3751 3472 3874 3532 Petri

645 3571 1039 3642 apostolorum
1071 3571 1353 3644 principis
1376 3572 1585 3628 calices
1615 3590 1684 3628 ex
1715 3578 1953 3646 argento
1983 3573 2440 3646 purissimo,qui
2463 3573 2720 3646 pendent
2749 3590 2926 3650 super
2945 3589 3148 3648 arcum
3181 3571 3588 3646 principalem,
3609 3575 3878 3630 necnonet

640 3666 794 3722 intra
813 3665 1118 3743 columnas
1139 3669 1391 3739 majores
1417 3669 1618 3724 dextra
1638 3669 1893 3742 laevaque
1916 3686 2158 3726 numero
2182 3669 2518 3744 octuaginta
2545 3675 2686 3736 tres,
2707 3669 2992 3733 habentes
3024 3667 3265 3726 insimul
3292 3669 3474 3744 libras
3507 3671 3877 3744 quadringen-

640 3768 732 3820 tas
753 3763 1143 3836 quadraginta
1164 3769 1222 3820 et
1245 3782 1443 3821 unam.
1469 3765 1731 3839 ldipsum
1754 3784 1888 3824 vero
1910 3771 2044 3824 ante
2067 3767 2217 3834 sacri
2243 3767 2443 3824 altaris
2463 3766 2818 3826 vestibulum
2842 3767 2919 3822 mi
2929 3785 3001 3822 rm
3023 3766 3480 3840 pulchritudinis
3499 3769 3639 3824 fecit
3659 3768 3874 3832 trabem,

531 3860 602 3916 40
640 3877 816 3934 quam
841 3864 972 3934 post
991 3859 1132 3916 dirae
1151 3861 1343 3934 gentis
1375 3862 1687 3919 nefandam
1710 3864 2200 3937 depraedationem
2221 3881 2288 3920 ex
2319 3869 2558 3938 argento
2589 3863 2879 3939 decoravit
2909 3863 3252 3938 purissime,
3271 3863 3331 3919 in
3363 3881 3486 3938 qua,
3510 3881 3688 3921 sacra:
3707 3881 3769 3934 ac

637 3957 997 4014 venerabiles
1018 3957 1223 4014 sedent
1241 3958 1527 4034 imagines
1549 3977 1677 4034 quae
1703 3978 1866 4034 pcns.
1892 3961 2072 4018 libras
2098 3961 2418 4036 sexaginta.
2439 3961 2663 4021 Obtulit
2685 3977 2924 4046 quoque
2942 3961 2997 4016 in
3019 3960 3266 4030 ecclesia
3285 3953 3437 4036 beati
3459 3963 3616 4018 Petri
3634 3959 3870 4036 apostoli.

637 4073 764 4128 quae
790 4055 1028 4128 ponitur
1056 4055 1114 4110 in
1147 4055 1381 4114 civitate
1412 4057 1668 4130 Le0poli,
1689 4058 2059 4114 thuribulum
2082 4059 2154 4114 de
2183 4062 2422 4131 argento
2441 4063 2717 4130 exaurato
2741 4076 2945 4118 unum.
2971 4057 3096 4118 Pari
3124 4059 3296 4116 modo
3325 4062 3382 4116 et
3409 4057 3470 4114 in
3491 4054 3740 4126 ecclesia
3763 4074 3870 4115 san-

635 4157 742 4209 ctae
763 4151 864 4208 Dei
887 4151 1194 4209 Genitrieis
1223 4154 1582 4227 Mariamque;
1607 4155 1721 4210 sita
1749 4159 1838 4210 est
1868 4155 1928 4210 in
1956 4156 2082 4212 vico
2107 4156 2448 4220 Sardorum,
2469 4155 2908 4228 gabathaseum
2933 4155 3189 4212 canistro
3211 4155 3282 4212 de
3305 4160 3552 4230 argento
3572 4160 3866 4220 exauratas,

634 4266 874 4324 pensan.
898 4248 1194 4306 libras.....
1221 4251 1502 4308 Similiter
1530 4256 1587 4307 et
1625 4253 1684 4307 in
1715 4251 2025 4308 venerabili
2058 4251 2408 4315 monasterio
2455 4251 2802 4327 Jerusalem,
2827 4253 2980 4326 quod
3006 4253 3176 4325 juxta
3202 4251 3506 4310 ecclesiam
3542 4253 3692 4310 beati
3739 4251 3864 4310 Petri

523 4351 596 4410 45
631 4346 878 4422 apostoli
910 4348 1166 4421 ponitur,
1191 4348 1324 4404 fecit
1349 4353 1568 4404 vestem
1592 4348 1662 4403 de
1687 4348 1924 4405 fundato
1947 4365 2078 4404 cum
2104 4347 2401 4416 orbiculis,
2428 4349 2486 4404 in
2517 4347 2763 4407 circuitu
2793 4354 3058 4413 ornatam
3081 4366 3216 4406 cum
3239 4349 3373 4408 lista
3393 4351 3464 4406 de
3495 4349 3864 4424 chrysoelavo,

628 4461 764 4502 cum
793 4443 934 4500 velis
965 4461 1032 4499 ex
1064 4443 1297 4500 imizino
1329 4445 1579 4510 duobus,
1603 4449 1658 4500 et
1680 4445 1750 4500 de
1771 4445 2012 4501 fundato
2034 4445 2242 4501 tribus.
2268 4445 2396 4517 ipse
2425 4461 2558 4500 vero
2589 4461 2621 4501 a
2641 4445 2758 4512 Deo
2785 4450 3081 4518 protectus
3108 4444 3454 4516 venerabilis
3483 4451 3545 4502 et
3575 4443 3860 4518 praeclarus

626 4541 885 4618 pontifex
910 4541 1042 4598 fecit
1071 4541 1536 4614 propitiatorium
1569 4543 1718 4596 sacri
1751 4541 1952 4598 altaris
1973 4542 2125 4598 beati
2153 4542 2300 4597 Petri
2323 4540 2717 4614 apostolorum
2751 4541 3052 4616 principis,
3076 4541 3178 4598 ubi
3199 4541 3656 4599 sacritissimum
3674 4555 3857 4613 corpus

625 4641 756 4714 ejus
788 4639 1037 4712 quiescit
1066 4637 1507 4712 spanoclistum,
1533 4639 1757 4710 habens
1785 4639 2024 4712 quidem
2054 4637 2276 4711 argenti
2309 4637 2487 4694 libras
2518 4639 2894 4714 septuaginta
2908 4645 2965 4695 et
2993 4640 3161 4712 duas,
3182 4638 3311 4695 auri
3330 4655 3464 4703 vero
3487 4638 3826 4714 octuaginta.

697 4735 850 4794 554
881 4734 1068 4808 Hujus
1089 4751 1221 4791 vero
1243 4736 1604 4807 temporibus
1629 4736 1867 4808 quidam
1891 4735 2091 4792 Daniel
2118 4735 2398 4808 magister
2417 4735 2694 4814 militum,
2717 4717 3047 4809 iniquitatis
3067 4753 3133 4796 ac
3153 4734 3412 4810 stultitiae
3435 4735 3592 4801 mole
3613 4741 3853 4799 emeatus,

615 4833 687 4888 ad
720 4831 1098 4890 serenissima
1129 4831 1327 4888 domui
1361 4833 1634 4888 Ludovici
1673 4832 2043 4907 imperatoris
2073 4832 2318 4906 vestigia
2361 4835 2708 4904 properavit,
2740 4833 2907 4908 eique
2938 4832 3126 4896 multa
3168 4832 3314 4914 falsa
3341 4837 3397 4889 et
3425 4833 3660 4890 inutilia
3685 4831 3854 4898 verba,

624 4945 750 5002 quae
781 4928 933 4984 credi
968 4927 1128 4984 nullo
1159 4929 1332 5007 modo
1380 4935 1636 5002 possent,
1660 4947 1837 5004 super
1865 4929 2206 4988 Gratianum
2265 4929 2800 4986 eminentissimum
2859 4931 3208 5012 magistrum
3239 4919 3519 4996 militum,
3547 4937 3608 4998 et
3636 4923 3854 4986 Romani

620 5025 821 5100 palatii
853 5025 1152 5099 egregium
1183 5027 1534 5098 superistam
1566 5044 1631 5083 ac
1663 5021 2290 5093 consiliarium,dicere
2323 5044 2438 5083 non
2469 5027 2774 5084 dubitavit.
2796 5027 2942 5084 Nam
2962 5009 3261 5092 instanter
3288 5045 3421 5107 eum
3454 5027 3765 5106 accusabat
3790 5023 3851 5080 oh

543 5123 587 5206 5_
617 5121 891 5181 falsitatis
915 5121 1217 5192 invidiam,
1251 5124 1451 5180 dicens
1481 5123 1816 5198 imperatori
1849 5141 1862 5180 :
1897 5125 2212 5182 Gratianus
2261 5124 2535 5182 Romanae
2583 5125 2746 5200 urbis
2777 5125 3088 5206 superista,
3120 5142 3294 5206 quem
3325 5141 3472 5220 erga,
3489 5142 3596 5182 vos
3645 5121 3849 5180 fidelem

617 5239 748 5281 esse
779 5221 1034 5288 creditis,
1059 5219 1204 5277 mihi
1236 5220 1342 5276 soli
1377 5221 1435 5276 in
1466 5221 1638 5278 domo
1683 5239 1792 5278 sua
1831 5221 2082 5278 nimium
2140 5238 2317 5294 super
2347 5223 2599 5294 Francos
2629 5239 3008 5290 murmurans
3038 5221 3184 5278 dixit
3211 5215 3466 5279 secrete:
3497 5222 3644 5288 Quia
3674 5215 3850 5277 Franci

615 5321 763 5378 nihil
794 5319 962 5376 nobis
1003 5318 1142 5374 boni
1173 5317 1414 5385 faciunt,
1441 5335 1628 5390 neque
1679 5319 2033 5390 adjutorium
2066 5317 2352 5390 praebent;
2386 5319 2486 5374 sed
2519 5318 2706 5392 magis
2756 5337 2884 5392 quae
2932 5323 3133 5376 nostra
3163 5322 3302 5375 sunt
3329 5316 3610 5392 violenter
3637 5315 3847 5374 tollunt.

614 5423 802 5488 Quare
833 5436 940 5475 nos
971 5418 1325 5474 advocemus
1353 5415 1600 5483 Grzecos,
1626 5419 1683 5470 et
1713 5433 1842 5470 cum
1877 5415 1960 5470 eis
1992 5415 2179 5470 fmdus
2210 5414 2369 5487 pacis
2393 5420 2806 5492 componentes
2834 5417 3188 5492 Francorum
3219 5432 3414 5490 regem
3441 5417 3501 5488 et
3527 5417 3756 5490 gentem
3790 5409 3850 5467 de

605 5522 807 5574 mstro
842 5531 1018 5590 regno
1049 5517 1106 5570 et
1135 5511 1532 5568 dominatione
1554 5511 1912 5584 expellinus?
1934 5514 2054 5578 Quo
2078 5511 2275 5567 audito
2296 5528 2431 5566 mox
2451 5511 2762 5584 praedictus
2782 5497 3117 5584 imperator,
3138 5513 3427 5578 immenso
3455 5513 3648 5570 furore
3673 5523 3853 5584 accen-

507 5615 576 5674 10
613 5631 736 5683 sus,
772 5615 898 5671 sine
929 5612 1138 5669 litteris
1168 5609 1342 5666 el'am
1373 5607 1443 5664 ad
1479 5608 1870 5664 Romanorum
1905 5607 2139 5664 directis
2170 5607 2501 5680 pontiﬁcem
2537 5613 2592 5663 et
2624 5613 2912 5676 senatum,
2937 5610 3180 5678 Romam
3209 5610 3407 5668 venire
3434 5607 3706 5668 velociter
3729 5621 3846 5680 pro-

519 5786 529 5794 .
1653 5724 1903 5769 NUTULE
1945 5723 2326 5768 MARGINALES
2365 5723 2685 5788 FABROTTI.

543 5809 620 5880 (α)
651 5811 814 5867 Forte
841 5804 1254 5864 Iuminaribus.
