4058 6162
288 252 294 261 ,
486 244 492 255 .
736 243 743 272 ,

212 116 382 187 me
906 115 1275 187 HISTORIA
1314 112 1416 177 DE
1458 105 1661 178 Vl'l‘ls
1706 104 1895 181 non.
1936 102 2175 181 eam.
2202 138 2279 164 -—
2307 112 2794 184 BENEDICTUS
2835 120 2943 183 ΠΙ.
3466 102 3627 184 iam

2978 244 3379 274 δ;ι,ο·,ἰτι·,-οο1αοι·
3418 244 3465 257 ιι.
3516 248 3519 253 -

1387 330 1570 402 CVI.
1634 332 2261 407 BENEDICTUS
2311 337 2447 407 Ill.

1015 466 1179 515 ANNO
1206 469 1448 516 CHRISTI
1478 458 1619 530 855,
1655 472 1937 518 LOTHARII
1964 475 2089 519 IMP.
2124 459 2225 532 16,
2255 476 2578 522 menaeus
2607 478 2702 537 In,
2727 465 2825 522 14.

435 648 588 715 556
617 654 962 713 Benedictus
1011 655 1240 724 tertius,
1272 657 1506 714 natione
1550 657 1869 728 Romanus,
1902 676 1971 716 ex
2000 663 2162 733 patre
2212 660 2394 728 Petro,
2430 661 2584 717 sedit
2629 678 2814 718 annos
2865 661 3033 728 duos,
3066 676 3302 717 menses
3353 676 3473 728 sex,
3505 658 3633 715 dies

358 752 585 813 decem.
618 755 831 811 Beatus
878 755 966 810 vir
1022 755 1132 811 iste
1180 754 1581 812 dilectissimis
1609 756 1929 814 visceribus
1976 757 2190 827 editus,
2225 758 2447 815 sidereo
2506 757 2731 831 pollens
2789 775 2936 824 rore,
2971 773 3354 828 crcscensque
3385 755 3631 812 celerius

365 848 695 909 divinorum
727 850 921 909 studio
952 852 1186 924 apicum
1216 852 1400 925 patris
1441 853 1513 908 ad
1546 854 1932 909 erudiendum
1965 854 2204 910 arbitrio
2238 854 2490 915 traditur
2538 856 2669 922 Qui,
2695 854 2872 911 veluti
2905 854 3151 926 spongia
3180 852 3462 909 citissime
3491 852 3635 926 lym-

366 949 546 1022 pham
569 948 744 1022 capit,
760 958 1066 1005 sacrorum
1089 950 1171 1005 ita
1186 948 1552 1006 Voluminum
1577 951 1782 1007 didicit
1798 950 2103 1020 lectiones,
2126 950 2577 1024 rudimentaque
2597 952 2885 1026 cognovit,
2903 950 3144 1023 accepit,
3164 950 3495 1022 mentisque
3516 966 3635 1005 suae

293 1044 332 1104 5
366 1045 707 1103 fundatione
736 1045 951 1119 posuit,
975 1049 1032 1101 et
1059 1045 1453 1102 invisibilibus
1503 1045 1799 1103 radicibus
1845 1050 2201 1120 propagavit.
2228 1048 2613 1105 Celeberrima
2643 1050 2882 1122 quidem
2914 1065 3050 1106 cum
3081 1049 3151 1103 de
3199 1065 3266 1104 eo
3313 1047 3471 1103 fama
3498 1062 3637 1119 per-

366 1145 722 1217 vulgaretur,
754 1141 814 1198 in
846 1142 1236 1199 Lateranense
1281 1133 1702 1216 patriarchium
1733 1144 2094 1217 perducitur,
2128 1144 2397 1218 cleroque
2448 1146 2692 1203 locatur.
2726 1147 2864 1202 Erat
2913 1152 3108 1203 autem
3159 1145 3395 1218 sapiens
3441 1144 3637 1211 verbo,

370 1241 639 1300 doctrina
684 1239 1021 1313 praeclarus,
1049 1239 1278 1296 sobrius
1325 1239 1778 1308 conversatione,
1802 1240 2035 1314 loquela
2081 1242 2383 1315 paciﬁcus,
2406 1243 2632 1299 cunctis
2663 1244 3044 1316 compatiens,
3077 1241 3471 1315 Omnibusque
3499 1241 3641 1297 obe-

374 1339 561 1407 diens,
582 1336 831 1409 denique
860 1336 1338 1409 benignissimus.
1365 1337 1508 1393 Cum
1540 1354 1674 1394 eum
1705 1337 2031 1394 intueretur
2059 1355 2211 1410 papa
2232 1339 2541 1412 Gregorius
2563 1339 2855 1396 almiﬁcus
2886 1341 3138 1413 peritum
3161 1338 3443 1396 doctrinis
3465 1341 3642 1410 atque

376 1436 727 1510 proficuum,
741 1438 956 1492 Sanctae
974 1433 1139 1489 illum
1159 1435 1463 1491 constituit
1484 1435 1756 1490 Romanae
1777 1434 2044 1490 Ecclesiae
2066 1434 2490 1491 subdiaconum
2511 1453 2524 1505 ;
2556 1434 2616 1490 in
2648 1452 2764 1508 quo
2785 1438 2989 1493 ordine
3010 1436 3180 1509 plura
3199 1452 3377 1492 sacras
3398 1450 3642 1490 conver-

270 1537 339 1592 10
376 1530 621 1591 sationis
642 1530 965 1590 certamina
985 1531 1210 1599 habuit,
1236 1542 1373 1588 nam
1403 1548 1636 1588 carnem
1658 1531 1794 1587 vicit
1815 1548 1881 1587 ac
1912 1531 2119 1587 mundi
2151 1532 2498 1605 principem,
2523 1538 2581 1588 et
2609 1532 2806 1589 omnia
2826 1534 2954 1606 ejus
2976 1537 3323 1607 argumenta
3348 1530 3641 1604 nequissi-

370 1648 487 1688 ma.
507 1631 665 1688 Obiit
691 1630 900 1688 deinde
929 1630 1244 1704 Gregorius
1276 1628 1510 1702 praesul,
1536 1629 1924 1703 migravitque
1954 1630 2027 1685 ad
2059 1629 2398 1686 Dominum.
2418 1631 2657 1704 Sergius
2698 1635 2896 1687 autem
2928 1630 3325 1703 gubernacula
3367 1631 3641 1686 Romana

370 1726 632 1802 suscepit
660 1729 907 1785 antistes
928 1722 1217 1793 Ecclesiae,
1242 1742 1426 1799 eoque
1458 1725 1729 1783 defuncto
1777 1726 2158 1799 apostolicam
2192 1727 2304 1784 Leo
2336 1744 2486 1800 papa
2517 1728 2713 1784 sedem
2762 1728 3038 1800 suscepit.
3065 1728 3310 1801 Oppido,
3340 1727 3441 1799 qui
3472 1726 3641 1781 illum

372 1831 477 1901 pro
496 1824 863 1883 “felicissimis
894 1825 1122 1881 actibus
1151 1823 1401 1897 diligens
1432 1840 1685 1896 superno
1717 1829 2105 1896 compunctus
2138 1828 2285 1879 nutu
2317 1823 2535 1880 ccclesti
2577 1841 2709 1881 cum
2744 1825 2913 1882 titulo
2963 1824 3185 1899 ingenti
3233 1825 3643 1898 presbyterum

376 1922 734 1981 consecravit
763 1923 999 1979 honore.
1020 1908 1201 1993 Cujus
1230 1921 1532 1977 beatitudo
1562 1921 1621 1976 in
1652 1926 1884 1977 tantum
1917 1920 2087 1995 longe
2132 1921 2361 1993 lateque
2407 1922 2636 1977 refulsit
2680 1927 2858 1994 atque
2905 1924 3241 1995 preaﬂoruit,
3270 1926 3338 1978 ut
3368 1923 3643 1977 omnibus

278 2023 347 2077 15
385 2021 763 2077 beatissimus
793 2019 966 2075 dictis
990 2022 1046 2074 et
1066 2035 1234 2091 opere
1256 2019 1564 2074 diceretur.
1584 2017 1891 2074 Evidenter
1920 2024 2116 2075 autem
2149 2019 2206 2073 in
2240 2036 2306 2075 eo
2339 2019 2538 2075 divina
2569 2036 2910 2092 permanere
2940 2018 3228 2092 sapientia
3259 2019 3646 2093 cognosceba-

382 2122 499 2186 tur,
523 2116 661 2191 "quia
689 2116 975 2189 largiﬂuis
1005 2115 1286 2189 purisque
1316 2116 1445 2187 ejus
1477 2131 1680 2172 omnes
1709 2116 1937 2171 fovebat
1968 2116 2295 2183 affectibus,
2326 2120 2384 2172 et
2425 2115 2554 2173 luce
2586 2116 2802 2173 clarius
2832 2118 3199 2190 perornabat,
3225 2117 3547 2188 caducique
3578 2132 3646 2172 ac

383 2213 690 2272 transituri
717 2214 923 2269 mundi
954 2214 1320 2271 delectabilia
1350 2215 1679 2287 respuebat,
1705 2221 1761 2270 et
1789 2215 2075 2287 quidquid
2110 2217 2384 2271 utebatur
2410 2216 2610 2287 egenis
2639 2221 2814 2287 atque
2844 2215 3199 2288 pauperibus
3230 2215 3524 2287 erogabat.
3549 2214 3650 2270 Je—

377 2312 567 2385 jUnii‘s
595 2322 729 2367 vero
748 2308 997 2379 Validus,
1022 2311 1282 2367 oratione
1310 2311 1586 2367 assiduus
1607 2311 1958 2383 persistebat
1987 2312 2344 2384 pervigilque
2374 2313 2434 2368 in
2457 2312 2558 2368 Dei
2581 2313 2840 2385 quotidie
2859 2313 3135 2370 laudibus
3155 2314 3648 2370 commorabatur.

459 2409 607 2468 557
646 2415 754 2465 Leo
784 2408 1022 2482 quidem
1053 2408 1154 2464 ubi
1185 2408 1294 2465 hac
1324 2408 1452 2465 luce
1481 2399 1818 2465 subtractus
1849 2408 2059 2481 praesul
2090 2408 2382 2477 occubuit,
2408 2426 2539 2465 mox
2569 2410 2762 2467 omnis
2792 2410 2983 2466 clerus
3012 2409 3189 2465 istius
3220 2410 3494 2465 Romanae
3517 2426 3651 2481 pro-

391 2511 555 2563 tectae
581 2506 763 2577 Sedis,
783 2505 1152 2579 universique
1182 2522 1469 2578 proceres,
1495 2510 1857 2578 cunctusque
1889 2512 2128 2562 senatus
2174 2521 2240 2561 ac
2289 2505 2542 2578 populus
2586 2507 2924 2580 congregati
2956 2509 3099 2563 sunt
3142 2505 3375 2561 Domini
3407 2506 3654 2562 clemen-

387 2605 530 2661 tiam
561 2609 884 2672 exorantes,
911 2608 976 2658 ut
998 2590 1329 2659 beatificum
1351 2602 1468 2658 illis
1490 2603 1764 2659 omnibus
1786 2603 2186 2658 demonstrare
2207 2602 2549 2674 dignaretur
2573 2606 2890 2674 pastorem,
2910 2603 3010 2675 qui
3033 2602 3267 2659 culmen
3290 2601 3654 2675 apostolatus

401 2712 599 2775 regere
624 2700 906 2757 valuisset
934 2698 1270 2770 tranquille.
1294 2698 1796 2771 Divinitus'igitur
1823 2699 2070 2754 aathereo
2099 2704 2240 2754 tunc
2283 2698 2507 2755 lumine
2549 2699 2920 2766 inﬂammati,
2954 2716 3070 2755 uno
3097 2715 3387 2755 consensu
3422 2714 3655 2771 unoque

302 2801 355 2855 '5
389 2802 524 2856 eum
557 2797 864 2855 cenamine
894 2795 1271 2852 Benedictum
1310 2812 1414 2869 pro
1443 2794 1622 2852 tantis
1669 2796 1886 2867 quibus
1935 2794 2188 2867 pollebat
2217 2794 2400 2851 sacris
2432 2794 2707 2868 operibus
2748 2796 3083 2868 pontificem
3132 2796 3655 2871 promulgaverunt

391 2896 623 2970 eligere.
649 2894 807 2951 Illico
826 2900 960 2950 vero
986 2893 1162 2949 alacri
1190 2892 1463 2949 universa
1490 2891 1687 2949 studio
1736 2892 1902 2964 plebs
1931 2895 1990 2947 et
2018 2891 2217 2964 populi
2249 2897 2433 2948 enatus
2470 2892 2685 2948 caelesti
2720 2892 2890 2950 titulo
2921 2896 3317 2968 properantes,
3338 2893 3455 2950 Deo
3486 2892 3656 2948 illum

393 2992 777 3066 omnipotenti
808 2995 874 3046 ut
897 2989 1108 3047 solitus
1140 2989 1329 3046 fuerat
1357 2989 1705 3046 invenerunt
1733 2990 2074 3045 fundentem
2107 2990 2449 3045 orationem.
2474 2990 2732 3063 Surgens
2761 2994 2955 3047 autem
2985 2996 3043 3049 et
3070 2990 3270 3065 populi
3303 2988 3656 3047 densissima

394 3108 640 3149 cernens
670 3088 908 3164 agmina
935 3104 1057 3144 rem
1090 3087 1376 3160 cognovit,
1399 3090 1456 3143 et
1485 3090 1678 3142 mente
1708 3085 1993 3158 concepit.
2027 3084 2251 3141 Interea
2280 3086 2483 3142 multis
2515 3103 2649 3142 cum
2694 3085 2970 3161 lacrymis
2999 3105 3189 3162 genua
3216 3087 3456 3145 ﬂectens
3478 3087 3657 3144 ﬂebili

395 3202 534 3247 voce
563 3205 768 3246 omnes
796 3186 1241 3260 deprecabatur,
1266 3184 1463 3241 taliter
1491 3183 1693 3240 dicens
1717 3200 1730 3238 :
1754 3184 1880 3239 Non
1912 3200 2003 3239 me
2034 3200 2069 3239 a
2100 3199 2227 3239 mea
2246 3182 2548 3239 deducatis
2579 3183 2823 3242 ecclesia
2852 3203 3011 3260 rogo,
3036 3187 3177 3260 quia
3204 3186 3351 3243 tanti
3386 3178 3659 3243 culminis

290 3275 361 3345 10
397 3304 513 3344 non
546 3278 772 3343 sufﬁcio
805 3285 1096 3342 sustinere
1126 3298 1231 3340 nec
1261 3280 1523 3354 bajulare
1552 3295 1885 3355 gravamen.

463 3382 620 3442 ⁵558
646 3368 736 3440 Illi
757 3394 889 3440 vero
910 3381 1244 3437 nullatenus
1264 3379 1697 3452 acquieverunt,
1718 3377 1818 3433 sed
1841 3376 2158 3433 virtutibus
2176 3393 2310 3433 eum
2332 3394 2401 3433 ex
2419 3376 2621 3434 eodem
2642 3378 2811 3437 titulo
2833 3380 3241 3437 abstrahentes
3262 3396 3398 3437 cum
3419 3376 3656 3455 hymnis

390 3489 452 3540 et
482 3482 729 3539 canticis
782 3479 1170 3553 spiritalibus,
1204 3475 1402 3549 ampla
1455 3473 1839 3531 exsultatione
1869 3477 1928 3530 et
1957 3473 2239 3530 ineffabili
2295 3474 2511 3547 gaudio
2540 3475 2602 3531 in
2634 3475 3054 3549 patriarchium
3111 3478 3498 3534 Lateranense
3526 3494 3661 3549 per-

394 3580 696 3651 ducentes,
728 3576 1050 3653 pontificali
1080 3575 1248 3642 solio,
1282 3578 1347 3630 ut
1378 3589 1506 3629 mos
1533 3577 1624 3628 est
1683 3571 2050 3644 pontiﬁcum,
2097 3588 2360 3644 canaque
2400 3575 2760 3629 consuetudo
2790 3576 3169 3643 demonstrat,
3204 3576 3530 3649 posuerunt
3560 3574 3657 3646 (a).

397 3680 653 3736 Laetatur
680 3684 985 3752 propterea
1012 3673 1183 3739 Urbs,
1216 3670 1471 3728 exsultat
1512 3668 1789 3736 Ecclesia,
1822 3670 2191 3741 congaudent
2234 3686 2422 3738 senes,
2453 3674 2806 3744 ovantesque
2860 3672 3086 3729 divinas
3139 3672 3520 3729 modulantur
3547 3671 3661 3727 vir-

314 3778 358 3833 5
394 3776 561 3851 gines
582 3775 814 3841 laudes,
846 3774 1110 3830 ditantur
1150 3784 1454 3843 pauperes,
1487 3764 1921 3838 locupletantur
1964 3765 2189 3837 inopes,
2224 3766 2601 3822 consolantur
2629 3767 2860 3839 captivi,
2884 3773 3251 3842 consurgunt
3296 3769 3538 3836 debiles,
3571 3767 3661 3824 in-

395 3874 552 3930 firmi
582 3874 867 3929 sanantur
895 3868 1182 3940 celerique
1212 3866 1358 3939 pede
1388 3866 1768 3928 concurrunt,
1786 3862 1927 3934 quia
1954 3866 2191 3918 extensa
2227 3862 2287 3917 in
2324 3863 2408 3918 eis
2439 3862 2677 3919 tristitia
2705 3864 2915 3931 fuerat,
2942 3865 3488 3938 contemplabantur
3517 3882 3659 3921 con-

394 3971 547 4041 fusa,
570 3974 627 4026 et
654 3966 1054 4040 tranquill-itas
1095 3962 1363 4035 ﬂorigera
1416 3959 1723 4016 videbatur
1751 3961 1961 4015 erecta.
1996 3957 2095 4015 His
2124 3959 2321 4032 itaque
2360 3958 2633 4032 peractis,
2657 3959 2847 4016 clerus
2901 3965 2961 4018 et
3010 3964 3206 4019 cuncti
3262 3977 3528 4034 proceres
3561 3960 3661 4016 de-

390 4075 618 4127 eretum
646 4069 1061 4142 componentes
1114 4063 1372 4138 prcpriis
1420 4059 1698 4117 manibus
1754 4059 2199 4127 roboraverunt,
2230 4061 2288 4115 et
2317 4060 2678 4116 consuetudo
2706 4060 2901 4133 prisca
2929 4065 2994 4118 ut
3023 4061 3211 4136 poscit.
3261 4058 3663 4117 invictissimis

397 4158 670 4225 Lotbario
701 4182 766 4222 ac
798 4163 1085 4222 Ludovico
1113 4161 1556 4218 destinaVerunt
1584 4157 1888 4231 Augustis.
1913 4162 2115 4231 Ipsum
2148 4160 2341 4213 autem
2374 4157 2472 4230 qui
2501 4158 2867 4215 deducebant
2893 4159 3071 4233 legati
3091 4161 3390 4217 decretum
3423 4159 3663 4214 fuerunt

278 4267 359 4323 ϊο
395 4265 457 4321 hi
492 4273 505 4320 ἑ
538 4263 813 4320 Nicolaus
841 4261 1109 4318 videlicet
1135 4257 1453 4331 Anagnina
1485 4256 1729 4312 antistes
1772 4254 2061 4324 Ecclesiae,
2084 4259 2141 4311 et
2170 4253 2494 4310 Mercurius
2544 4254 2822 4329 magister
2869 4254 3146 4312 militum.
3171 4255 3413 4311 Arsenio
3463 4253 3658 4326 Eugu-

394 4363 535 4420 binc
564 4362 838 4436 episcopo
868 4358 1169 4416 obviantes
1200 4353 1522 4412 adinvich
1553 4352 1915 4410 confabulari
1945 4356 2245 4425 coeperunt
2273 4368 2286 4406 :
2322 4351 2422 4425 qui
2453 4350 2683 4409 callidis
2714 4366 2813 4409 eos
2845 4351 3215 4410 sermonibus
3246 4350 3458 4407 liniens
3486 4349 3663 4406 corda

399 4472 603 4517 eorum
633 4456 861 4515 mollire
889 4456 1083 4530 erepit,
1115 4452 1388 4525 beatique
1440 4450 1779 4507 fidelitatem
1821 4450 1949 4521 jam
1982 4450 2083 4505 fati
2127 4446 2563 4506 declinaverunt
2591 4447 2778 4519 electi,
2813 4464 2946 4506 cum
2978 4450 3192 4524 quibus
3239 4448 3415 4507 etiam
3464 4448 3662 4505 consi-

397 4557 546 4614 lium
594 4556 825 4614 studuit
852 4556 1219 4620 conﬁrmem,
1253 4554 1322 4606 ut
1369 4548 1702 4622 depositum
1754 4547 2427 4619 anathematizatumque
2479 4546 2871 4614 Anastasium,
2895 4548 3050 4619 quod
3082 4547 3279 4603 divina
3320 4545 3662 4602 nullatenus

397 4655 770 4729 permittebat
798 4651 1126 4719 clementia,
1160 4646 1533 4722 pontiﬁcatus
1562 4645 1747 4701 infula
1776 4648 2175 4718 perornarent.
2207 4644 2426 4700 Euntes
2458 4643 2654 4716 itaque
2698 4643 2986 4699 Ludovico
3017 4642 3312 4698 decretum
3362 4641 3662 4715 benignis-

288 4753 365 4810 45
401 4752 549 4809 sime
582 4751 794 4809 Caesari
824 4751 1048 4818 dantes,
1082 4745 1302 4819 duplici
1332 4761 1510 4818 quam
1541 4743 1839 4799 mentibus
1870 4743 2151 4815 gerebant
2180 4740 2500 4797 intentione
2532 4734 2775 4796 Romam
2806 4739 3016 4797 reversi
3049 4743 3206 4809 sunt,
3232 4741 3662 4812 adventumque

400 4850 718 4906 missorum
748 4847 1089 4904 nuntiantes
1116 4842 1487 4916 imperalium
1518 4839 1795 4915 epistolas
1826 4839 2015 4897 eidem
2047 4837 2262 4911 insigni
2294 4837 2631 4893 obtulerunt
2659 4837 2861 4906 electo,
2886 4838 3101 4911 quibus
3129 4838 3377 4911 Augusti
3409 4836 3665 4894 contine-

399 4948 617 5005 bantur
645 4952 944 5021 respenSa.
977 4942 1084 5011 Qui
1115 4940 1275 4998 omni
1303 4939 1457 4996 clero
1489 4955 1555 4994 ac
1586 4937 1835 5011 rcipubl.
1860 4937 2105 4993 ccetibus
2128 4934 2271 4991 diris
2292 4933 2846 5003 machinationibus,
2868 4935 3198 5004 consilium,
3224 4936 3380 5008 quod
3410 4934 3661 5008 Eugubii

397 5048 464 5100 ut
506 5043 874 5118 pratulimus
914 5057 1049 5098 cum
1103 5037 1344 5095 Arsenio
1397 5038 1750 5104 statuerunt,
1801 5033 2119 5107 adimplere
2176 5031 2476 5104 cupientes
2532 5025 2847 5087 dicebant:
2882 5032 3097 5090 Omnes
3151 5033 3212 5089 in
3261 5033 3491 5090 obviam
3549 5032 3660 5087 im-

395 5140 714 5214 perialibus
745 5141 922 5199 simul
951 5138 1258 5196 nobiscum
1301 5134 1456 5190 exire
1489 5133 1721 5190 studete
1759 5130 1988 5205 legatis,
2023 5134 2314 5203 quatenus
2343 5125 2588 5200 Augusti
2614 5126 2987 5199 jussionibus
3037 5130 3372 5187 obedientes
3416 5129 3660 5186 existere

284 5242 363 5296 20
397 5238 660 5296 valeatis.
2761 5307 2765 5311 .

469 5336 621 5395 559
651 5340 791 5395 Post
829 5336 1052 5409 aliquot
1098 5347 1331 5407 quoque
1376 5328 1500 5385 dies
1557 5327 1670 5400 ipsi
1721 5344 1869 5400 quos
1925 5323 2462 5398 prmnuntiaverunt
2515 5319 2683 5378 missi
2738 5321 3150 5397 Hortam,quaa
3208 5314 3659 5395 quadragesimo

408 5434 686 5493 milliaria
717 5449 752 5492 a
778 5432 966 5491 Roma
994 5432 1195 5503 distat,
1217 5429 1690 5503 properaverunt.
1723 5426 1805 5481 Ex
1833 5423 2050 5497 quibus
2080 5422 2140 5477 in
2171 5432 2300 5477 eam
2330 5418 2700 5492 Adelbertus,
2732 5420 3176 5494 Bernardusque
3204 5416 3455 5491 ingressi
3486 5416 3662 5474 comi-

397 5537 491 5594 tes
520 5531 754 5591 cuidam
804 5532 941 5589 olim
989 5531 1286 5595 damnato,
1330 5524 1570 5583 Arsenio
1627 5526 1870 5596 cogente
1925 5520 2216 5593 episcopo,
2242 5534 2305 5574 se
2342 5519 2773 5588 Coniunxerunt
2827 5518 3159 5590 presbytero
3215 5515 3453 5572 nomine
3506 5512 3659 5571 Ana-

400 5631 604 5703 stasio,
638 5631 738 5705 qui
769 5630 828 5686 in
860 5631 1062 5687 sancta
1094 5627 1313 5701 synodo
1367 5624 1550 5680 beatae
1607 5620 1936 5694 presidente
1968 5619 2156 5675 Leone
2184 5615 2478 5673 me'noriaa
2508 5614 2755 5688 praesule
2809 5614 2918 5673 rite
2974 5615 3299 5673 secundum
3356 5630 3657 5672 sacrorum

1442 5730 1696 5783 rerum
1738 5726 2122 5780 MARGINALES
2161 5718 2483 5777 necom.

325 5827 413 5902 (α)
438 5827 580 5887 Hinc
605 5826 753 5886 clare
780 5827 951 5902 liquet
980 5821 1145 5880 Leoni
1172 5820 1240 5878 IV
1264 5833 1377 5877 non
1401 5819 1665 5876 Joannem
1696 5816 1827 5874 VIII
1844 5816 2140 5891 feminam,
2169 5812 2262 5873 sed
2288 5809 2643 5872 Benedictum
2666 5810 2998 5871 successisse.
