4136 6168
491 140 646 202 1347
1635 143 2052 206 ANASTASII
2100 145 2124 206 Ι

2205 143 2752 207 lLIOTHECARII.
3711 145 3838 214 1318

557 271 594 326 5
629 268 1126 343 promulgationes
1155 286 1444 326 canonum
1477 274 2038 344 excommunicatus,
2071 275 2372 348 depositus
2401 278 2460 330 et
2489 273 2862 331 anathemate
2910 271 3139 328 vinetus
3186 271 3412 328 fuerat:
3437 288 3548 327 non
3597 271 3842 334 habentes

634 369 810 422 Deum
870 385 985 438 prae
1033 366 1237 434 oculis,
1273 367 1576 440 ipsiusque
1615 375 1901 441 praecepta
1931 372 2285 427 confundere
2343 376 2408 426 ut
2456 369 2684 442 tyranni
2745 368 3070 440 cupientes,
3101 367 3398 424 evidenter
3451 369 3846 431 meditabantur

628 463 880 536 qualiter
909 465 1182 520 eumdem
1213 465 1464 535 ejectum
1497 466 2175 540 anathematizatumque
2222 467 2596 524 Anastasium
2641 465 2957 539 apostolico
2990 463 3244 520 culmine
3290 465 3653 522 sublevarent
3678 474 3846 527 contra

625 560 996 616 traditionem
1055 561 1439 633 omniumque
1496 563 1826 620 sanctiones
1885 566 2248 636 pontiﬁcum,
2277 565 2652 636 virorumque
2709 563 3020 618 ulmorum.
3055 561 3221 618 Missi
3275 579 3698 636 quoque,quos
3741 567 3844 637 jam

626 675 806 731 supra
835 659 1234 726 meminimus,
1265 659 1366 731 qui
1413 660 1748 732 imperatori
1779 666 2047 718 nostrum
2078 663 2375 718 decretum
2416 660 2824 734 benignissimi
2855 661 2926 716 de
2955 659 3236 716 electione
3288 659 3578 716 Benedicti
3623 677 3846 734 porrexe-

520 757 588 813 10
625 761 777 824 rant,
813 757 871 812 id
902 761 991 812 est
1018 756 1290 812 Nicotaus
1321 757 1650 830 cpiscopus,
1682 764 1738 814 et
1771 759 2095 816 Mercurius
2125 760 2405 833 magister
2433 759 2714 826 militum,
2748 757 3047 814 mentibus
3079 757 3379 830 cognitum
3409 762 3737 830 conceptum
3763 760 3845 816 ha-

623 855 828 911 bentes
859 853 1167 910 consilium
1201 871 1334 908 cum
1383 853 1513 910 aliis
1557 856 1912 927 quibusdam
1944 858 2190 912 Romam
2222 856 2440 930 egressi
2471 855 2782 922 nobilium,
2812 855 2871 910 id
2921 859 3010 910 est
3055 853 3328 924 Gregorio
3360 853 3847 930 ChristOphoroque

625 952 923 1023 magistris
981 951 1258 1016 militum,
1310 951 1538 1007 obviam
1570 953 1737 1024 quasi
1792 953 2162 1026 imperatoris
2190 954 2399 1026 legatis
2430 953 2670 1026 profecti
2703 955 2860 1018 sunt,
2894 953 3248 1024 Hortamque
3293 953 3730 1024 properantibus
3768 971 3845 1011 ur-

623 1050 778 1116 bem,
811 1047 1110 1104 ﬁdelitatis
1169 1053 1600 1104 sacramentum
1632 1052 1786 1122 quod
1823 1052 2075 1107 fecerant
2131 1051 2384 1108 almiﬁco
2439 1049 2749 1106 Benedicto
2807 1049 3294 1122 parvipendentes
3348 1048 3830 1123 ohliviscentesque

625 1145 806 1202 electo
839 1147 1115 1202 damnato
1167 1163 1227 1201 se
1275 1119 1724 1217 conjunxerunt,
1759 1149 2139 1220 depositoque
2189 1149 2524 1221 presbytero
2555 1148 2663 1203 hac
2695 1119 3136 1203 sub—occasione
3185 1145 3356 1202 multi
3405 1119 3769 1203 concedentes
3790 1119 3846 1206 at;

520 1245 588 1300 15
626 1243 768 1298 urbe
799 1242 1068 1297 similiter
1098 1249 1464 1315 peregerunt,
1491 1245 1811 1318 cogitantes
1859 1245 2378 1318 concilium,juxta
2409 1245 2552 1300 illud
2579 1245 2875 1318 prophetae
2919 1243 3174 1317 elogium
3199 1244 3295 1316 (α),
3319 1243 3474 1317 quod
3525 1261 3638 1300 non
3682 1251 3846 1318 potue-

624 1345 761 1397 runt
791 1339 1070 1396 stabilire.
1095 1340 1246 1396 Urbe
1295 1340 1504 1397 deinde
1560 1347 1837 1399 exeuntes
1869 1343 1938 1399 ab
1969 1345 2145 1400 Horta
2167 1345 2337 1415 juxta
2365 1343 2664 1400 basilicam
2699 1342 2851 1398 beati
2896 1340 3093 1398 Lencii
3151 1340 3426 1412 martyris
3485 1348 3847 1414 pervenerunt,

625 1439 978 1494 insultantes
1009 1443 1065 1493 et
1095 1438 1414 1511 gloriantes
1445 1441 1504 1494 in
1537 1458 1644 1496 sua
1672 1441 1904 1507 virtute,
1934 1458 2066 1496 cum
2101 1441 2318 1514 quibus
2348 1425 2688 1496 Haduatdus
2718 1437 3056 1494 Portuensis
3084 1437 3416 1510 episcopus,
3442 1438 3848 1512 Tudertinieque

623 1535 1040 1608 urbiS'Agattm
1071 1535 1316 1592 antistes
1371 1537 1632 1600 aderant,
1661 1539 1760 1610 qui
1795 1537 1943 1594 clam
1978 1539 2162 1594 Roma
2208 1537 2596 1594 discesserant
2645 1537 2810 1594 urbe.
2843 1538 2914 1592 Et
2961 1537 3150 1592 eidem
3199 1535 3686 1593 anathematizato
3725 1541 3850 1594 terra

623 1633 833 1690 irretiti
864 1633 1111 1705 caligine
1142 1650 1204 1688 se
1228 1633 1566 1704 junxerunt,
1602 1635 1896 1690 obscurati
1931 1651 2130 1704 sensu,
2165 1640 2358 1690 mente
2385 1639 2444 1691 et
2473 1633 2690 1690 anima.

697 1741 848 1798 560
872 1740 987 1795 Hoc
1012 1739 1136 1812 ipse
1159 1739 1258 1794 Dei
1278 1738 1536 1794 famulus
1559 1741 1804 1796 audiens
1827 1741 2172 1796 Benedictus
2193 1739 2431 1808 electus,
2447 1741 2513 1796 G.
2533 1740 2598 1796 G.
2625 1741 3033 1814 Majouemque
3046 1739 3406 1796 venerabiles
3429 1741 3843 1814 prudentesque,

623 1844 680 1895 et
708 1837 868 1894 omni
901 1836 1148 1893 scicntia
1179 1835 1382 1909 plenos
1411 1837 1738 1910 episcopos,
1759 1837 1904 1908 ipsis
1935 1837 2338 1910 imperialibus
2370 1837 2570 1894 missis
2599 1854 2735 1893 cum
2758 1836 3054 1910 aliquibus
3082 1839 3294 1896 litteris
3323 1838 3557 1895 studuit
3576 1840 3848 1905 destinare,

625 1953 773 2010 quos
805 1934 1307 2007 apprehendentes
1337 1935 1496 1990 Artio
1527 1934 2014 1990 anathematizato
2047 1939 2320 1990 monente
2351 1935 2684 2007 presbytero
2713 1935 3023 1991 vinxerunt
3046 1942 3103 1993 et
3131 1937 3478 1994 custodibus
3499 1937 3845 2004 tradiderunt,

625 2035 777 2107 quod
811 2049 916 2087 nec
947 2031 1178 2087 barbari
1211 2031 1458 2104 gentiles
1487 2030 1546 2086 in
1576 2030 1785 2104 legatis
1831 2032 2142 2104 perfecisse
2173 2032 2514 2088 audiuntur.
2549 2033 2929 2089 Postmodum
2979 2039 3174 2091 autem
3207 2034 3420 2108 saepius
3451 2035 3645 2092 dictus
3672 2033 3848 2092 Christi

551 2133 588 2186 5
626 2131 896 2185 minister
927 2128 1272 2184 Benedictus
1303 2128 1520 2184 electus
1549 2128 1868 2184 Adrianum
1899 2129 2192 2202 insignem
2236 2129 2703 2187 sccundicerium
2753 2136 2968 2188 sanctas
2997 2133 3152 2189 sedis
3184 2133 3518 2206 apostolicae
3549 2132 3684 2201 illis,
3709 2136 3848 2206 atque

626 2227 968 2299 Gregorium
1000 2226 1206 2280 ducem
1239 2225 1468 2280 obviam
1501 2227 1728 2282 direxit.

699 2333 842 2388 561
883 2331 1072 2386 Altera
1124 2334 1316 2385 autem
1352 2330 1466 2398 die,
1495 2331 1775 2387 missione
1822 2333 2152 2404 fungentes,
2184 2334 2343 2388 omni
2403 2333 2553 2389 clero
2611 2339 2941 2408 cunctoque
2997 2335 3226 2392 senatui
3257 2339 3316 2392 ct
3343 2335 3617 2392 universo
3671 2333 3846 2408 populo

627 2429 1046 2486 mandaverunt
1076 2431 1140 2482 ut
1169 2427 1396 2482 obviam
1430 2427 1547 2482 illis
1577 2431 1741 2482 trans
1763 2427 2020 2482 Milvium
2051 2431 2282 2500 pontem
2307 2427 2677 2500 imperatoris
2699 2431 3071 2504 jussionibus
3091 2434 3260 2489 irent.
3274 2433 3439 2489 Tunc
3471 2449 3672 2490 omnes
3689 2429 3850 2488 dolum

623 2528 948 2584 nescientes
973 2525 1220 2582 Romani
1244 2543 1432 2598 neque
1456 2525 1744 2582 fallaciam
1770 2525 2202 2596 acquieverunt,
2219 2524 2599 2598 Milviumque
2620 2531 2782 2584 trans
2805 2533 3036 2601 pontem
3059 2529 3272 2586 Urbem
3295 2529 3518 2603 egressi
3542 2527 3852 2584 unanimiter

624 2629 1021 2698 perrexerunt.
1049 2623 1501 2696 Properantibus
1533 2625 1770 2696 quidem
1801 2623 1870 2678 ad
1906 2621 2181 2694 martyris
2213 2622 2340 2694 jam
2375 2622 2471 2676 fati
2511 2623 2837 2692 basilicam,
2865 2625 2976 2697 ipsi
3009 2627 3079 2680 de
3109 2626 3325 2698 quibus
3347 2627 3477 2697 jam
3511 2643 3684 2698 supra
3709 2623 3847 2696 legati

551 2725 588 2778 5
626 2721 1026 2788 meminimus,
1055 2719 1242 2775 eidem
1267 2721 1529 2792 deposito
1552 2720 2155 2791 anathematizatoquc
2177 2719 2512 2790 presbytero
2537 2721 2807 2794 episcopo
2825 2722 3015 2777 clerus
3035 2723 3308 2778 Romanae
3331 2722 3523 2794 plebis
3541 2741 3604 2778 ac
3627 2737 3850 2794 proceres

621 2818 1017 2886 obviaverunt,
1051 2833 1186 2872 cum
1219 2817 1436 2888 quibus
1467 2816 1682 2889 pariter
1710 2817 2040 2889 equitantes
2071 2833 2173 2888 per
2201 2817 2442 2872 Neronis
2473 2834 2744 2888 campum
2779 2817 3020 2874 Urbium
3055 2819 3182 2889 jam
3211 2818 3444 2874 moeniis
3477 2817 3848 2891 properabant.

619 2915 938 2971 Adrianum
963 2930 1189 2986 qusque
1211 2913 1502 2986 insignem
1527 2915 2016 2982 secundicerium,
2035 2915 2104 2970 de
2135 2931 2248 2986 quo
2280 2898 2462 2988 supra
2483 2915 2812 2982 retulimus,
2833 2915 3110 2971 vallatum
3135 2916 3486 2972 custodibus
3507 2915 3851 2979 deducebant,

621 3013 964 3068 Gratianum
985 3027 1118 3066 vero
1139 3010 1289 3065 sacri
1323 3027 1500 3082 super
1525 3011 1695 3066 istam
1721 3011 2057 3082 patriarchii
2088 3015 2263 3083 atque
2285 3011 2660 3068 Theodorum
2702 3013 3070 3068 scriniarium
3112 3011 3618 3085 apprehendentes
3637 3010 3854 3068 reclusos

623 3109 840 3166 lanceis
863 3108 1188 3164 retinebant
1209 3112 1264 3162 et
1283 3107 1572 3172 astrictos,
1588 3109 1742 3180 quod
1769 3107 2104 3164 nullatenus
2124 3111 2528 3182 Augustorum
2543 3109 2812 3181 jussione
2833 3112 3225 3181 praeceperant
3243 3124 3349 3164 nec
3367 3125 3574 3165 eorum
3599 3106 3854 3164 voluntate

513 3209 535 3264 l
549 3210 583 3262 Ο
619 3196 1000 3273 dictaverant,
1017 3206 1119 3260 sed
1141 3205 1250 3260 hoc
1274 3205 1473 3260 infelix
1493 3206 1738 3278 depositi
1767 3207 2141 3279 praesumptio
2167 3207 2375 3279 agebat
2396 3207 2736 3280 presbyteri,
2753 3206 2853 3279 qui
2870 3207 3563 3283 virtutibusLeonianam
3586 3221 3711 3261 cum
3730 3203 3846 3276 ipsis

621 3302 862 3360 Caesaris
893 3301 1099 3376 legatis
1129 3301 1462 3374 ingrediens
1491 3301 1703 3358 Urbem
1737 3302 2134 3375 apostolorum
2165 3307 2400 3376 repente
2431 3319 2609 3375 quam
2641 3321 2756 3360 non
2791 3303 3070 3359 debuerat
3099 3303 3382 3376 principis
3414 3303 3659 3359 introire
3684 3299 3848 3356 basili-

619 3417 769 3472 cam,
802 3399 902 3456 Dei
935 3399 1358 3472 parvipendens
1377 3399 1698 3470 judicium,
1724 3400 2000 3456 audacter
2027 3400 2258 3468 invasit,
2285 3404 2561 3471 tantaque
2591 3417 2658 3456 ac
2687 3399 2826 3456 talia
2854 3399 3124 3456 infaustae
3145 3399 3506 3474 operationis
3535 3397 3685 3456 mala
3708 3410 3845 3470 pere-

619 3498 706 3570 git
735 3497 932 3568 qualia
954 3512 1060 3552 ncc
1090 3497 1378 3552 Saracena
1405 3496 1463 3550 in
1497 3512 1565 3551 ea
1595 3498 1861 3568 pet‘ﬁcere
1895 3514 2106 3552 manus
2127 3495 2501 3570 prasumpsit
2519 3496 2606 3553 vel
2629 3497 2914 3552 arbitrata
2938 3501 3048 3554 est.
3073 3497 3365 3570 Imagines
3389 3497 3555 3552 enim
3582 3491 3850 3566 confringit

618 3593 856 3666 ignique
887 3592 1293 3658 concremavit,
1319 3596 1374 3646 et
1403 3593 1688 3664 synodum
1722 3611 1897 3664 quam
1931 3611 2109 3666 supra
2143 3593 2462 3650 sanctuarii
2488 3595 2705 3665 januas
2735 3593 2914 3650 beatae
2935 3593 3233 3650 memoeize
3267 3595 3378 3650 Leo
3404 3594 3573 3667 pingi
3597 3607 3737 3666 papa
3751 3591 3850 3662 jus-

425 3719 444 3728 ι
515 3692 580 3746 15
617 3694 773 3746 serat
803 3689 1108 3755 destruxit,
1135 3688 1484 3760 Dominique
1505 3689 1642 3744 Jesu
1668 3689 1878 3744 Christi
1901 3692 2144 3762 ejusque
2168 3707 2400 3763 semper
2428 3690 2686 3764 Virginis
2706 3690 3014 3747 Geuitricis
3042 3691 3272 3746 iconam
3302 3689 3570 3762 bipenni,
3593 3689 3732 3762 quod
3754 3703 3845 3742 non

617 3789 916 3852 debuerat,
943 3787 1012 3840 ad
1048 3785 1166 3840 ima
1198 3785 1428 3855 dejecit.
1455 3803 1557 3858 pro
1589 3804 1704 3860 quo
1756 3787 2082 3844 detestabili
2121 3805 2292 3865 opere
2321 3789 2652 3844 orthodoxa
2683 3790 2872 3844 cuncti
2931 3787 3182 3844 cultores
3227 3787 3372 3844 .tidei
3429 3787 3713 3862 lacrymas
3739 3785 3845 3839 fun-

616 3886 820 3940 dentes
852 3883 1336 3956 ingemiscebant,
1359 3888 1416 3938 et
1443 3883 1685 3940 tristitia
1717 3885 2093 3958 replebantur
2119 3901 2186 3941 ac
2217 3903 2481 3942 maerore.

697 3993 849 4048 562
881 3990 982 4046 His
1014 3989 1208 4063 itaque
1238 3989 1488 4062 peractis
1524 3990 1721 4046 hostili
1743 3992 1957 4046 virtute
2015 3991 2138 4064 ipse
2163 3992 2329 4048 Rom.
2355 3991 2654 4064 depositus
2683 3991 3008 4066 ingreditur
3063 3991 3383 4064 presbyter,
3408 3991 3767 4062 celeriterque
3789 3985 3844 4041 ad

528 4135 532 4140 .
615 4091 1002 4146 Lateranensc
1046 4087 1376 4160 properavit
1407 4104 1542 4144 cum
1573 4087 1962 4161 iniquissimis
1985 4089 2112 4162 ejus
2145 4089 2519 4162 sequacibus,
2541 4093 2600 4146 et
2629 4088 2892 4146 saeculari
2929 4089 3188 4164 potentia
3215 4089 3638 4162 patriarchium
3661 4084 3838 4142 mults-

615 4205 728 4260 que
758 4187 1007 4242 telorum
1050 4185 1361 4258 generibus
1393 4186 1610 4257 januas
1632 4187 1760 4257 ejus
1789 4186 2056 4259 aperiens
2076 4190 2358 4260 tyrannus
2376 4187 2552 4244 veluti
2577 4191 2857 4244 cruentus
2879 4204 2978 4243 eas
3003 4186 3281 4253 introivit,
3305 4186 3572 4259 solioque
3595 4183 3736 4259 quod
3763 4194 3846 4236 nec

617 4285 896 4342 manibus
927 4283 1210 4339 debuerat
1247 4286 1604 4340 contrectare
1635 4284 1869 4351 resedit,
1905 4287 1962 4340 et
1990 4284 2223 4340 cuidam
2273 4284 2739 4358 Balneoregiensi
2772 4285 3064 4358 episcopo,
3089 4285 3188 4357 qui
3235 4283 3604 4340 vocitabatur
3646 4277 3843 4337 nomine

537 4385 576 4440 5
612 4383 931 4450 Romanus,
961 4385 1185 4436 tantum
1220 4397 1354 4436 cum
1386 4397 1500 4435 non
1534 4397 1705 4452 opere
1734 4381 1936 4438 ferinis
1965 4381 2352 4438 obumbratus
2381 4381 2680 4438 mentibus
2711 4385 3063 4450 cerneretur,
3089 4381 3360 4454 praecepit
3379 4385 3450 4436 ut
3470 4377 3838 4437 beatissimum

613 4480 1201 4550 Benedictum,quem
1235 4478 1428 4534 omnis
1459 4478 1723 4534 Romana
1750 4481 1814 4534 ut
1847 4479 2213 4552 praetulimus
2241 4479 2407 4552 plebs
2432 4478 2704 4552 elegerat,
2728 4479 3044 4552 pontiﬁcali
3067 4495 3183 4552 quo
3203 4478 3500 4536 residebat
3517 4477 3738 4548 ejiceret
3761 4487 3834 4526 so-

611 4578 710 4635 lio.
736 4576 844 4644 Qui
873 4575 1047 4633 etiam
1078 4575 1428 4631 vestimenta
1459 4574 1832 4647 pontiﬁcalia,
1863 4576 2077 4648 quibus
2106 4576 2352 4632 indutus
2381 4581 2524 4644 erat,
2558 4580 2625 4632 ut
2655 4576 2942 4632 barbarus
2971 4575 3108 4632 tulit
3135 4579 3309 4649 atque
3338 4573 3693 4648 exspoliavit,
3715 4564 3842 4624 mul-

612 4677 806 4748 tisque
835 4691 970 4732 eum
1002 4672 1236 4744 injuriis
1255 4672 1711 4744 verberibusque
1741 4672 2001 4744 replevit.
2027 4675 2192 4730 Tunc
2221 4673 2346 4747 ipse
2376 4673 2676 4746 depositus
2703 4673 3052 4730 Anastasius
3081 4673 3355 4730 eumdem
3385 4668 3841 4745 benignissimum

612 4771 987 4828 Benedictum
1019 4769 1290 4838 electum,
1324 4769 1587 4825 humana
1616 4787 1733 4826 non
1762 4755 1863 4826 Dei
1892 4770 2105 4828 virtute
2142 4771 2506 4839 custodibus,
2539 4770 2640 4844 qui
2689 4771 2909 4827 arctius
2957 4787 3092 4827 eum
3139 4763 3840 4842 constringerent,trader6

507 4872 576 4926 10
613 4869 857 4937 studuit,
881 4867 1090 4924 Joanni
1127 4867 1350 4924 scilicet
1376 4867 1746 4939 Adrianoque
1775 4868 2000 4923 dudum
2033 4867 2524 4941 presbyteris,qui
2555 4885 2590 4924 a
2618 4869 2807 4924 Leone
2851 4866 3098 4940 praesule
3127 4883 3232 4940 pro
3262 4865 3498 4922 illorum
3533 4859 3838 4921 criminibus

613 4965 872 5022 damnati
904 4967 1132 5021 fuerant
1161 4969 1334 5037 atque
1365 4963 1612 5036 depositi
1640 4981 1709 5021 ex
1738 4964 1894 5020 omni
1929 4965 2273 5022 sacerdotali
2303 4965 2514 5022 otﬁcio.
2545 4965 2674 5021 Mox
2703 4965 2977 5022 universa
3001 4965 3150 5021 Urbs
3181 4963 3410 5020 ululatu
3431 4960 3745 5034 amplisque
3769 4969 3840 5008 re-

613 5064 770 5138 pleta
799 5067 887 5119 est
919 5063 1170 5132 ﬂetibus,
1197 5067 1252 5118 et
1281 5061 1441 5136 gravi
1471 5079 1772 5118 murmure
1804 5067 2082 5134 quassata
2101 5063 2355 5134 jacebat.
2386 5061 2545 5118 Illico
2567 5063 2804 5134 quidem
2827 5079 3031 5119 omnes
3061 5061 3316 5134 episcopi
3346 5061 3650 5131 clerusqus
3679 5070 3738 5111 ac
3754 5047 3836 5106 Dei

613 5161 866 5236 populus
898 5165 1100 5216 sancta
1127 5164 1463 5216 sanctorum
1495 5159 1767 5232 ingressi,
1788 5161 2102 5217 tundentes
2141 5164 2376 5234 pectora
2408 5177 2515 5216 sua
2543 5160 2800 5233 profusis
2829 5159 3103 5234 lacrymis
3133 5159 3291 5216 intra
3315 5155 3665 5215 vestibulum
3693 5153 3744 5208 et
3767 5145 3835 5203 al-

611 5265 738 5318 tare
769 5259 890 5316 solo
934 5257 1228 5332 prostrati,
1254 5257 1548 5329 jacebant,
1573 5257 1673 5312 Dei
1703 5262 1936 5314 orantes
1971 5259 2338 5329 majestatem
2367 5261 2434 5313 ut
2463 5255 2613 5312 tanti
2642 5256 2856 5314 erroris
2905 5257 3150 5331 coligine
3181 5273 3290 5313 sua
3318 5272 3419 5312 eos
3445 5251 3646 5311 vitrice
3669 5249 3837 5304 dextra

504 5360 576 5417 15
611 5358 906 5415 liberaret.
931 5355 1204 5428 Septimis
1233 5358 1358 5410 tum
1393 5353 1544 5410 ferias
1577 5371 1788 5410 cursus
1819 5356 2220 5429 peragebatur.

683 5466 834 5524 563
855 5464 1052 5520 Altera
1069 5479 1202 5518 vero
1220 5461 1313 5517 die
1333 5459 1590 5533 praedicti
1612 5459 1865 5535 episcopi
1889 5478 2022 5518 cum
2049 5463 2320 5520 universo
2339 5461 2491 5518 clero
2509 5477 2574 5517 ac
2597 5459 2811 5534 pepulo
2833 5461 2890 5516 in
2911 5459 3231 5517 IEmilianaa
3263 5459 3434 5516 titulo
3455 5447 3831 5514 convenerunt.

610 5563 670 5619 in
689 5580 802 5636 quo
823 5563 998 5618 etiam
1017 5557 1262 5633 Augusti
1281 5557 1494 5631 saepius
1517 5557 1654 5614 dicti
1673 5558 1850 5633 legati
1873 5560 2186 5617 frementes
2205 5575 2535 5633 magnaque
2555 5562 2847 5616 tumentes
2864 5558 3138 5632 superbia
3152 5557 3556 5633 pervenerunt,
3567 5555 3624 5612 et
3640 5546 3833 5620 impetu

1645 5754 1902 5804 NOTULE
1943 5757 2249 5806 FABROTTI
2291 5753 2698 5804 ιΑΒαΙΝΑιΕε.

543 5849 618 5926 (α)
647 5847 800 5908 Ρδαι.
831 5863 924 5905 xx.
