  <div class='ocr_page' id='page_1' title='image "/cluster/home/n/w/nwhite01/storage/ocr_20150623/128/hvd.32044054759899/680.png"; bbox 0 0 4058 6162; ppageno 0'>
   <div class='ocr_carea' id='block_1_1' title="bbox 205 81 3610 221">
    <p class='ocr_par' dir='ltr' id='par_1_1' title="bbox 205 81 3610 221">
     <span class='ocr_line' id='line_1_1' title="bbox 205 81 3610 221; baseline 0.003 -29"><span class='ocrx_word' id='word_1_1' title='bbox 205 133 368 193; x_wconf 73' lang='lat'><strong>4349</strong></span> <span class='ocrx_word' id='word_1_2' title='bbox 876 133 1247 221; x_wconf 53' lang='lat' dir='ltr'>HISTORIA</span> <span class='ocrx_word' id='word_1_3' title='bbox 1288 135 1392 195; x_wconf 87' lang='lat' dir='ltr'>DE</span> <span class='ocrx_word' id='word_1_4' title='bbox 1436 132 1633 198; x_wconf 80' lang='lat' dir='ltr'>vms</span> <span class='ocrx_word' id='word_1_5' title='bbox 1680 135 1868 198; x_wconf 74' lang='lat' dir='ltr'>non.</span> <span class='ocrx_word' id='word_1_6' title='bbox 1915 135 2147 198; x_wconf 71' lang='lat' dir='ltr'>pom.</span> <span class='ocrx_word' id='word_1_7' title='bbox 2179 95 2258 180; x_wconf 53' lang='grc' dir='ltr'>έ-</span> <span class='ocrx_word' id='word_1_8' title='bbox 2301 81 2789 198; x_wconf 78' lang='lat' dir='ltr'>BENEDICTUS</span> <span class='ocrx_word' id='word_1_9' title='bbox 2833 135 2940 198; x_wconf 74' lang='lat'>111.</span> <span class='ocrx_word' id='word_1_10' title='bbox 3453 139 3610 202; x_wconf 72' lang='lat'>1350</span> 
     </span>
    </p>
   </div>
   <div class='ocr_carea' id='block_1_2' title="bbox 363 262 3608 339">
    <p class='ocr_par' dir='ltr' id='par_1_2' title="bbox 363 262 3608 339">
     <span class='ocr_line' id='line_1_2' title="bbox 363 262 3608 339; baseline 0.002 -20"><span class='ocrx_word' id='word_1_11' title='bbox 363 263 516 320; x_wconf 89' lang='lat' dir='ltr'>facto</span> <span class='ocrx_word' id='word_1_12' title='bbox 545 262 898 330; x_wconf 89' lang='lat' dir='ltr'>absidam,in</span> <span class='ocrx_word' id='word_1_13' title='bbox 933 281 1050 337; x_wconf 90' lang='lat' dir='ltr'>qua</span> <span class='ocrx_word' id='word_1_14' title='bbox 1079 265 1330 338; x_wconf 88' lang='lat' dir='ltr'>episcopi</span> <span class='ocrx_word' id='word_1_15' title='bbox 1365 265 1679 337; x_wconf 80' lang='lat' dir='ltr'>psallentes</span> <span class='ocrx_word' id='word_1_16' title='bbox 1700 266 2177 324; x_wconf 88' lang='lat' dir='ltr'>residebantcum</span> <span class='ocrx_word' id='word_1_17' title='bbox 2191 267 2751 335; x_wconf 89' lang='lat' dir='ltr'>clero,leonesveluti</span> <span class='ocrx_word' id='word_1_18' title='bbox 2765 267 3608 339; x_wconf 84' lang='lat' dir='ltr'>ferocissimiconscenderunt,</span> 
     </span>
    </p>
   </div>
   <div class='ocr_carea' id='block_1_3' title="bbox 359 359 3612 437">
    <p class='ocr_par' dir='ltr' id='par_1_3' title="bbox 359 359 3612 437">
     <span class='ocr_line' id='line_1_3' title="bbox 359 359 3612 437; baseline 0.002 -22"><span class='ocrx_word' id='word_1_19' title='bbox 359 359 687 432; x_wconf 81' lang='lat' dir='ltr'>erectisque</span> <span class='ocrx_word' id='word_1_20' title='bbox 709 359 927 432; x_wconf 90' lang='lat' dir='ltr'>jaculis</span> <span class='ocrx_word' id='word_1_21' title='bbox 955 379 1055 418; x_wconf 90' lang='lat' dir='ltr'>eos</span> <span class='ocrx_word' id='word_1_22' title='bbox 1083 363 1446 418; x_wconf 75' lang='lat' dir='ltr'>conabantur</span> <span class='ocrx_word' id='word_1_23' title='bbox 1473 363 1686 418; x_wconf 86' lang='lat' dir='ltr'>elidere</span> <span class='ocrx_word' id='word_1_24' title='bbox 1718 364 2075 436; x_wconf 90' lang='lat' dir='ltr'>ensibusque</span> <span class='ocrx_word' id='word_1_25' title='bbox 2105 364 2624 437; x_wconf 81' lang='lat' dir='ltr'>punire,dicentes:</span> <span class='ocrx_word' id='word_1_26' title='bbox 2643 365 3292 436; x_wconf 81' lang='lat' dir='ltr'>Acquiescite,etvestro</span> <span class='ocrx_word' id='word_1_27' title='bbox 3323 383 3612 424; x_wconf 89' lang='lat' dir='ltr'>consensu</span> 
     </span>
    </p>
   </div>
   <div class='ocr_carea' id='block_1_4' title="bbox 279 457 3608 534">
    <p class='ocr_par' dir='ltr' id='par_1_4' title="bbox 279 457 3608 534">
     <span class='ocr_line' id='line_1_4' title="bbox 279 457 3608 534; baseline 0.002 -21"><span class='ocrx_word' id='word_1_28' title='bbox 279 459 316 513; x_wconf 88' lang='lat'>5</span> <span class='ocrx_word' id='word_1_29' title='bbox 353 457 676 513; x_wconf 81' lang='lat' dir='ltr'>Pontilicali</span> <span class='ocrx_word' id='word_1_30' title='bbox 725 459 1071 516; x_wconf 82' lang='lat' dir='ltr'>Anastasius</span> <span class='ocrx_word' id='word_1_31' title='bbox 1117 459 1362 514; x_wconf 86' lang='lat' dir='ltr'>culmini</span> <span class='ocrx_word' id='word_1_32' title='bbox 1412 461 1782 534; x_wconf 81' lang='lat' dir='ltr'>submgetur.</span> <span class='ocrx_word' id='word_1_33' title='bbox 1819 461 1906 516; x_wconf 91' lang='lat' dir='ltr'>Illi</span> <span class='ocrx_word' id='word_1_34' title='bbox 1957 479 2088 516; x_wconf 79' lang='lat' dir='ltr'>vero</span> <span class='ocrx_word' id='word_1_35' title='bbox 2139 467 2342 517; x_wconf 88' lang='lat' dir='ltr'>sancto</span> <span class='ocrx_word' id='word_1_36' title='bbox 2376 461 2578 532; x_wconf 83' lang='lat' dir='ltr'>repleti</span> <span class='ocrx_word' id='word_1_37' title='bbox 2625 461 2844 532; x_wconf 79' lang='lat' dir='ltr'>Spiritu</span> <span class='ocrx_word' id='word_1_38' title='bbox 2878 462 3274 528; x_wconf 77' lang='lat' dir='ltr'>afﬁrmabant,</span> <span class='ocrx_word' id='word_1_39' title='bbox 3305 463 3608 520; x_wconf 83' lang='lat' dir='ltr'>dicentes:</span> 
     </span>
    </p>
   </div>
   <div class='ocr_carea' id='block_1_5' title="bbox 353 548 3612 630">
    <p class='ocr_par' dir='ltr' id='par_1_5' title="bbox 353 548 3612 630">
     <span class='ocr_line' id='line_1_5' title="bbox 353 548 3612 630; baseline 0.002 -21"><span class='ocrx_word' id='word_1_40' title='bbox 353 555 665 626; x_wconf 86' lang='lat' dir='ltr'>Nunquam</span> <span class='ocrx_word' id='word_1_41' title='bbox 700 554 760 610; x_wconf 91' lang='lat' dir='ltr'>in</span> <span class='ocrx_word' id='word_1_42' title='bbox 791 555 1122 628; x_wconf 88' lang='lat' dir='ltr'>depositum</span> <span class='ocrx_word' id='word_1_43' title='bbox 1154 561 1210 612; x_wconf 92' lang='lat' dir='ltr'>et</span> <span class='ocrx_word' id='word_1_44' title='bbox 1243 556 1614 613; x_wconf 77' lang='lat' dir='ltr'>anathemate</span> <span class='ocrx_word' id='word_1_45' title='bbox 1643 574 1678 613; x_wconf 93' lang='lat' dir='ltr'>a</span> <span class='ocrx_word' id='word_1_46' title='bbox 1709 564 1910 613; x_wconf 87' lang='lat' dir='ltr'>sancto</span> <span class='ocrx_word' id='word_1_47' title='bbox 1941 557 2190 630; x_wconf 80' lang='lat' dir='ltr'>praesule</span> <span class='ocrx_word' id='word_1_48' title='bbox 2221 559 2508 630; x_wconf 88' lang='lat' dir='ltr'>beataque</span> <span class='ocrx_word' id='word_1_49' title='bbox 2539 559 2758 630; x_wconf 83' lang='lat' dir='ltr'>synodo</span> <span class='ocrx_word' id='word_1_50' title='bbox 2788 557 3050 614; x_wconf 90' lang='lat' dir='ltr'>vinctum</span> <span class='ocrx_word' id='word_1_51' title='bbox 3082 548 3612 628; x_wconf 31' lang='lat' dir='ltr'>consentimus,lsed</span> 
     </span>
    </p>
   </div>
   <div class='ocr_carea' id='block_1_6' title="bbox 353 652 3616 727">
    <p class='ocr_par' dir='ltr' id='par_1_6' title="bbox 353 652 3616 727">
     <span class='ocr_line' id='line_1_6' title="bbox 353 652 3616 727; baseline 0.002 -21"><span class='ocrx_word' id='word_1_52' title='bbox 353 652 545 707; x_wconf 91' lang='lat' dir='ltr'>modis</span> <span class='ocrx_word' id='word_1_53' title='bbox 575 653 850 708; x_wconf 90' lang='lat' dir='ltr'>omnibus</span> <span class='ocrx_word' id='word_1_54' title='bbox 899 652 1210 726; x_wconf 87' lang='lat' dir='ltr'>abjicimus</span> <span class='ocrx_word' id='word_1_55' title='bbox 1258 658 1314 709; x_wconf 90' lang='lat' dir='ltr'>et</span> <span class='ocrx_word' id='word_1_56' title='bbox 1361 671 1395 709; x_wconf 87' lang='lat' dir='ltr'>a</span> <span class='ocrx_word' id='word_1_57' title='bbox 1441 654 1544 710; x_wconf 90' lang='lat' dir='ltr'>Dei</span> <span class='ocrx_word' id='word_1_58' title='bbox 1595 654 1840 711; x_wconf 71' lang='lat' dir='ltr'>coetibus</span> <span class='ocrx_word' id='word_1_59' title='bbox 1879 671 2274 727; x_wconf 88' lang='lat' dir='ltr'>segregamus.</span> <span class='ocrx_word' id='word_1_60' title='bbox 2310 655 2424 726; x_wconf 89' lang='lat' dir='ltr'>Ipsi</span> <span class='ocrx_word' id='word_1_61' title='bbox 2483 654 2734 726; x_wconf 89' lang='lat' dir='ltr'>denique</span> <span class='ocrx_word' id='word_1_62' title='bbox 2783 655 3084 710; x_wconf 82' lang='lat' dir='ltr'>furibundi</span> <span class='ocrx_word' id='word_1_63' title='bbox 3130 656 3468 714; x_wconf 84' lang='lat' dir='ltr'>verberibus</span> <span class='ocrx_word' id='word_1_64' title='bbox 3515 674 3616 714; x_wconf 89' lang='lat' dir='ltr'>eos</span> 
     </span>
    </p>
   </div>
   <div class='ocr_carea' id='block_1_7' title="bbox 352 748 3614 826">
    <p class='ocr_par' dir='ltr' id='par_1_7' title="bbox 352 748 3614 826">
     <span class='ocr_line' id='line_1_7' title="bbox 352 748 3614 826; baseline 0.002 -22"><span class='ocrx_word' id='word_1_65' title='bbox 352 748 778 822; x_wconf 84' lang='lat' dir='ltr'>tormentisque</span> <span class='ocrx_word' id='word_1_66' title='bbox 807 749 1079 806; x_wconf 86' lang='lat' dir='ltr'>dicebant</span> <span class='ocrx_word' id='word_1_67' title='bbox 1109 767 1171 806; x_wconf 90' lang='lat' dir='ltr'>se</span> <span class='ocrx_word' id='word_1_68' title='bbox 1197 750 1343 807; x_wconf 81' lang='lat' dir='ltr'>velle</span> <span class='ocrx_word' id='word_1_69' title='bbox 1373 768 1472 807; x_wconf 89' lang='lat' dir='ltr'>eos</span> <span class='ocrx_word' id='word_1_70' title='bbox 1501 751 1840 824; x_wconf 90' lang='lat' dir='ltr'>punire,sed</span> <span class='ocrx_word' id='word_1_71' title='bbox 1871 752 2251 808; x_wconf 86' lang='lat' dir='ltr'>beatissimus</span> <span class='ocrx_word' id='word_1_72' title='bbox 2283 751 2502 824; x_wconf 89' lang='lat' dir='ltr'>Deique</span> <span class='ocrx_word' id='word_1_73' title='bbox 2533 751 2954 824; x_wconf 87' lang='lat' dir='ltr'>omnipotentis</span> <span class='ocrx_word' id='word_1_74' title='bbox 2985 753 3320 818; x_wconf 87' lang='lat' dir='ltr'>antistes,et</span> <span class='ocrx_word' id='word_1_75' title='bbox 3348 755 3450 826; x_wconf 90' lang='lat' dir='ltr'>qui</span> <span class='ocrx_word' id='word_1_76' title='bbox 3480 771 3614 810; x_wconf 91' lang='lat' dir='ltr'>eum</span> 
     </span>
    </p>
   </div>
   <div class='ocr_carea' id='block_1_8' title="bbox 353 847 3613 921">
    <p class='ocr_par' dir='ltr' id='par_1_8' title="bbox 353 847 3613 921">
     <span class='ocr_line' id='line_1_8' title="bbox 353 847 3613 921; baseline 0.001 -19"><span class='ocrx_word' id='word_1_77' title='bbox 353 847 500 920; x_wconf 88' lang='lat' dir='ltr'>ipsis</span> <span class='ocrx_word' id='word_1_78' title='bbox 533 847 1050 915; x_wconf 89' lang='lat' dir='ltr'>aderant,terrores</span> <span class='ocrx_word' id='word_1_79' title='bbox 1076 847 1164 902; x_wconf 89' lang='lat' dir='ltr'>vel</span> <span class='ocrx_word' id='word_1_80' title='bbox 1197 847 1390 905; x_wconf 89' lang='lat' dir='ltr'>minas</span> <span class='ocrx_word' id='word_1_81' title='bbox 1419 865 1620 904; x_wconf 91' lang='lat' dir='ltr'>eorum</span> <span class='ocrx_word' id='word_1_82' title='bbox 1655 849 2137 921; x_wconf 89' lang='lat' dir='ltr'>parvipendentes</span> <span class='ocrx_word' id='word_1_83' title='bbox 2167 848 2500 904; x_wconf 87' lang='lat' dir='ltr'>immobiles</span> <span class='ocrx_word' id='word_1_84' title='bbox 2532 849 3193 921; x_wconf 86' lang='lat' dir='ltr'>perstiterunt.0uorum</span> <span class='ocrx_word' id='word_1_85' title='bbox 3224 851 3613 907; x_wconf 85' lang='lat' dir='ltr'>constantiam</span> 
     </span>
    </p>
   </div>
   <div class='ocr_carea' id='block_1_9' title="bbox 250 943 3614 1019">
    <p class='ocr_par' dir='ltr' id='par_1_9' title="bbox 250 943 3614 1019">
     <span class='ocr_line' id='line_1_9' title="bbox 250 943 3614 1019; baseline 0.001 -18"><span class='ocrx_word' id='word_1_86' title='bbox 250 945 320 1001; x_wconf 91' lang='grc'>10</span> <span class='ocrx_word' id='word_1_87' title='bbox 347 945 474 1016; x_wconf 88' lang='lat' dir='ltr'>jam</span> <span class='ocrx_word' id='word_1_88' title='bbox 508 943 647 999; x_wconf 86' lang='lat' dir='ltr'>dicti</span> <span class='ocrx_word' id='word_1_89' title='bbox 679 943 881 1000; x_wconf 85' lang='lat' dir='ltr'>Franci</span> <span class='ocrx_word' id='word_1_90' title='bbox 915 950 1218 1001; x_wconf 89' lang='lat' dir='ltr'>cernentes</span> <span class='ocrx_word' id='word_1_91' title='bbox 1249 945 1322 1002; x_wconf 90' lang='lat' dir='ltr'>ab</span> <span class='ocrx_word' id='word_1_92' title='bbox 1352 945 1434 1002; x_wconf 89' lang='lat' dir='ltr'>eis</span> <span class='ocrx_word' id='word_1_93' title='bbox 1465 945 1553 1001; x_wconf 88' lang='lat' dir='ltr'>ira</span> <span class='ocrx_word' id='word_1_94' title='bbox 1583 945 1980 1002; x_wconf 89' lang='lat' dir='ltr'>discesserunt</span> <span class='ocrx_word' id='word_1_95' title='bbox 2007 945 2232 1018; x_wconf 81' lang='lat' dir='ltr'>repleti,</span> <span class='ocrx_word' id='word_1_96' title='bbox 2267 949 2323 1001; x_wconf 91' lang='lat' dir='ltr'>et</span> <span class='ocrx_word' id='word_1_97' title='bbox 2353 946 2413 1000; x_wconf 90' lang='lat' dir='ltr'>in</span> <span class='ocrx_word' id='word_1_98' title='bbox 2441 947 2736 1018; x_wconf 87' lang='lat' dir='ltr'>quoddam</span> <span class='ocrx_word' id='word_1_99' title='bbox 2767 945 3104 1001; x_wconf 88' lang='lat' dir='ltr'>cubiculum</span> <span class='ocrx_word' id='word_1_100' title='bbox 3147 947 3334 1019; x_wconf 90' lang='lat' dir='ltr'>ipsius</span> <span class='ocrx_word' id='word_1_101' title='bbox 3362 947 3614 1004; x_wconf 65' lang='lat' dir='ltr'>basilicas</span> 
     </span>
    </p>
   </div>
   <div class='ocr_carea' id='block_1_10' title="bbox 359 1040 3616 1114">
    <p class='ocr_par' dir='ltr' id='par_1_10' title="bbox 359 1040 3616 1114">
     <span class='ocr_line' id='line_1_10' title="bbox 359 1040 3616 1114; baseline 0.001 -16"><span class='ocrx_word' id='word_1_102' title='bbox 359 1045 498 1098; x_wconf 88' lang='lat' dir='ltr'>sunt</span> <span class='ocrx_word' id='word_1_103' title='bbox 529 1041 800 1114; x_wconf 89' lang='lat' dir='ltr'>ingressi,</span> <span class='ocrx_word' id='word_1_104' title='bbox 835 1040 1177 1114; x_wconf 90' lang='lat' dir='ltr'>diversaque</span> <span class='ocrx_word' id='word_1_105' title='bbox 1207 1043 1452 1098; x_wconf 90' lang='lat' dir='ltr'>consilia</span> <span class='ocrx_word' id='word_1_106' title='bbox 1491 1041 1948 1108; x_wconf 85' lang='lat' dir='ltr'>meditabantur,</span> <span class='ocrx_word' id='word_1_107' title='bbox 1981 1041 2038 1096; x_wconf 88' lang='lat' dir='ltr'>in</span> <span class='ocrx_word' id='word_1_108' title='bbox 2085 1043 2242 1114; x_wconf 89' lang='lat' dir='ltr'>quod</span> <span class='ocrx_word' id='word_1_109' title='bbox 2289 1043 2464 1098; x_wconf 89' lang='lat' dir='ltr'>etiam</span> <span class='ocrx_word' id='word_1_110' title='bbox 2513 1043 2684 1098; x_wconf 74' lang='lat' dir='ltr'>Ostiae</span> <span class='ocrx_word' id='word_1_111' title='bbox 2735 1048 2793 1099; x_wconf 90' lang='lat' dir='ltr'>et</span> <span class='ocrx_word' id='word_1_112' title='bbox 2839 1043 3054 1098; x_wconf 86' lang='lat' dir='ltr'>Albani</span> <span class='ocrx_word' id='word_1_113' title='bbox 3095 1044 3342 1100; x_wconf 89' lang='lat' dir='ltr'>antistes</span> <span class='ocrx_word' id='word_1_114' title='bbox 3387 1051 3616 1102; x_wconf 87' lang='lat' dir='ltr'>coactos</span> 
     </span>
    </p>
   </div>
   <div class='ocr_carea' id='block_1_11' title="bbox 356 1138 3617 1212">
    <p class='ocr_par' dir='ltr' id='par_1_11' title="bbox 356 1138 3617 1212">
     <span class='ocr_line' id='line_1_11' title="bbox 356 1138 3617 1212; baseline 0.002 -21"><span class='ocrx_word' id='word_1_115' title='bbox 356 1139 979 1211; x_wconf 79' lang='lat' dir='ltr'>introduxerunt,quos</span> <span class='ocrx_word' id='word_1_116' title='bbox 1010 1139 1260 1197; x_wconf 84' lang='lat' dir='ltr'>molliori</span> <span class='ocrx_word' id='word_1_117' title='bbox 1291 1155 1560 1196; x_wconf 90' lang='lat' dir='ltr'>sermone</span> <span class='ocrx_word' id='word_1_118' title='bbox 1589 1138 1946 1211; x_wconf 88' lang='lat' dir='ltr'>blandisque</span> <span class='ocrx_word' id='word_1_119' title='bbox 1977 1140 2250 1194; x_wconf 89' lang='lat' dir='ltr'>reducere</span> <span class='ocrx_word' id='word_1_120' title='bbox 2276 1139 2714 1196; x_wconf 86' lang='lat' dir='ltr'>adulationibus</span> <span class='ocrx_word' id='word_1_121' title='bbox 2743 1140 3136 1209; x_wconf 88' lang='lat' dir='ltr'>decertabant,</span> <span class='ocrx_word' id='word_1_122' title='bbox 3154 1143 3212 1196; x_wconf 89' lang='lat' dir='ltr'>et</span> <span class='ocrx_word' id='word_1_123' title='bbox 3243 1142 3617 1212; x_wconf 90' lang='lat' dir='ltr'>postmodum</span> 
     </span>
    </p>
   </div>
   <div class='ocr_carea' id='block_1_12' title="bbox 357 1235 3619 1311">
    <p class='ocr_par' dir='ltr' id='par_1_12' title="bbox 357 1235 3619 1311">
     <span class='ocr_line' id='line_1_12' title="bbox 357 1235 3619 1311; baseline 0.002 -20"><span class='ocrx_word' id='word_1_124' title='bbox 357 1235 580 1308; x_wconf 89' lang='lat' dir='ltr'>asperis</span> <span class='ocrx_word' id='word_1_125' title='bbox 611 1236 1102 1308; x_wconf 90' lang='lat' dir='ltr'>promissionihus</span> <span class='ocrx_word' id='word_1_126' title='bbox 1133 1237 1820 1308; x_wconf 87' lang='lat' dir='ltr'>circumdabant,quibus</span> <span class='ocrx_word' id='word_1_127' title='bbox 1841 1235 2286 1293; x_wconf 23' lang='lat' dir='ltr'>stridularetiam</span> <span class='ocrx_word' id='word_1_128' title='bbox 2309 1253 2446 1293; x_wconf 84' lang='lat' dir='ltr'>voce</span> <span class='ocrx_word' id='word_1_129' title='bbox 2475 1235 3307 1293; x_wconf 80' lang='lat' dir='ltr'>dicebantzNullatenusvitam</span> <span class='ocrx_word' id='word_1_130' title='bbox 3321 1239 3619 1311; x_wconf 88' lang='lat' dir='ltr'>possidere</span> 
     </span>
    </p>
   </div>
   <div class='ocr_carea' id='block_1_13' title="bbox 356 1332 3618 1406">
    <p class='ocr_par' dir='ltr' id='par_1_13' title="bbox 356 1332 3618 1406">
     <span class='ocr_line' id='line_1_13' title="bbox 356 1332 3618 1406; baseline 0.002 -19"><span class='ocrx_word' id='word_1_131' title='bbox 356 1333 725 1406; x_wconf 89' lang='lat' dir='ltr'>potestis,sed</span> <span class='ocrx_word' id='word_1_132' title='bbox 759 1332 992 1406; x_wconf 90' lang='lat' dir='ltr'>capitali</span> <span class='ocrx_word' id='word_1_133' title='bbox 1023 1333 1404 1406; x_wconf 87' lang='lat' dir='ltr'>subjacebitis</span> <span class='ocrx_word' id='word_1_134' title='bbox 1435 1333 1865 1400; x_wconf 89' lang='lat' dir='ltr'>sanctioni,nisi</span> <span class='ocrx_word' id='word_1_135' title='bbox 1898 1334 2352 1390; x_wconf 87' lang='lat' dir='ltr'>consecrationis</span> <span class='ocrx_word' id='word_1_136' title='bbox 2382 1334 2686 1390; x_wconf 81' lang='lat' dir='ltr'>Anastasio</span> <span class='ocrx_word' id='word_1_137' title='bbox 2717 1333 2965 1406; x_wconf 87' lang='lat' dir='ltr'>gratiam</span> <span class='ocrx_word' id='word_1_138' title='bbox 2997 1333 3388 1391; x_wconf 87' lang='lat' dir='ltr'>dederitis.llli</span> <span class='ocrx_word' id='word_1_139' title='bbox 3419 1341 3618 1393; x_wconf 89' lang='lat' dir='ltr'>autem</span> 
     </span>
    </p>
   </div>
   <div class='ocr_carea' id='block_1_14' title="bbox 247 1429 3618 1504">
    <p class='ocr_par' dir='ltr' id='par_1_14' title="bbox 247 1429 3618 1504">
     <span class='ocr_line' id='line_1_14' title="bbox 247 1429 3618 1504; baseline 0.001 -18"><span class='ocrx_word' id='word_1_140' title='bbox 247 1429 320 1486; x_wconf 78' lang='grc'>45</span> <span class='ocrx_word' id='word_1_141' title='bbox 357 1433 492 1486; x_wconf 88' lang='lat' dir='ltr'>ante</span> <span class='ocrx_word' id='word_1_142' title='bbox 521 1445 584 1486; x_wconf 90' lang='lat' dir='ltr'>se</span> <span class='ocrx_word' id='word_1_143' title='bbox 612 1429 786 1484; x_wconf 89' lang='lat' dir='ltr'>morti</span> <span class='ocrx_word' id='word_1_144' title='bbox 820 1431 1048 1486; x_wconf 87' lang='lat' dir='ltr'>tradere</span> <span class='ocrx_word' id='word_1_145' title='bbox 1073 1431 1445 1504; x_wconf 83' lang='lat' dir='ltr'>proferebant</span> <span class='ocrx_word' id='word_1_146' title='bbox 1473 1431 1963 1503; x_wconf 87' lang='lat' dir='ltr'>membratimque</span> <span class='ocrx_word' id='word_1_147' title='bbox 2005 1447 2068 1485; x_wconf 92' lang='lat' dir='ltr'>se</span> <span class='ocrx_word' id='word_1_148' title='bbox 2115 1429 2345 1498; x_wconf 87' lang='lat' dir='ltr'>laniari,</span> <span class='ocrx_word' id='word_1_149' title='bbox 2379 1447 2557 1502; x_wconf 89' lang='lat' dir='ltr'>quam</span> <span class='ocrx_word' id='word_1_150' title='bbox 2607 1429 2889 1503; x_wconf 91' lang='lat' dir='ltr'>deposito,</span> <span class='ocrx_word' id='word_1_151' title='bbox 2923 1430 3294 1486; x_wconf 85' lang='lat' dir='ltr'>anathemate</span> <span class='ocrx_word' id='word_1_152' title='bbox 3342 1432 3618 1490; x_wconf 90' lang='lat' dir='ltr'>damnato</span> 
     </span>
    </p>
   </div>
   <div class='ocr_carea' id='block_1_15' title="bbox 359 1526 3621 1600">
    <p class='ocr_par' dir='ltr' id='par_1_15' title="bbox 359 1526 3621 1600">
     <span class='ocr_line' id='line_1_15' title="bbox 359 1526 3621 1600; baseline 0.001 -17"><span class='ocrx_word' id='word_1_153' title='bbox 359 1527 814 1583; x_wconf 86' lang='lat' dir='ltr'>consecrationis</span> <span class='ocrx_word' id='word_1_154' title='bbox 843 1527 1168 1584; x_wconf 87' lang='lat' dir='ltr'>tribuerent</span> <span class='ocrx_word' id='word_1_155' title='bbox 1196 1527 2026 1600; x_wconf 87' lang='lat' dir='ltr'>benedictionem.Arguebant</span> <span class='ocrx_word' id='word_1_156' title='bbox 2042 1533 2237 1583; x_wconf 90' lang='lat' dir='ltr'>autem</span> <span class='ocrx_word' id='word_1_157' title='bbox 2261 1529 2495 1584; x_wconf 90' lang='lat' dir='ltr'>eosdem</span> <span class='ocrx_word' id='word_1_158' title='bbox 2510 1527 2744 1594; x_wconf 90' lang='lat' dir='ltr'>missos,</span> <span class='ocrx_word' id='word_1_159' title='bbox 2759 1531 2816 1583; x_wconf 85' lang='lat' dir='ltr'>et</span> <span class='ocrx_word' id='word_1_160' title='bbox 2831 1526 3129 1583; x_wconf 89' lang='lat' dir='ltr'>universas</span> <span class='ocrx_word' id='word_1_161' title='bbox 3141 1528 3621 1587; x_wconf 87' lang='lat' dir='ltr'>demonstrabant</span> 
     </span>
    </p>
   </div>
   <div class='ocr_carea' id='block_1_16' title="bbox 357 1624 3620 1698">
    <p class='ocr_par' dir='ltr' id='par_1_16' title="bbox 357 1624 3620 1698">
     <span class='ocr_line' id='line_1_16' title="bbox 357 1624 3620 1698; baseline 0.001 -18"><span class='ocrx_word' id='word_1_162' title='bbox 357 1641 534 1680; x_wconf 71' lang='lat' dir='ltr'>sacrae</span> <span class='ocrx_word' id='word_1_163' title='bbox 560 1624 958 1697; x_wconf 88' lang='lat' dir='ltr'>responsionis</span> <span class='ocrx_word' id='word_1_164' title='bbox 984 1627 1328 1698; x_wconf 88' lang='lat' dir='ltr'>scripturas,</span> <span class='ocrx_word' id='word_1_165' title='bbox 1361 1625 1610 1697; x_wconf 88' lang='lat' dir='ltr'>qualiter</span> <span class='ocrx_word' id='word_1_166' title='bbox 1661 1625 1999 1681; x_wconf 88' lang='lat' dir='ltr'>nullatenus</span> <span class='ocrx_word' id='word_1_167' title='bbox 2049 1625 2320 1681; x_wconf 85' lang='lat' dir='ltr'>eumdem</span> <span class='ocrx_word' id='word_1_168' title='bbox 2370 1625 2703 1698; x_wconf 90' lang='lat' dir='ltr'>depositum</span> <span class='ocrx_word' id='word_1_169' title='bbox 2755 1625 2814 1680; x_wconf 92' lang='lat' dir='ltr'>in</span> <span class='ocrx_word' id='word_1_170' title='bbox 2864 1625 3070 1680; x_wconf 90' lang='lat' dir='ltr'>ordine</span> <span class='ocrx_word' id='word_1_171' title='bbox 3117 1641 3290 1697; x_wconf 87' lang='lat' dir='ltr'>quem</span> <span class='ocrx_word' id='word_1_172' title='bbox 3345 1629 3620 1698; x_wconf 90' lang='lat' dir='ltr'>poscebat</span> 
     </span>
    </p>
   </div>
   <div class='ocr_carea' id='block_1_17' title="bbox 359 1721 3618 1796">
    <p class='ocr_par' dir='ltr' id='par_1_17' title="bbox 359 1721 3618 1796">
     <span class='ocr_line' id='line_1_17' title="bbox 359 1721 3618 1796; baseline 0.001 -18"><span class='ocrx_word' id='word_1_173' title='bbox 359 1721 712 1778; x_wconf 87' lang='lat' dir='ltr'>constituere</span> <span class='ocrx_word' id='word_1_174' title='bbox 740 1721 1080 1779; x_wconf 91' lang='lat' dir='ltr'>valuissent.</span> <span class='ocrx_word' id='word_1_175' title='bbox 1109 1723 1377 1780; x_wconf 84' lang='lat' dir='ltr'>Protinus</span> <span class='ocrx_word' id='word_1_176' title='bbox 1405 1741 1538 1780; x_wconf 90' lang='lat' dir='ltr'>vero</span> <span class='ocrx_word' id='word_1_177' title='bbox 1571 1723 1850 1780; x_wconf 85' lang='lat' dir='ltr'>secretius</span> <span class='ocrx_word' id='word_1_178' title='bbox 1882 1722 2145 1796; x_wconf 86' lang='lat' dir='ltr'>linguam</span> <span class='ocrx_word' id='word_1_179' title='bbox 2177 1739 2379 1779; x_wconf 89' lang='lat' dir='ltr'>eorum</span> <span class='ocrx_word' id='word_1_180' title='bbox 2409 1721 2848 1779; x_wconf 76' lang='lat' dir='ltr'>confabulantes</span> <span class='ocrx_word' id='word_1_181' title='bbox 2880 1721 3041 1778; x_wconf 81' lang='lat' dir='ltr'>furor</span> <span class='ocrx_word' id='word_1_182' title='bbox 3071 1722 3168 1796; x_wconf 89' lang='lat' dir='ltr'>qui</span> <span class='ocrx_word' id='word_1_183' title='bbox 3203 1721 3258 1776; x_wconf 90' lang='lat' dir='ltr'>in</span> <span class='ocrx_word' id='word_1_184' title='bbox 3288 1723 3372 1779; x_wconf 88' lang='lat' dir='ltr'>eis</span> <span class='ocrx_word' id='word_1_185' title='bbox 3401 1727 3618 1782; x_wconf 84' lang='lat' dir='ltr'>exube-</span> 
     </span>
    </p>
   </div>
   <div class='ocr_carea' id='block_1_18' title="bbox 357 1818 2138 1894">
    <p class='ocr_par' dir='ltr' id='par_1_18' title="bbox 357 1818 2138 1894">
     <span class='ocr_line' id='line_1_18' title="bbox 357 1818 2138 1894; baseline 0.001 -20"><span class='ocrx_word' id='word_1_186' title='bbox 357 1819 526 1874; x_wconf 90' lang='lat' dir='ltr'>rabat</span> <span class='ocrx_word' id='word_1_187' title='bbox 557 1818 791 1890; x_wconf 86' lang='lat' dir='ltr'>minuit,</span> <span class='ocrx_word' id='word_1_188' title='bbox 825 1819 1237 1892; x_wconf 88' lang='lat' dir='ltr'>mentibusque</span> <span class='ocrx_word' id='word_1_189' title='bbox 1269 1837 1469 1876; x_wconf 88' lang='lat' dir='ltr'>eorum</span> <span class='ocrx_word' id='word_1_190' title='bbox 1502 1821 1809 1876; x_wconf 88' lang='lat' dir='ltr'>videbatur</span> <span class='ocrx_word' id='word_1_191' title='bbox 1837 1819 2138 1894; x_wconf 84' lang='lat' dir='ltr'>expulsus.</span> 
     </span>
    </p>
   </div>
   <div class='ocr_carea' id='block_1_19' title="bbox 433 1914 3620 1990">
    <p class='ocr_par' dir='ltr' id='par_1_19' title="bbox 433 1914 3620 1990">
     <span class='ocr_line' id='line_1_19' title="bbox 433 1914 3620 1990; baseline 0.001 -18"><span class='ocrx_word' id='word_1_192' title='bbox 433 1915 584 1972; x_wconf 73' lang='lat'>564</span> <span class='ocrx_word' id='word_1_193' title='bbox 614 1914 810 1971; x_wconf 89' lang='lat' dir='ltr'>Tertia</span> <span class='ocrx_word' id='word_1_194' title='bbox 834 1933 968 1972; x_wconf 90' lang='lat' dir='ltr'>vero</span> <span class='ocrx_word' id='word_1_195' title='bbox 1001 1917 1144 1972; x_wconf 84' lang='lat' dir='ltr'>feria</span> <span class='ocrx_word' id='word_1_196' title='bbox 1172 1916 1502 1973; x_wconf 87' lang='lat' dir='ltr'>lucescente</span> <span class='ocrx_word' id='word_1_197' title='bbox 1533 1935 1736 1974; x_wconf 87' lang='lat' dir='ltr'>omnes</span> <span class='ocrx_word' id='word_1_198' title='bbox 1765 1917 2022 1990; x_wconf 90' lang='lat' dir='ltr'>episcopi</span> <span class='ocrx_word' id='word_1_199' title='bbox 2053 1935 2186 1973; x_wconf 92' lang='lat' dir='ltr'>cum</span> <span class='ocrx_word' id='word_1_200' title='bbox 2221 1915 2372 1972; x_wconf 91' lang='lat' dir='ltr'>clero</span> <span class='ocrx_word' id='word_1_201' title='bbox 2403 1934 2469 1972; x_wconf 92' lang='lat' dir='ltr'>ac</span> <span class='ocrx_word' id='word_1_202' title='bbox 2501 1915 2714 1989; x_wconf 88' lang='lat' dir='ltr'>populo</span> <span class='ocrx_word' id='word_1_203' title='bbox 2747 1917 2805 1971; x_wconf 92' lang='lat' dir='ltr'>in</span> <span class='ocrx_word' id='word_1_204' title='bbox 2856 1915 3098 1972; x_wconf 85' lang='lat' dir='ltr'>basilica</span> <span class='ocrx_word' id='word_1_205' title='bbox 3129 1916 3459 1986; x_wconf 86' lang='lat' dir='ltr'>Salvatoris,</span> <span class='ocrx_word' id='word_1_206' title='bbox 3493 1935 3620 1990; x_wconf 68' lang='lat' dir='ltr'>quas</span> 
     </span>
    </p>
   </div>
   <div class='ocr_carea' id='block_1_20' title="bbox 357 2011 3617 2087">
    <p class='ocr_par' dir='ltr' id='par_1_20' title="bbox 357 2011 3617 2087">
     <span class='ocr_line' id='line_1_20' title="bbox 357 2011 3617 2087; baseline 0.001 -21"><span class='ocrx_word' id='word_1_207' title='bbox 357 2011 840 2067; x_wconf 84' lang='lat' dir='ltr'>Constantiniana</span> <span class='ocrx_word' id='word_1_208' title='bbox 869 2011 1442 2087; x_wconf 90' lang='lat' dir='ltr'>dicitur,congregati</span> <span class='ocrx_word' id='word_1_209' title='bbox 1474 2018 1702 2070; x_wconf 91' lang='lat' dir='ltr'>sunt.In</span> <span class='ocrx_word' id='word_1_210' title='bbox 1737 2031 1853 2086; x_wconf 91' lang='lat' dir='ltr'>qua</span> <span class='ocrx_word' id='word_1_211' title='bbox 1883 2013 2074 2070; x_wconf 91' lang='lat' dir='ltr'>omnis</span> <span class='ocrx_word' id='word_1_212' title='bbox 2097 2013 2354 2085; x_wconf 90' lang='lat' dir='ltr'>plebs,ac</span> <span class='ocrx_word' id='word_1_213' title='bbox 2373 2012 2571 2085; x_wconf 85' lang='lat' dir='ltr'>pepuli</span> <span class='ocrx_word' id='word_1_214' title='bbox 2589 2011 2905 2068; x_wconf 89' lang='lat' dir='ltr'>multitudo</span> <span class='ocrx_word' id='word_1_215' title='bbox 2919 2017 3304 2069; x_wconf 79' lang='lat' dir='ltr'>extensavoce</span> <span class='ocrx_word' id='word_1_216' title='bbox 3317 2013 3617 2070; x_wconf 78' lang='lat' dir='ltr'>clamavit:</span> 
     </span>
    </p>
   </div>
   <div class='ocr_carea' id='block_1_21' title="bbox 359 2108 3617 2184">
    <p class='ocr_par' dir='ltr' id='par_1_21' title="bbox 359 2108 3617 2184">
     <span class='ocr_line' id='line_1_21' title="bbox 359 2108 3617 2184; baseline 0.001 -20"><span class='ocrx_word' id='word_1_217' title='bbox 359 2108 733 2164; x_wconf 89' lang='lat' dir='ltr'>Benedictum</span> <span class='ocrx_word' id='word_1_218' title='bbox 767 2109 1174 2165; x_wconf 90' lang='lat' dir='ltr'>beatissimum</span> <span class='ocrx_word' id='word_1_219' title='bbox 1206 2127 1419 2184; x_wconf 90' lang='lat' dir='ltr'>papam</span> <span class='ocrx_word' id='word_1_220' title='bbox 1450 2110 1742 2178; x_wconf 92' lang='lat' dir='ltr'>volumus,</span> <span class='ocrx_word' id='word_1_221' title='bbox 1777 2111 2090 2184; x_wconf 90' lang='lat' dir='ltr'>ipsumque</span> <span class='ocrx_word' id='word_1_222' title='bbox 2139 2111 2542 2165; x_wconf 88' lang='lat' dir='ltr'>desideramus</span> <span class='ocrx_word' id='word_1_223' title='bbox 2574 2126 2586 2164; x_wconf 91' lang='lat'>:</span> <span class='ocrx_word' id='word_1_224' title='bbox 2621 2109 2776 2181; x_wconf 91' lang='lat' dir='ltr'>quod</span> <span class='ocrx_word' id='word_1_225' title='bbox 2798 2111 2923 2182; x_wconf 90' lang='lat' dir='ltr'>jam</span> <span class='ocrx_word' id='word_1_226' title='bbox 2957 2109 3058 2164; x_wconf 75' lang='lat' dir='ltr'>fati</span> <span class='ocrx_word' id='word_1_227' title='bbox 3089 2109 3392 2167; x_wconf 88' lang='lat' dir='ltr'>audientes</span> <span class='ocrx_word' id='word_1_228' title='bbox 3423 2111 3617 2184; x_wconf 83' lang='lat' dir='ltr'>legati,</span> 
     </span>
    </p>
   </div>
   <div class='ocr_carea' id='block_1_22' title="bbox 355 2205 3622 2280">
    <p class='ocr_par' dir='ltr' id='par_1_22' title="bbox 355 2205 3622 2280">
     <span class='ocr_line' id='line_1_22' title="bbox 355 2205 3622 2280; baseline 0.001 -19"><span class='ocrx_word' id='word_1_229' title='bbox 355 2205 741 2262; x_wconf 85' lang='lat' dir='ltr'>mirabantur.</span> <span class='ocrx_word' id='word_1_230' title='bbox 765 2205 1044 2262; x_wconf 87' lang='lat' dir='ltr'>Videntes</span> <span class='ocrx_word' id='word_1_231' title='bbox 1073 2207 1268 2279; x_wconf 89' lang='lat' dir='ltr'>itaque</span> <span class='ocrx_word' id='word_1_232' title='bbox 1301 2207 1439 2280; x_wconf 86' lang='lat' dir='ltr'>quia</span> <span class='ocrx_word' id='word_1_233' title='bbox 1466 2208 1526 2262; x_wconf 91' lang='lat' dir='ltr'>in</span> <span class='ocrx_word' id='word_1_234' title='bbox 1556 2209 1931 2263; x_wconf 84' lang='lat' dir='ltr'>Anastasium</span> <span class='ocrx_word' id='word_1_235' title='bbox 1964 2207 2176 2262; x_wconf 79' lang='lat' dir='ltr'>Christi</span> <span class='ocrx_word' id='word_1_236' title='bbox 2209 2207 2405 2262; x_wconf 86' lang='lat' dir='ltr'>unitas</span> <span class='ocrx_word' id='word_1_237' title='bbox 2434 2205 2704 2278; x_wconf 89' lang='lat' dir='ltr'>almaque</span> <span class='ocrx_word' id='word_1_238' title='bbox 2736 2207 3043 2261; x_wconf 90' lang='lat' dir='ltr'>concordia</span> <span class='ocrx_word' id='word_1_239' title='bbox 3086 2206 3246 2262; x_wconf 91' lang='lat' dir='ltr'>nullo</span> <span class='ocrx_word' id='word_1_240' title='bbox 3281 2207 3622 2264; x_wconf 79' lang='lat' dir='ltr'>flectebatur</span> 
     </span>
    </p>
   </div>
   <div class='ocr_carea' id='block_1_23' title="bbox 285 2301 3620 2377">
    <p class='ocr_par' dir='ltr' id='par_1_23' title="bbox 285 2301 3620 2377">
     <span class='ocr_line' id='line_1_23' title="bbox 285 2301 3620 2377; baseline 0.001 -20"><span class='ocrx_word' id='word_1_241' title='bbox 285 2304 322 2357; x_wconf 89' lang='grc'>5</span> <span class='ocrx_word' id='word_1_242' title='bbox 358 2302 678 2375; x_wconf 84' lang='lat' dir='ltr'>ingenio,in</span> <span class='ocrx_word' id='word_1_243' title='bbox 711 2303 966 2374; x_wconf 91' lang='lat' dir='ltr'>quodam</span> <span class='ocrx_word' id='word_1_244' title='bbox 999 2304 1335 2376; x_wconf 87' lang='lat' dir='ltr'>patriarchii</span> <span class='ocrx_word' id='word_1_245' title='bbox 1371 2305 1640 2362; x_wconf 82' lang='lat' dir='ltr'>cubiculo</span> <span class='ocrx_word' id='word_1_246' title='bbox 1671 2305 1976 2377; x_wconf 85' lang='lat' dir='ltr'>episcopos</span> <span class='ocrx_word' id='word_1_247' title='bbox 2007 2308 2484 2370; x_wconf 85' lang='lat' dir='ltr'>convocaverunt,</span> <span class='ocrx_word' id='word_1_248' title='bbox 2519 2307 2693 2374; x_wconf 89' lang='lat' dir='ltr'>atque</span> <span class='ocrx_word' id='word_1_249' title='bbox 2723 2301 2868 2357; x_wconf 90' lang='lat' dir='ltr'>alios</span> <span class='ocrx_word' id='word_1_250' title='bbox 2897 2302 3227 2358; x_wconf 88' lang='lat' dir='ltr'>sacerdotes</span> <span class='ocrx_word' id='word_1_251' title='bbox 3253 2320 3388 2358; x_wconf 89' lang='lat' dir='ltr'>cum</span> <span class='ocrx_word' id='word_1_252' title='bbox 3420 2303 3573 2361; x_wconf 88' lang='lat' dir='ltr'>elero</span> <span class='ocrx_word' id='word_1_253' title='bbox 3606 2322 3620 2361; x_wconf 87' lang='lat'><strong>:</strong></span> 
     </span>
    </p>
   </div>
   <div class='ocr_carea' id='block_1_24' title="bbox 360 2399 3626 2474">
    <p class='ocr_par' dir='ltr' id='par_1_24' title="bbox 360 2399 3626 2474">
     <span class='ocr_line' id='line_1_24' title="bbox 360 2399 3626 2474; baseline 0.001 -18"><span class='ocrx_word' id='word_1_254' title='bbox 360 2417 496 2456; x_wconf 91' lang='lat' dir='ltr'>cum</span> <span class='ocrx_word' id='word_1_255' title='bbox 525 2399 740 2471; x_wconf 85' lang='lat' dir='ltr'>quibus</span> <span class='ocrx_word' id='word_1_256' title='bbox 769 2400 1031 2473; x_wconf 91' lang='lat' dir='ltr'>amplum</span> <span class='ocrx_word' id='word_1_257' title='bbox 1063 2401 1282 2474; x_wconf 83' lang='lat' dir='ltr'>agitare</span> <span class='ocrx_word' id='word_1_258' title='bbox 1313 2403 1668 2458; x_wconf 88' lang='lat' dir='ltr'>studuerunt</span> <span class='ocrx_word' id='word_1_259' title='bbox 1697 2402 2164 2470; x_wconf 83' lang='lat' dir='ltr'>conﬂictum;sed</span> <span class='ocrx_word' id='word_1_260' title='bbox 2186 2408 2305 2456; x_wconf 86' lang='lat' dir='ltr'>tam</span> <span class='ocrx_word' id='word_1_261' title='bbox 2325 2399 3377 2472; x_wconf 86' lang='lat' dir='ltr'>probabilibusmissorumaudaciam</span> <span class='ocrx_word' id='word_1_262' title='bbox 3392 2419 3626 2474; x_wconf 89' lang='lat' dir='ltr'>supera-</span> 
     </span>
    </p>
   </div>
   <div class='ocr_carea' id='block_1_25' title="bbox 356 2495 3627 2571">
    <p class='ocr_par' dir='ltr' id='par_1_25' title="bbox 356 2495 3627 2571">
     <span class='ocr_line' id='line_1_25' title="bbox 356 2495 3627 2571; baseline 0.001 -19"><span class='ocrx_word' id='word_1_263' title='bbox 356 2502 564 2553; x_wconf 89' lang='lat' dir='ltr'>verunt</span> <span class='ocrx_word' id='word_1_264' title='bbox 595 2497 964 2554; x_wconf 88' lang='lat' dir='ltr'>sermonibus</span> <span class='ocrx_word' id='word_1_265' title='bbox 996 2503 1170 2571; x_wconf 90' lang='lat' dir='ltr'>atque</span> <span class='ocrx_word' id='word_1_266' title='bbox 1200 2499 1576 2567; x_wconf 89' lang='lat' dir='ltr'>doetrinis,ut</span> <span class='ocrx_word' id='word_1_267' title='bbox 1601 2499 1857 2554; x_wconf 81' lang='lat' dir='ltr'>infausta</span> <span class='ocrx_word' id='word_1_268' title='bbox 1888 2499 2123 2554; x_wconf 92' lang='lat' dir='ltr'>illorum</span> <span class='ocrx_word' id='word_1_269' title='bbox 2148 2497 2360 2554; x_wconf 87' lang='lat' dir='ltr'>mentis</span> <span class='ocrx_word' id='word_1_270' title='bbox 2383 2497 2655 2569; x_wconf 86' lang='lat' dir='ltr'>cogitatio</span> <span class='ocrx_word' id='word_1_271' title='bbox 2675 2495 3170 2569; x_wconf 89' lang='lat' dir='ltr'>contemplaretur</span> <span class='ocrx_word' id='word_1_272' title='bbox 3189 2498 3627 2571; x_wconf 88' lang='lat' dir='ltr'>contritaatque</span> 
     </span>
    </p>
   </div>
   <div class='ocr_carea' id='block_1_26' title="bbox 362 2594 3623 2668">
    <p class='ocr_par' dir='ltr' id='par_1_26' title="bbox 362 2594 3623 2668">
     <span class='ocr_line' id='line_1_26' title="bbox 362 2594 3623 2668; baseline 0.001 -18"><span class='ocrx_word' id='word_1_273' title='bbox 362 2595 625 2650; x_wconf 82' lang='lat' dir='ltr'>cnnl‘usa.</span> <span class='ocrx_word' id='word_1_274' title='bbox 659 2595 776 2650; x_wconf 84' lang='lat' dir='ltr'>Hoc</span> <span class='ocrx_word' id='word_1_275' title='bbox 806 2600 1108 2652; x_wconf 85' lang='lat' dir='ltr'>cernentes</span> <span class='ocrx_word' id='word_1_276' title='bbox 1139 2596 1305 2651; x_wconf 87' lang='lat' dir='ltr'>missi</span> <span class='ocrx_word' id='word_1_277' title='bbox 1339 2597 1771 2652; x_wconf 89' lang='lat' dir='ltr'>venerabilibus</span> <span class='ocrx_word' id='word_1_278' title='bbox 1797 2597 2068 2652; x_wconf 77' lang='lat' dir='ltr'>dixerunt</span> <span class='ocrx_word' id='word_1_279' title='bbox 2100 2595 2670 2667; x_wconf 79' lang='lat' dir='ltr'>episcopiszAceipitc</span> <span class='ocrx_word' id='word_1_280' title='bbox 2700 2598 2954 2649; x_wconf 85' lang='lat' dir='ltr'>vestrum</span> <span class='ocrx_word' id='word_1_281' title='bbox 2985 2594 3327 2662; x_wconf 89' lang='lat' dir='ltr'>electum,et</span> <span class='ocrx_word' id='word_1_282' title='bbox 3354 2595 3412 2650; x_wconf 91' lang='lat' dir='ltr'>in</span> <span class='ocrx_word' id='word_1_283' title='bbox 3445 2613 3623 2668; x_wconf 91' lang='lat' dir='ltr'>quam</span> 
     </span>
    </p>
   </div>
   <div class='ocr_carea' id='block_1_27' title="bbox 360 2691 3624 2764">
    <p class='ocr_par' dir='ltr' id='par_1_27' title="bbox 360 2691 3624 2764">
     <span class='ocr_line' id='line_1_27' title="bbox 360 2691 3624 2764; baseline 0 -17"><span class='ocrx_word' id='word_1_284' title='bbox 360 2692 537 2747; x_wconf 88' lang='lat' dir='ltr'>vultis</span> <span class='ocrx_word' id='word_1_285' title='bbox 567 2692 869 2748; x_wconf 90' lang='lat' dir='ltr'>basilicam</span> <span class='ocrx_word' id='word_1_286' title='bbox 903 2710 1037 2748; x_wconf 87' lang='lat' dir='ltr'>cum</span> <span class='ocrx_word' id='word_1_287' title='bbox 1069 2693 1358 2748; x_wconf 86' lang='lat' dir='ltr'>deducite.</span> <span class='ocrx_word' id='word_1_288' title='bbox 1393 2694 1460 2747; x_wconf 88' lang='lat' dir='ltr'>Et</span> <span class='ocrx_word' id='word_1_289' title='bbox 1491 2693 1662 2748; x_wconf 90' lang='lat' dir='ltr'>modo</span> <span class='ocrx_word' id='word_1_290' title='bbox 1710 2694 2105 2758; x_wconf 84' lang='lat' dir='ltr'>Anastasium,</span> <span class='ocrx_word' id='word_1_291' title='bbox 2139 2709 2313 2764; x_wconf 86' lang='lat' dir='ltr'>quem</span> <span class='ocrx_word' id='word_1_292' title='bbox 2363 2692 2693 2763; x_wconf 87' lang='lat' dir='ltr'>depositum</span> <span class='ocrx_word' id='word_1_293' title='bbox 2743 2691 2958 2758; x_wconf 84' lang='lat' dir='ltr'>dicitis,</span> <span class='ocrx_word' id='word_1_294' title='bbox 2993 2693 3065 2746; x_wconf 87' lang='lat' dir='ltr'>ab</span> <span class='ocrx_word' id='word_1_295' title='bbox 3115 2691 3222 2748; x_wconf 86' lang='lat' dir='ltr'>hoc</span> <span class='ocrx_word' id='word_1_296' title='bbox 3273 2692 3624 2763; x_wconf 85' lang='lat' dir='ltr'>patriarchio</span> 
     </span>
    </p>
   </div>
   <div class='ocr_carea' id='block_1_28' title="bbox 257 2787 3628 2862">
    <p class='ocr_par' dir='ltr' id='par_1_28' title="bbox 257 2787 3628 2862">
     <span class='ocr_line' id='line_1_28' title="bbox 257 2787 3628 2862; baseline 0 -16"><span class='ocrx_word' id='word_1_297' title='bbox 257 2789 328 2846; x_wconf 72' lang='grc'>40</span> <span class='ocrx_word' id='word_1_298' title='bbox 365 2788 654 2860; x_wconf 89' lang='lat' dir='ltr'>ejicimus.</span> <span class='ocrx_word' id='word_1_299' title='bbox 687 2789 948 2861; x_wconf 90' lang='lat' dir='ltr'>Tresque</span> <span class='ocrx_word' id='word_1_300' title='bbox 977 2807 1080 2862; x_wconf 89' lang='lat' dir='ltr'>per</span> <span class='ocrx_word' id='word_1_301' title='bbox 1109 2789 1231 2845; x_wconf 89' lang='lat' dir='ltr'>dies</span> <span class='ocrx_word' id='word_1_302' title='bbox 1253 2789 1548 2860; x_wconf 83' lang='lat' dir='ltr'>jejunium</span> <span class='ocrx_word' id='word_1_303' title='bbox 1581 2807 1714 2845; x_wconf 92' lang='lat' dir='ltr'>cum</span> <span class='ocrx_word' id='word_1_304' title='bbox 1747 2789 2110 2846; x_wconf 89' lang='lat' dir='ltr'>orationibus</span> <span class='ocrx_word' id='word_1_305' title='bbox 2143 2787 2522 2854; x_wconf 86' lang='lat' dir='ltr'>celebremus,</span> <span class='ocrx_word' id='word_1_306' title='bbox 2554 2793 2610 2843; x_wconf 88' lang='lat' dir='ltr'>et</span> <span class='ocrx_word' id='word_1_307' title='bbox 2639 2787 3013 2860; x_wconf 88' lang='lat' dir='ltr'>postmodum</span> <span class='ocrx_word' id='word_1_308' title='bbox 3046 2787 3332 2860; x_wconf 91' lang='lat' dir='ltr'>quidquid</span> <span class='ocrx_word' id='word_1_309' title='bbox 3371 2805 3628 2862; x_wconf 89' lang='lat' dir='ltr'>superna</span> 
     </span>
    </p>
   </div>
   <div class='ocr_carea' id='block_1_29' title="bbox 347 2873 3626 2958">
    <p class='ocr_par' dir='ltr' id='par_1_29' title="bbox 347 2873 3626 2958">
     <span class='ocr_line' id='line_1_29' title="bbox 347 2873 3626 2958; baseline 0 -17"><span class='ocrx_word' id='word_1_310' title='bbox 347 2873 671 2942; x_wconf 80' lang='lat' dir='ltr'>clementia</span> <span class='ocrx_word' id='word_1_311' title='bbox 695 2886 1185 2942; x_wconf 87' lang='lat' dir='ltr'>demonstraverit</span> <span class='ocrx_word' id='word_1_312' title='bbox 1213 2886 1546 2958; x_wconf 90' lang='lat' dir='ltr'>impleatur.</span> <span class='ocrx_word' id='word_1_313' title='bbox 1569 2886 1818 2942; x_wconf 81' lang='lat' dir='ltr'>Almiﬁci</span> <span class='ocrx_word' id='word_1_314' title='bbox 1849 2903 1984 2942; x_wconf 84' lang='lat' dir='ltr'>vero</span> <span class='ocrx_word' id='word_1_315' title='bbox 2016 2885 2270 2958; x_wconf 81' lang='lat' dir='ltr'>episcopi</span> <span class='ocrx_word' id='word_1_316' title='bbox 2305 2885 2703 2940; x_wconf 87' lang='lat' dir='ltr'>clamaverunt</span> <span class='ocrx_word' id='word_1_317' title='bbox 2734 2902 2747 2938; x_wconf 90' lang='lat'><strong>:</strong></span> <span class='ocrx_word' id='word_1_318' title='bbox 2781 2883 3062 2955; x_wconf 79' lang='lat' dir='ltr'>Ejiciatur</span> <span class='ocrx_word' id='word_1_319' title='bbox 3090 2889 3290 2941; x_wconf 88' lang='lat' dir='ltr'>nostra</span> <span class='ocrx_word' id='word_1_320' title='bbox 3316 2886 3626 2958; x_wconf 68' lang='lat' dir='ltr'>praesentia</span> 
     </span>
    </p>
   </div>
   <div class='ocr_carea' id='block_1_30' title="bbox 357 2982 3620 3056">
    <p class='ocr_par' dir='ltr' id='par_1_30' title="bbox 357 2982 3620 3056">
     <span class='ocr_line' id='line_1_30' title="bbox 357 2982 3620 3056; baseline 0.001 -18"><span class='ocrx_word' id='word_1_321' title='bbox 357 2983 593 3038; x_wconf 87' lang='lat' dir='ltr'>invasor</span> <span class='ocrx_word' id='word_1_322' title='bbox 621 2987 797 3054; x_wconf 85' lang='lat' dir='ltr'>atque</span> <span class='ocrx_word' id='word_1_323' title='bbox 811 2983 1130 3056; x_wconf 75' lang='lat' dir='ltr'>depositus</span> <span class='ocrx_word' id='word_1_324' title='bbox 1156 2983 1586 3050; x_wconf 86' lang='lat' dir='ltr'>Anastasius,et</span> <span class='ocrx_word' id='word_1_325' title='bbox 1615 2983 1686 3038; x_wconf 91' lang='lat' dir='ltr'>ab</span> <span class='ocrx_word' id='word_1_326' title='bbox 1718 2983 1825 3038; x_wconf 94' lang='lat' dir='ltr'>hoc</span> <span class='ocrx_word' id='word_1_327' title='bbox 1859 2983 2182 3055; x_wconf 85' lang='lat' dir='ltr'>expellatur</span> <span class='ocrx_word' id='word_1_328' title='bbox 2208 2982 2644 3054; x_wconf 84' lang='lat' dir='ltr'>patriarchio,et</span> <span class='ocrx_word' id='word_1_329' title='bbox 2672 2987 2813 3038; x_wconf 91' lang='lat' dir='ltr'>tunc</span> <span class='ocrx_word' id='word_1_330' title='bbox 2841 2983 3088 3039; x_wconf 82' lang='lat' dir='ltr'>facimus</span> <span class='ocrx_word' id='word_1_331' title='bbox 3105 2985 3259 3055; x_wconf 89' lang='lat' dir='ltr'>quod</span> <span class='ocrx_word' id='word_1_332' title='bbox 3283 2983 3620 3040; x_wconf 90' lang='lat' dir='ltr'>hortamini.</span> 
     </span>
    </p>
   </div>
   <div class='ocr_carea' id='block_1_31' title="bbox 429 3078 3623 3155">
    <p class='ocr_par' dir='ltr' id='par_1_31' title="bbox 429 3078 3623 3155">
     <span class='ocr_line' id='line_1_31' title="bbox 429 3078 3623 3155; baseline 0 -19"><span class='ocrx_word' id='word_1_333' title='bbox 429 3079 579 3136; x_wconf 71' lang='lat'>565</span> <span class='ocrx_word' id='word_1_334' title='bbox 632 3078 789 3136; x_wconf 89' lang='lat' dir='ltr'>Illico</span> <span class='ocrx_word' id='word_1_335' title='bbox 837 3079 1151 3152; x_wconf 70' lang='lat' dir='ltr'>praedictus</span> <span class='ocrx_word' id='word_1_336' title='bbox 1201 3079 1544 3136; x_wconf 85' lang='lat' dir='ltr'>Anastasius</span> <span class='ocrx_word' id='word_1_337' title='bbox 1595 3097 1808 3152; x_wconf 85' lang='lat' dir='ltr'>magna</span> <span class='ocrx_word' id='word_1_338' title='bbox 1858 3097 1992 3135; x_wconf 92' lang='lat' dir='ltr'>eum</span> <span class='ocrx_word' id='word_1_339' title='bbox 2034 3079 2396 3152; x_wconf 88' lang='lat' dir='ltr'>turpitudine</span> <span class='ocrx_word' id='word_1_340' title='bbox 2445 3081 2516 3136; x_wconf 91' lang='lat' dir='ltr'>de</span> <span class='ocrx_word' id='word_1_341' title='bbox 2563 3079 2914 3153; x_wconf 88' lang='lat' dir='ltr'>patriarchio</span> <span class='ocrx_word' id='word_1_342' title='bbox 2962 3080 3183 3150; x_wconf 89' lang='lat' dir='ltr'>ejectus</span> <span class='ocrx_word' id='word_1_343' title='bbox 3214 3085 3388 3153; x_wconf 89' lang='lat' dir='ltr'>atque</span> <span class='ocrx_word' id='word_1_344' title='bbox 3419 3081 3623 3155; x_wconf 85' lang='lat' dir='ltr'>expul-</span> 
     </span>
    </p>
   </div>
   <div class='ocr_carea' id='block_1_32' title="bbox 362 3177 3623 3250">
    <p class='ocr_par' dir='ltr' id='par_1_32' title="bbox 362 3177 3623 3250">
     <span class='ocr_line' id='line_1_32' title="bbox 362 3177 3623 3250; baseline 0.001 -19"><span class='ocrx_word' id='word_1_345' title='bbox 362 3193 465 3231; x_wconf 91' lang='lat' dir='ltr'>sus</span> <span class='ocrx_word' id='word_1_346' title='bbox 519 3179 649 3245; x_wconf 89' lang='lat' dir='ltr'>est;</span> <span class='ocrx_word' id='word_1_347' title='bbox 702 3179 769 3231; x_wconf 93' lang='lat' dir='ltr'>ut</span> <span class='ocrx_word' id='word_1_348' title='bbox 820 3193 1024 3232; x_wconf 90' lang='lat' dir='ltr'>omnes</span> <span class='ocrx_word' id='word_1_349' title='bbox 1073 3177 1454 3234; x_wconf 88' lang='lat' dir='ltr'>multimodas</span> <span class='ocrx_word' id='word_1_350' title='bbox 1499 3177 1828 3234; x_wconf 66' lang='lat' dir='ltr'>orthodoxae</span> <span class='ocrx_word' id='word_1_351' title='bbox 1875 3177 2128 3233; x_wconf 86' lang='lat' dir='ltr'>cultores</span> <span class='ocrx_word' id='word_1_352' title='bbox 2194 3177 2326 3233; x_wconf 82' lang='lat' dir='ltr'>fidei</span> <span class='ocrx_word' id='word_1_353' title='bbox 2372 3177 2618 3232; x_wconf 91' lang='lat' dir='ltr'>Domino</span> <span class='ocrx_word' id='word_1_354' title='bbox 2677 3181 2874 3233; x_wconf 90' lang='lat' dir='ltr'>nostro</span> <span class='ocrx_word' id='word_1_355' title='bbox 2921 3177 3062 3233; x_wconf 90' lang='lat' dir='ltr'>Jesu</span> <span class='ocrx_word' id='word_1_356' title='bbox 3110 3177 3338 3234; x_wconf 86' lang='lat' dir='ltr'>Christo</span> <span class='ocrx_word' id='word_1_357' title='bbox 3395 3179 3623 3250; x_wconf 90' lang='lat' dir='ltr'>persol-</span> 
     </span>
    </p>
   </div>
   <div class='ocr_carea' id='block_1_33' title="bbox 359 3273 3629 3348">
    <p class='ocr_par' dir='ltr' id='par_1_33' title="bbox 359 3273 3629 3348">
     <span class='ocr_line' id='line_1_33' title="bbox 359 3273 3629 3348; baseline 0.001 -18"><span class='ocrx_word' id='word_1_358' title='bbox 359 3278 562 3330; x_wconf 84' lang='lat' dir='ltr'>verent</span> <span class='ocrx_word' id='word_1_359' title='bbox 607 3279 820 3348; x_wconf 87' lang='lat' dir='ltr'>grates.</span> <span class='ocrx_word' id='word_1_360' title='bbox 872 3273 1138 3347; x_wconf 90' lang='lat' dir='ltr'>Episcopi</span> <span class='ocrx_word' id='word_1_361' title='bbox 1183 3275 1417 3347; x_wconf 90' lang='lat' dir='ltr'>quidem</span> <span class='ocrx_word' id='word_1_362' title='bbox 1467 3291 1603 3330; x_wconf 91' lang='lat' dir='ltr'>cum</span> <span class='ocrx_word' id='word_1_363' title='bbox 1651 3275 1922 3332; x_wconf 90' lang='lat' dir='ltr'>universo</span> <span class='ocrx_word' id='word_1_364' title='bbox 1971 3274 2124 3330; x_wconf 91' lang='lat' dir='ltr'>clero</span> <span class='ocrx_word' id='word_1_365' title='bbox 2175 3291 2240 3330; x_wconf 90' lang='lat' dir='ltr'>ac</span> <span class='ocrx_word' id='word_1_366' title='bbox 2287 3275 2503 3348; x_wconf 91' lang='lat' dir='ltr'>populo</span> <span class='ocrx_word' id='word_1_367' title='bbox 2549 3275 2954 3331; x_wconf 89' lang='lat' dir='ltr'>beatissimum</span> <span class='ocrx_word' id='word_1_368' title='bbox 3011 3275 3360 3348; x_wconf 84' lang='lat' dir='ltr'>accipientes</span> <span class='ocrx_word' id='word_1_369' title='bbox 3389 3277 3629 3333; x_wconf 90' lang='lat' dir='ltr'>Benedi-</span> 
     </span>
    </p>
   </div>
   <div class='ocr_carea' id='block_1_34' title="bbox 365 3371 3628 3444">
    <p class='ocr_par' dir='ltr' id='par_1_34' title="bbox 365 3371 3628 3444">
     <span class='ocr_line' id='line_1_34' title="bbox 365 3371 3628 3444; baseline 0.002 -17"><span class='ocrx_word' id='word_1_370' title='bbox 365 3376 524 3428; x_wconf 88' lang='lat' dir='ltr'>ctum</span> <span class='ocrx_word' id='word_1_371' title='bbox 573 3373 824 3444; x_wconf 86' lang='lat' dir='ltr'>ejectum</span> <span class='ocrx_word' id='word_1_372' title='bbox 875 3373 947 3428; x_wconf 89' lang='lat' dir='ltr'>de</span> <span class='ocrx_word' id='word_1_373' title='bbox 986 3373 1248 3442; x_wconf 89' lang='lat' dir='ltr'>basilica,</span> <span class='ocrx_word' id='word_1_374' title='bbox 1299 3372 1359 3428; x_wconf 91' lang='lat' dir='ltr'>in</span> <span class='ocrx_word' id='word_1_375' title='bbox 1429 3389 1546 3444; x_wconf 90' lang='lat' dir='ltr'>qua</span> <span class='ocrx_word' id='word_1_376' title='bbox 1594 3371 1732 3428; x_wconf 89' lang='lat' dir='ltr'>cleri</span> <span class='ocrx_word' id='word_1_377' title='bbox 1783 3375 2240 3440; x_wconf 90' lang='lat' dir='ltr'>commorantur,</span> <span class='ocrx_word' id='word_1_378' title='bbox 2292 3373 2694 3440; x_wconf 84' lang='lat' dir='ltr'>deduxerunt;</span> <span class='ocrx_word' id='word_1_379' title='bbox 2745 3371 2884 3444; x_wconf 92' lang='lat' dir='ltr'>quia</span> <span class='ocrx_word' id='word_1_380' title='bbox 2935 3371 3150 3428; x_wconf 90' lang='lat' dir='ltr'>ibidem</span> <span class='ocrx_word' id='word_1_381' title='bbox 3205 3373 3547 3430; x_wconf 83' lang='lat' dir='ltr'>custodibus</span> <span class='ocrx_word' id='word_1_382' title='bbox 3593 3393 3628 3432; x_wconf 92' lang='lat' dir='ltr'>a</span> 
     </span>
    </p>
   </div>
   <div class='ocr_carea' id='block_1_35' title="bbox 288 3447 3626 3544">
    <p class='ocr_par' dir='ltr' id='par_1_35' title="bbox 288 3447 3626 3544">
     <span class='ocr_line' id='line_1_35' title="bbox 288 3447 3626 3544; baseline 0 -18"><span class='ocrx_word' id='word_1_383' title='bbox 288 3471 328 3526; x_wconf 88' lang='lat'><strong>5</strong></span> <span class='ocrx_word' id='word_1_384' title='bbox 365 3469 686 3526; x_wconf 71' lang='lat' dir='ltr'>saevissimo</span> <span class='ocrx_word' id='word_1_385' title='bbox 735 3469 924 3525; x_wconf 76' lang='lat' dir='ltr'>fuerat</span> <span class='ocrx_word' id='word_1_386' title='bbox 970 3471 1276 3526; x_wconf 86' lang='lat' dir='ltr'>Anastasio</span> <span class='ocrx_word' id='word_1_387' title='bbox 1327 3469 1662 3526; x_wconf 88' lang='lat' dir='ltr'>collocatus.</span> <span class='ocrx_word' id='word_1_388' title='bbox 1714 3470 1820 3536; x_wconf 86' lang='lat' dir='ltr'>Qui</span> <span class='ocrx_word' id='word_1_389' title='bbox 1870 3447 2004 3525; x_wconf 72' lang='lat' dir='ltr'>cum</span> <span class='ocrx_word' id='word_1_390' title='bbox 2052 3469 2211 3524; x_wconf 89' lang='lat' dir='ltr'>omni</span> <span class='ocrx_word' id='word_1_391' title='bbox 2259 3468 2557 3525; x_wconf 84' lang='lat' dir='ltr'>alacritate</span> <span class='ocrx_word' id='word_1_392' title='bbox 2605 3473 2777 3542; x_wconf 91' lang='lat' dir='ltr'>atque</span> <span class='ocrx_word' id='word_1_393' title='bbox 2824 3469 3209 3526; x_wconf 80' lang='lat' dir='ltr'>exsultatione</span> <span class='ocrx_word' id='word_1_394' title='bbox 3255 3487 3388 3526; x_wconf 89' lang='lat' dir='ltr'>cum</span> <span class='ocrx_word' id='word_1_395' title='bbox 3417 3471 3544 3544; x_wconf 90' lang='lat' dir='ltr'>ipso</span> <span class='ocrx_word' id='word_1_396' title='bbox 3567 3472 3626 3528; x_wconf 89' lang='lat' dir='ltr'>in</span> 
     </span>
    </p>
   </div>
   <div class='ocr_carea' id='block_1_36' title="bbox 364 3566 3627 3642">
    <p class='ocr_par' dir='ltr' id='par_1_36' title="bbox 364 3566 3627 3642">
     <span class='ocr_line' id='line_1_36' title="bbox 364 3566 3627 3642; baseline 0.001 -20"><span class='ocrx_word' id='word_1_397' title='bbox 364 3566 667 3623; x_wconf 90' lang='lat' dir='ltr'>basilicam</span> <span class='ocrx_word' id='word_1_398' title='bbox 698 3566 1034 3633; x_wconf 86' lang='lat' dir='ltr'>Salvatoris,</span> <span class='ocrx_word' id='word_1_399' title='bbox 1068 3584 1194 3640; x_wconf 67' lang='lat' dir='ltr'>qua:</span> <span class='ocrx_word' id='word_1_400' title='bbox 1223 3566 1704 3624; x_wconf 87' lang='lat' dir='ltr'>Constantiniana</span> <span class='ocrx_word' id='word_1_401' title='bbox 1732 3567 1964 3634; x_wconf 90' lang='lat' dir='ltr'>dicitur,</span> <span class='ocrx_word' id='word_1_402' title='bbox 1997 3567 2537 3623; x_wconf 85' lang='lat' dir='ltr'>descenderunt.De</span> <span class='ocrx_word' id='word_1_403' title='bbox 2568 3583 2685 3640; x_wconf 90' lang='lat' dir='ltr'>qua</span> <span class='ocrx_word' id='word_1_404' title='bbox 2713 3571 3010 3633; x_wconf 85' lang='lat' dir='ltr'>exeuntes,</span> <span class='ocrx_word' id='word_1_405' title='bbox 3043 3583 3177 3623; x_wconf 90' lang='lat' dir='ltr'>eum</span> <span class='ocrx_word' id='word_1_406' title='bbox 3209 3585 3388 3640; x_wconf 89' lang='lat' dir='ltr'>super</span> <span class='ocrx_word' id='word_1_407' title='bbox 3408 3585 3627 3642; x_wconf 91' lang='lat' dir='ltr'>equum</span> 
     </span>
    </p>
   </div>
   <div class='ocr_carea' id='block_1_37' title="bbox 367 3662 3628 3738">
    <p class='ocr_par' dir='ltr' id='par_1_37' title="bbox 367 3662 3628 3738">
     <span class='ocr_line' id='line_1_37' title="bbox 367 3662 3628 3738; baseline 0.001 -18"><span class='ocrx_word' id='word_1_408' title='bbox 367 3668 624 3732; x_wconf 89' lang='lat' dir='ltr'>ovantes,</span> <span class='ocrx_word' id='word_1_409' title='bbox 659 3663 719 3718; x_wconf 92' lang='lat' dir='ltr'>in</span> <span class='ocrx_word' id='word_1_410' title='bbox 752 3680 866 3736; x_wconf 93' lang='lat' dir='ltr'>quo</span> <span class='ocrx_word' id='word_1_411' title='bbox 901 3664 1014 3720; x_wconf 90' lang='lat' dir='ltr'>Leo</span> <span class='ocrx_word' id='word_1_412' title='bbox 1045 3662 1257 3736; x_wconf 69' lang='lat' dir='ltr'>praesul</span> <span class='ocrx_word' id='word_1_413' title='bbox 1305 3665 1503 3720; x_wconf 85' lang='lat' dir='ltr'>sedere</span> <span class='ocrx_word' id='word_1_414' title='bbox 1550 3667 1948 3734; x_wconf 89' lang='lat' dir='ltr'>consueverat,</span> <span class='ocrx_word' id='word_1_415' title='bbox 1979 3668 2318 3736; x_wconf 82' lang='lat' dir='ltr'>posuerunt.</span> <span class='ocrx_word' id='word_1_416' title='bbox 2363 3666 2543 3731; x_wconf 88' lang='lat' dir='ltr'>Quem</span> <span class='ocrx_word' id='word_1_417' title='bbox 2591 3664 2766 3720; x_wconf 91' lang='lat' dir='ltr'>etiam</span> <span class='ocrx_word' id='word_1_418' title='bbox 2799 3681 3013 3738; x_wconf 87' lang='lat' dir='ltr'>magna</span> <span class='ocrx_word' id='word_1_419' title='bbox 3042 3665 3238 3737; x_wconf 69' lang='lat' dir='ltr'>populi</span> <span class='ocrx_word' id='word_1_420' title='bbox 3268 3667 3628 3738; x_wconf 68' lang='lat' dir='ltr'>praccdente</span> 
     </span>
    </p>
   </div>
   <div class='ocr_carea' id='block_1_38' title="bbox 365 3759 3627 3836">
    <p class='ocr_par' dir='ltr' id='par_1_38' title="bbox 365 3759 3627 3836">
     <span class='ocr_line' id='line_1_38' title="bbox 365 3759 3627 3836; baseline 0.001 -19"><span class='ocrx_word' id='word_1_421' title='bbox 365 3765 597 3817; x_wconf 88' lang='lat' dir='ltr'>caterva</span> <span class='ocrx_word' id='word_1_422' title='bbox 653 3760 713 3816; x_wconf 91' lang='lat' dir='ltr'>in</span> <span class='ocrx_word' id='word_1_423' title='bbox 763 3760 1067 3816; x_wconf 88' lang='lat' dir='ltr'>basilicam</span> <span class='ocrx_word' id='word_1_424' title='bbox 1116 3759 1216 3816; x_wconf 88' lang='lat' dir='ltr'>Dei</span> <span class='ocrx_word' id='word_1_425' title='bbox 1265 3761 1592 3831; x_wconf 90' lang='lat' dir='ltr'>Genitricis,</span> <span class='ocrx_word' id='word_1_426' title='bbox 1645 3779 1773 3834; x_wconf 64' lang='lat' dir='ltr'>quae</span> <span class='ocrx_word' id='word_1_427' title='bbox 1822 3762 1893 3816; x_wconf 90' lang='lat' dir='ltr'>ad</span> <span class='ocrx_word' id='word_1_428' title='bbox 1945 3761 2202 3832; x_wconf 65' lang='lat' dir='ltr'>Prsesepe</span> <span class='ocrx_word' id='word_1_429' title='bbox 2251 3761 2486 3829; x_wconf 91' lang='lat' dir='ltr'>dicitur,</span> <span class='ocrx_word' id='word_1_430' title='bbox 2547 3761 2956 3818; x_wconf 85' lang='lat' dir='ltr'>deduxerunt:</span> <span class='ocrx_word' id='word_1_431' title='bbox 3007 3761 3065 3816; x_wconf 92' lang='lat' dir='ltr'>in</span> <span class='ocrx_word' id='word_1_432' title='bbox 3132 3779 3250 3834; x_wconf 91' lang='lat' dir='ltr'>qua</span> <span class='ocrx_word' id='word_1_433' title='bbox 3282 3763 3530 3836; x_wconf 89' lang='lat' dir='ltr'>jejuniis</span> <span class='ocrx_word' id='word_1_434' title='bbox 3570 3768 3627 3819; x_wconf 90' lang='lat' dir='ltr'>et</span> 
     </span>
    </p>
   </div>
   <div class='ocr_carea' id='block_1_39' title="bbox 367 3857 3626 3933">
    <p class='ocr_par' dir='ltr' id='par_1_39' title="bbox 367 3857 3626 3933">
     <span class='ocr_line' id='line_1_39' title="bbox 367 3857 3626 3933; baseline 0.001 -19"><span class='ocrx_word' id='word_1_435' title='bbox 367 3857 730 3914; x_wconf 88' lang='lat' dir='ltr'>orationibus</span> <span class='ocrx_word' id='word_1_436' title='bbox 761 3858 950 3914; x_wconf 88' lang='lat' dir='ltr'>tribus</span> <span class='ocrx_word' id='word_1_437' title='bbox 981 3857 1187 3913; x_wconf 91' lang='lat' dir='ltr'>diebus</span> <span class='ocrx_word' id='word_1_438' title='bbox 1217 3858 1604 3932; x_wconf 90' lang='lat' dir='ltr'>noctibusque</span> <span class='ocrx_word' id='word_1_439' title='bbox 1631 3863 1924 3926; x_wconf 88' lang='lat' dir='ltr'>vacantes,</span> <span class='ocrx_word' id='word_1_440' title='bbox 1959 3875 2254 3914; x_wconf 88' lang='lat' dir='ltr'>summam</span> <span class='ocrx_word' id='word_1_441' title='bbox 2288 3859 2652 3930; x_wconf 87' lang='lat' dir='ltr'>majestatem</span> <span class='ocrx_word' id='word_1_442' title='bbox 2683 3858 2914 3914; x_wconf 90' lang='lat' dir='ltr'>Domini</span> <span class='ocrx_word' id='word_1_443' title='bbox 2945 3857 3148 3914; x_wconf 92' lang='lat' dir='ltr'>multis</span> <span class='ocrx_word' id='word_1_444' title='bbox 3177 3876 3312 3914; x_wconf 90' lang='lat' dir='ltr'>cum</span> <span class='ocrx_word' id='word_1_445' title='bbox 3351 3858 3626 3933; x_wconf 80' lang='lat' dir='ltr'>lacrymis</span> 
     </span>
    </p>
   </div>
   <div class='ocr_carea' id='block_1_40' title="bbox 254 3955 702 4012">
    <p class='ocr_par' dir='ltr' id='par_1_40' title="bbox 254 3955 702 4012">
     <span class='ocr_line' id='line_1_40' title="bbox 254 3955 702 4012; baseline 0.002 -1"><span class='ocrx_word' id='word_1_446' title='bbox 254 3956 331 4011; x_wconf 66' lang='grc' dir='ltr'>ιο</span> <span class='ocrx_word' id='word_1_447' title='bbox 367 3955 702 4012; x_wconf 85' lang='lat' dir='ltr'>exorabant.</span> 
     </span>
    </p>
   </div>
   <div class='ocr_carea' id='block_1_41' title="bbox 439 4049 3624 4125">
    <p class='ocr_par' dir='ltr' id='par_1_41' title="bbox 439 4049 3624 4125">
     <span class='ocr_line' id='line_1_41' title="bbox 439 4049 3624 4125; baseline 0 -17"><span class='ocrx_word' id='word_1_448' title='bbox 439 4053 592 4108; x_wconf 73' lang='lat'>566</span> <span class='ocrx_word' id='word_1_449' title='bbox 619 4052 970 4125; x_wconf 88' lang='lat' dir='ltr'>Expletoque</span> <span class='ocrx_word' id='word_1_450' title='bbox 991 4051 1246 4124; x_wconf 89' lang='lat' dir='ltr'>jejunio,</span> <span class='ocrx_word' id='word_1_451' title='bbox 1293 4067 1498 4108; x_wconf 91' lang='lat' dir='ltr'>omnes</span> <span class='ocrx_word' id='word_1_452' title='bbox 1547 4052 1646 4125; x_wconf 89' lang='lat' dir='ltr'>qui</span> <span class='ocrx_word' id='word_1_453' title='bbox 1685 4071 1746 4110; x_wconf 92' lang='lat' dir='ltr'>se</span> <span class='ocrx_word' id='word_1_454' title='bbox 1795 4051 2282 4108; x_wconf 82' lang='lat' dir='ltr'>anathematizato</span> <span class='ocrx_word' id='word_1_455' title='bbox 2331 4051 2710 4125; x_wconf 90' lang='lat' dir='ltr'>depositoque</span> <span class='ocrx_word' id='word_1_456' title='bbox 2759 4052 3181 4124; x_wconf 83' lang='lat' dir='ltr'>conjunxerant</span> <span class='ocrx_word' id='word_1_457' title='bbox 3218 4049 3412 4108; x_wconf 89' lang='lat' dir='ltr'>divino</span> <span class='ocrx_word' id='word_1_458' title='bbox 3462 4069 3624 4108; x_wconf 91' lang='lat' dir='ltr'>com-</span> 
     </span>
    </p>
   </div>
   <div class='ocr_carea' id='block_1_42' title="bbox 365 4148 3622 4222">
    <p class='ocr_par' dir='ltr' id='par_1_42' title="bbox 365 4148 3622 4222">
     <span class='ocr_line' id='line_1_42' title="bbox 365 4148 3622 4222; baseline 0.001 -18"><span class='ocrx_word' id='word_1_459' title='bbox 365 4148 568 4222; x_wconf 90' lang='lat' dir='ltr'>puncti</span> <span class='ocrx_word' id='word_1_460' title='bbox 617 4154 763 4205; x_wconf 91' lang='lat' dir='ltr'>nutu</span> <span class='ocrx_word' id='word_1_461' title='bbox 813 4149 1030 4222; x_wconf 91' lang='lat' dir='ltr'>Deique</span> <span class='ocrx_word' id='word_1_462' title='bbox 1079 4148 1469 4205; x_wconf 83' lang='lat' dir='ltr'>inflammanti</span> <span class='ocrx_word' id='word_1_463' title='bbox 1517 4149 1730 4218; x_wconf 85' lang='lat' dir='ltr'>favore,</span> <span class='ocrx_word' id='word_1_464' title='bbox 1783 4150 1842 4205; x_wconf 92' lang='lat' dir='ltr'>in</span> <span class='ocrx_word' id='word_1_465' title='bbox 1881 4149 2008 4222; x_wconf 91' lang='lat' dir='ltr'>jam</span> <span class='ocrx_word' id='word_1_466' title='bbox 2058 4149 2236 4205; x_wconf 86' lang='lat' dir='ltr'>fatam</span> <span class='ocrx_word' id='word_1_467' title='bbox 2283 4149 2589 4205; x_wconf 91' lang='lat' dir='ltr'>basilicam</span> <span class='ocrx_word' id='word_1_468' title='bbox 2619 4150 2678 4204; x_wconf 91' lang='lat' dir='ltr'>in</span> <span class='ocrx_word' id='word_1_469' title='bbox 2709 4165 2826 4221; x_wconf 91' lang='lat' dir='ltr'>qua</span> <span class='ocrx_word' id='word_1_470' title='bbox 2855 4148 3254 4218; x_wconf 86' lang='lat' dir='ltr'>beatissimus,</span> <span class='ocrx_word' id='word_1_471' title='bbox 3286 4148 3622 4222; x_wconf 74' lang='lat' dir='ltr'>utprzetuli-</span> 
     </span>
    </p>
   </div>
   <div class='ocr_carea' id='block_1_43' title="bbox 368 4245 3621 4319">
    <p class='ocr_par' dir='ltr' id='par_1_43' title="bbox 368 4245 3621 4319">
     <span class='ocr_line' id='line_1_43' title="bbox 368 4245 3621 4319; baseline 0 -17"><span class='ocrx_word' id='word_1_472' title='bbox 368 4263 522 4315; x_wconf 91' lang='lat' dir='ltr'>mus,</span> <span class='ocrx_word' id='word_1_473' title='bbox 553 4246 899 4302; x_wconf 88' lang='lat' dir='ltr'>Benedictus</span> <span class='ocrx_word' id='word_1_474' title='bbox 937 4251 1080 4314; x_wconf 89' lang='lat' dir='ltr'>erat,</span> <span class='ocrx_word' id='word_1_475' title='bbox 1115 4247 1426 4302; x_wconf 88' lang='lat' dir='ltr'>unanimes</span> <span class='ocrx_word' id='word_1_476' title='bbox 1457 4251 1874 4314; x_wconf 89' lang='lat' dir='ltr'>convenerunt,</span> <span class='ocrx_word' id='word_1_477' title='bbox 1925 4251 1983 4302; x_wconf 90' lang='lat' dir='ltr'>et</span> <span class='ocrx_word' id='word_1_478' title='bbox 2026 4247 2406 4318; x_wconf 88' lang='lat' dir='ltr'>procedentes</span> <span class='ocrx_word' id='word_1_479' title='bbox 2450 4246 2693 4319; x_wconf 87' lang='lat' dir='ltr'>vestigia</span> <span class='ocrx_word' id='word_1_480' title='bbox 2747 4245 2935 4318; x_wconf 90' lang='lat' dir='ltr'>ipsius</span> <span class='ocrx_word' id='word_1_481' title='bbox 2982 4245 3237 4302; x_wconf 89' lang='lat' dir='ltr'>osculari</span> <span class='ocrx_word' id='word_1_482' title='bbox 3283 4251 3621 4319; x_wconf 87' lang='lat' dir='ltr'>coeperunt;</span> 
     </span>
    </p>
   </div>
   <div class='ocr_carea' id='block_1_44' title="bbox 368 4341 3626 4416">
    <p class='ocr_par' dir='ltr' id='par_1_44' title="bbox 368 4341 3626 4416">
     <span class='ocr_line' id='line_1_44' title="bbox 368 4341 3626 4416; baseline 0.001 -18"><span class='ocrx_word' id='word_1_483' title='bbox 368 4343 469 4416; x_wconf 90' lang='lat' dir='ltr'>qui</span> <span class='ocrx_word' id='word_1_484' title='bbox 528 4346 586 4399; x_wconf 90' lang='lat' dir='ltr'>et</span> <span class='ocrx_word' id='word_1_485' title='bbox 629 4343 900 4400; x_wconf 90' lang='lat' dir='ltr'>dicebant</span> <span class='ocrx_word' id='word_1_486' title='bbox 933 4360 945 4398; x_wconf 94' lang='lat'>:</span> <span class='ocrx_word' id='word_1_487' title='bbox 978 4343 1335 4412; x_wconf 89' lang='lat' dir='ltr'>Erravimus,</span> <span class='ocrx_word' id='word_1_488' title='bbox 1369 4347 1425 4400; x_wconf 91' lang='lat' dir='ltr'>et</span> <span class='ocrx_word' id='word_1_489' title='bbox 1471 4343 1696 4400; x_wconf 90' lang='lat' dir='ltr'>lubrico</span> <span class='ocrx_word' id='word_1_490' title='bbox 1744 4361 1779 4400; x_wconf 89' lang='lat' dir='ltr'>a</span> <span class='ocrx_word' id='word_1_491' title='bbox 1825 4347 1882 4400; x_wconf 89' lang='lat' dir='ltr'>te</span> <span class='ocrx_word' id='word_1_492' title='bbox 1929 4345 2075 4416; x_wconf 89' lang='lat' dir='ltr'>pede</span> <span class='ocrx_word' id='word_1_493' title='bbox 2124 4343 2547 4411; x_wconf 76' lang='lat' dir='ltr'>discessimus;</span> <span class='ocrx_word' id='word_1_494' title='bbox 2599 4343 2698 4399; x_wconf 91' lang='lat' dir='ltr'>sed</span> <span class='ocrx_word' id='word_1_495' title='bbox 2749 4345 2948 4416; x_wconf 89' lang='lat' dir='ltr'>pastor</span> <span class='ocrx_word' id='word_1_496' title='bbox 2985 4341 3163 4399; x_wconf 89' lang='lat' dir='ltr'>veluti</span> <span class='ocrx_word' id='word_1_497' title='bbox 3217 4343 3626 4401; x_wconf 88' lang='lat' dir='ltr'>sanctissimus</span> 
     </span>
    </p>
   </div>
   <div class='ocr_carea' id='block_1_45' title="bbox 288 4437 3628 4512">
    <p class='ocr_par' dir='ltr' id='par_1_45' title="bbox 288 4437 3628 4512">
     <span class='ocr_line' id='line_1_45' title="bbox 288 4437 3628 4512; baseline -0 -16"><span class='ocrx_word' id='word_1_498' title='bbox 288 4441 330 4496; x_wconf 91' lang='lat'>5</span> <span class='ocrx_word' id='word_1_499' title='bbox 367 4439 564 4496; x_wconf 88' lang='lat' dir='ltr'>ovium</span> <span class='ocrx_word' id='word_1_500' title='bbox 617 4437 850 4512; x_wconf 89' lang='lat' dir='ltr'>suscipe</span> <span class='ocrx_word' id='word_1_501' title='bbox 899 4438 1134 4512; x_wconf 88' lang='lat' dir='ltr'>agmina</span> <span class='ocrx_word' id='word_1_502' title='bbox 1179 4456 1284 4512; x_wconf 88' lang='lat' dir='ltr'>per</span> <span class='ocrx_word' id='word_1_503' title='bbox 1330 4456 1538 4496; x_wconf 90' lang='lat' dir='ltr'>nemus</span> <span class='ocrx_word' id='word_1_504' title='bbox 1585 4439 1859 4508; x_wconf 89' lang='lat' dir='ltr'>errantia,</span> <span class='ocrx_word' id='word_1_505' title='bbox 1911 4439 2214 4511; x_wconf 89' lang='lat' dir='ltr'>fessosque</span> <span class='ocrx_word' id='word_1_506' title='bbox 2244 4438 2376 4495; x_wconf 90' lang='lat' dir='ltr'>sinu</span> <span class='ocrx_word' id='word_1_507' title='bbox 2407 4438 2710 4512; x_wconf 89' lang='lat' dir='ltr'>agniculos</span> <span class='ocrx_word' id='word_1_508' title='bbox 2757 4437 2982 4511; x_wconf 92' lang='lat' dir='ltr'>collige,</span> <span class='ocrx_word' id='word_1_509' title='bbox 3033 4437 3266 4512; x_wconf 90' lang='lat' dir='ltr'>tuisque</span> <span class='ocrx_word' id='word_1_510' title='bbox 3298 4455 3404 4495; x_wconf 91' lang='lat' dir='ltr'>nos</span> <span class='ocrx_word' id='word_1_511' title='bbox 3425 4439 3628 4495; x_wconf 90' lang='lat' dir='ltr'>obum-</span> 
     </span>
    </p>
   </div>
   <div class='ocr_carea' id='block_1_46' title="bbox 365 4520 3625 4609">
    <p class='ocr_par' dir='ltr' id='par_1_46' title="bbox 365 4520 3625 4609">
     <span class='ocr_line' id='line_1_46' title="bbox 365 4520 3625 4609; baseline 0 -17"><span class='ocrx_word' id='word_1_512' title='bbox 365 4537 473 4592; x_wconf 88' lang='lat' dir='ltr'>bra</span> <span class='ocrx_word' id='word_1_513' title='bbox 501 4537 612 4593; x_wconf 90' lang='lat' dir='ltr'>sub</span> <span class='ocrx_word' id='word_1_514' title='bbox 645 4535 772 4592; x_wconf 86' lang='lat' dir='ltr'>alis.</span> <span class='ocrx_word' id='word_1_515' title='bbox 807 4535 1081 4594; x_wconf 90' lang='lat' dir='ltr'>Protinus</span> <span class='ocrx_word' id='word_1_516' title='bbox 1130 4537 1255 4609; x_wconf 91' lang='lat' dir='ltr'>ipse</span> <span class='ocrx_word' id='word_1_517' title='bbox 1303 4553 1338 4592; x_wconf 91' lang='lat' dir='ltr'>a</span> <span class='ocrx_word' id='word_1_518' title='bbox 1387 4537 1504 4592; x_wconf 90' lang='lat' dir='ltr'>Deo</span> <span class='ocrx_word' id='word_1_519' title='bbox 1551 4520 1849 4609; x_wconf 85' lang='lat' dir='ltr'>protectus</span> <span class='ocrx_word' id='word_1_520' title='bbox 1898 4537 2248 4592; x_wconf 90' lang='lat' dir='ltr'>Benedictus</span> <span class='ocrx_word' id='word_1_521' title='bbox 2295 4535 2550 4592; x_wconf 83' lang='lat' dir='ltr'>extensis</span> <span class='ocrx_word' id='word_1_522' title='bbox 2593 4535 2869 4602; x_wconf 91' lang='lat' dir='ltr'>brachiis,</span> <span class='ocrx_word' id='word_1_523' title='bbox 2902 4535 3065 4608; x_wconf 89' lang='lat' dir='ltr'>puris</span> <span class='ocrx_word' id='word_1_524' title='bbox 3096 4535 3390 4592; x_wconf 86' lang='lat' dir='ltr'>mentibus</span> <span class='ocrx_word' id='word_1_525' title='bbox 3420 4536 3625 4592; x_wconf 87' lang='lat' dir='ltr'>corde-</span> 
     </span>
    </p>
   </div>
   <div class='ocr_carea' id='block_1_47' title="bbox 367 4632 3624 4707">
    <p class='ocr_par' dir='ltr' id='par_1_47' title="bbox 367 4632 3624 4707">
     <span class='ocr_line' id='line_1_47' title="bbox 367 4632 3624 4707; baseline 0 -18"><span class='ocrx_word' id='word_1_526' title='bbox 367 4651 480 4707; x_wconf 90' lang='lat' dir='ltr'>que</span> <span class='ocrx_word' id='word_1_527' title='bbox 529 4633 783 4707; x_wconf 88' lang='lat' dir='ltr'>benigno</span> <span class='ocrx_word' id='word_1_528' title='bbox 833 4650 1037 4689; x_wconf 92' lang='lat' dir='ltr'>omnes</span> <span class='ocrx_word' id='word_1_529' title='bbox 1087 4632 1360 4706; x_wconf 90' lang='lat' dir='ltr'>amplecti</span> <span class='ocrx_word' id='word_1_530' title='bbox 1407 4632 1664 4700; x_wconf 87' lang='lat' dir='ltr'>sitiebat,</span> <span class='ocrx_word' id='word_1_531' title='bbox 1713 4638 1770 4690; x_wconf 90' lang='lat' dir='ltr'>et</span> <span class='ocrx_word' id='word_1_532' title='bbox 1837 4633 2054 4690; x_wconf 88' lang='lat' dir='ltr'>osculis</span> <span class='ocrx_word' id='word_1_533' title='bbox 2103 4634 2472 4707; x_wconf 89' lang='lat' dir='ltr'>perornabat,</span> <span class='ocrx_word' id='word_1_534' title='bbox 2520 4633 2738 4705; x_wconf 90' lang='lat' dir='ltr'>quibus</span> <span class='ocrx_word' id='word_1_535' title='bbox 2787 4633 2963 4688; x_wconf 88' lang='lat' dir='ltr'>etiam</span> <span class='ocrx_word' id='word_1_536' title='bbox 3015 4632 3289 4688; x_wconf 88' lang='lat' dir='ltr'>dicebat:</span> <span class='ocrx_word' id='word_1_537' title='bbox 3343 4633 3624 4705; x_wconf 89' lang='lat' dir='ltr'>Gaudete,</span> 
     </span>
    </p>
   </div>
   <div class='ocr_carea' id='block_1_48' title="bbox 367 4729 3626 4806">
    <p class='ocr_par' dir='ltr' id='par_1_48' title="bbox 367 4729 3626 4806">
     <span class='ocr_line' id='line_1_48' title="bbox 367 4729 3626 4806; baseline 0 -19"><span class='ocrx_word' id='word_1_538' title='bbox 367 4731 580 4806; x_wconf 88' lang='lat' dir='ltr'>inquit,</span> <span class='ocrx_word' id='word_1_539' title='bbox 626 4731 1018 4798; x_wconf 89' lang='lat' dir='ltr'>dilectissimi,</span> <span class='ocrx_word' id='word_1_540' title='bbox 1063 4736 1121 4787; x_wconf 91' lang='lat' dir='ltr'>et</span> <span class='ocrx_word' id='word_1_541' title='bbox 1168 4731 1358 4805; x_wconf 90' lang='lat' dir='ltr'>magis</span> <span class='ocrx_word' id='word_1_542' title='bbox 1400 4731 1704 4798; x_wconf 85' lang='lat' dir='ltr'>exsultate,</span> <span class='ocrx_word' id='word_1_543' title='bbox 1753 4733 1895 4804; x_wconf 90' lang='lat' dir='ltr'>quia</span> <span class='ocrx_word' id='word_1_544' title='bbox 1939 4729 2260 4796; x_wconf 81' lang='lat' dir='ltr'>Ecclesiam</span> <span class='ocrx_word' id='word_1_545' title='bbox 2310 4747 2435 4802; x_wconf 65' lang='lat' dir='ltr'>quas</span> <span class='ocrx_word' id='word_1_546' title='bbox 2485 4729 2670 4786; x_wconf 90' lang='lat' dir='ltr'>scissa</span> <span class='ocrx_word' id='word_1_547' title='bbox 2717 4730 2906 4785; x_wconf 83' lang='lat' dir='ltr'>fuerat</span> <span class='ocrx_word' id='word_1_548' title='bbox 2967 4729 3234 4786; x_wconf 89' lang='lat' dir='ltr'>Christus</span> <span class='ocrx_word' id='word_1_549' title='bbox 3281 4729 3382 4786; x_wconf 91' lang='lat' dir='ltr'>Dei</span> <span class='ocrx_word' id='word_1_550' title='bbox 3445 4729 3626 4787; x_wconf 88' lang='lat' dir='ltr'>Filius</span> 
     </span>
    </p>
   </div>
   <div class='ocr_carea' id='block_1_49' title="bbox 368 4825 3626 4900">
    <p class='ocr_par' dir='ltr' id='par_1_49' title="bbox 368 4825 3626 4900">
     <span class='ocr_line' id='line_1_49' title="bbox 368 4825 3626 4900; baseline -0.001 -15"><span class='ocrx_word' id='word_1_551' title='bbox 368 4846 478 4885; x_wconf 88' lang='lat' dir='ltr'>sua</span> <span class='ocrx_word' id='word_1_552' title='bbox 524 4829 690 4884; x_wconf 90' lang='lat' dir='ltr'>unire</span> <span class='ocrx_word' id='word_1_553' title='bbox 739 4828 953 4884; x_wconf 87' lang='lat' dir='ltr'>virtute</span> <span class='ocrx_word' id='word_1_554' title='bbox 1004 4827 1280 4900; x_wconf 91' lang='lat' dir='ltr'>dignatus</span> <span class='ocrx_word' id='word_1_555' title='bbox 1325 4833 1433 4885; x_wconf 90' lang='lat' dir='ltr'>est.</span> <span class='ocrx_word' id='word_1_556' title='bbox 1467 4829 1598 4884; x_wconf 84' lang='lat' dir='ltr'>Haec</span> <span class='ocrx_word' id='word_1_557' title='bbox 1643 4829 1846 4884; x_wconf 89' lang='lat' dir='ltr'>dicens</span> <span class='ocrx_word' id='word_1_558' title='bbox 1885 4833 1944 4884; x_wconf 91' lang='lat' dir='ltr'>et</span> <span class='ocrx_word' id='word_1_559' title='bbox 1988 4828 2082 4884; x_wconf 90' lang='lat' dir='ltr'>bis</span> <span class='ocrx_word' id='word_1_560' title='bbox 2132 4827 2348 4884; x_wconf 92' lang='lat' dir='ltr'>similia</span> <span class='ocrx_word' id='word_1_561' title='bbox 2388 4825 2732 4900; x_wconf 69' lang='lat' dir='ltr'>praedicans,</span> <span class='ocrx_word' id='word_1_562' title='bbox 2766 4825 2944 4882; x_wconf 91' lang='lat' dir='ltr'>etiam</span> <span class='ocrx_word' id='word_1_563' title='bbox 2973 4825 3084 4898; x_wconf 91' lang='lat' dir='ltr'>ipsi</span> <span class='ocrx_word' id='word_1_564' title='bbox 3133 4825 3468 4898; x_wconf 89' lang='lat' dir='ltr'>imperiales</span> <span class='ocrx_word' id='word_1_565' title='bbox 3515 4827 3626 4884; x_wconf 84' lang='lat' dir='ltr'>ibi-</span> 
     </span>
    </p>
   </div>
   <div class='ocr_carea' id='block_1_50' title="bbox 263 4922 3625 4996">
    <p class='ocr_par' dir='ltr' id='par_1_50' title="bbox 263 4922 3625 4996">
     <span class='ocr_line' id='line_1_50' title="bbox 263 4922 3625 4996; baseline -0 -15"><span class='ocrx_word' id='word_1_566' title='bbox 263 4927 331 4982; x_wconf 89' lang='grc'>10</span> <span class='ocrx_word' id='word_1_567' title='bbox 369 4926 503 4982; x_wconf 90' lang='lat' dir='ltr'>dem</span> <span class='ocrx_word' id='word_1_568' title='bbox 551 4927 946 4982; x_wconf 90' lang='lat' dir='ltr'>convenerunt</span> <span class='ocrx_word' id='word_1_569' title='bbox 992 4923 1188 4996; x_wconf 89' lang='lat' dir='ltr'>legati,</span> <span class='ocrx_word' id='word_1_570' title='bbox 1223 4925 1324 4996; x_wconf 91' lang='lat' dir='ltr'>qui</span> <span class='ocrx_word' id='word_1_571' title='bbox 1373 4925 1710 4982; x_wconf 90' lang='lat' dir='ltr'>salubribus</span> <span class='ocrx_word' id='word_1_572' title='bbox 1738 4926 1929 4982; x_wconf 88' lang='lat' dir='ltr'>verbis</span> <span class='ocrx_word' id='word_1_573' title='bbox 1975 4942 2042 4981; x_wconf 91' lang='lat' dir='ltr'>ac</span> <span class='ocrx_word' id='word_1_574' title='bbox 2091 4925 2458 4980; x_wconf 90' lang='lat' dir='ltr'>mollioribus</span> <span class='ocrx_word' id='word_1_575' title='bbox 2487 4941 2621 4979; x_wconf 90' lang='lat' dir='ltr'>cum</span> <span class='ocrx_word' id='word_1_576' title='bbox 2671 4924 2874 4979; x_wconf 90' lang='lat' dir='ltr'>eodem</span> <span class='ocrx_word' id='word_1_577' title='bbox 2906 4923 3188 4979; x_wconf 90' lang='lat' dir='ltr'>secretius</span> <span class='ocrx_word' id='word_1_578' title='bbox 3219 4922 3397 4978; x_wconf 89' lang='lat' dir='ltr'>electo</span> <span class='ocrx_word' id='word_1_579' title='bbox 3427 4924 3625 4980; x_wconf 89' lang='lat' dir='ltr'>confa-</span> 
     </span>
    </p>
   </div>
   <div class='ocr_carea' id='block_1_51' title="bbox 364 5019 3627 5094">
    <p class='ocr_par' dir='ltr' id='par_1_51' title="bbox 364 5019 3627 5094">
     <span class='ocr_line' id='line_1_51' title="bbox 364 5019 3627 5094; baseline -0 -17"><span class='ocrx_word' id='word_1_580' title='bbox 364 5021 740 5079; x_wconf 88' lang='lat' dir='ltr'>bulabantur.</span> <span class='ocrx_word' id='word_1_581' title='bbox 775 5019 980 5078; x_wconf 90' lang='lat' dir='ltr'>Subito</span> <span class='ocrx_word' id='word_1_582' title='bbox 1011 5037 1144 5076; x_wconf 91' lang='lat' dir='ltr'>vero</span> <span class='ocrx_word' id='word_1_583' title='bbox 1176 5037 1380 5076; x_wconf 90' lang='lat' dir='ltr'>omnes</span> <span class='ocrx_word' id='word_1_584' title='bbox 1411 5020 1666 5093; x_wconf 88' lang='lat' dir='ltr'>episcopi</span> <span class='ocrx_word' id='word_1_585' title='bbox 1699 5021 2126 5094; x_wconf 89' lang='lat' dir='ltr'>universusque</span> <span class='ocrx_word' id='word_1_586' title='bbox 2156 5019 2346 5077; x_wconf 89' lang='lat' dir='ltr'>clerus</span> <span class='ocrx_word' id='word_1_587' title='bbox 2377 5025 2554 5092; x_wconf 90' lang='lat' dir='ltr'>atque</span> <span class='ocrx_word' id='word_1_588' title='bbox 2584 5020 2896 5074; x_wconf 89' lang='lat' dir='ltr'>innumera</span> <span class='ocrx_word' id='word_1_589' title='bbox 2926 5019 3172 5076; x_wconf 80' lang='lat' dir='ltr'>Romani</span> <span class='ocrx_word' id='word_1_590' title='bbox 3218 5019 3418 5092; x_wconf 90' lang='lat' dir='ltr'>populi</span> <span class='ocrx_word' id='word_1_591' title='bbox 3473 5021 3627 5076; x_wconf 91' lang='lat' dir='ltr'>mul-</span> 
     </span>
    </p>
   </div>
   <div class='ocr_carea' id='block_1_52' title="bbox 366 5116 3627 5191">
    <p class='ocr_par' dir='ltr' id='par_1_52' title="bbox 366 5116 3627 5191">
     <span class='ocr_line' id='line_1_52' title="bbox 366 5116 3627 5191; baseline -0 -17"><span class='ocrx_word' id='word_1_592' title='bbox 366 5118 556 5174; x_wconf 89' lang='lat' dir='ltr'>titudo</span> <span class='ocrx_word' id='word_1_593' title='bbox 603 5135 672 5174; x_wconf 83' lang='lat' dir='ltr'>ex</span> <span class='ocrx_word' id='word_1_594' title='bbox 719 5119 921 5176; x_wconf 90' lang='lat' dir='ltr'>eadem</span> <span class='ocrx_word' id='word_1_595' title='bbox 953 5135 1087 5175; x_wconf 90' lang='lat' dir='ltr'>eum</span> <span class='ocrx_word' id='word_1_596' title='bbox 1120 5118 1474 5174; x_wconf 90' lang='lat' dir='ltr'>deducentes</span> <span class='ocrx_word' id='word_1_597' title='bbox 1505 5118 1770 5189; x_wconf 76' lang='lat' dir='ltr'>basilica,</span> <span class='ocrx_word' id='word_1_598' title='bbox 1798 5135 1932 5174; x_wconf 88' lang='lat' dir='ltr'>cum</span> <span class='ocrx_word' id='word_1_599' title='bbox 1965 5119 2200 5191; x_wconf 80' lang='lat' dir='ltr'>hymnis</span> <span class='ocrx_word' id='word_1_600' title='bbox 2247 5123 2307 5174; x_wconf 92' lang='lat' dir='ltr'>et</span> <span class='ocrx_word' id='word_1_601' title='bbox 2361 5116 2623 5173; x_wconf 88' lang='lat' dir='ltr'>canticus</span> <span class='ocrx_word' id='word_1_602' title='bbox 2677 5116 3080 5190; x_wconf 87' lang='lat' dir='ltr'>spiritualibus</span> <span class='ocrx_word' id='word_1_603' title='bbox 3109 5116 3170 5172; x_wconf 92' lang='lat' dir='ltr'>in</span> <span class='ocrx_word' id='word_1_604' title='bbox 3209 5116 3627 5190; x_wconf 87' lang='lat' dir='ltr'>patriarchium</span> 
     </span>
    </p>
   </div>
   <div class='ocr_carea' id='block_1_53' title="bbox 367 5213 3626 5288">
    <p class='ocr_par' dir='ltr' id='par_1_53' title="bbox 367 5213 3626 5288">
     <span class='ocr_line' id='line_1_53' title="bbox 367 5213 3626 5288; baseline -0.001 -16"><span class='ocrx_word' id='word_1_605' title='bbox 367 5217 759 5272; x_wconf 87' lang='lat' dir='ltr'>Lateranense</span> <span class='ocrx_word' id='word_1_606' title='bbox 806 5215 1274 5285; x_wconf 82' lang='lat' dir='ltr'>introduxerunt,</span> <span class='ocrx_word' id='word_1_607' title='bbox 1307 5219 1364 5272; x_wconf 89' lang='lat' dir='ltr'>et</span> <span class='ocrx_word' id='word_1_608' title='bbox 1410 5215 1471 5271; x_wconf 91' lang='lat' dir='ltr'>in</span> <span class='ocrx_word' id='word_1_609' title='bbox 1515 5215 1835 5288; x_wconf 86' lang='lat' dir='ltr'>pontiﬁcali</span> <span class='ocrx_word' id='word_1_610' title='bbox 1883 5215 2028 5272; x_wconf 89' lang='lat' dir='ltr'>solio</span> <span class='ocrx_word' id='word_1_611' title='bbox 2081 5216 2152 5270; x_wconf 90' lang='lat' dir='ltr'>de</span> <span class='ocrx_word' id='word_1_612' title='bbox 2202 5231 2317 5288; x_wconf 92' lang='lat' dir='ltr'>quo</span> <span class='ocrx_word' id='word_1_613' title='bbox 2365 5216 2588 5286; x_wconf 88' lang='lat' dir='ltr'>ejectus</span> <span class='ocrx_word' id='word_1_614' title='bbox 2618 5215 2806 5270; x_wconf 87' lang='lat' dir='ltr'>fuerat</span> <span class='ocrx_word' id='word_1_615' title='bbox 2832 5218 3171 5286; x_wconf 90' lang='lat' dir='ltr'>posuerunt.</span> <span class='ocrx_word' id='word_1_616' title='bbox 3204 5213 3468 5285; x_wconf 90' lang='lat' dir='ltr'>Denique</span> <span class='ocrx_word' id='word_1_617' title='bbox 3496 5213 3626 5268; x_wconf 85' lang='lat' dir='ltr'>uni-</span> 
     </span>
    </p>
   </div>
   <div class='ocr_carea' id='block_1_54' title="bbox 365 5308 3628 5387">
    <p class='ocr_par' dir='ltr' id='par_1_54' title="bbox 365 5308 3628 5387">
     <span class='ocr_line' id='line_1_54' title="bbox 365 5308 3628 5387; baseline -0.001 -19"><span class='ocrx_word' id='word_1_618' title='bbox 365 5329 534 5369; x_wconf 89' lang='lat' dir='ltr'>versa</span> <span class='ocrx_word' id='word_1_619' title='bbox 563 5313 1081 5386; x_wconf 89' lang='lat' dir='ltr'>congratulabatur</span> <span class='ocrx_word' id='word_1_620' title='bbox 1109 5313 1385 5380; x_wconf 89' lang='lat' dir='ltr'>Ecclesia,</span> <span class='ocrx_word' id='word_1_621' title='bbox 1417 5317 1476 5370; x_wconf 90' lang='lat' dir='ltr'>et</span> <span class='ocrx_word' id='word_1_622' title='bbox 1507 5313 1698 5370; x_wconf 90' lang='lat' dir='ltr'>omnis</span> <span class='ocrx_word' id='word_1_623' title='bbox 1729 5312 1983 5387; x_wconf 89' lang='lat' dir='ltr'>populus</span> <span class='ocrx_word' id='word_1_624' title='bbox 2013 5311 2227 5386; x_wconf 91' lang='lat' dir='ltr'>amplis</span> <span class='ocrx_word' id='word_1_625' title='bbox 2253 5311 2495 5368; x_wconf 88' lang='lat' dir='ltr'>vocibus</span> <span class='ocrx_word' id='word_1_626' title='bbox 2523 5310 2864 5368; x_wconf 83' lang='lat' dir='ltr'>resultabat.</span> <span class='ocrx_word' id='word_1_627' title='bbox 2899 5311 3178 5367; x_wconf 82' lang='lat' dir='ltr'>Praeterea</span> <span class='ocrx_word' id='word_1_628' title='bbox 3207 5309 3507 5365; x_wconf 91' lang='lat' dir='ltr'>Dominico</span> <span class='ocrx_word' id='word_1_629' title='bbox 3536 5308 3628 5366; x_wconf 91' lang='lat' dir='ltr'>die</span> 
     </span>
    </p>
   </div>
   <div class='ocr_carea' id='block_1_55' title="bbox 256 5404 3626 5484">
    <p class='ocr_par' dir='ltr' id='par_1_55' title="bbox 256 5404 3626 5484">
     <span class='ocr_line' id='line_1_55' title="bbox 256 5404 3626 5484; baseline -0.002 -15"><span class='ocrx_word' id='word_1_630' title='bbox 256 5413 331 5469; x_wconf 87' lang='grc'>15</span> <span class='ocrx_word' id='word_1_631' title='bbox 369 5408 630 5466; x_wconf 91' lang='lat' dir='ltr'>diluculo</span> <span class='ocrx_word' id='word_1_632' title='bbox 659 5410 720 5466; x_wconf 92' lang='lat' dir='ltr'>in</span> <span class='ocrx_word' id='word_1_633' title='bbox 752 5410 1058 5467; x_wconf 90' lang='lat' dir='ltr'>basilicam</span> <span class='ocrx_word' id='word_1_634' title='bbox 1089 5411 1244 5468; x_wconf 89' lang='lat' dir='ltr'>beati</span> <span class='ocrx_word' id='word_1_635' title='bbox 1274 5409 1426 5467; x_wconf 91' lang='lat' dir='ltr'>Petri</span> <span class='ocrx_word' id='word_1_636' title='bbox 1457 5410 1726 5484; x_wconf 91' lang='lat' dir='ltr'>apostoli,</span> <span class='ocrx_word' id='word_1_637' title='bbox 1759 5411 1834 5467; x_wconf 91' lang='lat' dir='ltr'>ab</span> <span class='ocrx_word' id='word_1_638' title='bbox 1865 5410 2176 5483; x_wconf 90' lang='lat' dir='ltr'>episcopis,</span> <span class='ocrx_word' id='word_1_639' title='bbox 2209 5408 2379 5478; x_wconf 90' lang='lat' dir='ltr'>clero,</span> <span class='ocrx_word' id='word_1_640' title='bbox 2415 5408 2753 5481; x_wconf 89' lang='lat' dir='ltr'>proceribus</span> <span class='ocrx_word' id='word_1_641' title='bbox 2783 5409 3070 5464; x_wconf 89' lang='lat' dir='ltr'>deductus</span> <span class='ocrx_word' id='word_1_642' title='bbox 3099 5410 3206 5475; x_wconf 90' lang='lat' dir='ltr'>est,</span> <span class='ocrx_word' id='word_1_643' title='bbox 3243 5410 3301 5462; x_wconf 92' lang='lat' dir='ltr'>et</span> <span class='ocrx_word' id='word_1_644' title='bbox 3347 5404 3402 5460; x_wconf 92' lang='lat' dir='ltr'>in</span> <span class='ocrx_word' id='word_1_645' title='bbox 3457 5421 3626 5462; x_wconf 88' lang='lat' dir='ltr'>cons-</span> 
     </span>
    </p>
   </div>
   <div class='ocr_carea' id='block_1_56' title="bbox 368 5501 3628 5581">
    <p class='ocr_par' dir='ltr' id='par_1_56' title="bbox 368 5501 3628 5581">
     <span class='ocr_line' id='line_1_56' title="bbox 368 5501 3628 5581; baseline -0.002 -17"><span class='ocrx_word' id='word_1_646' title='bbox 368 5511 538 5581; x_wconf 92' lang='lat' dir='ltr'>pectu</span> <span class='ocrx_word' id='word_1_647' title='bbox 571 5507 856 5574; x_wconf 89' lang='lat' dir='ltr'>omnium,</span> <span class='ocrx_word' id='word_1_648' title='bbox 880 5507 1282 5580; x_wconf 87' lang='lat' dir='ltr'>imperialibus</span> <span class='ocrx_word' id='word_1_649' title='bbox 1315 5507 1514 5565; x_wconf 90' lang='lat' dir='ltr'>missis</span> <span class='ocrx_word' id='word_1_650' title='bbox 1545 5508 1940 5576; x_wconf 82' lang='lat' dir='ltr'>cernentibus,</span> <span class='ocrx_word' id='word_1_651' title='bbox 1974 5507 2034 5562; x_wconf 92' lang='lat' dir='ltr'>in</span> <span class='ocrx_word' id='word_1_652' title='bbox 2064 5506 2384 5579; x_wconf 90' lang='lat' dir='ltr'>apostolica</span> <span class='ocrx_word' id='word_1_653' title='bbox 2411 5507 2569 5574; x_wconf 91' lang='lat' dir='ltr'>sede,</span> <span class='ocrx_word' id='word_1_654' title='bbox 2601 5511 2667 5562; x_wconf 90' lang='lat' dir='ltr'>ut</span> <span class='ocrx_word' id='word_1_655' title='bbox 2695 5524 2823 5563; x_wconf 91' lang='lat' dir='ltr'>mos</span> <span class='ocrx_word' id='word_1_656' title='bbox 2870 5510 2958 5562; x_wconf 90' lang='lat' dir='ltr'>est</span> <span class='ocrx_word' id='word_1_657' title='bbox 3003 5508 3061 5560; x_wconf 90' lang='lat' dir='ltr'>et</span> <span class='ocrx_word' id='word_1_658' title='bbox 3105 5503 3348 5574; x_wconf 89' lang='lat' dir='ltr'>antiqua</span> <span class='ocrx_word' id='word_1_659' title='bbox 3391 5501 3628 5560; x_wconf 89' lang='lat' dir='ltr'>traditio</span> 
     </span>
    </p>
   </div>
   <div class='ocr_carea' id='block_1_57' title="bbox 368 5598 3628 5680">
    <p class='ocr_par' dir='ltr' id='par_1_57' title="bbox 368 5598 3628 5680">
     <span class='ocr_line' id='line_1_57' title="bbox 368 5598 3628 5680; baseline -0.002 -18"><span class='ocrx_word' id='word_1_660' title='bbox 368 5605 572 5674; x_wconf 92' lang='lat' dir='ltr'>dictat,</span> <span class='ocrx_word' id='word_1_661' title='bbox 604 5608 978 5660; x_wconf 89' lang='lat' dir='ltr'>consecratus</span> <span class='ocrx_word' id='word_1_662' title='bbox 1009 5605 1430 5680; x_wconf 89' lang='lat' dir='ltr'>ordinatusque</span> <span class='ocrx_word' id='word_1_663' title='bbox 1457 5609 1546 5664; x_wconf 90' lang='lat' dir='ltr'>est</span> <span class='ocrx_word' id='word_1_664' title='bbox 1566 5606 1842 5678; x_wconf 80' lang='lat' dir='ltr'>pontifex.</span> <span class='ocrx_word' id='word_1_665' title='bbox 1876 5603 2214 5662; x_wconf 87' lang='lat' dir='ltr'>Portuensis</span> <span class='ocrx_word' id='word_1_666' title='bbox 2242 5620 2377 5660; x_wconf 88' lang='lat' dir='ltr'>vero</span> <span class='ocrx_word' id='word_1_667' title='bbox 2407 5604 2718 5678; x_wconf 90' lang='lat' dir='ltr'>episcopus</span> <span class='ocrx_word' id='word_1_668' title='bbox 2747 5601 3075 5677; x_wconf 91' lang='lat' dir='ltr'>prohibitus</span> <span class='ocrx_word' id='word_1_669' title='bbox 3113 5599 3185 5654; x_wconf 91' lang='lat' dir='ltr'>ab</span> <span class='ocrx_word' id='word_1_670' title='bbox 3232 5598 3497 5669; x_wconf 88' lang='lat' dir='ltr'>ecclesia,</span> <span class='ocrx_word' id='word_1_671' title='bbox 3531 5616 3628 5656; x_wconf 92' lang='lat' dir='ltr'>or-</span> 
     </span>
    </p>
   </div>
   <div class='ocr_carea' id='block_1_58' title="bbox 368 5697 3628 5778">
    <p class='ocr_par' dir='ltr' id='par_1_58' title="bbox 368 5697 3628 5778">
     <span class='ocr_line' id='line_1_58' title="bbox 368 5697 3628 5778; baseline -0.001 -18"><span class='ocrx_word' id='word_1_672' title='bbox 368 5703 729 5761; x_wconf 85' lang='lat' dir='ltr'>dinationem</span> <span class='ocrx_word' id='word_1_673' title='bbox 757 5718 933 5776; x_wconf 91' lang='lat' dir='ltr'>quam</span> <span class='ocrx_word' id='word_1_674' title='bbox 962 5701 1242 5758; x_wconf 86' lang='lat' dir='ltr'>debuerat</span> <span class='ocrx_word' id='word_1_675' title='bbox 1269 5720 1448 5777; x_wconf 88' lang='lat' dir='ltr'>super</span> <span class='ocrx_word' id='word_1_676' title='bbox 1476 5719 1612 5760; x_wconf 89' lang='lat' dir='ltr'>eum</span> <span class='ocrx_word' id='word_1_677' title='bbox 1639 5702 1975 5762; x_wconf 89' lang='lat' dir='ltr'>nullatenus</span> <span class='ocrx_word' id='word_1_678' title='bbox 2005 5702 2160 5772; x_wconf 86' lang='lat' dir='ltr'>fecit,</span> <span class='ocrx_word' id='word_1_679' title='bbox 2193 5702 2348 5778; x_wconf 89' lang='lat' dir='ltr'>quod</span> <span class='ocrx_word' id='word_1_680' title='bbox 2381 5702 2750 5761; x_wconf 87' lang='lat' dir='ltr'>anathemate</span> <span class='ocrx_word' id='word_1_681' title='bbox 2779 5715 2906 5757; x_wconf 88' lang='lat' dir='ltr'>sese</span> <span class='ocrx_word' id='word_1_682' title='bbox 2926 5697 3204 5772; x_wconf 79' lang='lat' dir='ltr'>junxerat</span> <span class='ocrx_word' id='word_1_683' title='bbox 3234 5714 3301 5758; x_wconf 91' lang='lat' dir='ltr'>ac</span> <span class='ocrx_word' id='word_1_684' title='bbox 3333 5697 3395 5756; x_wconf 92' lang='lat' dir='ltr'>in</span> <span class='ocrx_word' id='word_1_685' title='bbox 3425 5698 3628 5774; x_wconf 85' lang='lat' dir='ltr'>perju-</span> 
     </span>
    </p>
   </div>
   <div class='ocr_carea' id='block_1_59' title="bbox 368 5797 1650 5880">
    <p class='ocr_par' dir='ltr' id='par_1_59' title="bbox 368 5797 1650 5880">
     <span class='ocr_line' id='line_1_59' title="bbox 368 5797 1650 5880; baseline 0.001 -21"><span class='ocrx_word' id='word_1_686' title='bbox 368 5801 440 5860; x_wconf 89' lang='lat' dir='ltr'>rii</span> <span class='ocrx_word' id='word_1_687' title='bbox 470 5800 806 5880; x_wconf 84' lang='lat' dir='ltr'>voraginem</span> <span class='ocrx_word' id='word_1_688' title='bbox 835 5797 1124 5859; x_wconf 87' lang='lat' dir='ltr'>ceciderat</span> <span class='ocrx_word' id='word_1_689' title='bbox 1152 5802 1326 5874; x_wconf 87' lang='lat' dir='ltr'>atque</span> <span class='ocrx_word' id='word_1_690' title='bbox 1356 5800 1650 5862; x_wconf 85' lang='lat' dir='ltr'>manebat.</span> 
     </span>
    </p>
   </div>
  </div>
