4136 6168
428 120 435 123 ’
505 157 656 224 ιιιδι
1656 158 2069 220 ANASTASII
2112 142 2765 220 nmLmTHECAR-II.
3728 142 3854 223 HS!

702 288 861 351 θος
901 292 1035 348 Post
1060 294 1228 346 sacra
1258 293 1454 346 autem
1481 291 1623 348 tunc
1652 289 1970 346 missarum
2001 288 2286 347 solemnia
2315 282 2608 345 celebrata
2636 288 2695 343 in
2714 272 3857 361 patriarchiiLate'raii'eiisis’poﬁtileiordi-

647 395 820 446 natus
853 394 1117 444 reversus
1147 390 1237 443 est
1265 386 1592 443 ecclesiam.
1620 388 1757 442 Erat
1789 386 1943 442 enim
1994 387 2349 443 mitissimus
2399 391 2455 441 et
2502 384 2778 441 omnibus
2826 384 3010 442 sacris
3058 386 3368 441 decoratus
3415 385 3694 457 operibus,
3720 386 3854 445 vultu

644 487 889 561 pulcher
917 490 973 542 et
1000 491 1194 542 mente
1224 485 1440 556 clarus,
1472 484 1661 540 dulcis
1691 486 1885 553 verbo,
1920 485 2187 541 doctrina
2218 483 2554 540 benevolus.
2584 482 2697 538 Sed
2733 482 2872 554 quia
2900 486 3110 538 cuncta
3139 499 3254 537 non
3296 481 3619 538 sufficimus
3663 500 3753 555 per
3787 502 3860 540 or-

645 586 841 642 dinem
873 599 1165 651 enarrare,
1198 584 1270 639 ad
1300 599 1369 638 ea
1396 599 1524 655 qum
1555 581 1799 637 diversis
1830 585 2168 637 sanctorum
2199 581 2340 638 locis
2371 579 2583 636 obtulit
2612 579 2919 635 extendere
2949 578 3244 635 calamum
3275 579 3632 635 studeamus.
3660 579 3716 635 In
3761 582 3857 653 pri-

574 686 611 741 5
648 699 744 739 mo
792 681 1030 755 quidem
1078 680 1452 753 pontiﬁcatus
1499 678 1592 735 sui
1641 679 1875 735 exordio
1919 695 2172 751 superno
2224 679 2606 735 exardescens
2637 691 2834 732 amore
2863 676 2924 731 in
2955 675 3200 733 basilica
3231 674 3568 744 Salvatoris,
3602 677 3719 748 qua:
3744 677 3862 735 Con-

644 778 1005 838 stantiniana
1032 777 1269 847 dicitur,
1299 776 1489 849 ipsius
1538 775 1944 847 Redemptoris
1991 775 2222 831 Domini
2270 773 2459 830 nostri
2489 773 2628 829 Jesu
2659 772 2872 830 Christi
2901 774 3062 829 mirae
3092 773 3547 846 pulchritudinis
3575 790 3641 829 ex
3666 776 3862 849 argento

643 875 960 951 purissimo
992 890 1250 945 auroque
1284 873 1581 945 perfusam
1611 871 1747 927 fecit
1766 871 2253 937 iconam,leonem
2285 872 2714 942 draconemque
2744 870 2992 942 pedibus
3021 868 3861 942 cOncuIcantem,pensan.libI-as

643 974 935 1031 sexdecim
966 975 1021 1027 et
1052 970 1251 1027 semis.
1283 972 1353 1026 Et
1381 971 1442 1025 in
1472 969 1719 1026 basilica
1747 973 1961 1024 sanctae
1993 967 2097 1023 Dei
2131 967 2437 1024 Genitricis
2463 981 2812 1038 semperque
2839 964 3101 1039 Vtrginis
3132 966 3391 1023 Domine
3422 970 3648 1034 nostrai,
3671 966 3779 1039 quis
3803 968 3858 1024 ad

643 1072 904 1141 Praesepe
934 1071 1329 1139 nuncupatur,
1363 1083 1601 1123 auream
1636 1065 1849 1122 obtulit
1880 1065 2482 1138 pretiosissimamque
2513 1076 2785 1119 coronam
2813 1064 3022 1132 unam,
3053 1080 3299 1135 pensan.
3332 1063 3512 1120 libra’s
3542 1064 3856 1137 quatuorzin

536 1170 606 1226 10
642 1184 761 1241 qua
786 1182 919 1223 vero
950 1164 1194 1220 basilica
1224 1164 1633 1236 baptisterium
1666 1164 2030 1219 destructum
2064 1160 2253 1218 multa
2272 1178 2387 1232 per
2416 1160 2683 1233 tempora
2714 1150 3216 1227 manserat,’cel'eri
3250 1160 3464 1221 studio.
3487 1161 3731 1217 futuram
3756 1160 3859 1234 spe-

638 1282 778 1322 rans
808 1281 842 1320 a
871 1262 1117 1320 Domino
1148 1261 2049 1327 retributionem,restauravit,et
2076 1260 2147 1315 ad
2180 1258 2500 1331 pristinum
2533 1259 2750 1314 statum
2780 1257 3019 1330 perduci
3051 1256 3533 1331 proettravit.ipse
3564 1252 3774 1331 qucque
3794 1259 3858 1314 in-

641 1361 826 1435 signis
856 1364 913 1416 et
943 1358 1322 1415 beatissimus
1351 1373 1503 1430 papa
1531 1358 1591 1412 in
1620 1355 1864 1412 basilica
1893 1355 2046 1411 beati
2077 1355 2229 1411 Petri
2261 1353 2506 1426 apostoli
2554 1370 2624 1410 ex
2669 1358 2908 1427 argento
2957 1344 3350 1412 mundissimo
3400 1358 3655 1429 auroque
3699 1357 3855 1414 fusam

639 1457 980 1514 cantharum
1011 1454 1421 1521 interrasilem,
1454 1453 1515 1509 in
1545 1470 1663 1525 qua
1691 1452 1831 1509 thus
1862 1451 2137 1519 mittitur,
2167 1451 2376 1507 obtulit
2410 1469 2424 1508 :
2459 1452 2559 1507 ubi
2589 1451 2764 1508 etiam
2797 1451 3147 1509 candelabra
3174 1456 3398 1526 septem
3446 1454 3582 1510 cum
3626 1452 3857 1509 carnibus

638 1572 706 1612 ex
736 1558 976 1628 argento
1006 1552 1324 1626 purissimo
1353 1551 1567 1608 obtulit
1595 1568 1772 1608 aurea
1802 1550 2051 1607 nitentia
2080 1549 2290 1606 colore.

712 1687 863 1744 568
893 1686 1023 1742 Jam
1056 1688 1113 1741 et
1146 1684 1203 1738 in
1237 1680 1481 1739 basilica
1511 1681 1764 1737 doctoris
1784 1682 2154 1738 mundibeati
2184 1679 2346 1737 Pauli
2371 1679 2614 1754 apostoli
2636 1680 3156 1754 sepulcrum,quod
3178 1668 3857 1737 aSaracenisdestructum

635 1787 841 1853 iuerat,
878 1782 1225 1855 perornavit,
1258 1797 1501 1853 pensan.
1536 1778 1717 1834 libras
1749 1796 1992 1835 numero
2023 1783 2257 1835 centum
2289 1783 2427 1834 tres.
2457 1779 2638 1834 Erant
2664 1778 2721 1833 in
2756 1778 3000 1834 basilica
3028 1779 3207 1834 beatae
3247 1777 3349 1834 Dei
3400 1777 3701 1834 Genitricis
3726 1782 3855 1834 trans

634 1882 905 1957 Tyberim
935 1879 1148 1937 obtulit
1177 1882 1393 1935 vestem
1427 1895 1627 1943 unam,
1663 1877 1718 1931 in
1753 1877 1999 1931 circuitu
2029 1880 2293 1931 ornatam
2326 1876 2396 1931 de
2427 1874 2675 1942 olovero,
2710 1873 3021 1931 habentem
3056 1876 3114 1930 in
3141 1874 3333 1931 medio
3366 1891 3597 1931 crucem
3629 1874 3694 1930 de
3719 1875 3851 1948 chry-

636 1976 1050 2036 soclavo.Fecit
1082 1980 1277 2032 autem
1311 1975 1367 2030 in
1403 1973 1650 2031 basilica
1679 1975 1859 2029 beata
1892 1975 1994 2029 Dei
2028 1973 2492 2045 Genitricis,quae
2524 1978 2765 2028 vocatur
2795 1972 3067 2046 Antiqua,
3093 1988 3270 2046 quam
3301 1991 3336 2029 a
3368 1971 3748 2027 fundamentis
3771 1971 3857 2026 Leo

562 2079 598 2133 5
635 2093 788 2149 papa
818 2074 971 2130 viam
997 2075 1169 2146 juxta
1198 2073 1435 2127 Sacram
1470 2074 1894 2136 construxerat,
1927 2070 2055 2125 vela
2083 2072 2154 2125 de
2185 2070 2425 2125 fundato
2456 2085 2589 2124 cum
2624 2069 2896 2143 periclysi
2928 2070 2998 2126 de
3029 2068 3286 2125 blatthin
3320 2086 3565 2125 numero
3600 2066 3854 2123 tredecim.

637 2173 743 2239 Qui
777 2173 952 2228 etiam
984 2171 1045 2226 in
1076 2169 1320 2225 basilica
1349 2169 1501 2224 beati
1536 2168 1831 2224 Laurentii
1866 2166 2160 2239 martyris,
2188 2166 2299 2222 sita
2332 2165 2469 2222 foris
2502 2182 2702 2221 muros
2735 2165 3008 2232 civitatis,
3029 2164 3241 2221 obtulit
3270 2182 3481 2222 aureas
3511 2163 3690 2220 claves
3716 2168 3856 2236 atque

634 2267 1014 2323 concessit.ln
1048 2282 1246 2320 mense
1274 2282 1409 2320 vero
1441 2265 1646 2335 quinto
1678 2262 2133 2319 consecrationis
2164 2262 2342 2334 hujus
2372 2262 2631 2334 praeclari
2664 2261 3046 2336 pontiﬁcis,id
3077 2266 3166 2318 est
3195 2279 3397 2318 mense
3426 2260 3853 2325 Januario.die...

633 2364 845 2419 ﬂuvius
876 2363 975 2435 qui
1008 2360 1339 2434 appellatur
1368 2361 1610 2432 'l‘yberis
1642 2360 1869 2415 alveum
1903 2376 2176 2432 egressus
2207 2364 2297 2414 est
2326 2376 2500 2414 suum
2550 2363 2609 2415 et
2655 2376 2760 2432 per
2808 2359 3161 2432 campestria
3190 2376 3253 2415 sc
3291 2359 3473 2423 dedit,
3507 2357 3854 2429 intumuitque

453 2523 472 2537 ἰ
635 2460 1017 2516 inundatione
1049 2475 1336 2531 aquarum
1371 2456 1689 2512 multarum
1722 2461 1779 2512 et
1809 2457 2113 2529 ingressus
2144 2460 2233 2511 est
2264 2473 2367 2528 per
2395 2456 2776 2529 posterulam,
2809 2474 2935 2530 qum
2967 2455 3294 2529 appellatur
3323 2461 3540 2512 sanctae
3572 2454 3853 2528 Agathaﬁn

527 2556 595 2615 10
631 2557 838 2613 Urbem
874 2557 1195 2612 Romanam
1229 2554 1372 2610 hora
1403 2553 1538 2609 diei.
1572 2554 1959 2610 Transcendit
1988 2554 2207 2608 interea
2236 2552 2535 2626 aliquibus
2566 2553 2728 2622 locis,
2758 2559 2814 2610 ct
2843 2554 3149 2627 ingressus
3178 2558 3268 2610 est
3294 2553 3351 2609 in
3394 2553 3694 2609 ecclesiam
3737 2549 3853 2606 beati

637 2655 921 2726 Silvestri,
954 2654 1035 2710 ita
1065 2658 1129 2709 ut
1157 2658 1214 2709 et
1241 2654 1461 2726 gradus
1487 2669 1691 2708 omnes
1723 2651 2060 2707 ascenderet
2089 2650 2148 2704 in
2180 2650 2485 2706 basilicam
2517 2651 2669 2706 beati
2702 2651 2959 2724 Dionysii
2999 2668 3114 2724 pra:
3164 2650 3546 2707 multitudine
3593 2663 3854 2723 aquarum,

633 2757 868 2825 excepto
902 2768 1014 2807 uno
1045 2751 1145 2823 qui
1180 2749 1450 2823 superius
1476 2754 1681 2816 erat,et
1712 2749 1918 2804 exinde
1948 2747 2224 2821 expandit
2253 2765 2315 2803 se
2347 2765 2524 2820 super
2554 2749 2962 2822 plateam,qum
2991 2754 3230 2805 vocatur
3244 2749 3334 2805 via
3352 2753 3575 2816 Lata,et
3600 2748 3857 2820 ingressus

629 2855 719 2907 est
748 2850 806 2905 in
830 2849 1135 2906 basilicam
1166 2850 1379 2903 sanctaa
1412 2847 1512 2903 Dei
1544 2846 1852 2903 Genitricis
1882 2845 2098 2912 Marizu,
2131 2849 2188 2900 et
2216 2845 2434 2901 ibidem
2464 2849 2694 2902 tantum
2726 2846 3012 2904 intumuit
3040 2864 3197 2919 aqua
3225 2847 3488 2903 utetiam
3514 2849 3681 2920 porta:
3700 2843 3854 2917 ipsius

631 2946 887 3004 ecclesia:
920 2963 1035 3002 non
1062 2945 1400 3000 viderentur
1429 2962 1543 3017 prae
1576 2943 1954 2999 multitudine
1982 2952 2291 3014 aquarum.
2325 2944 2403 2997 Ac
2435 2942 2571 2998 inde
2601 2945 2867 3000 ascendit
2898 2961 3000 3017 per
3035 2943 3258 3016 plateas
3304 2948 3361 3000 et
3401 2944 3564 3000 vicos
3608 2958 3771 3014 usque
3798 2939 3855 2995 ad

530 3048 598 3103 15
639 3045 851 3101 clivum
884 3042 1195 3124 argentarii
1230 3059 1242 3097 :
1276 3042 1482 3098 exinde
1509 3059 1645 3097 vero
1677 3041 1922 3096 reﬂexus
1952 3040 2255 3113 ingressus
2287 3045 2374 3095 est
2404 3057 2507 3112 per
2535 3040 2846 3112 porticum,
2882 3059 3008 3114 qua
3039 3045 3128 3097 est
3167 3041 3360 3114 posita
3409 3044 3545 3096 ante
3594 3037 3852 3097 ecclesiam

628 3142 815 3209 sancti
846 3140 1252 3208 Marci,mense
1283 3138 1742 3211 supradicto,die
1777 3142 1940 3193 sexto
1972 3137 2358 3209 apparitionis
2394 3136 2836 3195 Domini‘nostri
2867 3140 3007 3196 Jesu
3033 3138 3246 3195 Christi
3275 3139 3601 3195 secundum
3632 3150 3849 3201 carnem,

628 3240 687 3296 id
716 3238 1393 3312 estTheophaniamlnde
1427 3243 1624 3293 autem
1659 3237 1945 3309 impetum
1979 3237 2196 3292 faciens
2227 3236 2399 3309 coepit
2431 3236 2739 3292 decurrere
2764 3234 2822 3289 in
2852 3234 3110 3290 cloacam
3142 3252 3267 3308 qua
3295 3238 3387 3291 est
3407 3235 3582 3307 juxta
3610 3235 3852 3288 monaste-

631 3337 784 3393 ritim
815 3335 999 3393 sancti
1031 3333 1291 3391 Silvestri
1322 3337 1378 3390 et
1407 3333 1595 3390 sancti
1626 3333 1921 3389 Laurentii
1952 3334 2246 3407 martyris,
2278 3334 2431 3406 quod
2463 3337 2702 3389 vocatur
2731 3331 3028 3388 Pallaeini.
3059 3332 3129 3387 Et
3159 3332 3229 3388 ab
3260 3332 3387 3404 ipso
3420 3331 3514 3387 die
3542 3314 3597 3386 et
3622 3329 3850 3399 deinceps

629 3434 802 3507 cmpit
831 3431 1114 3506 paulatim
1146 3450 1297 3505 aqua
1328 3432 1537 3499 minui,
1570 3435 1629 3486 et
1660 3430 1870 3487 ﬂuvius
1902 3436 2033 3503 post
2064 3430 2249 3486 multo
2280 3432 2496 3487 damno
2536 3431 2685 3486 facto
2718 3429 2776 3485 in
2810 3446 2984 3485 suum
3017 3429 3244 3485 alveum
3294 3445 3563 3484 reversus
3606 3431 3706 3483 est.
3734 3424 3847 3480 Nam

521 3534 593 3587 2O
631 3528 835 3586 domos
865 3528 1087 3597 evertit,
1124 3545 1294 3601 agros
1327 3528 1658 3594 desertavit,
1692 3528 1943 3583 evellens
1976 3532 2200 3600 segetes
2232 3531 2287 3582 et
2317 3526 2621 3583 eradicans
2655 3527 2914 3584 arbusta.
2950 3528 3050 3583 His
3083 3528 3282 3600 itaque
3323 3526 3578 3600 peractis
3622 3524 3850 3598 prmfatus

627 3626 1007 3682 beatissimus
1037 3642 1190 3696 papa
1221 3625 1402 3681 nimio
1434 3634 1630 3681 amore
1658 3625 2009 3680 constrictus
2040 3625 2098 3679 in
2130 3623 2375 3680 ecclesia
2403 3624 2505 3680 Dei
2536 3625 2845 3681 Genitricis
2877 3641 3222 3698 semperque
3260 3623 3521 3698 Virginis
3572 3621 3747 3678 Mariis
3770 3619 3850 3674 do-

628 3722 801 3777 mina:
833 3725 1066 3785 nostrae,
1102 3736 1229 3792 qua:
1260 3720 1497 3791 ponitur
1527 3726 1690 3776 trans
1721 3721 2018 3792 Tyberim,
2050 3720 2184 3776 fecit
2211 3724 2429 3777 vestem
2462 3721 2524 3777 in
2563 3721 2731 3777 altari
2780 3721 2989 3794 majori
3037 3723 3108 3778 de
3155 3716 3552 3795 chrysoclavo,
3583 3719 3849 3775 habentem

628 3819 938 3875 historiam
971 3817 1396 3890 assumptionis
1424 3817 1689 3891 ejusdem
1723 3819 1816 3874 Dei
1849 3818 2178 3874 Genitricis.

701 3934 851 3998 569
864 3940 1273 3998 Obtulitetiam
1303 3941 1363 3997 in
1396 3940 1749 3998 monasterio
1782 3940 1970 3997 sancti
1999 3940 2213 3996 Christi
2245 3940 2517 4013 martyris
2547 3940 3023 4014 Anastasii,quod
3054 3944 3294 3997 vocatur
3321 3942 3392 3996 ad
3425 3942 3620 4013 Aquas
3646 3936 3845 4023 Salvius,

627 4039 923 4114 gabathan
955 4039 1243 4095 saxiscam
1274 4056 1342 4095 ex
1371 4044 1610 4113 argento
1640 4038 1956 4112 purissimo
1989 4056 2187 4107 unam,
2222 4052 2467 4112 pensan.
2502 4038 2685 4095 libras
2716 4056 2962 4095 numero
2994 4043 3133 4095 tres.
3166 4038 3399 4094 Necnon
3441 4042 3502 4095 et
3547 4037 3605 4093 in
3648 4031 3847 4091 basilica

627 4138 808 4193 beatae
834 4135 934 4191 Dei
968 4135 1299 4207 Genitricis,
1331 4153 1460 4207 quas
1486 4135 1625 4192 olim
1655 4137 1909 4209 Antiqua
1934 4135 2271 4203 vocabatur,
2304 4150 2460 4192 nunc
2491 4141 2685 4192 autem
2717 4136 2831 4193 sita
2860 4140 2950 4193 est
2971 4136 3146 4208 juxta
3172 4135 3326 4191 viam
3349 4131 3844 4205 Sarcam,l‘ecitves-

624 4239 744 4290 tem
776 4250 909 4289 cum
940 4232 1310 4307 chrysoolavo
1342 4233 1653 4290 habentem
1685 4233 1993 4290 historiam
2024 4233 2344 4289 nativitatis
2379 4233 2611 4289 Domini
2644 4234 2827 4290 nostri
2858 4234 2999 4290 Jesu
3027 4232 3242 4289 Christi
3275 4233 3604 4289 secundum
3627 4241 3839 4287 carnem.

552 4320 589 4388 5
626 4330 813 4388 Simili
842 4331 1015 4387 modo
1045 4334 1103 4387 et
1129 4330 1190 4386 in
1222 4329 1575 4386 monasterio
1606 4330 1762 4386 beati
1792 4330 2024 4386 Martini
2057 4329 2191 4386 fecit
2220 4330 2479 4386 canistra
2505 4349 2575 4388 ex
2603 4331 2750 4387 afoci
2780 4331 2897 4387 duo
2927 4347 2995 4386 ex
3022 4334 3263 4403 argento
3293 4328 3836 4402 purissimo,pensan.

621 4427 800 4484 libras
834 4445 1078 4484 numero
1108 4432 1361 4500 quatuor
1390 4431 1448 4483 et
1478 4427 1827 4483 semis.1tem
1851 4428 2198 4484 venerabilis
2229 4433 2286 4484 et
2316 4428 2630 4500 praeclarus
2660 4430 2920 4501 pontifex
2951 4428 3085 4485 fecit
3113 4429 3175 4484 in
3205 4426 3454 4485 ecclesia
3485 4426 3630 4495 beati
3656 4412 3841 4497 Cyrilcl

625 4523 920 4599 martyris,
952 4542 1079 4598 quae
1109 4525 1347 4597 ponitur
1375 4523 1467 4580 via
1496 4523 2001 4593 Ostiensi,vestem
2032 4527 2104 4581 de
2133 4526 2374 4582 fundato
2408 4527 2743 4583 unam.Pari
2775 4527 2947 4583 modo
2976 4531 3034 4583 et
3062 4526 3123 4581 in
3153 4525 3399 4582 ecclesia
3426 4525 3583 4582 beati
3610 4516 3840 4592 martyris

630 4623 860 4695 Felicis,
894 4640 1021 4695 quae
1053 4622 1291 4694 ponitur
1317 4621 1377 4678 in
1410 4621 1625 4690 Pineis,
1646 4621 1782 4678 fecit
1804 4628 2022 4679 vestem
2055 4624 2127 4679 de
2156 4624 2397 4680 fundato
2430 4628 2772 4695 unam,cum
2803 4624 3065 4698 gryphis.
3097 4623 3254 4680 Fecit
3278 4638 3411 4680 vero
3439 4620 3696 4696 egregius
3721 4626 3835 4690 pre-

627 4719 723 4777 sul
754 4720 811 4775 in
843 4719 1013 4777 titulo
1041 4719 1192 4775 beati
1223 4719 1583 4793 Chrysogoni
1613 4720 1884 4792 martyris
1915 4720 2127 4778 calices
2156 4738 2224 4777 ex
2254 4725 2493 4795 argento
2524 4721 2841 4794 purissimo
2854 4723 3099 4778 numero
3116 4721 3395 4794 quinque,
3410 4718 3513 4794 qui
3541 4707 3838 4793 pens.simul

524 4817 592 4872 10
627 4815 808 4873 libras
838 4821 895 4872 et
924 4817 1129 4873 uncias
1159 4816 1359 4873 semis.
1393 4818 1540 4872 Nam
1571 4821 1627 4873 et
1658 4817 1718 4872 in
1749 4816 1919 4873 titulo
1948 4817 2157 4875 Calixti
2187 4819 2325 4875 fecit
2354 4826 2549 4876 amam
2580 4822 2754 4875 uaam
2788 4836 2858 4875 ex
2885 4824 3126 4893 argento
3166 4818 3505 4892 purissimo,
3537 4824 3753 4891 pensari.
3780 4806 3838 4863 li-

628 4912 765 4969 bras
795 4914 1014 4970 decem.
1049 4914 1133 4969 Ibi
1165 4917 1222 4970 et
1251 4914 1364 4986 ipsi
1397 4914 1532 4970 fecit
1562 4914 1845 4987 gabathas
1875 4919 2148 4987 quatuor,
2183 4928 2428 4989 pensan.
2462 4916 2641 4973 libras
2667 4933 2873 4972 novem
2903 4921 2959 4972 et
2988 4918 3188 4973 semis.
3223 4915 3506 4972 Similiter
3547 4920 3601 4971 et
3626 4900 3839 4968 canis“

628 5026 854 5078 novem,
888 5027 1130 5082 pensan.
1164 5010 1406 5067 insimul
1454 5010 1633 5067 libras
1664 5011 1752 5067 Η.
1783 5013 1868 5068 Ad
1913 5012 2147 5069 laudem
2192 5017 2249 5070 et
2277 5013 2523 5087 gloriam
2556 5013 2742 5087 ipsius
2772 5013 3030 5070 ecclesia
3060 5014 3193 5071 fecit
3240 5008 3612 5086 Evangelium
3636 5006 3838 5080 argento

630 5124 889 5180 auroque
918 5108 1219 5180 perfusum
1253 5126 1460 5178 unum,
1493 5125 1736 5181 pensan.
1768 5108 1949 5167 libras
1979 5110 2333 5184 quindecim.
2370 5114 2517 5168 Item
2548 5112 2627 5167 ibi
2660 5112 2785 5185 ipse
2818 5111 2954 5168 fecit
3000 5112 3285 5168 cortinam
3332 5126 3532 5178 unum,
3563 5104 3837 5165 Canistrum

632 5223 840 5274 unum,
871 5222 1071 5262 arcum
1101 5223 1236 5262 cum
1266 5207 1496 5263 duabus
1524 5207 1876 5279 gammadiis
1905 5226 1975 5264 ex
2005 5214 2243 5283 argento
2273 5208 2610 5283 purissimo,
2634 5225 2881 5281 pensan.
2909 5207 3149 5265 insimul
3181 5206 3361 5264 libras
3388 5202 3767 5280 quadraginta.
3784 5193 3839 5251 Et

528 5305 596 5360 15
634 5305 694 5360 in
726 5304 971 5361 ecclesia
995 5304 1175 5362 beatae
1207 5303 1461 5359 Balbinaa
1490 5304 1763 5377 martyris
1794 5305 2008 5361 obtulit
2035 5307 2413 5381 Evangelium
2443 5324 2512 5363 ex
2540 5309 2780 5380 argento
2810 5305 3149 5379 purissimo.

704 5437 857 5493 570
885 5436 1100 5493 Verum
1132 5436 1306 5491 etiam
1339 5439 1396 5491 et
1424 5435 1484 5489 in
1515 5433 1757 5491 basilica
1781 5437 2035 5494 doctoris
2065 5438 2269 5493 mundi
2299 5438 2451 5494 beati
2484 5436 2645 5493 Pauli
2677 5422 2923 5509 apostoli
2954 5426 3090 5493 fecit
3133 5440 3352 5493 veStem
3400 5418 3469 5491 de
3511 5406 3835 5500 chrysoclave

631 5533 793 5589 mira
824 5533 1248 5607 magnitudinis
1277 5536 1335 5587 et
1354 5530 1811 5604 pulchritudinis
1842 5534 2170 5591 decoratum
2201 5536 2479 5590 unam.Et
2511 5535 2568 5589 in
2596 5531 3002 5590 edclesiabeati
3036 5534 3185 5590 Petri
3198 5522 3833 5607 principisapostolorum

638 5629 910 5686 nutritori
941 5640 1047 5687 Suo
1074 5634 1190 5704 prae
1221 5629 1403 5685 nimio
1435 5645 1631 5686 amore
1662 5632 2044 5689 exardescens
2075 5633 2146 5689 ad
2176 5631 2627 5704 cooperiendum
2660 5630 2923 5688 billicum
2937 5630 3321 5688 confessionis
3335 5615 3832 5697 l‘ecitcOOperculum

632 5736 702 5784 ex
730 5732 873 5784 auro
904 5728 1239 5800 purissimo,
1266 5744 1509 5801 pensan.
1542 5726 1723 5784 libras
1755 5733 1893 5787 tres.
1927 5732 1997 5787 Et
2024 5731 2085 5785 in
2115 5729 2469 5787 monasterio
2500 5734 2836 5785 sanctorum
2858 5729 3071 5786 Christi
3100 5732 3425 5801 martyrum
3454 5716 3627 5796 Sergii
3647 5718 3698 5774 et
3714 5714 3831 5771 Bso-

561 5827 598 5885 5
634 5824 913 5903 chi,quod
943 5824 1274 5902 appellatur
1293 5824 1577 5896 Callinici,
1609 5824 1746 5884 fecit
1770 5826 1978 5886 calices
2027 5826 2098 5885 de
2127 5831 2366 5903 argento
2399 5826 2715 5903 purissimo
2745 5825 2894 5885 duos
2924 5826 2982 5885 et
3008 5828 3282 5901 patenam
3310 5822 3506 5891 suam,
3532 5806 3828 5878 cola‘toriuin
