4058 6162
183 97 345 169 4363
869 98 1234 160 HISTORIA
1282 99 1383 163 DE
1406 52 1628 184 'vrris
1675 99 1785 160 no:

1997 99 2141 159 l‘N'l‘.
2170 133 2243 142 —
2263 99 2758 161 BENEDICTUS
2804 100 2909 158 Ill.
3437 96 3599 163 1354

334 210 544 299 unum,
934 245 1137 299 unam,
1160 228 1698 301 thymiamaterium
1720 238 2190 301 unum,peusau.
2215 229 2394 287 simul
2422 229 2605 287 libras
2627 234 2899 303 quatuor.
2924 205 3062 315 [ise
3082 228 3321 303 quidem
3351 231 3601 305 insignis

326 332 386 399 et
411 326 794 399 beatissimqs
822 328 1084 400 pontifex
1127 327 1188 389 in
1236 344 1491 400 superno
1539 327 1881 385 fundamine
1906 329 2120 384 mentis
2143 328 2571 385 observantiam
2604 346 2844 401 ponens,
2873 326 2967 407 nil
3007 328 3252 386 terrenis
3304 330 3601 403 ﬁnemque

320 426 706 497 habentibus,
726 426 827 483 sed
859 424 1266 498 spiritualibus
1296 424 1752 498 salubribusque
1802 427 2209 483 tantummodo
2241 427 2515 499 operibus
2546 410 3067 503 delectabatur,'jj’ct
3111 428 3171 483 in
3218 428 3443 486 cunctis
3474 447 3601 503 quae

332 522 546 581 salutis
574 528 716 581 sunt
741 522 1002 596 quotidie
1034 522 1311 595 praeclaro
1336 523 1554 579 intuitu
1580 524 1981 596 permanebat.
2326 590 2331 596 ι
2968 500 3011 545 in

399 621 547 679 511
583 621 686 677 His
714 638 847 677 vero
875 620 1060 678 sacris
1090 620 1389 681 beneﬁciis
1416 626 1660 678 ornatus
1690 620 2087 694 apostolorum
2120 621 2391 695 principi,
2417 622 2733 696 populique
2756 623 3022 694 janitori,
3048 625 3263 681 obtulit
3285 626 3445 683 mirae
3476 626 3604 700 pul-

328 719 682 777 chritudinis
702 722 919 779 vestem
943 735 1121 775 unam
1145 736 1286 777 auro
1307 723 1733 792 textam,0pere
1756 720 2076 793 decoreque
2095 720 2433 794 fulgentem,
2450 720 2764 777 almificam
2788 722 3266 779 Annuntiationis
3290 724 3598 781 habentem

327 816 635 874 historiam
656 820 715 873 et
740 815 1077 890 bypapanti,
1094 816 1344 890 qualiter
1363 817 1489 891 ipse
1514 817 1854 890 unigenitus
1875 818 1974 875 Dei
2000 817 2181 874 Filius
2202 817 2491 890 templum
2510 819 2815 893 ingressus
2835 820 3143 876 doctorum
3166 823 3223 877 in
3248 824 3440 879 medio
3465 825 3603 881 resi-

330 915 941 972 debat.Verumtamen
964 914 1150 972 isdem
1173 916 1488 987 praedictus
1509 919 1565 971 et
1584 914 1960 972 beatissimus
1986 915 2196 987 praesul
2222 915 2404 971 nimio
2424 933 2623 973 amore
2644 933 2953 983 accensus,
3000 918 3218 990 Deique
3240 920 3598 979 adminiculo

250 1014 291 1070 5
329 1012 778 1081 suﬂ'ultus,.fecit
806 1012 867 1071 in
896 1012 1140 1070 basilica
1168 1013 1320 1071 beati
1353 1030 1421 1071 ac
1448 1012 1662 1086 egregii
1692 1013 2091 1085 praedicatoris
2118 1012 2281 1068 Pauli
2303 1012 2553 1086 apostoli
2577 1031 2823 1087 regnum
2847 1016 2917 1071 de
2939 1033 3081 1071 auro
3112 1017 3433 1088 purissimo
3466 1038 3601 1093 spa-

198 1102 211 1107 ’
328 1111 644 1177 noclistum
666 1128 799 1168 cum
820 1110 1113 1179 ,cateuulis
1136 1111 1280 1178 suis,
1305 1110 1528 1167 habens
1548 1110 1608 1166 in
1633 1109 1823 1166 medio
1844 1126 2076 1167 crucem
2099 1128 2361 1177 auream,
2383 1112 2523 1167 item
2545 1113 2900 1184 spaniscam,
2927 1132 3053 1187 quae
3080 1116 3339 1187 pendent
3366 1116 3600 1173 assidue

329 1226 506 1283 super
534 1209 798 1281 ejusdem
831 1207 1032 1278 altare,
1056 1225 1299 1282 pensan.
1325 1207 1505 1263 libras
1528 1207 1675 1262 duas
1697 1210 1756 1263 et
1786 1208 2021 1263 unciam
2044 1225 2243 1264 unam.
2268 1208 2491 1264 Obtulit
2521 1225 2755 1282 quoque
2784 1212 2841 1267 in
2864 1213 3069 1268 eadem
3100 1213 3343 1270 basilica
3365 1216 3600 1271 cantha-

326 1326 453 1383 ram
480 1309 551 1365 de
571 1310 812 1382 argento
844 1306 1236 1371 mundissimo
1256 1321 1457 1373 uuam,
1480 1321 1723 1377 pensan.
1748 1304 1953 1366 uncias
1974 1322 2201 1363 novem.
2225 1310 2357 1379 Ipse
2375 1324 2507 1363 vero
2528 1306 2781 1380 insignis
2801 1314 2858 1365 et
2879 1310 3260 1367 beatissimus
3285 1329 3437 1386 papa
3461 1314 3599 1370 fecit

328 1422 531 1479 cruces
560 1408 868 1479 argenteas
896 1407 1142 1476 septem,
1165 1420 1294 1475 quae
1324 1418 1429 1475 per
1457 1400 1676 1467 olitana
1718 1405 1985 1474 tempora
2011 1419 2117 1475 per
2142 1419 2348 1460 omnes
2377 1404 2696 1461 catholicas
2726 1406 3003 1464 ecclesias
3035 1425 3195 1465 more
3243 1409 3414 1466 solito
3445 1428 3597 1483 prae-

196 1507 291 1581 .ﬁO
311 1504 632 1579 .cedebant,
659 1506 720 1560 et
747 1501 886 1575 quia
908 1518 1030 1574 praa
1049 1499 1243 1571 nimia
1270 1503 1559 1557 vetustate
1586 1499 1893 1558 confracta:
1924 1499 2158 1558 fuerant
2201 1501 2391 1559 isdem
2441 1502 2757 1575 praeclarus
2788 1508 2845 1560 et
2875 1504 3287 1562 sanctissimus
3317 1507 3530 1579 praesul
3563 1525 3597 1565 a

328 1601 551 1665 naviter
578 1598 930 1671 restauravit
952 1603 1015 1659 et
1041 1599 1100 1655 in
1122 1597 1447 1671 pristinum
1486 1602 1717 1661 statum
1748 1598 1961 1655 iterum
2000 1598 2246 1668 reduxit,
2293 1616 2420 1673 qua:
2451 1617 2696 1673 peusan,
2728 1602 2908 1658 simul
2955 1602 3136 1660 libras
3167 1602 3598 1678 quinquaginta

328 1718 509 1773 uuam
539 1704 599 1757 et
627 1699 829 1770 semis.
851 1699 1089 1765 Necnon
1120 1702 1178 1754 et
1204 1697 1267 1753 in
1294 1695 1541 1763 basilica
1569 1696 1757 1753 sancti
1778 1696 1994 1757 Christi
2028 1697 2301 1771 martyris
2348 1699 2501 1755 beati
2555 1699 3046 1773 Sebastiani,quae
3090 1702 3329 1773 ponitur
3356 1702 3415 1758 in
3448 1701 3595 1773 loco,

327 1799 430 1874 qui
458 1802 700 1857 vocatur
730 1798 1024 1860 Frascata.
1047 1795 1262 1852 obtulit
1280 1794 1443 1852 idem
1476 1799 1639 1868 pater
1668 1794 1937 1868 egregius
1964 1798 2186 1853 vestem
2218 1795 2289 1852 de
2320 1796 2563 1853 fundato
2595 1815 2776 1854 unam
2807 1798 3123 1856 habentem
3154 1800 3213 1855 iu
3240 1801 3434 1858 medio
3466 1819 3597 1858 cru-

328 1916 455 1971 cem
487 1915 623 1955 cum
654 1894 1007 1972 gammadiis
1028 1896 1098 1957 de
1127 1891 1511 1967 quadrapulo.
1546 1891 1735 1951 Simili
1767 1893 1940 1949 modo
1973 1892 2109 1949 fecit
2138 1893 2198 1948 in
2231 1893 2474 1950 basilica
2503 1895 2655 1951 beati
2677 1900 2735 1952 et
2764 1897 2981 1970 egregii
3014 1897 3409 1971 praedicatoris
3436 1899 3598 1956 Pauli

216 1999 291 2055 15
327 1995 573 2070 apostoli
602 1999 822 2052 vestem
853 1992 1095 2051 rubeam
1127 1991 1198 2048 de
1226 1989 1471 2047 arodina
1501 1990 1552 2056 1,
1574 2006 1709 2046 cum
1737 1989 2132 2063 chrysoclavo.

399 2094 492 2167 ω
505 2095 552 2165 2
582 2092 800 2151 Verum
830 2090 1007 2158 etiam
1039 2092 1098 2146 et
1135 2088 1197 2144 iu
1226 2086 1395 2145 titulo
1440 2085 1632 2144 sancti
1658 2086 1883 2160 Cyriaci
1933 2087 2206 2161 martyris
2238 2089 2370 2145 fecit
2397 2094 2615 2146 vestem
2665 2091 2734 2147 de
2782 2092 3026 2150 fundato
3073 2111 3274 2151 uuam.
3308 2100 3440 2169 Ipse
3466 2113 3600 2153 vero

328 2192 707 2261 beatissimus
726 2190 986 2264 pontifex
1009 2187 1394 2253 .exardesceus
1418 2201 1615 2243 amore
1645 2186 1781 2245 fecit
1810 2185 1868 2241 in
1900 2184 2145 2242 basilica
2172 2186 2324 2243 beati
2347 2187 2498 2243 Petri
2528 2188 2775 2261 apostoli
2808 2192 3111 2249 nutritoris
3131 2194 3222 2249 sui
3254 2194 3504 2267 pharum
3535 2212 3604 2252 ex

328 2294 567 2366 argento
587 2306 775 2348 unum
801 2287 962 2345 miris
984 2283 1547 2358 magnitudinis,qui
1574 2298 1818 2355 pensan.
1843 2282 2045 2354 libras,
2058 2287 2114 2339 et
2143 2283 2415 2341 uncias...
2435 2285 2539 2341 Hic
2560 2303 2693 2343 vero
2720 2288 3099 2346 beatissimus
3120 2293 3379 2364 pontifex
3399 2293 3603 2349 divina

329 2388 712 2462 inspiratione
759 2385 1035 2458 repletus,
1064 2382 1202 2447 fecit
1230 2382 1291 2455 in
1312 2379 1561 2445 ecclesia
1592 2379 1743 2439 beati
1775 2379 1982 2443 Levita
2013 2381 2330 2449 Laurentii,
2358 2382 2500 2438 foris
2554 2400 2755 2440 muros
2813 2384 2993 2457 hujus
3022 2388 3273 2445 civitatis
3304 2390 3597 2459 Romanae,

256 2488 294 2543 5
329 2491 548 2543 vestem
579 2485 649 2541 de
677 2485 922 2540 tundato
954 2497 1155 2549 unam,
1182 2496 1317 2534 cum
1358 2476 1751 2550 chrysoclavo,
1786 2476 1946 2532 mirae
1970 2478 2405 2550 magnitudinis
2435 2480 2789 2537 decoratum.
2824 2484 2934 2540 Sed
2985 2489 3043 2540 et
3093 2485 3281 2558 ipsius
3310 2488 3600 2559 praecipue

326 2587 487 2640 sarta
518 2586 672 2639 tecta
701 2580 958 2639 ecclesia:
988 2577 1143 2635 beati
1186 2575 1338 2634 Petri
1368 2573 1614 2648 apostoli
1648 2574 1956 2630 nutritoris
1988 2573 2100 2646 sui,
2122 2574 2181 2629 id
2212 2579 2302 2631 est
2330 2593 2536 2632 navem
2585 2580 2890 2649 majorem,
2915 2585 2973 2636 et
3002 2581 3177 2637 aliam
3209 2600 3438 2653 navem,
3471 2601 3597 2656 qua:

331 2697 513 2753 super
542 2696 754 2752 corpus
784 2679 913 2750 ejus
943 2681 1051 2745 est,
1076 2674 1306 2747 magnis
1327 2673 1597 2729 trabibus
1627 2671 1922 2744 impositis
1944 2688 2188 2728 numero
2211 2677 2433 2746 septem
2458 2675 2803 2748 procacique
2835 2678 3080 2735 artiﬁcio
3109 2678 3345 2736 elevatis
3364 2680 3601 2737 luciﬂue

327 2777 644 2835 renovavit.
667 2777 737 2832 Et
765 2774 825 2832 in
856 2773 1028 2831 titulo
1058 2772 1215 2831 beati
1236 2771 1461 2844 Cyriaci
1493 2768 1764 2843 martyris
1794 2767 2008 2827 obtulit
2035 2769 2412 2842 Evangelium
2444 2788 2630 2828 unum
2655 2790 2725 2831 ex
2754 2779 2996 2847 argento
3026 2776 3343 2849 purissimo
3371 2779 3443 2833 ad
3474 2778 3601 2834 lau-

328 2877 465 2933 dem
480 2879 541 2931 et
560 2873 809 2948 gloriam
830 2872 1019 2945 ipsius
1040 2869 1316 2927 ecclesiae.
1340 2867 1444 2924 His
1464 2867 1664 2939 itaque
1687 2867 1938 2939 peractis
1962 2868 2237 2940 praefatus
2260 2868 2638 2926 beatissimus
2657 2887 2811 2945 papa
2828 2872 3011 2929 nimio
3033 2890 3229 2931 amore
3250 2875 3602 2932 constrictus

212 2974 290 3030 10
328 2972 390 3029 in
423 2971 668 3029 ecclesia
696 2968 1008 3027 beatse‘Dei
1035 2965 1346 3026 Genitricis
1373 2980 1723 3037 semperque
1743 2963 2002 3038 Virginis
2042 2964 2237 3022 Mariae
2278 2966 2528 3022 domina:
2564 2973 2944 3042 nostrm,quze
2978 2971 3215 3044 ponitur
3242 2976 3408 3031 trans
3439 2974 3605 3032 Tibe-

327 3071 464 3137 rim,
484 3070 752 3127 absidem
784 3068 1067 3140 majorem
1099 3063 1287 3139 ipsius
1316 3061 1594 3131 ecclesiae,
1618 3062 1678 3117 in
1710 3061 1900 3121 ruinis
1921 3063 2197 3134 positam,
2217 3063 2443 3120 noviter
2470 3067 2647 3137 atque
2667 3083 2701 3122 a
2718 3067 3120 3126 fundamentis
3148 3070 3366 3127 faciens
3383 3072 3456 3129 ad
3479 3089 3603 3129 me-

334 3170 535 3227 liorem
564 3168 748 3227 erexit
767 3171 1010 3225 statum.
1031 3168 1339 3223 Fenestras
1375 3178 1512 3219 vero
1529 3161 1730 3217 vitreis
1761 3159 2054 3217 coloribus
2088 3160 2334 3232 ornavit,
2358 3166 2414 3219 et
2443 3162 2671 3235 pictura
2698 3165 2910 3222 musivi
2948 3167 3257 3225 decoravit.
3282 3169 3515 3227 Necnon
3545 3174 3604 3233 et

325 3268 618 3344 porticum
649 3270 824 3341 atque
852 3262 1261 3339 baptisterium
1293 3276 1429 3317 cum
1460 3258 1794 3327 secretario,
1816 3258 2017 3314 omnia
2044 3261 2103 3315 et
2128 3258 2189 3314 in
2222 3258 2496 3316 omnibus
2528 3265 2688 3318 sarta
2712 3266 2866 3319 tecta
2886 3265 3110 3322 noviter
3137 3267 3452 3323 renovavit.
3478 3267 3602 3324 Cm-

330 3365 647 3432 meterium
667 3381 803 3422 vero
830 3362 985 3420 beati
1018 3359 1197 3421 Marci
1227 3358 1580 3417 confessoris
1610 3361 1784 3429 atque
1814 3355 2130 3428 pontiﬁcis,
2153 3357 2310 3428 quod
2342 3358 2580 3430 ponitur
2606 3359 2745 3415 foris
2775 3364 3004 3433 portam
3030 3363 3298 3437 Appiam,
3322 3366 3383 3420 in
3415 3364 3602 3421 ruinis
3680 3374 3687 3377 ‘

214 3467 292 3529 15
320 3466 449 3539 jam
481 3463 761 3539 positum,
785 3460 1024 3525 omnino
1056 3456 1428 3516 restauravit.
1448 3456 1683 3513 Necnon
1713 3457 1770 3511 et
1789 3453 1849 3509 in
1874 3452 2119 3510 ecclesia
2138 3454 2441 3511 beatorum
2463 3457 2618 3512 Petri
2642 3460 2698 3514 et
2721 3458 3042 3515 Marcellini
3063 3465 3407 3536 martyrum,
3431 3465 3603 3535 cujus

333 3566 554 3620 tectum
577 3562 705 3634 jam
733 3561 1020 3617 vetustate
1042 3556 1303 3635 positum
1331 3554 1594 3611 vicinum
1625 3552 1807 3613 ruina:
1836 3551 2142 3620 existebat,
2166 3552 2447 3625 depositis
2476 3554 2894 3625 vetustissimis
2943 3558 3211 3617 trabibus
3244 3564 3302 3616 et
3328 3560 3462 3617 aliis
3492 3561 3610 3620 im:

330 3660 560 3735 positis,
594 3658 818 3716 noviter
845 3656 1044 3730 ipsum
1073 3658 1294 3711 tectum
1321 3657 1495 3726 atque
1524 3650 1817 3724 porticum
1856 3649 1917 3706 in
1946 3650 2195 3706 circuitu
2228 3650 2427 3707 omnia
2456 3653 2679 3708 noviter
2708 3656 3075 3712 restauravit.

403 3757 555 3827 518
589 3757 654 3814 In
684 3753 931 3812 basilica
953 3769 1188 3826 quoque
1209 3752 1337 3824 jam
1368 3750 1583 3823 saepius
1603 3748 1743 3805 dicti
1765 3747 1982 3822 egregii
2006 3748 2262 3805 doctoris
2283 3748 2490 3805 mundi
2512 3750 2664 3806 beati
2688 3750 2850 3807 Pauli
2873 3753 3119 3824 apostoli
3141 3754 3328 3810 isdem
3362 3756 3605 3814 antistes

326 3853 746 3917 sanctissimus
767 3852 1119 3911 Benedictus
1144 3847 1358 3923 praesul
1379 3847 1762 3921 pulcherrimi
1784 3846 2008 3903 decoris
2040 3850 2160 3903 rete
2181 3847 2400 3903 factum
2437 3848 2586 3903 miro
2606 3865 2778 3920 opere
2806 3853 2995 3905 totum
3018 3867 3087 3906 ex
3105 3851 3356 3924 gemmis
3376 3852 3603 3909 alvabe-

329 3954 412 4010 ris
433 3956 491 4019 et
509 3951 688 4010 bullis
721 3950 935 4019 aureis,
961 3947 1269 4007 conclusas
1286 3945 1462 4004 etiam
1490 3944 1806 4018 auripetias
1829 3944 1890 4000 in
1922 3961 1985 4001 se
2014 3943 2238 4002 habens
2269 3944 2865 4015 smaltitas,videlicet
2894 3948 3102 4020 majori
3133 3966 3379 4006 numero
3398 3950 3605 4024 viginti

331 4066 534 4119 unam,
557 4066 694 4106 cum
725 4046 857 4104 aliis
887 4045 1109 4120 pariter
1137 4044 1496 4112 minoribus;
1533 4058 1760 4099 necnon
1793 4045 1852 4098 et
1880 4041 2224 4098 amendulas
2254 4059 2463 4098 aureas
2484 4059 2728 4100 numero
2760 4044 3056 4113 undecim,
3081 4049 3139 4102 et
3157 4062 3421 4119 gemmas
3443 4047 3608 4122 chry-

249 4152 291 4208 5
328 4147 593 4217 soclavas
624 4146 945 4221 pendentes
975 4159 1222 4200 numero
1253 4142 1477 4210 decem,
1512 4156 1728 4214 magno
1768 4155 1967 4196 amore
1996 4140 2271 4214 praecepit
2310 4140 2459 4210 fieri,
2490 4146 2547 4197 et
2577 4157 2754 4214 super
2782 4148 3293 4200 sacrumsanctum
3324 4144 3503 4202 altare
3532 4146 3605 4202 ad

329 4246 610 4304 honorem
638 4242 900 4318 Apostoli
929 4242 1177 4300 offerens
1204 4239 1456 4314 pendere
1476 4239 1658 4312 jussit
1686 4238 1941 4296 assidue.
1961 4237 2179 4294 Verum
2219 4238 2396 4295 etiam
2439 4238 2688 4296 aethereo
2718 4245 3106 4313 compunctus
3137 4247 3285 4298 nutu
3317 4258 3598 4316 magnam

331 4347 549 4403 sanctae
578 4340 857 4411 ecclesiis,
880 4344 947 4397 ut
974 4340 1220 4398 idoneus
1247 4336 1464 4395 Christi
1496 4336 1789 4405 minister,
1815 4351 2018 4394 curam
2039 4336 2212 4392 corde
2238 4336 2557 4410 purissimo
2586 4336 2987 4396 indesinenter
3008 4355 3237 4413 gerens,
3260 4343 3481 4397 textum
3504 4341 3611 4397 sci-

329 4442 467 4499 licet
495 4444 554 4498 et
579 4438 919 4507 voluminis,
940 4439 1001 4507 in
1033 4455 1149 4512 quo
1180 4440 1452 4494 constant
1476 4452 1622 4492 verae
1666 4433 2095 4508 praedicationis
2125 4434 2308 4504 Pauli,
2331 4434 2597 4492 videlicet
2625 4436 2898 4509 apostoli,
2930 4441 2988 4493 et
3035 4437 3283 4494 aliorum
3314 4438 3606 4512 apostolo-
3670 4468 3677 4475 ι

332 4556 467 4597 rum
494 4537 765 4611 Epistolas
808 4540 985 4610 atque
1034 4534 1452 4610 prophetarum
1484 4532 1889 4591 ordinabiliter
1918 4533 2246 4589 constituta
2276 4531 2576 4601 lectiones,
2604 4550 2730 4606 quae
2761 4551 2796 4590 a
2825 4535 3284 4592 subdiaconibus
3331 4535 3608 4609 leguntur

215 4639 288 4697 10
328 4653 434 4711 per
462 4638 703 4692 cunctas
728 4620 1107 4691 ecclesiarum
1140 4632 1421 4692 stationes
1452 4648 1614 4689 more
1642 4630 1835 4701 solito,
1862 4647 2100 4687 sursum
2133 4630 2195 4685 in
2225 4630 2475 4688 amboue
2504 4635 2740 4704 raptum
2771 4631 2860 4687 vel
2891 4632 3184 4704 perditum
3214 4650 3248 4688 a
3278 4638 3480 4691 sancta
3510 4650 3608 4691 ec-

330 4731 513 4790 clesia
540 4732 724 4788 fuisse
753 4730 1103 4805 percipiens,
1126 4734 1334 4803 captus
1362 4746 1578 4803 magna
1594 4728 2041 4802 vehementique
2062 4727 2451 4784 sollicitudine
2471 4728 2588 4785 tale
2609 4728 2853 4802 dignum
2880 4728 3150 4786 similiter
3167 4729 3441 4787 volumen
3467 4749 3611 4807 prte-

332 4847 539 4905 parare
569 4829 819 4896 studuit,
843 4829 905 4885 in
936 4845 1053 4900 quo
1096 4832 1325 4885 Graecas
1353 4832 1408 4884 et
1439 4826 1676 4884 Latinas
1733 4826 2032 4894 lectiones,
2059 4842 2206 4898 quas
2237 4825 2331 4881 die
2366 4826 2624 4883 Sabbato
2683 4829 2883 4884 sancto
2942 4827 3196 4901 Paschze,
3227 4828 3524 4903 simulque
3552 4833 3612 4888 et

332 4932 535 4987 sancto
567 4926 936 4983 Pentecostes
965 4924 1308 4982 subdiaconi
1342 4923 1554 4996 .legere
1586 4923 1745 4979 soliti
1786 4926 1924 4979 sunt
1972 4922 2307 4994 Scripturas
2338 4922 2577 4995 adjungi
2613 4923 2904 4995 praecepit,
2930 4923 3209 4998 mirasque
3253 4927 3611 5000 operationis

334 5023 554 5080 tabulis
584 5022 875 5097 argenteis
907 5023 1180 5079 decenter
1209 5022 1501 5077 adornans
1532 5024 1745 5076 sanctae
1776 5019 2030 5076 ecclesiae
2061 5020 2336 5075 Romanae
2366 5018 2614 5076 libenter
2641 5020 2872 5077 obtulit.

408 5119 563 5178 574
593 5120 783 5192 Hujus
813 5118 1180 5193 temporibus
1211 5116 1481 5185 Michael,
1511 5116 1671 5173 ﬁlius
1690 5116 1995 5189 Theophili
2027 5116 2401 5189 imperatoris
2420 5117 3077 5192 Coustantinopolitanw
3103 5122 3267 5178 urbis
3296 5122 3613 5193 imperator

332 5216 406 5273 ob
439 5233 700 5273 amorem
735 5217 1132 5290 apostolorum
1163 5214 1328 5272 misit
1357 5216 1428 5271 ad
1461 5216 1697 5271 beatum
1729 5214 1963 5270 Petrum
1995 5213 2328 5287 apostolum
2361 5215 2582 5271 donum
2615 5232 2718 5288 per
2746 5233 2990 5273 manum
3023 5218 3221 5274 Lazari
3255 5214 3524 5272 monachi
3553 5218 3613 5271 et

332 5313 588 5388 pictoriaa
619 5315 766 5372 artis
798 5314 981 5373 nimie
1010 5315 1247 5383 eruditi,
1270 5329 1479 5388 genere
1504 5330 1639 5370 vero
1662 5312 1892 5381 Chazai,
1916 5311 1975 5368 id
2009 5316 2098 5369 est
2125 5311 2506 5385 Evangelium
2537 5314 2610 5370 de
2638 5332 2780 5371 auro
2819 5315 3138 5389 purissimo
3185 5330 3319 5370 cum
3366 5309 3611 5368 diversis

332 5411 630 5485 lapidibus
662 5412 938 5486 pretiosis
964 5429 977 5469 :
1013 5412 1254 5471 calicem
1284 5428 1418 5469 vero
1447 5409 1721 5467 similiter
1748 5411 1821 5466 de
1849 5426 1990 5467 auro
2035 5413 2093 5466 et
2138 5410 2435 5484 lapidibus
2466 5411 2922 5485 circumdatum,
2953 5411 3193 5467 reticulo
3225 5409 3510 5481 pendente
3540 5409 3613 5465 de

252 5510 294 5567 5
333 5510 585 5582 gemmis
615 5509 766 5567 albis
796 5509 1069 5584 pretiosis
1098 5510 1258 5567 mirae
1290 5508 1749 5583 pulchritudinis
1771 5510 2130 5576 decoratum,
2154 5513 2210 5565 et
2229 5509 2357 5565 vela
2387 5510 2502 5566 duo
2527 5511 2598 5567 de
2628 5510 2874 5579 olovero,
2901 5526 3036 5566 cum
3058 5524 3229 5563 cruce
3259 5507 3330 5563 de
3360 5506 3609 5580 olovero,

334 5612 393 5664 et
419 5607 560 5666 lista
592 5607 869 5665 similiter
898 5607 970 5665 de
1000 5607 1396 5682 chrysoclavo,
1419 5612 1476 5664 et
1505 5624 1685 5681 parva
1715 5607 2075 5680 coopertoria
2115 5606 2303 5681 ipsius
2336 5608 2557 5677 calicis,
2581 5609 2735 5666 sicut
2784 5624 2912 5664 mos
2942 5606 3270 5662 Graecorum
3303 5609 3411 5661 est.
3436 5605 3614 5663 Simi-

335 5703 470 5762 liter
497 5710 555 5762 et
580 5710 802 5763 vestem
834 5706 907 5763 de
938 5722 1202 5778 purpura
1230 5705 1519 5779 imperiali
1550 5706 1777 5762 munda
1806 5723 1983 5779 super
2010 5706 2192 5763 altare
2223 5707 2419 5779 majus
2449 5723 2518 5763 ex
2547 5706 2707 5763 omni
2738 5707 2902 5779 parte
2933 5719 3068 5760 cum
3112 5702 3360 5761 historia
3390 5707 3446 5761 et
3475 5720 3613 5761 can-

333 5802 497 5861 cellis
525 5810 582 5861 et
614 5803 769 5861 rosis
790 5805 869 5861 de
899 5801 1304 5876 .chrysoclavo,
1328 5819 1554 5877 magnae
1603 5803 2064 5878 pulchritudinis
2110 5805 2472 5878 deornatam,
2502 5805 2677 5865 etiam
2706 5806 2764 5863 et
2792 5800 2987 5863 velum
3018 5803 3090 5863 de
3118 5802 3375 5863 stauraci
3404 5820 3615 5877 unum,

333 5915 471 5964 cum
501 5917 675 5964 cruce
703 5901 775 5964 de
804 5901 1181 5982 chrysoctavo
1210 5904 1269 5966 et
1294 5901 1507 5968 litteris
1537 5904 1610 5968 de
1641 5920 1782 5969 auro
1813 5903 2048 5968 Graecis.

511 6001 780 6069 Peraea.
823 6002 1134 6071 CXXVIII.
3214 6004 3294 6070 43
