4058 6162
265 106 413 169 1357
1016 108 1385 172 HISTORIA
1427 108 1530 171 DE
1573 109 1780 174 VITIS
1825 107 2015 173 ROM.
2059 108 2291 173 pom.
2320 144 2397 156 -
2424 110 2805 176 NICOLAUS
2849 110 2899 171 1.
2974 74 2977 81 ’
3494 66 3659 173 isse

1574 347 1763 418 CVII.
1823 346 2238 418 NICOLAUS
2289 348 2341 417 Ι.

1152 503 1306 541 ANNO
1344 502 1568 543 CHRISTI
1607 489 1737 557 858,
1778 503 2039 544 LUDOVlCl
2077 505 2120 544 ιι
2157 489 2211 557 3,
2255 503 2554 544 MICHAELIS
2593 505 2656 543 in
2694 487 2763 543 47

1750 612 2148 624 —__

471 703 616 761 517
665 703 960 773 Nicolaus,
1010 706 1245 763 natione
1291 707 1614 781 Romanus,
1666 726 1735 767 ex
1780 714 1946 783 patre
1991 711 2292 768 Theodoro
2341 708 2685 783 regionario,
2739 707 2891 764 sedit
2941 724 3126 764 annos
3149 725 3375 778 novem,
3426 724 3660 764 menses

398 801 572 869 duos,
601 802 727 859 dies
753 801 1177 877 viginti.Hujus
1206 805 1468 879 insignes
1498 806 1823 863 beatissimi
1854 812 2021 864 actus
2051 807 2328 864 omnibus
2359 824 2393 863 a
2421 806 2739 880 primordio
2773 805 3034 878 pueritiae
3066 823 3183 861 suae
3214 805 3661 873 fulserunt,inta

398 898 625 971 etisque
654 899 917 957 moribus
948 900 1499 970 claruerunt.Tanta
1527 905 1684 961 enim
1717 922 2019 962 sacrorum
2043 911 2314 979 comptus
2343 912 2466 962 erat
2494 903 2929 978 pulchritudine
2957 910 3291 976 operum,ut
3312 903 3456 958 nihil
3477 903 3656 971 ludis,

398 996 663 1070 nihilque
693 1001 759 1054 ut
784 998 950 1072 pueri
981 999 1171 1057 solent
1199 1000 1507 1058 inhoneste
1535 1002 2203 1060 delectaretur.Vacabat
2220 1008 2417 1060 autem
2448 1002 2740 1076 patientia;
2770 1007 2826 1057 et
2855 1000 3449 1073 sobrietati,fragrans
3472 998 3663 1055 humi-

325 1097 360 1152 5
398 1094 581 1166 litate,
609 1095 978 1169 puritateque
1006 1098 1492 1171 praecipua.Pater
1518 1117 1653 1157 vero
1682 1102 1812 1172 ejus
1832 1100 2163 1157 liberalium
2196 1117 2331 1158 cum
2360 1100 2569 1157 fuisset
2598 1104 2826 1157 amator
2855 1098 3094 1164 artium,
3124 1102 3180 1153 et
3227 1096 3661 1153 nobilissimum

397 1184 639 1266 polleret
667 1193 953 1261 fomitem,
985 1197 1163 1252 castis
1188 1196 1263 1269 (a)
1294 1213 1429 1253 eum
1458 1196 1763 1254 elementis
1794 1198 2182 1271 almiﬁcisque
2208 1199 2422 1255 ritibus
2449 1198 2743 1266 imbuens,
2761 1196 3090 1251 litterarum
3112 1195 3329 1251 studiis
3350 1200 3407 1250 et
3426 1193 3665 1266 optimis

399 1291 625 1350 artibus
654 1292 1114 1365 perornabat,ita
1142 1298 1207 1349 ut
1236 1293 1398 1350 nulla
1428 1310 1728 1351 sacrorum
1759 1294 1983 1368 species
2005 1300 2331 1352 remaneret
2350 1294 2818 1368 disciplinarum,
2852 1309 3029 1365 quam
3057 1292 3304 1348 internis
3325 1295 3665 1363 conceptam

396 1389 720 1447 visceribus
739 1405 975 1463 suaeque
995 1390 1314 1464 cognitioni
1335 1392 1664 1448 traductam
1687 1409 1804 1449 non
1824 1391 2297 1450 haberet.Gliscit
2309 1397 2509 1449 autem
2529 1391 2831 1458 membris,
2847 1390 3041 1465 gliscit
3068 1394 3124 1446 et
3139 1389 3669 1462 sapientia,clarus,

402 1487 691 1544 modestia
730 1488 938 1560 fretus,
953 1487 1201 1545 scientia
1216 1489 1552 1546 decoratus:
1577 1490 1971 1562 probabilium
2001 1507 2212 1563 nempe
2243 1507 2474 1547 morum
2498 1490 2545 1546 si
2565 1506 2935 1562 quocumque
2955 1489 3107 1545 viros
3135 1488 3494 1559 conspiceret
3520 1488 3669 1560 loco,

290 1585 364 1644 40
399 1584 663 1642 concitus
679 1584 973 1642 adhaerere
984 1586 1256 1642 studebat
1271 1585 1506 1660 illisque
1524 1587 2444 1661 gratulabaturoptime.Cumque
2456 1605 2589 1644 clm
2608 1586 3064 1659 prudentissimo
3085 1591 3247 1659 patre
3259 1587 3331 1641 ad
3353 1585 3670 1658 quemdam

400 1682 809 1740 beatissimum
838 1683 1039 1740 crebro
1067 1684 1259 1741 virum
1291 1685 1718 1758 accederet,qui
1747 1686 1936 1743 sancti
1959 1703 2061 1759 per
2077 1685 2529 1743 illustrationem
2549 1684 2800 1758 Spiritus
2818 1684 2989 1757 plura
3004 1684 3274 1740 fidelibus
3295 1683 3666 1756 praedicabat,

402 1781 597 1856 amplo
626 1798 762 1838 eum
794 1781 1091 1839 asserebat
1120 1781 1179 1836 in
1207 1781 1462 1839 culmine
1491 1784 2139 1842 ascensurum.Decoris
2163 1784 2321 1840 enim
2340 1783 2534 1839 intimi
2562 1782 3028 1857 magnitudinem
3055 1783 3313 1851 intuens,
3336 1780 3670 1852 mentisque

401 1878 770 1936 dulcedinem
808 1894 1134 1948 coruscare,
1167 1878 1348 1952 hujus
1386 1880 1751 1938 ordinatione
1781 1882 1853 1938 ad
1885 1882 2194 1939 clericatus
2226 1882 2543 1954 perductus
2570 1885 2658 1938 est
2682 1882 2968 1952 ordinem,
2996 1882 3153 1954 quod
3183 1879 3377 1937 divino
3407 1883 3672 1937 senserat

404 1980 552 2033 nutu
581 1975 796 2034 futuris
817 1976 1180 2049 temporibus
1202 1976 1813 2052 impleretur.Sergius
1828 1996 1998 2052 porro
2015 1979 2227 2051 praesul
2248 1979 2308 2035 in
2326 1996 2571 2036 summae
2587 1979 2835 2036 actionis
2856 1997 2991 2036 cum
3009 1980 3243 2053 fastigia
3260 1979 3672 2037 conscendisse

294 2077 366 2132 15
403 2091 539 2131 eum
571 2074 1133 2146 audiret,parentum
1163 2074 1330 2131 illum
1362 2076 1658 2133 deducens
1687 2076 1760 2132 ab
1789 2076 2012 2134 aedibus
2032 2076 2092 2133 in
2120 2076 2473 2152 patriarcbio
2492 2076 2783 2144 locevit,et
2810 2079 2870 2133 in
2903 2078 3360 2135 subdiaconatus
3382 2093 3486 2150 per
3505 2078 3675 2133 bene-

403 2171 678 2229 dictionis
706 2171 956 2244 gratiam
986 2171 1292 2228 constituit
1319 2173 1599 2246 gradu.In
1629 2173 2038 2246 quo,mirificis
2068 2173 2575 2230 observationibus
2605 2175 2843 2245 degens,
2877 2175 3095 2233 caelesti
3123 2177 3427 2233 fovebatur
3446 2176 3671 2231 ardore.

405 2270 605 2343 Sergio
631 2286 764 2325 vero
796 2286 949 2342 papa
976 2269 1048 2326 ab
1078 2269 1187 2326 hac
1218 2269 1583 2343 corruptibili
1611 2270 1730 2327 vita
1761 2272 2362 2339 subtracto,Romanaa
2393 2270 2663 2328 Ecclesiae
2696 2273 2808 2329 Leo
2831 2274 3229 2347 gubernacula
3248 2273 3461 2347 praasul
3484 2290 3678 2330 susce-

406 2368 510 2442 pit.
542 2367 650 2435 Qui
681 2367 743 2422 in
756 2382 822 2423 eo
835 2366 1159 2440 sapissime
1185 2367 1390 2423 videns
1421 2368 1858 2441 perseverantia:
1890 2369 2136 2438 fructus,
2171 2368 2396 2442 ingenti
2442 2368 2610 2425 illum
2632 2369 2945 2428 diaconum
2978 2372 3674 2429 consecravitdilectione.

406 2466 523 2523 Hoc
553 2465 771 2539 quippe
816 2482 883 2522 eo
927 2464 989 2520 in
1039 2465 1243 2521 ordine
1274 2465 1670 2535 ministrante,
1703 2470 1869 2523 tanta
1898 2466 1982 2522 illi
2013 2467 2266 2539 desuper
2311 2483 2589 2525 concessa
2638 2467 2827 2525 fuerat
2851 2471 3129 2542 gratia,ut
3158 2488 3403 2528 summae
3434 2471 3679 2528 actionis

294 2567 371 2622 2O
408 2582 442 2622 a
471 2563 699 2621 cunctis
728 2567 1060 2621 cerneretur
1086 2563 1541 2637 perfectionibus
1573 2563 2159 2621 rutilare.Amabatur
2186 2568 2385 2621 autem
2406 2582 2441 2621 a
2459 2564 2674 2636 clero,a
2688 2565 2989 2625 nobilibus
3009 2566 3443 2638 laudabatur,et
3463 2586 3495 2625 a
3513 2568 3681 2641 plebe

408 2661 760 2736 magnificus
797 2661 1127 2719 amabatur.

483 2760 635 2819 578
665 2760 743 2834 (Ιι)
774 2760 965 2817 Leone
994 2758 1218 2816 scilicet
1247 2776 1399 2835 papa
1425 2759 1721 2829 defuncto,
1756 2758 2103 2816 Benedictus
2134 2758 2295 2815 mira:
2326 2759 2708 2818 beatitudinis
2736 2761 2825 2817 vir
2851 2765 2909 2819 et
2951 2762 3387 2819 sacratissimus
3424 2763 3684 2835 pontifex

410 2874 666 2932 superno
696 2861 993 2932 protectus
1022 2857 1237 2914 auxilio
1269 2858 1541 2913 Romanae
1572 2856 1930 2930 praeponitur
1958 2856 2347 2930 scdi,suaaque
2375 2855 2545 2912 illum
2576 2857 3069 2916 administrationi
3099 2860 3495 2932 conjunxit,eo
3524 2861 3681 2934 quod

412 2956 601 3029 magis
631 2954 800 3011 illum
831 2971 1009 3027 quam
1039 2972 1158 3011 suae
1187 2953 1720 3028 consanguinitatis
1751 2954 2115 3027 prepinquos
2145 2953 2366 3019 dilexit,
2397 2953 2479 3009 ita
2500 2958 2565 3010 ut
2594 2971 2699 3027 per
2723 2955 2944 3012 nullius
2973 2956 3128 3013 hora:
3160 2962 3523 3013 momentum
3556 2958 3683 3014 sine

410 3053 510 3111 illo
538 3070 667 3111 esse
698 3050 1407 3124 delectaretur.Quidquid
1437 3051 1968 3108 ecclesiasticarum
2000 3067 2196 3106 rerum
2228 3050 2581 3108 utilitatibus
2607 3052 2948 3110 intuebatur
2968 3071 3286 3128 congruere
3310 3072 3445 3111 cum
3467 3072 3534 3112 eo
3556 3072 3684 3128 pro-

338 3155 373 3210 5
412 3150 685 3225 mulgans
716 3149 1051 3206 difﬁnitioni
1081 3149 1370 3219 tradebat,
1403 3148 1906 3222 prudentissimus
1955 3149 2049 3205 sui
2096 3148 2500 3222 contemplans
2546 3151 2773 3207 arbitrii
2820 3169 2980 3226 opes,
3013 3170 3342 3226 sensusque
3366 3153 3683 3212 clarescere

409 3250 716 3318 virtutem;
748 3248 1056 3320 utriusque
1083 3246 1240 3304 enim
1270 3264 1503 3320 semper
1530 3248 1903 3304 observantia
1921 3247 2157 3304 utiliora
2180 3264 2287 3303 suo
2308 3248 2613 3305 conamine
2635 3249 2995 3306 faciebat.Ad
3017 3256 3276 3308 extrema
3295 3252 3535 3324 quidem
3553 3250 3682 3306 vitae

412 3348 751 3421 perductus,
784 3346 1050 3420 pretiosae
1110 3345 1366 3402 cohortis
1423 3345 1663 3402 calicem
1716 3345 1990 3419 sumpsit,
2025 3346 2269 3418 suisque
2320 3364 2454 3404 eum
2506 3347 2769 3404 humeris
2800 3364 2934 3404 cum
2980 3348 3173 3405 adhuc
3206 3350 3487 3406 diaconus
3533 3351 3688 3406 esset

415 3462 601 3519 usque
655 3445 728 3502 ad
760 3444 1007 3517 apostoli
1037 3443 1363 3501 beatissimi
1395 3443 1545 3500 Petri
1576 3443 1881 3500 basilicam
1914 3459 2049 3499 cum
2081 3443 2213 3500 alils
2243 3444 2589 3501 diaconibus
2622 3448 2862 3518 gestans
2878 3446 3131 3518 propriis
3152 3446 3426 3502 manibus
3458 3445 3686 3502 tumulo

369 3529 382 3539 ”
416 3541 735 3612 collocavit,
768 3539 1098 3599 dilectionis
1123 3542 1428 3613 praemium
1460 3542 1724 3615 pandens
1754 3542 1910 3614 quod
1941 3540 2096 3598 circa
2124 3558 2260 3598 eum
2290 3542 2562 3611 habebat,
2589 3546 2648 3599 et
2676 3541 2893 3599 amoris
2919 3542 3275 3615 ingritatem.

489 3641 640 3698 579
670 3641 749 3697 Eo
779 3643 975 3697 autem
1004 3642 1267 3712 tempore
1296 3638 1719 3696 invictissimus
1744 3644 1925 3696 Roma
1956 3639 2285 3697 Ludovicus
2315 3640 2504 3697 Caesar
2533 3640 2901 3697 discesserat.
2932 3641 3040 3707 Qui
3070 3643 3199 3713 ejus
3220 3659 3356 3698 cum
3372 3641 3689 3698 transitum

418 3735 1125 3812 cognovisset,condolens
1145 3740 1201 3793 et
1221 3736 1485 3793 concitus
1505 3738 1577 3792 ad
1601 3753 1730 3792 eam
1749 3754 2014 3794 reversus
2034 3742 2141 3794 est.
2151 3737 2399 3794 Romani
2419 3737 2636 3811 quippe
2652 3742 2811 3794 tanto
2829 3743 3058 3810 pastore
3071 3738 3288 3795 amisso
3312 3738 3691 3795 maestissimo

420 3836 641 3911 gemitu
663 3835 951 3909 lacrymas
981 3833 1687 3906 suﬂ'undebanLCumque
1713 3834 2201 3907 clerus,proceres
2225 3839 2283 3891 et
2312 3836 2665 3908 optimatum
2696 3850 2885 3907 genus
2916 3840 3428 3909 congregarentur,
3444 3835 3692 3908 jejuniis

422 3924 481 3992 et
508 3934 872 3992 orationibus
901 3938 1076 4007 atque
1102 3932 1318 4007 vigiliis
1347 3933 1717 4001 insistebant,
1752 3932 2202 4006 incessabilique
2231 3933 2548 3990 Dominum
2578 3934 2895 3990 certamine
2922 3934 3330 4002 obsecrabant,
3357 3938 3422 3989 ut
3458 3933 3692 4007 qualem

351 4037 386 4090 5
423 4032 743 4090 amiserant
771 4031 947 4089 talem
981 4030 1098 4088 illis
1130 4030 1472 4104 dignaretur
1499 4031 1803 4087 ostendere
1832 4030 2043 4099 virum,
2068 4030 2444 4103 pontiﬁcatus
2476 4048 2650 4103 quem
2680 4031 2937 4087 culmine
2978 4031 3368 4088 sublevarent.
3402 4031 3531 4087 Haec
3558 4047 3691 4087 vero

423 4147 560 4188 cum
589 4129 1013 4205 gererentur,in
1044 4128 1288 4186 basilica
1316 4127 1467 4185 beati
1496 4128 1755 4202 Dionysii
1787 4128 2139 4185 confessoris
2170 4132 2345 4200 atque
2373 4129 2669 4202 pontiﬁcis
2699 4145 2830 4185 cum
2865 4129 3137 4186 universo
3167 4129 3384 4203 populo
3417 4144 3695 4185 convene-

425 4233 584 4285 runt.
619 4228 684 4284 In
715 4244 835 4301 qua
861 4242 967 4299 per
994 4225 1232 4299 aliquod
1266 4225 1526 4299 spatium
1558 4224 1998 4281 confabulantes
2028 4225 2308 4281 horarum
2356 4224 2580 4282 sidereo
2627 4226 2857 4283 accensi
2902 4226 3126 4300 fulgore
3177 4226 3490 4282 unanimes
3522 4225 3693 4282 illum
3736 4286 3737 4289 η

364 4308 369 4311 ⁷
427 4325 758 4399 apostolicis
779 4323 937 4382 sedis
964 4322 1274 4398 praesulem
1306 4341 1434 4381 esse
1463 4326 1865 4390 sanxerunt,et
1892 4322 2063 4379 celeri
2095 4339 2301 4397 gressu
2330 4323 2612 4397 principis
2644 4323 3039 4396 apostolorum
3071 4324 3221 4380 Petri
3251 4323 3527 4380 continuo
3548 4322 3695 4379 aula:

429 4421 969 4498 properaverunt,in
1001 4439 1120 4496 qua
1142 4422 1487 4497 confugiens
1505 4421 2201 4479 latitabat.Dicebatenim
2232 4421 2542 4495 indignum
2573 4439 2635 4479 se
2664 4421 2811 4479 tanti
2826 4421 3129 4495 regiminis
3148 4420 3547 4495 gubernacula
3569 4437 3701 4478 esse

320 4522 392 4581 40
428 4521 1163 4594 suscepturum.Impetum
1192 4537 1325 4578 vero
1356 4519 1457 4594 qui
1486 4521 1729 4577 aderant
1757 4520 2055 4589 facientes,
2087 4519 2403 4576 virtutibus
2433 4519 2603 4577 illum
2634 4521 2705 4576 de
2735 4520 2940 4576 eadem
2981 4518 3227 4576 basilica
3268 4518 3697 4589 abstrahentes,

430 4620 614 4676 sacris
642 4618 1166 4677 acclamationibus
1198 4618 1260 4675 in
1291 4618 1714 4692 patriarchium
1766 4619 2155 4675 Lateranense
2185 4618 2650 4687 introduxerunt,
2681 4615 3116 4690 apostolicoque
3162 4616 3306 4673 solio
3354 4620 3699 4689 posuerunt.

432 4716 812 4774 Postmodum
839 4734 973 4774 vero
1004 4734 1040 4773 a
1066 4715 1572 4773 nobilissimorum
1605 4716 1850 4773 coetibus
1880 4719 2207 4788 cunctaque
2228 4716 2405 4772 etiam
2427 4715 2640 4789 populo
2662 4715 2721 4770 in
2742 4713 3046 4770 basilicam
3071 4713 3221 4769 beati
3244 4713 3395 4770 Petri
3415 4714 3702 4779 deductus

432 4814 680 4888 apostoli
710 4818 994 4888 praesente
1024 4814 1247 4871 Cmsare
1276 4818 1652 4870 consecratus
1684 4818 1793 4885 est,
1827 4813 2265 4887 apostolicaque
2305 4814 2659 4870 sublimatus
2703 4813 2763 4868 in
2808 4813 2945 4869 sede
2996 4812 3182 4869 factus
3215 4817 3304 4869 est
3334 4812 3611 4887 pontifex,
3646 4816 3705 4870 et

435 4913 752 4969 missarum
785 4912 1068 4969 solemnia
1097 4929 1278 4984 supra
1306 4911 1776 4968 sacratissimum
1806 4929 2017 4984 corpus
2048 4911 2296 4984 apostoli
2326 4912 2590 4968 beatifice
2619 4910 2950 4967 celebravit.
2983 4910 3091 4978 Qui
3119 4910 3318 4968 densis
3349 4911 3702 4984 optimatum

329 5011 400 5067 15
435 5009 755 5084 populique
783 5009 1117 5084 agminibus
1129 5026 1265 5065 cum
1281 5008 1516 5083 hymnis
1529 5012 1587 5064 et
1597 5009 1842 5066 canticis
1869 5009 2232 5082 spiritalibus
2244 5008 2302 5064 in
2321 5007 2741 5081 patriarchium
2758 5008 2970 5065 iterum
2988 5009 3376 5066 Lateranense
3388 5008 3703 5081 perductus

435 5111 544 5164 est.
578 5109 898 5163 Coronatnr
927 5107 1199 5179 denique,
1233 5106 1383 5163 Urbs
1413 5105 1683 5175 exsultat,
1719 5106 1910 5164 clerus
1939 5107 2438 5176 lmtatur,senatus
2469 5111 2526 5163 et
2554 5106 2753 5179 populi
2784 5106 3087 5179 plenitudo
3118 5108 3427 5180 magniﬁce
3447 5102 3703 5178 gratula-

436 5204 832 5261 batur.Tertio
861 5204 1043 5278 igitur
1071 5203 1524 5262 consecrationis
1552 5204 1680 5276 ejus
1712 5204 1805 5260 die
1832 5205 2093 5278 Augusto
2123 5221 2474 5262 convescens
2504 5203 2789 5277 ophistico
2803 5205 2870 5279 (ο)
2886 5204 3101 5262 famine
3130 5203 3557 5277 resplendebat,
3582 5199 3705 5256 cla-

436 5302 723 5376 ritateque
754 5302 960 5376 plenus
989 5301 1337 5377 epulabatur
1361 5302 1421 5357 in
1452 5301 2017 5375 Christo.Finitoque
2047 5302 2291 5360 convivii
2325 5307 2607 5376 apparatu
2637 5303 3365 5377 consurgit,Czesaremque
3395 5297 3709 5371 specialem

440 5404 499 5458 et
524 5400 704 5457 veluti
734 5399 1151 5458 cbarissimum
1182 5399 1529 5458 deosculans
1561 5399 1748 5456 filium
1779 5401 2005 5457 imenso
2035 5400 2419 5457 circumdebit
2450 5418 2666 5458 amore.

513 5498 668 5557 580
696 5498 799 5555 His
829 5496 1027 5571 itaque
1055 5498 1237 5570 gestis
1265 5497 1681 5557 serenissimus
1710 5498 2029 5571 imperator
2054 5498 2190 5556 inde
2221 5499 2835 5573 discessit,sedemque
2864 5500 2924 5554 in
2953 5497 3079 5554 loco
3110 5495 3211 5568 qui
3233 5494 3485 5562 Quintus
3500 5494 3715 5553 dicitur

1500 5623 1752 5670 NOTULE
1789 5622 2170 5670 ιΑιιθιιιΑιεε
2213 5623 2508 5671 FABROTTI

304 5722 626 5874 “$613.0,
656 5720 908 5783 cunctis.
984 5720 1062 5793 (b)
1088 5734 1207 5778 ecce
1233 5721 1405 5782 Leoni
1428 5722 1514 5783 ιγ
1535 5737 1648 5782 non
1672 5722 1866 5783 Ιοαηη.
1895 5738 2044 5801 papa
2069 5724 2298 5799 fmina,
2328 5722 2422 5784 sed
2449 5722 2721 5783 Benedict.
2770 5718 3025 5780 succedit.
3102 5720 3175 5795 (ο)
3204 5718 3512 5802 ophistico,
3544 5720 3603 5781 id
3631 5729 3715 5787 est
