4058 6162
243 174 387 239 1361
998 174 1368 236 HISTORIA
1412 175 1515 237 DE
1556 176 1762 238 VITIS
1810 178 1845 238 ll

2046 177 2276 240 PONT.
2303 214 2378 223 ——
2401 176 2682 244 NICOLA
2695 181 2790 245 US
2836 181 2883 244 Ι.
3493 184 3648 247 1362

498 307 604 367 84
630 305 820 365 Simili
850 307 1022 366 modo
1053 307 1367 382 praeclarus
1398 313 1456 365 et
1484 309 1862 367 beatissimus
1892 311 2152 384 pontifex
2183 311 2317 369 fecit
2346 312 2405 369 in
2438 315 2794 373 monasterio
2826 316 3013 373 sancti
3043 314 3355 387 Valentini,
3376 319 3532 392 quod
3564 323 3656 378 est

370 411 634 481 positum
663 406 724 462 in
754 405 1047 463 territorio
1075 407 1407 475 Narniensi,
1433 408 1608 480 juxta
1637 409 2054 479 Interamnam,
2086 415 2307 467 vestem
2357 413 2429 468 de
2478 412 2724 469 fundato
2768 432 2968 484 unam,
3000 415 3313 473 habentem
3344 417 3651 476 historiam

375 513 654 573 Leonum,
684 509 743 561 et
770 506 835 561 in
860 504 1111 561 circuitu
1141 505 1461 578 myzinum.
1496 508 1643 563 Item
1674 507 2023 564 venerabilis
2052 512 2110 564 et
2136 509 2454 582 praeclarus
2484 511 2743 582 pontifex
2773 513 3020 570 formam
3054 531 3239 586 aquae,
3258 533 3386 587 quae
3412 522 3652 574 vocatur

371 604 569 671 Tocia,
603 608 664 660 at
691 619 827 660 vero
849 603 976 675 jam
1007 619 1111 676 per
1137 602 1366 660 evoluta
1394 620 1683 660 annorum
1715 604 1907 677 spatia
1932 605 2113 662 nimis
2145 608 2507 664 confractam
2538 608 2902 676 existentem,
2945 628 3049 683 per
3097 630 3275 685 quam
3303 614 3648 672 decurrebat

298 704 337 762 5
373 719 528 776 aqua
558 718 663 774 per
684 701 1087 757 centenarium
1106 700 1168 756 in
1191 701 1395 757 urbem
1418 702 1766 771 Romanam,
1794 720 1829 759 a
1847 703 2248 760 fundamentis
2267 707 2338 760 ad
2360 705 2765 762 fabricandum
2786 710 2960 780 atque
2976 712 3425 766 restaurandum
3442 714 3644 770 eadem

373 801 563 858 forma
582 798 946 872 praeparavit.
961 799 1178 856 Verum
1202 799 1378 856 etiam
1404 803 1460 857 et
1480 800 1539 855 in
1563 800 1809 857 ecclesia
1829 802 2093 874 ejusdem
2115 802 2215 858 Dei
2243 802 2555 859 Genitricis
2577 809 2635 861 et
2656 806 2884 860 Domini
2906 807 3089 862 nostri
3112 808 3251 864 Jesu
3274 808 3644 882 Christi,quaa

369 902 612 956 vocatur
632 896 966 966 Cosmedin,
989 897 1125 954 fecit
1142 897 1469 971 hOSpitium
1499 897 1729 972 largum
1750 916 1814 955 ac
1832 900 2180 972 spatiosum,
2200 901 2461 973 satisque
2478 902 2837 976 praecipuum
2857 905 2927 959 ad
2946 922 3113 977 opem
3139 910 3314 979 atque
3335 906 3646 964 utilitatem

371 996 739 1069 pontificum,
774 994 877 1052 ubi
908 999 1310 1069 opportunum
1340 995 1518 1053 fuerit
1548 1013 1683 1053 cum
1714 997 1992 1053 omnibus
2024 997 2126 1069 qui
2150 997 2236 1053 eis
2280 998 2643 1055 famulantur
2671 1000 3036 1074 amplissime
3068 1003 3417 1076 hospitetur.
3460 1004 3649 1060 Simili

369 1094 544 1150 modo
566 1096 623 1150 et
639 1093 699 1149 in
720 1091 969 1150 ecclesia
985 1093 1140 1149 beati
1163 1093 1313 1150 Petri
1338 1093 1625 1167 principis
1647 1094 2045 1167 apostolorum
2068 1095 2344 1152 nutritori
2369 1113 2476 1153 suo
2498 1097 2712 1153 obtulit
2730 1098 2856 1154 vela
2876 1099 2937 1154 in
2961 1117 3131 1156 arcus
3153 1101 3495 1173 presbyterii
3514 1118 3648 1157 cum

261 1193 335 1252 10
370 1190 764 1265 chrysoclavo,
781 1189 1100 1247 habentem
1128 1189 1458 1261 historiam,
1473 1190 1711 1247 leonum
1731 1191 1952 1265 figuras
1968 1210 2212 1250 numero
2233 1195 2643 1269 quadraginta.
2660 1198 2725 1251 In
2743 1197 2945 1252 eadem
2965 1214 3098 1254 vero
3123 1201 3361 1255 strenuo
3381 1202 3646 1255 catenam

377 1306 552 1363 opere
576 1288 791 1345 factam
820 1288 1069 1344 contulit
1096 1305 1167 1357 ex
1195 1293 1437 1361 argento
1464 1288 1878 1355 mundissimo,
1897 1307 2027 1362 quae
2058 1307 2225 1364 pens.
2249 1291 2432 1348 libras
2463 1310 2706 1349 numem
2739 1298 3010 1366 quatuor.
3044 1295 3190 1351 Nam
3222 1299 3279 1351 et
3303 1295 3363 1349 in
3395 1295 3649 1353 oratorio

373 1389 587 1445 sancta:
619 1385 845 1454 Crucis,
863 1387 1018 1459 quod
1051 1386 1205 1443 infra
1228 1385 1536 1443 basilicam
1567 1386 1723 1443 beati
1750 1387 1901 1443 Petri
1933 1388 2179 1460 apostoli
2212 1391 2597 1446 constitutum
2630 1395 2738 1458 est,
2772 1392 2906 1447 fecit
2953 1393 3267 1464 gabatham
3309 1394 3380 1449 de
3409 1399 3649 1467 argento

374 1484 1038 1556 unam,pensan.libras
1070 1484 1239 1541 duas.
1256 1485 1384 1558 Ipse
1415 1485 1652 1558 quidem
1686 1485 2125 1544 sacratissimus
2155 1489 2413 1560 pontifex
2430 1489 2639 1544 fecitin
2657 1490 2904 1547 basilica
2924 1492 3178 1548 doctoris
3210 1492 3471 1564 gentium
3496 1493 3648 1550 beati

372 1582 539 1640 Pauli
571 1581 822 1655 apostoli
853 1583 1270 1640 candelabrum
1302 1587 1642 1657 argenteum
1674 1602 1882 1653 unum,
1917 1585 2279 1658 pens.libras
2310 1604 2552 1645 numero
2584 1589 2733 1645 duas
2763 1594 2820 1645 et
2850 1590 3055 1646 uncias
3087 1590 3437 1646 sex.Verum
3471 1592 3649 1648 etiam

268 1683 348 1740 t5
382 1681 444 1737 in
464 1679 635 1738 titulo
658 1680 814 1738 beati
832 1680 1068 1738 Eusebii
1090 1681 1442 1739 confessoris
1463 1680 1680 1739 Christi
1702 1682 1839 1740 fecit
1861 1700 2041 1757 super
2054 1684 2357 1757 cyborium
2380 1702 2611 1743 crucem
2643 1704 2777 1744 cum
2799 1687 2924 1744 velo
2945 1688 3016 1744 de
3037 1692 3276 1761 argento
3307 1688 3646 1762 purissimo,

380 1796 549 1853 pene.
581 1779 764 1835 libras
793 1783 1067 1852 quatuor.
1607 1798 1621 1806 ‘
2298 1800 2299 1803 ‘
3228 1842 3234 1848 .

446 1876 599 1935 585
632 1876 822 1948 Hujus
840 1876 1209 1950 temporibus
1229 1877 1498 1947 Michael,
1523 1877 1682 1935 filius
1712 1879 2018 1952 Theophili
2052 1879 2422 1953 imperatoris
2453 1881 3108 1954 Constantinopolitanae
3128 1883 3312 1952 urbis,
3330 1883 3650 1955 imperator

373 1975 448 2032 ob
468 1990 731 2033 amorem
758 1973 1158 2048 apostolorum
1187 1975 1352 2032 misit
1378 1976 1452 2032 ad
1481 1976 1719 2033 beatum
1752 1977 1988 2034 Petrum
2018 1978 2351 2051 apostolum
2385 1979 2539 2035 dona
2568 1996 2672 2051 per
2701 1979 3024 2052 episcopos,
3071 1998 3322 2053 quorum
3354 1981 3476 2037 haec
3506 2000 3650 2052 sunt

370 2073 616 2130 nomina
647 2090 661 2129 :
692 2072 1029 2129 Methodius
1059 2073 1546 2147 metropolitanus
1576 2079 1634 2131 et
1663 2075 1898 2132 Samuel
1929 2075 2207 2149 episcopi,
2240 2081 2299 2133 et
2323 2077 2419 2133 alii
2453 2078 2569 2133 duo
2600 2078 2850 2149 depositi
2883 2078 2956 2133 ab
2980 2078 3201 2135 honore
3247 2080 3645 2153 episcopatus,

376 2187 628 2244 quorum
659 2170 903 2227 nomina
920 2171 1043 2227 haec
1065 2171 1649 2239 sunt:Zacharias,et
1679 2172 1830 2229 alius
1858 2173 2237 2246 Theophilus,
2253 2179 2311 2231 et
2327 2174 2477 2231 alius
2496 2174 2817 2246 imperialis
2845 2174 3034 2230 laicus
3065 2177 3302 2231 nomine
3323 2178 3649 2250 Arsavir(a)

299 2269 342 2326 5
376 2267 906 2342 protospatharius,
936 2266 996 2323 id
1025 2272 1115 2325 est
1142 2273 1415 2341 patenam
1446 2285 1516 2325 ex
1545 2286 1689 2326 auro
1719 2270 2058 2343 purissimo,
2074 2288 2209 2327 cum
2240 2272 2486 2328 diversis
2515 2271 2814 2344 lapidibus
2836 2273 3108 2344 pretiosis
3140 2272 3291 2329 albis
3313 2274 3569 2345 prasinis
3596 2277 3655 2330 et

378 2353 793 2440 hyacinthinis.
811 2365 1095 2422 Similiter
1114 2366 1355 2423 calicem
1387 2367 1457 2423 de
1487 2384 1732 2436 auro,ex
1752 2367 2048 2440 lapidibus
2079 2369 2533 2438 circumdatum,
2549 2369 2677 2425 etin
2698 2370 2946 2425 circuitu
2970 2372 3290 2442 pendentes
3308 2371 3652 2444 hyacinthos

378 2462 441 2519 in
461 2462 582 2520 ﬁlio
612 2479 813 2531 aureo,
836 2465 893 2519 et
921 2462 1140 2536 rapidis
1162 2464 1392 2519 duobus
1412 2463 1475 2519 in
1496 2468 1632 2536 typo
1654 2482 1967 2537 pavonum,
1993 2482 2127 2520 cum
2150 2466 2333 2522 scutis
2354 2470 2412 2521 et
2434 2466 2677 2522 diversis
2700 2465 2996 2537 lapidibus
3019 2467 3290 2537 pretiosis
3319 2467 3651 2539 hyacinthis

379 2560 552 2633 albis,
567 2560 668 2633 qui
697 2560 1057 2633 pens.simul
1086 2560 1269 2617 libras
1299 2562 1980 2619 numero......Similiter
2006 2579 2140 2619 vero
2172 2568 2229 2619 et
2247 2567 2466 2618 vestem
2500 2563 2570 2619 de
2603 2562 2973 2635 chrysoclavo
3020 2580 3154 2618 cum
3204 2564 3455 2637 gemmis
3477 2563 3645 2632 albis,

379 2658 695 2715 habentem
725 2658 1035 2716 historiam
1065 2658 1399 2728 Salvatoris,
1415 2662 1472 2715 et
1488 2660 1727 2716 beatum
1750 2660 2079 2733 apostolum
2110 2661 2345 2717 Petrum
2378 2664 2436 2716 et
2466 2659 2711 2716 Paulum
2743 2664 2801 2717 et
2830 2659 2977 2716 alios
3006 2660 3579 2733 apostolos,arbusta
3591 2665 3649 2717 et

270 2758 346 2814 10
384 2773 549 2814 rosas
580 2760 829 2828 utraque
856 2761 1019 2828 parte
1049 2744 1274 2823 altaris,
1306 2756 1563 2830 legentes
1595 2759 1667 2814 de
1697 2758 1935 2813 nomine
1964 2758 2153 2831 ipsius
2182 2758 2746 2831 imperatoris,mirae
2778 2757 3203 2830 magnitudinis
3232 2762 3289 2814 et
3317 2757 3645 2829 pulchritu-

382 2853 538 2911 dinis
563 2855 786 2911 decore.
819 2854 890 2910 Et
917 2853 1035 2910 alia
1063 2854 1252 2911 multa
1283 2855 1435 2912 dona
1464 2856 1826 2929 porrigentes
1856 2856 2140 2929 pontiﬁci,
2171 2855 2480 2929 legationis
2504 2855 2681 2912 verba
2711 2855 2823 2912 sibi
2853 2856 3120 2928 injuncta
3148 2857 3419 2929 protinus
3449 2856 3645 2912 edide-

380 2956 537 3009 runt.
563 2952 738 3009 Porro
768 2952 922 3009 fatus
946 2952 1266 3025 imperator
1283 2954 1615 3009 Graecorum
1636 2954 1873 3011 inventa
1890 2972 1995 3028 pro
2016 2954 2342 3027 imaginum
2366 2954 2799 3027 depositoribus
2824 2954 3128 3011 occasione
3148 2971 3469 3021 sacrarum,
3503 2954 3647 3010 mis—

380 3067 477 3107 sos
506 3049 838 3123 apostolica;
868 3050 1026 3107 sedis
1057 3067 1162 3123 per
1189 3052 1525 3124 suprafatos
1554 3068 1693 3107 suos
1718 3051 1940 3125 legatos
1972 3052 2540 3125 Constantinopolim
2563 3052 2736 3126 dirigi
2757 3052 3406 3124 postulavit,intentans
3428 3052 3651 3109 scilicet

380 3164 621 3204 causam
650 3148 862 3222 Ignatii
893 3148 1259 3222 patriarchae,
1290 3153 1348 3205 et
1375 3149 1566 3205 Photii
1597 3150 2249 3223 Constantinopolitanae
2279 3150 2548 3206 Ecclesia:
2579 3150 3194 3223 pervaseriszcupiens
3215 3150 3351 3205 hinc
3374 3150 3648 3206 eumdem

272 3246 348 3302 15
383 3250 655 3303 sanctum
681 3246 877 3303 virum
902 3247 1197 3320 Ignatium
1223 3247 1446 3319 judicio
1477 3248 1635 3303 sedis
1665 3247 1994 3319 apostolica;
2025 3248 2231 3304 callide
2261 3265 2364 3320 per
2384 3247 2663 3304 invidiam
2681 3252 2746 3304 ut
2770 3249 3148 3321 postmodum
3168 3248 3360 3321 patuit
3380 3248 3654 3304 condem-

381 3358 543 3410 nare,
576 3342 968 3416 Photiumque
998 3343 1358 3418 neophytum
1389 3343 1504 3417 ipsi
1532 3344 1800 3401 Ecclesia:
1829 3345 2168 3418 subrogare.

455 3440 609 3498 588
638 3442 802 3498 Tunc
831 3441 1089 3513 pontifex
1120 3458 1393 3498 summus
1440 3442 1811 3514 imperatoris
1870 3443 2063 3498 adhuc
2121 3442 2390 3515 pessimae
2448 3442 2818 3516 cogitationis
2874 3442 3135 3515 ignarus,
3170 3444 3317 3499 duos
3348 3441 3652 3515 episcopos

383 3536 543 3606 illuc,
568 3536 940 3594 Redualdum
961 3537 1186 3595 scilicet
1204 3543 1262 3594 et
1279 3538 1639 3607 Zachariam,
1663 3539 1894 3595 direxit.
1918 3540 2265 3613 Praecipiens
2294 3546 2359 3595 ut
2388 3540 2676 3613 quidquid
2707 3541 2779 3596 de
2809 3540 2993 3596 sacris
3026 3540 3386 3614 imaginibus
3406 3540 3652 3611 quaestio

381 3635 612 3691 afferret
643 3635 919 3709 synodice
946 3635 1288 3703 difﬁnirent,
1304 3640 1361 3692 et
1380 3636 1570 3709 ipsius
1591 3636 1804 3710 Ignatii
1827 3638 2192 3710 patriarcha,
2218 3638 2523 3711 Photiique
2542 3638 2818 3711 neophyti
2838 3655 3078 3694 causam
3099 3638 3439 3694 solemniter
3459 3638 3652 3709 inqui-

379 3737 576 3791 rerent
592 3736 920 3801 tantum,et
949 3733 1062 3791 sibi
1093 3733 1512 3790 renuntiarent.
1532 3735 1640 3801 Qui
1661 3735 1848 3792 sancti
1871 3736 2168 3807 pontificis
2185 3735 2669 3808 parvipendentes
2702 3740 2943 3801 statuta,
2960 3753 3089 3807 quae
3104 3735 3191 3790 vel
3210 3738 3429 3807 quanta
3444 3734 3655 3789 insana

306 3831 347 3886 5
381 3831 632 3904 pecunia
660 3822 781 3887 ilﬁc
808 3831 1263 3904 corrupti,more
1291 3831 1501 3887 Vitalis
1528 3836 1703 3904 atque
1734 3832 1974 3898 Meseni,
2003 3832 2352 3905 peregerint,
2385 3832 2632 3888 inferius
2663 3832 2959 3888 succincte
2988 3832 3655 3887 transcurram.[nterea

380 3928 553 3985 multi
583 3928 1415 4001 Ravennatum,quiaJoanne
1445 3929 1712 4001 ejusdem
1745 3929 1908 3985 urbis
1940 3929 2378 4002 archiepiscopo
2408 3930 2466 3984 in
2497 3930 2673 3984 rebus
2703 3934 2760 3984 et
2781 3929 2938 3999 juris
2970 3928 3061 3983 sui
3094 3928 3654 4001 pr‘oprietatibusin-

382 4027 693 4085 commoda
720 4026 1199 4094 sustinebant,ad
1228 4027 1385 4083 hunc
1416 4026 1824 4083 beatissimum
1846 4043 2059 4099 papam
2092 4031 2157 4081 ut
2177 4044 2211 4082 a
2229 4027 2411 4082 tantis
2441 4026 2922 4099 oppressionibus
2953 4030 3295 4082 eruerentur
3314 4023 3651 4092 veniebant.

382 4126 640 4191 Quorum
671 4124 767 4197 pie
793 4124 1082 4181 clamores
1110 4124 1354 4180 audiens
1386 4125 1583 4196 ipsum
1609 4116 1818 4198 legatis
1845 4125 1970 4180 suis
1998 4129 2055 4180 et
2082 4124 2290 4181 litteris
2321 4125 2535 4198 saepius
2569 4125 3403 4197 archiepiscopum,quatenus
3436 4121 3653 4178 talibus

383 4221 613 4278 cederet
642 4221 890 4290 actibus,
904 4223 1286 4278 commonuit.
1321 4222 1432 4278 Sed
1462 4222 1561 4279 ille
1590 4227 1787 4279 mente
1817 4224 2061 4280 confusa
2089 4224 2315 4279 monita
2345 4224 2423 4296 pii
2458 4223 2643 4279 Patris
2674 4224 2997 4278 obtendens
3027 4223 3102 4295 (b)
3135 4223 3331 4294 pejora
3361 4220 3656 4293 prioribus

275 4318 348 4377 ιο
383 4318 598 4375 addere
630 4317 873 4374 minime
903 4318 1219 4374 metuebat.
1252 4320 1478 4384 Quanto
1509 4323 1706 4375 autem
1736 4320 1990 4392 benigna
2019 4321 2306 4394 inspectio
2338 4321 2556 4378 summi
2587 4321 2857 4393 praesulis
2878 4320 3152 4387 illum,ut
3171 4319 3538 4392 resipisceret
3561 4319 3658 4374 ad-

383 4416 682 4486 monebat,
713 4420 879 4473 tanto,
902 4416 1092 4489 magis
1122 4417 1196 4472 ad
1226 4415 1515 4474 deteriora
1544 4418 1742 4474 saeculi
1770 4420 2050 4488 vertebat,
2086 4423 2143 4475 et
2188 4437 2367 4492 super
2412 4420 2786 4491 iniquitatem
2847 4418 3219 4491 iniquitatem
3280 4417 3489 4473 addere
3537 4432 3654 4471 non

384 4513 713 4571 desinebat.

459 4613 606 4671 587
642 4615 790 4670 Nam
822 4615 1107 4687 quosdam
1138 4617 1357 4670 temere
1387 4613 1952 4683 excommunicabat,
1987 4615 2275 4687 quosdam
2303 4618 2498 4670 autem
2533 4631 2567 4670 a
2595 4613 2928 4670 visitatione
2961 4612 3115 4669 sedis
3147 4609 3476 4684 apostolicae
3505 4627 3663 4677 aver_

384 4712 568 4779 tebat,
600 4715 658 4768 et
686 4712 1077 4785 quorumdam
1111 4727 1206 4767 res
1238 4711 1364 4768 sine
1396 4709 1569 4785 legali
1591 4711 1817 4783 judicio
1848 4713 2441 4783 occupabat.Necnon
2474 4717 2531 4768 et
2556 4716 2769 4767 sanctae
2802 4713 3073 4767 Romanae
3105 4708 3372 4766 Ecclesiae
3404 4704 3661 4781 plurima

386 4810 607 4882 prsidia
633 4810 950 4866 auferebat.
966 4809 1178 4866 Missos
1210 4808 1373 4865 illius
1401 4809 1804 4881 spernebat,et
1833 4808 2082 4882 gloriam
2114 4810 2269 4865 beati
2303 4810 2454 4865 Petri
2486 4809 2736 4883 apostoli
2767 4814 3053 4881 quantum
3084 4808 3144 4863 in
3177 4824 3238 4864 se
3268 4810 3394 4864 erat
3423 4824 3661 4864 evacua-

386 4908 508 4964 bat.
542 4911 834 4979 Praecepta
860 4906 1038 4963 etiam
1061 4906 1217 4978 juris
1248 4905 1437 4961 sancti
1464 4906 1638 4974 Petri,
1672 4907 1720 4962 si
1753 4907 1907 4979 apud
1942 4923 2325 4980 quoscunque
2354 4906 2702 4974 inveniebat,
2736 4908 3059 4979 frangebat,
3091 4910 3150 4962 et
3197 4907 3267 4962 ad
3318 4907 3422 4978 jus
3471 4905 3657 4962 sancti

311 5007 351 5063 5
386 5004 745 5078 Apollinaris
764 5004 1176 5061 transferebat.
1209 5003 1354 5058 Nam
1381 5005 1751 5077 presbyteros
1780 5008 1838 5060 et
1866 5005 2143 5060 diaconos
2177 5022 2293 5061 non
2326 5004 2517 5061 solum
2549 5005 2659 5060 sibi
2695 5005 3125 5075 subjectos,sed
3153 5004 3327 5061 etiam
3362 5023 3464 5077 per
3492 5003 3660 5059 zEmi-

388 5103 530 5159 liam
561 5102 912 5159 constitutos
941 5103 1015 5159 ad
1046 5101 1425 5175 apostolicam
1457 5102 1657 5157 sedem
1689 5103 2045 5174 pertinentes
2077 5102 2203 5158 sine
2235 5102 2515 5158 canonico
2538 5103 2763 5174 judicio
2795 5103 3141 5175 deponebat,
3157 5107 3215 5158 et
3245 5102 3388 5158 alios
3419 5102 3655 5165 carceri,

388 5200 534 5257 alios
564 5204 761 5256 autem
793 5199 986 5257 fetidis
1016 5198 1331 5274 ergastulis
1362 5199 1582 5255 retrudi
1610 5200 1858 5256 faciebat
1886 5216 1898 5255 :
1936 5200 2082 5256 alios
2113 5200 2358 5271 crimen,
2377 5201 2531 5271 quod
2566 5218 2681 5255 non
2718 5202 2995 5267 fecerant,
3018 5200 3254 5272 scriptis
3283 5198 3542 5253 conﬁteri
3567 5213 3659 5252 co-

391 5299 586 5372 gebat.
618 5298 948 5354 Constituta
976 5302 1251 5370 praeterea
1277 5296 1671 5353 ecclesiastica
1700 5298 1922 5370 absque
1953 5298 2111 5354 sedis
2140 5297 2471 5371 apostolicae
2504 5316 2794 5355 consensu
2841 5299 3227 5372 deprimebat.
3260 5296 3330 5351 Et
3357 5298 3598 5350 vocatus
3626 5313 3661 5351 a

392 5416 628 5457 summo
657 5399 931 5473 pontiﬁce
960 5399 1205 5456 Romam
1237 5416 1299 5455 se
1330 5400 1398 5454 ad
1436 5400 1722 5471 synodum
1754 5417 1869 5454 non
1903 5400 2111 5455 debere
2143 5418 2445 5456 occurrere
2468 5402 2928 5472 jactilabat.Ncc
2949 5400 3163 5454 mirum
3197 5415 3301 5452 cur
3330 5400 3531 5469 postea
3550 5396 3663 5453 ista

283 5500 354 5555 10
391 5498 611 5567 fecerit,
645 5498 746 5571 qui
777 5496 1077 5553 cautiones
1108 5502 1165 5553 et
1194 5498 1504 5567 indiculos,
1538 5497 1638 5569 qui
1670 5497 1825 5554 soliti
1859 5503 1997 5552 sunt
2026 5499 2099 5554 ab
2132 5499 2587 5572 archiepiscopis
2620 5498 3055 5555 Ravennatibus
3085 5495 3143 5549 in
3176 5494 3391 5551 scrinio
3423 5494 3567 5564 ﬁeri,
3600 5494 3662 5551 in

388 5592 559 5654 initio
587 5594 1044 5654 consecrationis
1075 5611 1192 5651 suae
1225 5612 1386 5653 more
1418 5595 1625 5654 Felicis
1656 5595 1980 5652 decessoris
2011 5596 2102 5652 sui
2139 5596 2388 5663 falsavit,
2422 5601 2478 5652 et
2508 5598 2774 5669 quaedam
2826 5595 3074 5650 barbara
3123 5594 3359 5667 scripta,
3394 5594 3661 5667 quaedam

390 5711 526 5754 vero
557 5694 706 5752 falsa
733 5692 1083 5765 composuit.

1437 5811 1689 5856 NOTULE
1731 5810 2114 5857 MARGINALES
2157 5809 2476 5856 FABROTTI.

322 5891 400 5968 (a)
432 5889 693 5951 Lasavir.
724 5891 803 5965 (b)
834 5892 1232 5948 contemnens.
2218 5894 2221 5897 ’
