4136 6168
481 89 635 151 1367
1623 81 2040 143 ANASTASII
2082 80 2733 143 BlBLlOTHECAR’l’f.
3722 71 3860 149 Μ

623 222 876 279 Leonem
909 236 943 276 a
974 215 1234 286 secretis,
1269 232 1335 273 ac
1367 196 1532 285 alios,
1564 230 1788 271 necnon
1819 217 1878 270 et
1907 211 2214 287 epistolam
2245 212 2507 286 praedicti
2538 213 2910 287 imperatoris
2937 212 3219 272 veraciter
3244 213 3466 272 mansit
3489 220 3855 290 compertum.

517 321 585 376 10
623 316 1066 374 Revertentibus
1095 319 1294 372 autem
1326 313 1473 387 ipsis
1500 312 1728 386 legatis,
1762 311 1917 384 quod
1951 311 2009 366 in
2042 310 2243 367 Photio
2269 314 2510 385 egerant
2531 309 2832 368 nonnullis
2862 311 3175 384 praeconiis
3197 312 3572 383 extollebant,
3606 318 3663 371 et
3693 316 3782 389 qui
3808 317 3857 374 in

623 415 845 488 Ignatio
877 420 993 488 pati
1011 413 1210 470 iarcha
1239 413 1506 484 nequiter
1531 410 1754 483 operati
1786 410 2035 478 fuerant,
2068 408 2272 466 multis
2299 410 2769 482 oppositionibus
2797 410 3222 484 vituperaban't.
3254 412 3461 468 Rector
3487 429 3629 486 ergo
3649 418 3705 469 et
3725 417 3860 471 totus

624 513 895 569 Ecclesiae
913 509 1545 585 princeps,apostoliczs
1564 509 1720 564 sedis
1738 507 1986 563 eximius
2002 512 2060 563 et
2076 507 2364 563 discretus
2378 506 2612 579 praesul,
2647 507 2841 564 Romze
2860 507 2983 565 haac
3001 512 3204 565 sancto
3221 511 3630 567 considerabat
3646 511 3858 581 intuitu,

624 613 725 669 sed
757 612 957 668 audita
984 628 1111 683 qua;
1144 614 1346 666 contra
1376 625 1546 664 suam
1576 605 2021 679 dispositionem
2049 606 2281 662 fuerant
2309 607 2851 679 perpetrata,donec
2879 607 3204 663 secundum
3231 607 3543 680 mysticum
3575 625 3695 665 suae
3714 609 3860 667 intel-

624 710 842 766 lectum
874 708 1089 782 saphiaa
1123 710 1333 763 cuncta
1361 703 1990 773 scrutaretur,minime
2018 702 2309 759 credebat.
2336 702 2570 759 Interim
2594 718 2771 759 sacras
2792 710 2912 758 suae
2933 703 3298 760 auctoritatis
3314 708 3439 760 tam
3452 706 3524 761 ad
3542 704 3860 765 Michaelem

519 808 588 864 15
625 809 954 864 Graecorum
985 806 1397 878 imperatorem
1427 819 1603 876 quam
1626 803 1697 857 ad
1721 802 1993 857 eumdem
2017 799 2287 856 Photium
2310 799 2689 873 litteras-,qum
2708 799 2770 855 in
2791 799 2973 871 hujus
2992 799 3150 856 sedis
3174 800 3393 857 scrinia
3413 801 3861 871 habentur,o‘om-

624 922 868 978 ponens,
902 905 1169 976 dansque
1200 901 1332 958 illas
1363 902 1553 957 eidem
1587 898 1763 956 Leoni
1796 916 1831 955 a
1862 898 2103 956 secretis
2132 902 2189 954 et
2214 898 2505 954 mandans
2536 914 2643 954 nec
2672 897 2735 954 in
2760 896 3120 970 depositione
3149 896 3361 972 lgnatii
3390 899 3752 972 patriarchae,
3775 916 3862 959 nec

625 1003 687 1058 in
718 1002 1131 1075 subrogatione
1161 1000 1350 1057 Photii
1380 1017 1442 1056 se
1474 1000 1595 1055 fore
1626 1014 2076 1064 consensurum,
2111 1004 2423 1070 quousque
2446 996 2689 1054 veritate
2732 996 2932 1070 agnita
2977 1010 3174 1053 coram
3220 1012 3285 1054 se
3330 994 3664 1070 legitimum
3710 1010 3861 1057 causa

624 1101 802 1156 ﬁnem
834 1101 1139 1173 acciperet.

696 1198 846 1255 595
881 1198 989 1254 Ubi
1020 1197 1151 1253 aliis
1182 1196 1474 1253 aientibus
1504 1195 1692 1269 ipsius
1724 1192 1992 1268 praesulis
2014 1193 2075 1249 in
2106 1192 2218 1249 hoc
2246 1192 2426 1249 fuisse
2458 1192 2778 1262 decretum,
2805 1195 2865 1249 et
2899 1191 3033 1249 aliis
3081 1190 3548 1251 acclamantibus
3599 1194 3861 1268 Ignaﬁum

623 1295 845 1367 injuste
873 1296 1165 1352 exstitisse
1195 1294 1550 1367 depositum,
1583 1310 1906 1366 supernum
1938 1292 2227 1348 arbitrum
2254 1291 2410 1347 idem
2441 1296 2715 1353 summus
2732 1291 2961 1364 jugiter
2984 1289 3245 1365 pontifex
3291 1292 3664 1365 precabatur,
3696 1298 3759 1349 ut
3779 1311 3863 1367 per

623 1393 753 1464 ejus
779 1392 1171 1462 clementiam,
1204 1407 1380 1464 quem
1409 1391 1572 1447 nulla
1600 1384 1786 1447 latent
1816 1390 2129 1457 absconsa,
2157 1388 2258 1445 Dei
2290 1388 2589 1462 pateﬁeret
2619 1387 2886 1445 Ecclesiae
2916 1392 3036 1444 suis
3064 1386 3385 1446 voluntatis
3415 1389 3475 1444 in
3506 1374 3729 1447 talibus
3768 1408 3863 1447 non

625 1489 806 1547 fuisse
834 1507 1209 1547 consensum.
1244 1492 1410 1546 Tune
1436 1489 1661 1545 vocavit
1687 1487 1809 1544 zelo
1839 1489 2023 1544 fretus
2049 1486 2244 1542 divino
2271 1486 2682 1560 episcoporum
2713 1485 3052 1554 concilium,
3083 1486 3145 1543 in
3176 1486 3295 1560 quo
3319 1480 3683 1544 lueuleﬂtius
3726 1495 3862 1561 pate-

551 1589 588 1644 5
626 1588 846 1645 factum
868 1592 958 1644 est
989 1588 1048 1644 in
1081 1587 1441 1662 depositione
1472 1587 1684 1661 Ignatii
1713 1586 1881 1642 illum
1912 1585 2155 1641 minime
2183 1584 2570 1653 consensisse,
2592 1588 2652 1640 et
2680 1583 2904 1658 legatos
2918 1585 3249 1658 apostolica:
3271 1585 3430 1643 sedis
3452 1586 3514 1642 in
3543 1578 3758 1643 talibus
3780 1588 3861 1644 de-

621 1687 1098 1759 viasse.Denique
1127 1688 1474 1744 decernente
1505 1687 1709 1742 eodem
1741 1685 2006 1758 piissimo
2040 1698 2175 1740 cum
2207 1687 2411 1739 sancta
2441 1683 2663 1755 synodo
2693 1682 2942 1756 prasule
2972 1685 3278 1756 pmfatum
3299 1678 3645 1741 Zachariam
3676 1685 3861 1758 episco-

623 1786 897 1858 pum,qui
926 1790 1068 1841 tunc
1100 1786 1322 1852 aderat,
1350 1785 1504 1841 sicut
1533 1785 1740 1842 beatus
1770 1800 1921 1856 papa
1952 1782 2110 1838 Felix
2138 1780 2387 1837 Vitalem
2418 1785 2480 1837 et
2506 1779 2798 1837 Misenum
2828 1780 3155 1854 episcopos,
3179 1783 3281 1855 qui
3304 1782 3472 1838 Petro
3497 1781 3859 1839 Alexandrino

622 1881 893 1939 haeretica
922 1883 1057 1938 faece
1086 1882 1464 1954 coinquinato
1495 1881 1678 1938 coacti
1709 1876 2498 1945 consenserant,sacerdotali
2530 1878 2865 1951 gradu‘,imo
2892 1877 3286 1935 ecclesiastica
3328 1872 3859 1952 communione-pri»

618 1980 791 2049 vavit,
825 1997 891 2036 eo
922 1981 1079 2052 quod
1110 1979 1167 2034 in
1202 1979 1476 2052 pluribus
1506 1978 1829 2052 apostolica
1854 1976 2166 2034 interdicta
2188 1976 2515 2033 excessisse
2546 1976 2816 2032 inventus
2846 1980 2955 2032 est.
2989 1977 3058 2031 Et
3086 1975 3373 2032 Radeal'dl
3398 1974 3658 2050 episcopi
3690 1986 3857 2046 causa,

519 2077 585 2131 10
624 2093 797 2148 quem
832 2082 1033 2150 postea
1060 2093 1197 2132 cum
1216 2062 1433 2132 sancta
1460 2078 1680 2149 synodo
1708 2076 1924 2148 pariter
1954 2090 2106 2147 papa
2136 2074 2270 2147 pius
2296 2074 2576 2130 mandata
2594 2074 2724 2144 ejus
2743 2073 3004 2129 etiamin
3025 2070 3230 2131 Galliis
3249 2073 3569 2131 violanth
3586 2080 3646 2131 et
3663 2084 3860 2131 ereum.

621 2175 1083 2229 municationem
1112 2174 1912 2246 frangentemjudiciumque
1941 2172 2287 2227 canonicum
2318 2171 2843 2244 subterfugientem
2874 2171 3196 2238 damnavit,
3227 2184 3522 2245 suspensa
3550 2177 3659 2228 est.

695 2271 846 2325 506
880 2270 1063 2342 Igitur
1083 2270 1207 2341 ipse
1230 2269 1545 2341 praeclarus
1564 2271 1653 2328 vir
1671 2269 1976 2342 sanctique
2005 2269 2185 2324 studii
2217 2269 2476 2342 pontifex
2504 2269 2821 2341 quemdam
2842 2269 3132 2342 Peponem
3151 2267 3467 2325 diaCOnum
3489 2286 3528 2325 a
3548 2269 3859 2342 Pandulpho

621 2367 891 2439 episcOpo
924 2368 1121 2423 sedem
1152 2366 1532 2439 apostolicam
1564 2364 1954 2439 appellantem
1985 2366 2203 2437 injuste
2234 2366 2566 2439 depositum
2598 2366 2789 2422 officio
2821 2370 2929 2422 suo
2975 2365 3205 2422 restitui
3241 2366 3457 2438 jUssit;
3489 2370 3553 2422 et
3582 2366 3717 2439 quia
3757 2366 3859 2422 sine

621 2468 775 2520 certo
807 2481 1052 2520 numero
1083 2464 1636 2537 episcoporum,imo
1668 2463 1794 2519 sine
1824 2462 2091 2519 criminis
2122 2463 2561 2536 approbatione,
2581 2466 2639 2519 et
2658 2463 2783 2536 ipse
2803 2462 3085 2520 diacOnus
3106 2464 3232 2520 sine
3252 2465 3371 2520 oris
3392 2464 3755 2537 professione
3768 2464 3862 2519 fue-

621 2564 712 2616 rat
733 2562 1055 2632 judicatus,
1090 2578 1324 2617 onmem
1356 2560 1517 2617 illam
1532 2560 1741 2633 judicii
1763 2561 2117 2617 sententiam
2140 2560 2474 2631 cassavit,et
2495 2561 2568 2616 ad
2594 2559 2964 2617 rectitudinis
2984 2561 3282 2617 tramitem
3303 2562 3631 2635 apostolica
3650 2574 3855 2618 causam

548 2660 582 2714 5
621 2657 833 2731 pietate
852 2659 949 2714 red
961 2659 1239 2731 uxit.lpso
1256 2659 1429 2715 etiam
1447 2658 1931 2732 praestantissimo
1949 2658 2197 2731 praesule
2215 2657 2448 2714 culmen
2466 2657 2853 2731 apostolicum
2868 2658 3233 2731 gubernante
3250 2660 3581 2716 Ludovicus
3591 2662 3858 2731 Augustus

620 2756 742 2812 haec
772 2760 974 2813 sancto
1005 2756 1172 2812 Petro
1203 2756 1464 2829 apostolo
1492 2755 1741 2812 contulit
1770 2756 1942 2825 dona,
1975 2755 2244 2813 videlicet
2271 2757 2369 2829 (α).
2402 2756 2538 2811 Erat
2566 2759 2762 2811 autem
2811 2755 3308 2813 clementissimus
3346 2758 3505 2813 idem
3539 2754 3784 2830 pontifex
3807 2755 3855 2811 in

619 2852 963 2909 exhibendis
993 2852 1279 2909 Dominici
1309 2854 1503 2926 gregis
1532 2852 1747 2926 vigiliis
1778 2853 1921 2910 adeo
1952 2854 2241 2921 curiosus,
2273 2858 2341 2909 ut
2370 2871 2504 2910 cum
2524 2853 2757 2927 aliquod
2782 2854 3126 2911 scandalum
3151 2855 3213 2911 in
3234 2856 3435 2912 sancta
3454 2852 3713 2911 Ecclesia
3730 2850 3853 2910 orie-

617 2949 809 3017 batur,
842 2966 947 3005 nec
980 2949 1240 3022 requiem
1272 2951 1498 3024 corpori
1532 2967 1638 3007 nec
1667 2952 1932 3007 membra
1961 2951 2140 3007 dabat
2169 2950 2385 3023 sopori,
2418 2966 2727 3024 quousque
2762 2968 2866 3024 per
2903 2951 3119 3009 missos
3163 2956 3267 3009 aut
3310 2951 3541 3010 litteras
3588 2968 3722 3009 suas
3763 2967 3857 3023 pax

618 3048 1050 3117 reformaretur,
1080 3052 1138 3103 et
1166 3048 1608 3121 tranquillitatis
1633 3048 1887 3121 populus
1916 3054 2239 3105 resumeret
2269 3048 2521 3104 lucrum.

688 3144 833 3201 597
857 3146 1002 3199 Nam
1027 3145 1333 3201 Lotharius
1356 3163 1455 3201 rex
1476 3145 1676 3203 relicta
1696 3145 2068 3219 Theutberga
2087 3144 2372 3219 regina,et
2392 3146 2703 3203 Waldrada
2723 3145 3051 3203 concubina
3069 3146 3129 3202 in
3151 3146 3601 3203 matrimonium
3622 3148 3849 3217 sumpta,

614 3241 749 3297 licet
779 3241 1090 3297 carnaliter
1118 3260 1296 3316 super
1324 3243 1419 3300 his
1452 3245 1770 3300 Romanam
1802 3244 2001 3299 sedem
2034 3244 2424 3316 eumdemque
2454 3244 2617 3315 pium
2649 3243 3045 3300 consuluisset
3086 3244 3444 3317 pontiﬁcem,
3477 3243 3543 3299 iu
3576 3242 3849 3317 putredine

612 3339 854 3395 luxuriae
886 3340 1195 3412 carnisque
1226 3340 1550 3413 petulantia
1578 3342 2204 3414 volvebatur.Cumque
2233 3341 2342 3397 hoc
2372 3359 2645 3399 summus
2676 3343 2938 3415 pontifex
2966 3341 3187 3398 malum
3217 3340 3475 3414 qualiter
3518 3342 3597 3398 ab
3625 3336 3849 3396 Ecclesia

610 3437 711 3492 Dei
737 3437 994 3508 pelleret,
1029 3455 1102 3494 ne
1127 3438 1271 3494 alios
1302 3438 1482 3510 hujus
1511 3439 1700 3494 morbi
1731 3444 1893 3511 peste
1923 3455 2022 3494 rex
2050 3438 2148 3494 ille
2178 3439 2482 3512 pollueret,
2515 3439 2669 3496 intra
2698 3457 2760 3496 se
2791 3439 3090 3513 cogitaret,
3118 3438 3455 3495 diutissime
3475 3438 3652 3511 cmpit
3668 3436 3843 3509 afﬂigi,

535 3536 572 3589 5
608 3539 664 3589 et
695 3534 903 3590 intimo
932 3536 1104 3590 corde
1134 3535 1337 3591 dolens
1366 3535 1533 3591 valde
1563 3553 1740 3608 super
1770 3535 1902 3591 istis
1932 3537 2202 3608 gemebat
2230 3536 2559 3606 erroribus;
2585 3537 2909 3611 praesertim
2929 3553 3064 3594 cum
3086 3536 3549 3610 Theutgaudum
3565 3539 3844 3594 Treveren-

610 3635 818 3698 scm,et
845 3631 1211 3687 Guntherum
1232 3635 1310 3701 (b)
1329 3633 1463 3705 Agri
1470 3632 1660 3704 ppinze
1683 3632 1931 3689 Coloniae
1967 3633 2438 3708 archiepiscopos
2469 3653 2604 3691 cum
2632 3636 2947 3709 Haganone
2976 3634 3348 3708 Bergomerrsi
3373 3638 3433 3691 et
3460 3633 3683 3690 caeteris
3711 3631 3845 3706 epis-

607 3727 769 3800 copis
799 3727 977 3783 talem
1009 3729 1197 3784 eidem
1230 3730 1348 3802 regi
1381 3730 1789 3786 auctoritatem
1829 3730 2062 3787 dedisse
2105 3731 2373 3801 audierit,
2409 3737 2475 3788 ut
2503 3733 2937 3806 Theutbergam
2987 3732 3235 3789 liberius
3278 3735 3481 3805 posset
3525 3730 3770 3803 rejicere,
3795 3732 3843 3784 et

606 3824 979 3881 Waldradam
1012 3826 1400 3882 concubinam
1431 3826 1491 3882 in
1524 3827 1967 3884 matrimonium
1999 3828 2259 3902 legitime
2281 3829 2576 3902 copulare.
2609 3830 2681 3886 Et
2709 3848 2857 3903 quos
2887 3829 3168 3886 debuerat
3190 3834 3328 3886 ante
3356 3827 3675 3885 Dominum
3697 3826 3839 3898 adju-

606 3927 760 3979 tores
786 3923 1000 3980 habere
1026 3928 1199 3996 atque
1229 3925 1686 3999 ductores,ipsos
1713 3925 1927 3982 habere
1947 3925 2159 3999 praesul
2190 3927 2570 3984 beatissimus
2599 3927 3143 4000 compererat,hanc
3169 3926 3362 3983 dando
3388 3942 3497 4000 pro
3526 3923 3840 3984 auctoritate

498 4022 566 4076 10
603 4024 880 4093 perpetuo
912 4021 1055 4094 igni,
1088 4023 1590 4079 traditores.Unde
1620 4024 1749 4080 sine
1780 4040 1944 4079 mora
1974 4025 2252 4081 continuo
2282 4025 2496 4082 missos
2528 4038 2669 4082 suos
2698 4026 2758 4081 in
2782 4025 3086 4082 Franciam
3108 4024 3839 4097 destinavit,prtnoipieuset

604 4135 849 4174 monens
882 4123 946 4174 ut
976 4119 1034 4174 in
1067 4120 1418 4176 Metenstum
1444 4121 1587 4177 urbe
1617 4126 1927 4194 aggregato
1959 4120 2224 4195 synodali
2253 4127 2538 4179 conventu
2572 4123 2937 4196 requirerent
2984 4139 3090 4179 cur
3119 4123 3275 4178 idem
3307 4138 3407 4178 rex
3435 4119 3836 4193 Theutberga!!!

604 4219 673 4284 (ο)
706 4216 987 4287 rejiceret,
1021 4220 1123 4272 aut
1151 4216 1532 4273 Waldradam
1565 4217 1676 4274 sibi
1704 4217 1764 4273 in
1796 4217 2137 4292 conjugium
2168 4218 2506 4291 copularet?
2534 4221 2656 4286 Quo
2688 4218 2971 4292 requisita
2999 4223 3059 4276 et
3084 4219 3321 4275 invento
3359 4218 3646 4291 legimum
3683 4216 3832 4271 linem

600 4313 988 4385 imponerent.
2370 4364 2374 4368 ~

670 4410 822 4468 598
853 4413 964 4468 Sed
997 4413 1399 4485 pervenientes
1427 4413 1568 4470 illuc
1594 4391 2109 4486 sedisapostolicaa
2141 4413 2318 4487 legati
2348 4412 2597 4470 scrutari
2618 4417 2922 4487 coeperunt
2939 4411 3349 4486 hujuscemodi
3368 4407 3832 4479 cansam,etidah

598 4508 870 4565 Lothario
903 4510 1055 4565 inter
1084 4515 1290 4566 caetera
1314 4512 1667 4568 audierunt:
1693 4512 1986 4585 Quidquid
2016 4529 2122 4586 ego
2152 4512 2282 4579 feci,
2316 4512 2565 4568 istorum
2596 4511 3007 4583 episcoporum
3055 4508 3298 4565 consilio
3346 4526 3495 4566 usus
3524 4508 3653 4565 feci.
3683 4506 3834 4563 Erant

594 4610 789 4661 autem
822 4606 901 4662 ibi
935 4607 1211 4681 prmcipui
1244 4608 1502 4681 praedicti
1534 4610 1957 4683 Theutgaudus
1988 4614 2046 4666 et
2076 4610 2436 4667 Guntherius
2465 4607 3064 4681 archiepiscOpi,quos
3095 4611 3362 4663 auctores
3382 4606 3444 4662 in
3459 4610 3625 4663 tanto
3645 4601 3830 4660 sectere

594 4707 834 4758 sanctus
857 4705 985 4775 jam
1016 4722 1166 4778 papa
1195 4711 1916 4779 compererat,astruentes
1937 4712 1993 4764 et
2013 4708 2276 4763 dicentes
2296 4705 2628 4781 legitimum
2653 4704 2798 4761 illud
2830 4704 3013 4761 fuisse
3043 4704 3591 4775 connubium,quod
3610 4703 3678 4758 de
3698 4696 3831 4753 Wal-

520 4798 556 4852 5
594 4799 776 4856 drada
804 4802 1130 4858 concubina
1158 4820 1259 4881 rex
1286 4805 1611 4860 construxit
1642 4804 2037 4872 Lotharius,et
2067 4821 2194 4877 qua
2225 4805 2520 4870 dicebant,
2552 4819 2751 4859 coram
2782 4802 3020 4858 domino
3052 4800 3266 4857 eximio
3296 4817 3449 4874 papa
3476 4800 3825 4858 venientrsse

593 4896 899 4954 defendere
929 4916 1099 4971 posse
1131 4901 1514 4973 spondebant.
1551 4906 1811 4967 Cumque
1850 4901 2027 4975 legati
2067 4901 2395 4974 apostolicae
2418 4900 2595 4967 sedis,
2628 4900 2763 4957 licet
2807 4900 2866 4956 in
2917 4898 3124 4955 multis
3172 4898 3421 4967 seducti,
3454 4899 3693 4954 Romam
3736 4892 3827 4947 iter

593 4992 970 5063 regrediendo
993 4996 1374 5065 reﬂecterent,
1407 5015 1534 5070 qua
1566 5014 1600 5053 a
1629 5014 1764 5071 rege
1793 5014 1859 5053 ac
1892 4998 2276 5070 Theutgaudo
2306 5001 2362 5053 et
2391 4996 2716 5054 Gunthario
2747 4994 3204 5067 archiepiscopis
3225 4994 3621 5050 audierantac
3639 5002 3822 5062 cogno-

588 5093 793 5145 verant
822 5106 1055 5146 summo
1089 5092 1412 5151 retulerunt
1441 5094 2043 5167 pontifici.Piissimus
2065 5098 2262 5151 autem
2286 5094 2498 5166 praesul
2520 5094 2831 5149 adventum
2854 5091 3425 5165 archiepiscoporum
3447 5091 3590 5147 dum
3610 5088 3827 5162 praesto-

587 5185 810 5243 laretur
838 5186 1094 5258 illorum,
1127 5206 1278 5257 ecce,
1314 5209 1568 5264 superna
1617 5192 1902 5266 dirigente
1949 5192 2281 5259 clementia,
2315 5191 2470 5248 idem
2502 5190 2926 5263 Theutgaudus
2952 5194 3016 5246 et
3041 5188 3401 5245 Guntharius
3431 5178 3821 5257 archiepiscopi

485 5287 550 5340 10
590 5286 913 5342 Romanam
948 5288 1150 5343 urbem
1183 5288 1465 5346 adeuntes
1495 5290 1723 5363 vestigii
1753 5291 1932 5362 hujus
1963 5288 2232 5362 presulis
2262 5306 2324 5346 se
2370 5288 2551 5345 sacris
2600 5287 2937 5360 praesentari
2987 5286 3300 5360 petierunt.
3334 5285 3556 5353 Quibus
3601 5279 3821 5351 benigne

588 5383 834 5455 praesule
867 5402 900 5441 a
928 5386 1413 5458 praestantissimo
1446 5387 2029 5460 susceptis,libellum
2059 5386 2110 5443 ei
2141 5385 2763 5455 obtulerunt,dicentes
2784 5401 2847 5441 se
2866 5383 3013 5440 nihil
3038 5383 3172 5457 plus
3190 5383 3280 5440 vel
3300 5383 3499 5439 minus
3518 5371 3817 5453 egissemiei

586 5478 738 5537 sicut
768 5481 999 5539 libellus
1023 5484 1147 5555 ipse
1178 5484 1601 5549 cantabat.Quo
1634 5484 2084 5557 diligentissime
2102 5488 2510 5553 scrutato,non
2534 5498 2720 5555 pauca
2740 5482 2800 5537 in
2823 5499 2889 5538 eo
2910 5485 3140 5555 reperta
3157 5484 3301 5538 sunt
3320 5478 3545 5553 profani
3565 5481 3622 5534 et
3641 5468 3816 5530 multis

584 5576 834 5634 inauditi
859 5581 1146 5637 sermonis
1165 5580 1591 5653 turpitudinem
1614 5581 2045 5654 habentia,qua3
2065 5580 2456 5654 episcopalem
2478 5580 2819 5636 excedentes
2839 5578 3103 5637 ordinem
3123 5578 3285 5652 ipsos
3307 5577 3461 5635 sicut
3478 5569 3816 5650 phrenetico:

684 5818 690 5825 .
1624 5754 1881 5801 NOTULE
1923 5756 2310 5802 MARGINALES
2352 5755 2668 5801 FABROTTI.

511 5865 588 5933 (α)
618 5865 716 5921 Hie
740 5864 963 5937 aliquid
992 5865 1171 5925 deesse
1198 5868 1430 5926 videtur.
1482 5872 1561 5942 (b)
1595 5871 1720 5928 .le'i
1738 5879 1929 5928 vocant
1954 5870 2386 5943 Thietgandum
2416 5878 2468 5927 et
2497 5870 2911 5929 Guntherium.
2985 5870 3067 5944 (ε)
3086 5870 3223 5943 Abi,
3265 5866 3684 5937 Thietbelgtm-
