2029 3081
105 148 185 179 1373
487 146 669 176 HISTORIA
693 146 743 175 DE
765 145 868 175 VITIS
892 144 906 173 I‘

1009 143 1123 172 PONT.
1138 158 1173 162 —
1190 140 1382 171 NICOLAUS
1406 138 1430 168 Ι.
1732 136 1809 166 1374

178 212 309 250 puit.Pro
320 212 405 248 cujus
420 212 506 240 etiam
522 212 650 239 infausta
665 210 831 246 nefarieque
846 209 1072 246 praesumptione
1088 207 1203 244 penitus
1215 202 1774 242 amputandasanctitatisstudiojussit,
1782 203 1811 229 et

141 264 160 291 5
178 271 230 299 pro
247 270 317 298 pace
333 262 383 289 Dei
397 261 524 289 Ecclesia
540 261 595 297 ipsi
608 261 670 297 jam
685 261 743 288 fato
758 259 890 296 prmcepti
908 259 1039 291 diacono,
1058 260 1091 285 ut
1106 265 1157 284 nec
1175 256 1230 283 tale
1245 255 1316 291 quid
1332 262 1461 290 unquam
1473 253 1748 287 tentaretperagcrc,
1758 259 1810 278 nec

178 311 312 340 eamdem
329 311 427 338 sedem
445 310 653 346 Placentinam,
670 310 729 337 sive
743 309 850 336 viveret
867 308 1036 341 Seufredus,
1053 307 1112 334 sive
1128 307 1290 332 moreretur
1306 304 1469 339 episcopus,
1487 303 1615 337 repetere
1623 301 1811 336 przssumeret

178 360 222 388 vel
238 360 375 396 recipere.
391 359 529 387 Omnium
546 368 672 395 namque
688 358 813 394 insignis
830 358 906 385 idem
923 358 1009 392 atque
1026 355 1183 392 prceclarus
1199 354 1327 390 pontifex
1344 352 1449 388 pietate
1465 351 1607 386 magistra
1623 349 1757 376 miserias
1776 357 1809 376 ac

180 409 369 437 necessitates
385 408 556 444 pravidens,
573 408 687 436 cunctis
704 408 861 435 clementer
875 405 1078 441 compatiendo
1096 404 1180 432 celeri
1196 402 1386 431 subveniebat
1401 400 1499 436 egenis
1516 399 1634 431 intuitu,
1661 400 1689 425 et
1714 397 1809 424 imita-

179 458 257 486 tione
273 457 388 485 Domini
406 457 497 485 nostri
513 457 582 485 Jesu
598 457 714 491 Christi,
732 456 781 492 qui
798 456 833 483 ad
851 455 1053 483 redimendum
1070 454 1233 481 humanum
1249 459 1341 488 genus
1358 458 1372 477 e
1389 448 1508 477 sublimi
1525 448 1674 476 descendit
1689 447 1725 474 ad
1742 446 1810 473 infi-

126 508 162 535 40
181 515 239 540 ma,
255 506 285 534 in
301 506 408 542 populo
423 506 538 534 labores
555 506 720 534 sustinebat
735 506 877 541 ingentes.

233 556 306 584 607
326 556 503 583 Claudorum
519 558 697 592 quapropter
711 557 799 590 atque
815 562 967 588 caecorum,
986 561 1097 580 necnon
1114 554 1142 578 et
1157 550 1279 578 diversis
1294 548 1387 585 pmnis
1403 543 1811 581 aifectoruminporticubeati

180 604 254 632 Petri
270 604 393 640 apostoli
405 604 568 640 jacentium
585 604 620 631 ad
635 612 716 631 oram
730 603 866 639 Tyberini
883 602 1012 630 ﬂuminis
1029 602 1064 628 ad
1081 600 1162 628 sitim
1178 599 1366 627 auferendam
1384 605 1442 624 non
1458 604 1543 632 posse
1558 602 1677 631 gressus
1693 592 1811 629 conspi-

180 653 259 681 ciens
274 653 402 686 tendere,
420 662 452 681 ac
469 654 649 681 diversarum
665 653 795 688 gentium
813 660 876 687 qua:
890 651 1019 687 undique
1036 659 1086 686 pro
1103 649 1262 677 sceleribus
1278 646 1438 683 apostolica
1452 644 1555 672 limina
1568 642 1692 679 propriis
1701 643 1813 677 expete-

180 702 259 736 bant,
286 702 441 730 utilitatem
458 701 596 729 divinitus
620 702 782 735 attendens,
797 700 898 736 jussit,
915 700 1036 727 minimc
1052 698 1163 734 corpori
1181 706 1233 725 suo
1251 705 1385 732 parcens,
1401 695 1525 722 formam
1542 692 1744 728 aquaeductus,
1762 689 1812 726 qui

143 752 162 779 5
180 751 281 779 multis
297 760 314 779 a
327 751 508 787 temporibus
522 753 630 784 ruerat,
648 752 675 778 et
690 751 724 778 ad
741 751 859 778 beatum
876 750 991 777 Petrum
1009 748 1172 785 apostolum
1187 748 1222 774 ob
1237 747 1292 774 hoc
1309 754 1385 781 aqua
1399 753 1457 772 non
1474 743 1645 774 ducebatur,
1663 740 1692 767 in
1708 738 1811 766 melio-

180 808 240 827 rem
266 807 355 835 quam
379 799 473 827 fuerat
495 799 653 826 certamine
670 798 888 834 quamplurimo
904 797 1030 825 revocari
1048 798 1177 824 statum:
1195 795 1236 822 ita
1254 796 1285 822 ut
1301 803 1357 821 non
1375 792 1470 821 solum
1485 789 1656 818 hominibus
1671 785 1812 824 profuerit

180 848 338 882 debilibus,
363 849 412 876 sed
439 848 526 876 etiam
551 848 688 875 omnibus
713 847 866 875 ecclesiam
883 846 959 874 beati
976 846 1118 882 principis
1134 844 1331 881 apostolorum
1349 841 1526 870 adeuntibus
1542 838 1720 875 praecipuum
1737 843 1811 871 opus

180 896 332 931 exstiterit,
359 897 435 925 sicut
458 897 600 924 hactenus
626 897 662 924 ad
686 897 818 924 decorem
837 896 988 923 Leonianm
1004 895 1085 922 urbis
1102 894 1266 922 luculenter
1280 891 1458 928 conspicitur
1474 898 1506 917 ac
1521 888 1654 916 habetur.
1673 886 1813 913 Praeterea

181 945 344 974 Ostiensem
369 946 471 974 urbem
496 954 585 982 quam
610 946 659 973 diu
686 954 718 973 ac
735 945 881 973 memoris}
898 946 934 980 (α)
952 945 1055 971 beatus
1071 952 1146 979 papa
1163 942 1328 978 Gregorius,
1346 949 1381 968 ne
1397 948 1469 976 gens
1483 938 1584 974 iniqua
1599 937 1811 964 Saracenorum

129 995 162 1022 10
180 994 322 1031 populum
336 995 451 1022 Domini
467 995 496 1022 in
512 995 636 1023 circuitu
652 997 767 1031 caperet
783 997 833 1022 aut
849 994 1040 1029 interimeret,
1058 994 1093 1020 ad
1110 993 1236 1020 salutem
1253 990 1413 1018 multorum
1430 988 1641 1018 construxerat,
1664 985 1694 1011 in
1717 981 1811 1010 ruinis

176 1044 323 1080 jacentem
343 1044 535 1080 inspiratione
550 1052 677 1080 superna
693 1046 789 1072 tactus
804 1043 913 1071 fortiori
929 1038 1111 1078 ﬁrinioriquc
1128 1041 1237 1069 fabrica
1251 1039 1419 1068 recedificari
1432 1035 1698 1065 istesanctissimus
1706 1030 1811 1069 praesul

177 1093 267 1129 jussit
282 1095 310 1121 et
325 1093 354 1121 in
370 1093 476 1121 melius
491 1094 673 1126 restauravit,
691 1093 839 1129 portisque
855 1093 944 1120 etiam
959 1094 987 1119 et
1003 1091 1133 1119 turribus
1150 1089 1317 1118 fortissimis
1334 1087 1469 1115 muniens
1485 1086 1634 1121 promptos
1649 1083 1684 1110 ad
1701 1080 1810 1109 bellain

181 1150 214 1169 ea
230 1142 363 1170 homines
376 1142 580 1176 collocavit,ita
596 1145 629 1170 ut
645 1142 813 1170 nullatenus
829 1141 996 1177 alienigenae
1013 1141 1107 1177 gentis
1124 1139 1252 1166 incursio
1268 1139 1303 1165 de
1319 1139 1421 1165 caztero
1437 1135 1476 1162 illi
1494 1133 1586 1170 possit
1599 1130 1812 1163 dominari,aut

182 1190 349 1219 concivibus
365 1192 429 1227 ejus
445 1192 553 1219 damna
568 1191 597 1218 in
613 1191 711 1227 aliquo
727 1191 795 1226 nisi,
811 1191 889 1226 quod
906 1190 991 1222 absit,
1009 1198 1061 1225 per
1075 1188 1218 1216 desidiam
1233 1186 1356 1223 operari.

235 1240 312 1268 608
329 1240 442 1267 Interea
457 1240 570 1267 meritis
586 1239 748 1267 beatissimi
764 1240 853 1275 hujus
870 1239 898 1266 in
909 1239 977 1266 orbe
985 1247 1103 1274 prorsus
1111 1228 1741 1270 exuberantibus,operantepotentiasummi
1750 1226 1810 1262 Dei,

183 1288 232 1324 qui
249 1289 378 1325 quotidie
393 1297 463 1316 suos
478 1297 529 1325 per
545 1288 669 1316 famulos
685 1288 769 1324 signa
783 1291 811 1316 et
827 1288 973 1315 mirabilia
989 1296 1095 1323 magna
1112 1286 1189 1320 facit,
1208 1294 1256 1313 rex
1272 1284 1463 1320 Bulgarorum
1475 1279 1703 1308 Christianitatis
1712 1275 1812 1305 etfidei

183 1340 290 1365 sancta;
307 1337 453 1366 doctrinas
468 1346 630 1374 agnoscens
646 1337 754 1365 meruit
770 1336 952 1373 baptizari,et
968 1336 1017 1372 qui
1034 1336 1115 1372 prius
1131 1337 1268 1363 creatum
1286 1332 1413 1361 serviens
1429 1330 1563 1359 saeviebat
1573 1325 1813 1358 crudelitate,hu-

178 1387 230 1422 jus
245 1387 423 1423 tempsribus
438 1387 565 1415 Creatori
582 1386 656 1414 colla
670 1386 847 1414 submittens
863 1385 962 1422 ampla
977 1385 1064 1421 ccepit
1079 1384 1218 1421 religione
1231 1384 1346 1419 jubere,
1363 1387 1526 1417 magnaque
1542 1386 1614 1406 usus
1629 1378 1674 1404 est
1693 1375 1810 1410 pietate.

144 1437 163 1463 5
181 1436 263 1463 Tunc
279 1436 314 1463 ad
331 1436 409 1463 hunc
425 1435 600 1463 catholicum
616 1437 644 1463 et
657 1444 720 1463 vere
737 1435 891 1471 praesulem
907 1435 1100 1462 orthodoxum
1116 1423 1813 1470 legatossuosmenseaugustoindictionexxvde-

181 1484 312 1517 stinavit,
325 1485 459 1520 donaque
475 1492 533 1512 non
548 1492 636 1520 parva
651 1486 711 1512 tam
728 1484 837 1511 sanctis
853 1484 925 1511 locis
940 1492 1028 1519 quam
1045 1483 1138 1511 eidem
1156 1490 1272 1509 summo
1287 1479 1417 1516 pontifici
1433 1477 1565 1509 contulit,
1578 1481 1737 1511 suggerens
1748 1472 1812 1507 ejus

180 1533 357 1569 apostolatui
372 1534 442 1569 quid
459 1541 489 1561 se
505 1533 598 1561 facere
613 1533 762 1561 salubrius
778 1534 933 1568 oporteret,
950 1531 993 1559 vel
1010 1531 1079 1567 quid
1096 1540 1165 1567 erga
1179 1530 1325 1566 reliquum
1341 1527 1528 1563 Bulgaricum
1546 1524 1641 1553 adhuc
1665 1521 1812 1557 baptismo

181 1591 263 1611 sacro
279 1584 425 1610 carentem
442 1582 594 1618 populum,
611 1584 643 1609 ut
658 1582 724 1609 fidei
741 1584 924 1609 sacramenta
939 1581 1109 1617 perciperet,
1128 1580 1172 1616 agi
1191 1578 1317 1607 deberet;
1328 1571 1814 1610 Quodbeatissimusaudienspapa

182 1640 290 1668 magna
306 1631 433 1667 repletus
443 1617 546 1659 laetitia
560 1631 662 1659 laudes
678 1631 792 1658 Christo
808 1630 935 1658 reddidit
950 1630 1072 1666 amplas,
1090 1632 1118 1657 et
1135 1638 1201 1656 cum
1217 1627 1296 1655 omni
1313 1617 1814 1655 sibidivinituscommissaEcclesia

127 1681 164 1708 40
182 1679 344 1717 gratulans,
362 1680 477 1708 infinita
492 1681 636 1716 praeconia
652 1680 710 1708 Deo
722 1682 830 1714 nostro,
843 1679 893 1715 qui
906 1679 1071 1707 novissimis
1083 1677 1315 1713 histemporibus
1322 1670 1704 1704 tantumfecitmiraculum,
1712 1668 1814 1695 devota

183 1731 279 1757 mente
295 1729 420 1765 supplici
436 1737 552 1765 quoque
568 1737 636 1757 voce
651 1729 777 1756 resolvit.
796 1731 883 1756 Porro
900 1729 1003 1764 legatis
1019 1728 1150 1764 ejusdem
1164 1728 1227 1762 jam
1244 1726 1361 1753 nomine
1377 1723 1527 1752 Michaelis
1543 1718 1689 1756 Bulgarici
1705 1716 1782 1753 regis
1797 1724 1815 1743 a

184 1780 286 1806 sancto
303 1786 378 1814 papa
393 1778 525 1813 receptis,
540 1777 698 1805 honorifice
713 1778 789 1814 apud
807 1786 837 1805 se
852 1786 901 1805 eos
918 1777 1046 1805 retinuit.
1064 1778 1099 1805 Et
1116 1777 1232 1804 interim
1249 1773 1497 1810 sedisapostolicze
1506 1767 1753 1803 missos,Paulum
1761 1765 1815 1792 sci-

183 1826 250 1855 licet
265 1826 509 1863 Populoniensem
526 1828 554 1854 et
570 1827 741 1854 Formosum
757 1827 1077 1862 Portuensem,magna2
1085 1815 1815 1860 sanctitatisepiscopos,statuens,hosquemonitis

191 1875 340 1904 melliﬂuis
357 1878 444 1911 atque
457 1875 598 1903 doctrinis
614 1876 772 1909 instruens,
791 1876 825 1903 ad
843 1875 1056 1911 praedicandam
1073 1875 1151 1911 genti
1170 1874 1210 1901 illi
1227 1883 1276 1901 eos
1292 1865 1814 1904 iredecrevit.Cumquibusquoniam

134 1926 169 1954 15
188 1934 239 1961 per
253 1924 438 1962 Bulgaricum
455 1933 578 1961 regnum
593 1924 648 1952 iter
663 1933 757 1960 usque
772 1924 1053 1960 Constantinopolim
1067 1927 1144 1951 terra
1158 1925 1243 1951 tenus
1253 1922 1393 1955 tenditur,
1404 1918 1583 1955 utquidqnid
1591 1916 1814 1944 desanctaCon—

188 1973 449 2010 stantinopolitana
462 1973 600 2007 Ecclesia,
618 1973 685 2001 licet
694 1974 757 2009 jam
774 1981 825 2009 per
840 1972 985 2000 Orientem
1002 1973 1057 2000 hoc
1073 1973 1170 2008 ipsum
1184 1972 1261 1999 idem
1274 1967 1531 2007 papasemeletbis
1538 1962 1814 2002 apostolicislittcris

187 2023 368 2060 divulgatum
384 2023 530 2057 habuerit,
544 2023 621 2058 apud
638 2031 668 2050 se
685 2023 833 2049 decretum
849 2022 994 2055 existeret,
1012 2022 1106 2049 eidem
1122 2030 1173 2057 per
1188 2029 1257 2048 suos
1272 2020 1382 2055 legatos
1390 2017 1523 2045 Ecclesiae
1531 2017 1631 2043 notum
1640 2012 1815 2045 faceret,Do-

187 2074 288 2100 natum
305 2072 475 2108 episcopum
491 2071 665 2105 Ostiensem,
684 2073 865 2107 Leonemque
881 2071 1081 2106 presbyterum
1098 2072 1203 2097 sancta:
1222 2066 1626 2100 RomameEcclesite,necnon
1635 2062 1814 2090 etMarinum

186 2123 292 2149 sancte:
308 2120 392 2148 sedis
403 2121 559 2148 diaconum
576 2119 740 2156 apostolicae
757 2120 863 2147 missos
879 2120 998 2147 idoneos
1014 2113 1598 2155 mquedirexit,utilliBulgarizepopulum
1607 2112 1641 2139 ad
1650 2112 1735 2138 fidem
1743 2119 1813 2138 con—

129 2171 166 2198 20
184 2171 338 2202 verterent,
363 2172 391 2197 et
416 2170 469 2197 iste
490 2169 559 2205 quid
575 2169 618 2197 vel
635 2169 760 2205 qualiter
776 2168 935 2204 apostolica
950 2169 1033 2196 sedes
1049 2169 1084 2196 de
1100 2169 1201 2195 eadem
1217 2163 1537 2200 Constantinopolitana
1553 2161 1745 2189 deliberatum
1761 2159 1814 2186 ha-

186 2218 299 2246 buisset
312 2218 442 2246 Ecclesia
457 2218 552 2246 modis
568 2218 705 2246 omnibus
721 2218 888 2245 nuntiaret:
906 2218 981 2253 quod
999 2217 1028 2244 in
1045 2216 1161 2245 nomine
1169 2216 1357 2244 Dominicum
1366 2210 1608 2249 adjutoriosancti
1618 2208 1691 2237 Petri
1699 2206 1813 2236 etPauli

185 2268 295 2295 factum
311 2269 365 2295 est.
383 2267 438 2295 Sed
455 2267 582 2303 prafatis
598 2267 686 2295 Paulo
703 2270 730 2295 et
748 2267 884 2295 Formosa
900 2266 1114 2294 venerabilibus
1130 2265 1274 2301 episcopis
1289 2264 1319 2291 in
1335 2262 1471 2298 Bulgaria
1483 2259 1674 2297 morantibus,
1684 2258 1814 2285 Donatus

186 2317 361 2345 reverendus
377 2316 542 2352 episcopus,
560 2317 673 2352 Leoque
690 2317 850 2352 presbyter,
868 2318 896 2343 et
912 2316 1043 2343 Marinus
1059 2314 1223 2351 apostolicae
1231 2304 1814 2341 sedisministerdumConstantinopolim

186 2366 228 2393 ire
243 2365 358 2398 vellent,
375 2373 440 2393 ecce
456 2365 531 2393 inter
542 2365 614 2393 fines
622 2365 763 2402 Bulgaria:
770 2365 1216 2401 Constantinopolitanorumque
1223 2361 1380 2398 quemdam
1387 2359 1571 2387 Theodorum
1579 2355 1645 2383 illas
1651 2353 1815 2382 custodien-

129 2415 166 2442 25
184 2416 244 2442 tem
259 2414 441 2448 invenerunt,
457 2414 507 2450 qui
524 2423 572 2442 eos
588 2414 665 2441 ultra
678 2423 734 2441 non
752 2414 863 2441 dimisit
879 2414 968 2446 abire,
985 2413 1055 2449 quin
1071 2413 1167 2449 potius
1184 2410 1347 2439 innumeris
1363 2418 1411 2436 eos
1427 2408 1569 2435 denotans
1585 2404 1712 2440 injuriis,
1744 2403 1814 2430 adeo

184 2465 272 2491 tanta;
288 2463 366 2491 sedis
381 2463 485 2499 legatis
500 2463 610 2491 abusus
625 2465 669 2490 est
685 2465 717 2490 ut
733 2463 820 2491 etiam
838 2472 989 2499 equorum,
1008 2462 1037 2490 in
1054 2463 1162 2498 quibus
1178 2457 1611 2494 sedebant,capitapercuteret,
1634 2454 1813 2489 diceretque:

184 2514 346 2548 Imperator
360 2514 460 2540 noster
473 2520 523 2540 vos
538 2511 718 2539 necessarios
734 2520 803 2539 sane
819 2521 876 2539 non
893 2512 989 2540 habet.

238 2562 314 2589 θυι)
330 2561 386 2589 Sed
412 2561 490 2589 idem
515 2561 673 2597 imperator
697 2561 802 2597 legatis
828 2561 905 2597 regis
930 2560 1122 2597 Bulgarorum
1146 2559 1187 2587 ita
1211 2559 1301 2586 fertur
1326 2556 1452 2584 dixisse:
1477 2554 1539 2583 Nisi
1564 2562 1615 2590 per
1649 2551 1814 2588 Bulgariam

183 2610 267 2638 missi
289 2610 367 2638 sedis
392 2609 556 2647 apostolica:
581 2609 740 2638 venissent‘
770 2618 822 2637 nec
848 2609 949 2637 faciem
975 2618 1081 2642 meam,
1107 2617 1159 2636 nec
1186 2608 1306 2635 Romam
1333 2606 1437 2633 diebus
1458 2605 1522 2631 vitae
1538 2612 1597 2631 sua:
1612 2602 1751 2629 viderent.
1770 2598 1813 2626 Illi

181 2668 249 2687 vero
273 2668 326 2695 per
349 2659 543 2696 quadraginta
566 2658 628 2686 dies
653 2658 712 2686 illic
737 2659 906 2692 residentes,
932 2661 963 2686 ut
987 2659 1184 2694 cognoverunt
1211 2657 1280 2692 quia
1303 2656 1357 2684 hoc
1382 2655 1539 2690 imperator
1563 2652 1726 2679 Graecorum
1751 2647 1813 2675 ﬁeri

180 2709 319 2745 jusserat,
345 2710 427 2745 terga
450 2710 609 2741 verterunt,
635 2710 663 2735 et
687 2709 808 2736 Romam
834 2708 893 2735 hmo
918 2708 1019 2736 eadem
1046 2707 1213 2734 nuntiantes
1238 2706 1329 2733 coacti
1355 2704 1458 2732 reversi
1474 2705 1551 2729 sunt.
1569 2702 1684 2727 Porroa
1700 2705 1806 2733 prmno-

144 2758 163 2786 5
182 2757 293 2785 minuto
315 2765 382 2794 rege
407 2757 598 2794 Bulgarorum
624 2756 774 2793 apostolici
800 2756 883 2784 missi
910 2759 1005 2784 mente
1031 2756 1119 2783 alacri
1146 2764 1310 2792 magnaque
1334 2754 1461 2789 suscepti
1488 2750 1638 2778 devotione
1666 2747 1814 2782 cmperunt

183 2806 363 2834 salutaribus
379 2806 499 2834 edocere
514 2806 655 2842 populum
672 2805 801 2839 monitis,
818 2808 846 2833 et
861 2814 877 2833 a
892 2805 1014 2832 minimo
1030 2814 1122 2841 usque
1140 2805 1175 2832 ad
1193 2804 1354 2831 maximum
1371 2811 1452 2829 sacro
1470 2802 1547 2826 fonto
1563 2806 1629 2825 cum
1647 2797 1704 2824 Deo
1720 2794 1815 2833 gratia

183 2855 351 2891 abluerunt,
376 2863 551 2891 omnemque
574 2855 662 2882 ritum
687 2855 857 2882 Christiana:
883 2855 961 2888 fidei,
988 2855 1063 2882 sicut
1088 2863 1104 2881 ε.
1129 2853 1316 2882 sanctissimo
1333 2859 1406 2887 papa
1423 2847 1556 2875 instructi
1575 2847 1699 2878 fuerant,
1717 2845 1814 2872 incon

182 2904 368 2932 suetudinem
394 2904 584 2941 Bulgarorum
609 2904 803 2932 tradiderunt.
827 2904 978 2932 Gloriosus
1002 2906 1101 2931 autem
1125 2903 1313 2939 Bulgarorum
1339 2908 1387 2926 rex
1413 2898 1477 2925 fidei
1496 2899 1575 2924 tanta
1591 2895 1678 2932 ccepit
1691 2895 1814 2931 flagrare

705 2970 828 2993 NOTULE
848 2971 1041 2995 MARGINALES
1063 2969 1208 2993 FABROTTX
1214 2983 1219 2989 .

127 3001 169 3039 (a)
189 3001 260 3032 divae
276 3001 433 3032 memoriae.
