4058 6162
388 252 542 315 1375
1528 257 1630 316 AN
1637 257 1682 316 A
1693 257 1939 317 STASll
1985 255 2638 318 BIBLIOTHI‘ICARII.
3642 261 3800 324 i376

523 385 768 445 monitis
796 385 978 461 hujus
1007 386 1086 462 pii
1123 387 1308 446 Patris
1341 386 1574 474 illectus
1605 388 1953 458 constantia,
1987 395 2052 445 ut
2085 406 2288 446 omnes
2319 406 2352 446 a
2377 406 2485 446 suo
2515 405 2693 465 regno
2724 387 2950 462 pellens
2981 388 3365 467 alienigenas,
3418 391 3800 467 palatorum

418 485 486 540 10
523 485 980 558 apostolicorum
1028 487 1399 544 solummodo
1454 487 1865 560 praedicatione
1914 505 2056 544 usus
2090 487 2429 556 missorum,
2464 489 2702 562 pascuis
2730 489 2860 545 vitae
2891 493 3118 546 aeternae
3140 491 3368 565 jugiter
3395 492 3556 549 refici
3589 509 3803 566 nempe

526 584 863 653 decreverit,
916 603 1219 658 unumque
1267 605 1336 642 ex
1383 585 1477 643 his
1508 587 1854 642 Formosum
1882 587 2002 641 vita
2031 591 2086 642 et
2116 586 2382 642 moribus
2412 587 2752 659 episcopum
2785 585 2896 644 sibi
2927 588 3052 644 dari
3088 589 3600 664 archiepiscopum
3628 609 3800 664 expe-

525 679 700 737 tierit.
733 685 899 740 Tunc
930 684 1142 740 iterum
1173 683 1396 757 legatos
1428 701 1566 740 suos
1599 685 1842 740 Romam
1875 684 2104 753 direxit,
2139 689 2196 740 et
2225 684 2378 740 inter
2409 684 2524 740 alia
2551 685 2890 741 beatissimo
2923 703 3086 759 papas
3114 686 3171 743 id
3225 688 3424 761 ipsum
3473 706 3799 763 suggerens

525 780 598 835 ab
645 781 774 852 ejus
818 783 1127 838 sanctitate
1163 769 1266 855 pro
1298 783 1686 838 instructions
1715 782 1905 856 gentis
1936 782 2098 838 illius
2129 783 2498 856 presbyteros
2527 783 2861 856 postulavit.
2891 787 3021 856 Ipse
3047 802 3181 841 vero
3211 785 3429 843 talibus
3451 804 3608 860 papa
3636 805 3803 844 com-

523 880 706 952 pertis
753 880 919 936 valde
964 880 1202 953 gavisus
1243 885 1352 947 est,
1405 886 1464 936 et
1509 880 1772 936 infinitas
1820 881 1935 937 Deo
1977 880 2182 938 laudes
2211 881 2558 953 rependens,
2591 898 2706 937 non
2739 883 2910 954 pauci
2944 882 3176 938 numeri
3208 901 3407 940 coram
3439 901 3504 942 se
3531 886 3802 959 probavit

420 976 487 1032 15
524 977 914 1050 presbyteros,
947 983 1004 1034 et
1034 995 1180 1050 quos
1213 979 1420 1050 dignos
1453 979 1665 1051 reperit
1697 979 2124 1050 praedicationis
2155 979 2342 1052 gratia
2373 979 2432 1035 in
2465 978 2799 1053 Bulgariam
2832 979 3063 1052 direxit,
3096 997 3232 1038 cum
3262 982 3483 1055 quibus
3531 983 3801 1040 Domini-

525 1090 660 1129 cum
709 1075 963 1142 Trivem,
1013 1081 1070 1132 et
1116 1075 1518 1132 Grimoaldum
1573 1076 2077 1132 Polimartiensem
2128 1075 2433 1148 episcopos
2482 1077 2835 1133 destinavit:
2889 1082 2949 1134 at
2995 1077 3135 1150 quia
3190 1079 3390 1152 ipsum
3449 1081 3800 1138 Formosum

520 1170 750 1244 plebem
799 1172 1090 1229 dimittere
1141 1173 1253 1228 sibi
1303 1173 1572 1229 criditam
1618 1192 1731 1229 non
1783 1175 2086 1246 oportebat
2125 1174 2490 1246 episcopum,
2522 1191 2592 1230 ex
2613 1175 2706 1230 his
2737 1175 3092 1248 presbyteris
3121 1177 3194 1232 ad
3221 1176 3800 1250 archiepiscopatum

523 1268 623 1342 qui
653 1270 868 1344 dignus
895 1271 1250 1328 inveniretur
1280 1271 1340 1326 in
1373 1271 1608 1328 nomine
1639 1271 1870 1328 Domini
1902 1273 2138 1328 tandem
2171 1270 2504 1346 eligeretur,
2530 1276 2587 1329 et
2616 1273 2739 1329 sedi
2771 1274 3206 1330 consecrandus
3235 1273 3572 1348 apostolicae
3603 1275 3803 1334 mitte-

523 1371 684 1422 retur

629 1467 782 1522 610
815 1464 966 1522 Inler
1013 1465 1134 1521 haec
1178 1465 1416 1538 quidem
1465 1467 1673 1523 statuit
1719 1465 2098 1522 beatissimus
2146 1483 2317 1539 popa,
2369 1465 2908 1540 solertissimusque
2953 1467 3228 1524 vitiorum
3257 1474 3570 1539 corrector,
3604 1475 3668 1527 et
3695 1471 3800 1529 Dei

529 1563 740 1632 cultor,
785 1569 852 1620 ut
895 1565 1341 1636 penetrantibus
1388 1564 1536 1638 ipsis
1585 1565 1918 1638 Bulgariam
1967 1564 2276 1636 episcopis,
2336 1563 2570 1630 Paulus,
2614 1567 2786 1636 cujus
2829 1565 3103 1639 superius
3137 1565 3485 1624 memoriam
3515 1569 3794 1639 fecimus,

522 1661 987 1735 Populoniensis,
1018 1663 1260 1736 ipseque
1292 1663 1666 1720 Grimoaldus
1695 1663 1950 1736 episcopi
1983 1663 2267 1736 Bulgarias
2299 1663 2587 1736 quidquid
2621 1663 2694 1719 ad
2727 1663 2991 1720 divinum
3018 1663 3414 1724 ministerium
3447 1683 3554 1740 pro
3581 1667 3798 1724 instru-

519 1760 710 1816 ctione
758 1761 952 1835 gentis
1000 1761 1160 1817 illius
1205 1761 1541 1834 pertineret,
1574 1762 1891 1828 efﬁcerent,
1923 1765 1982 1817 et
2011 1760 2224 1832 saepius
2255 1761 2448 1818 dictus
2479 1763 2814 1830 Formosus,
2847 1765 3023 1835 atque
3055 1763 3402 1820 Domini-eus
3430 1765 3802 1823 venerabiles

446 1859 483 1914 5
518 1858 774 1932 episcOpi
823 1859 1036 1916 iterum
1081 1859 1646 1933 Constantinopolim
1695 1877 1800 1933 pro
1850 1859 2169 1917 schismate
2217 1858 2299 1914 ibi
2346 1864 2565 1926 exorto,
2597 1861 2670 1916 de
2699 1877 2814 1932 quo
2836 1861 2966 1932 jam
2995 1859 3112 1918 late
3143 1861 3424 1932 disserui,
3458 1863 3802 1936 proﬁcisce-

519 1961 740 2014 rentur.
771 1959 882 2015 Sed
915 1959 1056 2014 dum
1081 1958 1202 2015 hinc
1233 1963 1562 2032 agerentur,
1597 1958 1697 2014 Dei
1721 1957 1946 2030 judicio
1974 1957 2314 2014 Michaelem
2346 1957 2678 2014 Graecorum
2711 1957 3122 2031 imperatorem
3153 1959 3299 2016 ultio
3323 1959 3800 2034 dignaperculit,
3826 1979 3836 1996 ι

518 2059 576 2112 et
603 2056 856 2113 nefanda
886 2073 1025 2114 nece
1057 2057 1322 2130 peremit.
1355 2059 1683 2130 Imperante
1717 2061 1913 2113 autem
1946 2055 2161 2112 Basilio
2191 2057 2250 2112 in
2282 2055 2807 2128 Constantinopoli,
2839 2057 3120 2128 quoniam
3159 2057 3345 2114 voluit
3391 2063 3548 2116 Deus
3602 2058 3800 2132 ipsius

519 2153 704 2209 sancti
747 2154 1044 2226 pontiﬁcis
1081 2156 1258 2228 juges
1305 2155 1555 2222 labores,
1589 2172 1738 2228 quos
1763 2172 1866 2228 pro
1896 2158 2100 2211 sancta
2127 2153 2775 2226 Constantinopolitano.
2803 2170 3015 2227 passus
3041 2154 3153 2211 fuit
3181 2155 3464 2224 Ecclesia,
3503 2173 3648 2212 cum
3683 2157 3801 2213 ﬁne

519 2252 656 2308 boni
686 2253 878 2326 operis
907 2270 1337 2322 consummare,
1372 2253 1523 2309 sicut
1551 2254 1709 2309 fama
1739 2271 1800 2310 se
1829 2253 2056 2320 habuit,
2091 2253 2332 2309 Photius
2357 2252 2687 2325 neophytus
2717 2269 2784 2308 ac
2815 2252 3050 2310 invasor
3078 2258 3144 2310 ut
3169 2254 3436 2311 mmchus
3455 2253 3720 2328 pellitur,
3743 2259 3803 2312 et

415 2349 482 2404 10
509 2349 682 2420 juxta
727 2351 1025 2407 decretum
1073 2351 1231 2407 sedis
1284 2351 1614 2426 apostolicae
1662 2351 2028 2424 partriarcha
2058 2351 2320 2425 Ignatius
2352 2350 2996 2424 Constantinopolitano
3029 2351 3292 2409 redditur
3320 2353 3560 2410 throno.
3591 2353 3800 2426 Neque

519 2446 678 2503 enim
729 2447 826 2504 hic
873 2447 1204 2504 divinorum
1255 2453 1561 2506 exsecutor
1607 2465 1849 2521 operum
1899 2448 2204 2521 piissimus
2253 2453 2312 2506 et
2363 2448 2686 2504 catholicus
2733 2466 2904 2522 papa,
2938 2465 3065 2522 qua;
3098 2466 3210 2506 sua
3239 2453 3398 2520 sunt,
3425 2450 3536 2516 sed
3565 2467 3634 2507 ea
3665 2468 3798 2524 quae

517 2544 622 2604 Dei
651 2550 792 2600 sunt
819 2545 1008 2618 primo
1039 2545 1164 2602 loco
1193 2546 1392 2618 posuit
1421 2551 1478 2602 et
1506 2547 1791 2620 quaesivit.
1821 2548 1891 2602 Et
1922 2563 2057 2602 cum
2085 2546 2376 2619 adjutorio
2407 2545 2597 2603 sancti
2627 2545 2778 2602 Petri
2811 2545 2965 2602 bella
2993 2546 3226 2603 Domini
3266 2563 3500 2604 summo
3551 2547 3796 2621 dispen-

518 2641 768 2699 sationis
811 2641 1123 2700 libramine
1168 2643 1514 2716 spiritaliter
1561 2643 1808 2716 przeliari
1861 2643 2104 2700 curavit.
2156 2643 2429 2701 Praelatos
2477 2643 2772 2716 siquidem
2811 2661 3077 2718 quosque
3106 2660 3180 2700 ne
3209 2643 3480 2700 subditos
3508 2642 3795 2702 lmderent

517 2755 732 2812 magna
777 2740 1105 2814 provisione
1153 2741 1486 2807 moderans,
1539 2745 1606 2797 ut
1655 2746 1822 2815 pater
1869 2742 2252 2808 commonuit,
2303 2746 2361 2797 et
2390 2745 2456 2797 ut
2486 2741 2733 2814 subjecti
2765 2741 3024 2814 praelatis
3051 2742 3364 2799 subessent
3384 2742 3564 2814 juxta
3588 2743 3796 2800 unius-

410 2834 481 2891 45
518 2837 806 2910 cujusque
846 2837 1152 2912 privilegia
1198 2839 1571 2912 pastoraliter
1618 2856 1850 2913 quoque
1899 2840 2174 2896 decrevit.
2197 2838 2379 2912 Cujus
2423 2839 2525 2912 qui
2573 2843 2844 2896 sanctum
2893 2839 3158 2896 studium
3200 2839 3326 2896 vult
3354 2855 3702 2912 agnoscere,
3733 2839 3794 2896 in

515 2933 778 3007 epistolis
825 2936 970 3008 suis,
1024 2953 1172 3010 quas
1222 2937 1369 2994 bene
1414 2937 1662 2994 libratae
1711 2954 1814 3010 per
1861 2937 2068 2993 mundi
2100 2941 2296 3010 partes
2327 2936 2556 3006 direxit,
2589 2937 2720 2994 luce
2749 2935 2966 2993 clarius
2996 2937 3260 2994 invenire
3285 2937 3540 2994 valebit:
3574 2938 3798 3010 quippe

517 3031 621 3104 qui
672 3032 930 3090 animam
979 3051 1149 3091 suam
1200 3035 1260 3090 in
1311 3035 1587 3092 manibus
1637 3035 1761 3093 suis
1809 3035 2024 3109 posuit,
2078 3035 2180 3108 qui
2229 3035 2392 3092 nulla
2434 3035 2550 3091 nisi
2579 3034 2836 3092 coelestia
2865 3033 3180 3108 cogitabat,
3210 3033 3311 3107 qui
3333 3032 3608 3107 jejuniis,
3639 3033 3796 3107 vigi-

517 3128 614 3186 liis
663 3135 721 3187 et
771 3131 1134 3188 orationibus
1184 3138 1352 3190 nocte
1401 3151 1468 3190 ac
1517 3134 1610 3190 die
1657 3151 1892 3201 vacans,
1943 3151 2050 3190 nec
2098 3133 2360 3206 requiem
2406 3132 2634 3206 corpori
2665 3149 2773 3190 nec
2803 3131 3072 3188 membra
3099 3131 3278 3187 dabat
3305 3129 3520 3204 sopori.
3559 3131 3716 3187 Nam
3749 3127 3798 3186 si

519 3231 733 3284 cuncta
759 3245 888 3302 quae
919 3229 1134 3286 Christi
1164 3230 1354 3304 gratia
1401 3231 1611 3304 plenus
1655 3231 1973 3287 virtutibus
2003 3235 2176 3304 atque
2209 3231 2322 3286 fide
2351 3229 2682 3287 sanctitatis
2713 3246 2890 3303 opera
2917 3229 3119 3303 gessit,
3151 3232 3210 3284 et
3237 3227 3503 3285 moribus
3552 3227 3797 3300 vitaque

409 3325 482 3379 20
519 3325 720 3381 docuit
747 3331 805 3383 et
831 3327 1110 3402 implevit,
1140 3328 1358 3386 chartis
1387 3329 1640 3385 inserere
1668 3328 1958 3396 volumus,
1992 3327 2156 3401 prius
2192 3328 2438 3385 fortasse
2481 3328 2827 3384 membrana
2854 3343 3032 3400 quam
3064 3342 3256 3382 sermo
3286 3325 3542 3394 deﬁciet,
3565 3327 3796 3383 Tamen

517 3429 832 3497 antequam
864 3427 937 3482 ad
969 3428 1145 3482 tinem
1175 3428 1302 3483 vita:
1335 3427 1494 3482 illius
1525 3426 1740 3499 stylum
1770 3431 2087 3497 vertamus,
2123 3427 2194 3483 ad
2229 3443 2299 3482 ea
2329 3443 2456 3498 quae
2486 3425 2706 3482 sanctis
2734 3425 2878 3481 locis
2908 3423 3156 3481 contulit
3183 3424 3515 3480 redeamus.

622 3523 770 3578 0“
817 3522 921 3578 Hic
968 3523 1150 3596 igitur
1194 3524 1460 3597 egregius
1510 3540 1664 3596 papa
1711 3525 1784 3580 ob
1834 3541 2094 3581 amorem
2145 3524 2427 3597 principis
2459 3523 2857 3596 apostolorum
2892 3521 3045 3579 Petri
3073 3519 3324 3595 apostoli
3355 3519 3672 3576 nutritor-is
3703 3519 3794 3577 sui

517 3617 656 3674 fecit
685 3619 745 3674 in
776 3619 1019 3676 basilica
1047 3621 1176 3693 ejus
1207 3638 1434 3693 pannos
1465 3626 1586 3677 tam
1618 3621 1842 3677 scilicet
1871 3623 1943 3677 de
1977 3622 2251 3691 stauraci,
2285 3639 2463 3694 quam
2495 3625 2552 3678 et
2583 3621 2656 3676 de
2686 3620 2952 3691 fundato,
2982 3617 3072 3675 vel
3102 3617 3237 3675 aliis
3265 3617 3534 3692 pulchris
3582 3618 3796 3675 variis-

519 3732 632 3789 que
680 3715 972 3774 coloribus
1019 3734 1333 3776 numero...
1389 3719 1496 3785 Qui
1549 3720 1744 3776 trabes
1775 3719 2028 3791 majores
2058 3719 2118 3775 in
2149 3719 2512 3793 presbyterio
2543 3717 2923 3792 respicientes
2953 3733 3160 3774 omnes
3187 3717 3249 3772 in
3277 3731 3420 3789 gyro
3447 3715 3790 3789 complevit,

519 3831 648 3887 quae
676 3813 819 3870 illud
851 3812 1176 3872 luculenter
1203 3820 1416 3872 ornant
1443 3816 1739 3889 decusque
1769 3820 2006 3889 augent,
2040 3821 2097 3873 et
2126 3816 2382 3890 amplius
2411 3817 2561 3874 mira
2590 3833 2700 3873 sua
2728 3815 3136 3889 magnitudine
3166 3815 3308 3871 dant
3334 3813 3655 3882 honorem;
3688 3813 3796 3870 ubi

443 3912 480 3967 5
516 3909 714 3980 etiam,
741 3913 894 3984 quod
928 3911 1127 3970 nullus
1157 3917 1288 3986 post
1306 3913 1762 3971 devastationem
1795 3915 2214 3971 Saracenorum
2247 3932 2417 3988 agere
2447 3915 2618 3970 nixus
2650 3919 2758 3982 est,
2783 3929 2988 3970 arcum
3014 3912 3150 3969 fecit
3179 3915 3548 3985 argenteum,
3580 3917 3640 3968 et
3668 3928 3793 3968 me-

514 4008 629 4065 lius
657 4027 836 4083 quam
865 4010 1004 4068 olim
1036 4013 1223 4068 fuerat
1252 4030 1428 4086 super
1452 4013 1918 4069 excellentiorem
1948 4013 2174 4069 trabem
2205 4031 2332 4084 quae
2363 4017 2452 4068 est
2481 4017 2616 4068 ante
2645 4011 2948 4086 cyborium
2977 4009 3038 4065 in
3071 4009 3264 4066 medio
3293 4009 3515 4082 posuit,
3535 4027 3792 4082 peusan.

511 4105 760 4165 libras...
809 4113 867 4166 et
907 4113 1026 4166 tres
1073 4109 1362 4184 imagines
1411 4116 1736 4185 argenteas,
1768 4129 1887 4168 una
1917 4112 2164 4186 figuram
2195 4109 2426 4166 Domini
2457 4109 2794 4176 Salvatoris,
2827 4109 3058 4165 duabus
3087 4123 3222 4164 vero
3251 4105 3604 4179 angelorum
3636 4106 3797 4163 scul-

516 4204 634 4278 psit
663 4206 905 4280 efﬁgies,
938 4224 1005 4264 ac
1035 4207 1149 4264 illis
1179 4225 1385 4265 novem
1415 4208 1548 4266 libr.
1584 4210 1710 4265 auri
1744 4211 2033 4266 deaurans
2064 4207 2396 4282 subposuit,
2431 4223 2682 4280 quarum
2714 4223 2834 4262 una
2862 4222 3030 4278 pens.
3063 4203 3246 4260 libras
3269 4203 3640 4278 octuaginta.
3675 4203 3797 4260 alia

514 4301 694 4360 libras
740 4306 1131 4378 septuaginta,
1182 4307 1354 4363 tertia
1399 4324 1530 4363 vero
1575 4324 1740 4381 pens.
1785 4307 1965 4364 libras
1997 4307 2269 4364 similiter
2297 4305 2686 4378 septuaginta.
2721 4303 2994 4375 Fecitque
3018 4301 3240 4358 ibidem
3276 4317 3512 4358 crucem
3542 4318 3796 4358 auream

411 4400 480 4455 10
517 4417 697 4458 unam
727 4403 1002 4476 pretiosis
1031 4404 1280 4478 gemmis
1309 4409 1594 4476 ornatam,
1629 4422 1871 4478 pensan.
1905 4405 2157 4461 libras...
2191 4409 2248 4461 et
2275 4405 2335 4459 in
2363 4402 2702 4460 summitate
2732 4401 2996 4474 ejusdem
3025 4415 3156 4456 eam
3189 4415 3361 4456 arcus
3388 4399 3641 4472 [locavit,
3689 4397 3796 4454 ubi

515 4514 620 4572 pro
651 4498 1036 4572 amplitudine
1067 4501 1292 4556 decoris
1322 4501 1450 4572 ejus
1483 4505 1656 4574 atque
1687 4501 2026 4573 speciminis
2056 4500 2335 4572 appendit
2364 4515 2642 4555 coronam
2672 4513 2914 4554 auream
2963 4513 3166 4564 unam,
3219 4511 3424 4552 cruces
3473 4498 3794 4568 argenteas

515 4596 684 4665 duas,
715 4597 924 4654 calices
953 4603 1258 4672 argenteos
1286 4599 1454 4666 duos,
1486 4603 1543 4654 et
1573 4603 1813 4672 staupos
1843 4603 2146 4671 argenteos
2178 4598 2346 4654 duos.
2377 4597 2553 4653 Porro
2589 4595 2651 4652 in
2682 4595 2993 4668 purpureis
3020 4593 3442 4657 marmoribus,
3473 4609 3610 4665 quae
3653 4597 3794 4648 ante

517 4709 728 4766 corpus
757 4695 912 4752 beati
944 4697 1096 4753 Petri
1127 4697 1375 4770 apostoli
1403 4713 1579 4770 rugas
1596 4698 1914 4770 argenteas
1946 4697 2220 4764 retinent,
2251 4695 2452 4752 dextra
2479 4693 2736 4766 laavaque
2761 4693 2908 4750 duas
2939 4708 3144 4750 cruces
3173 4695 3486 4766 argenteas
3530 4689 3790 4748 offerens

515 4791 731 4860 posuit,
760 4809 923 4864 pens.
959 4793 1108 4850 lib...

619 4887 774 4944 612
801 4893 864 4943 In
898 4891 1252 4962 patriarchio
1283 4891 1570 4965 siquidem
1605 4892 1978 4948 Lateranensi
2011 4893 2254 4948 domum
2285 4888 2748 4964 pulcherrimam
2776 4887 3070 4961 nimisque
3101 4887 3380 4944 decoram
3405 4884 3538 4942 ﬁeri
3579 4885 3790 4957 jussit.

518 4983 588 5036 Et
617 4985 936 5042 oratorium
963 4993 1173 5045 sanctae
1205 4990 1305 5046 Dei
1337 4989 1644 5047 Genitricis
1669 4989 1788 5046 illic
1820 4994 2186 5056 construens,
2217 4992 2407 5045 vestes
2435 4992 2494 5044 et
2523 4991 2923 5061 competentes
2947 4988 3192 5043 ornatus
3222 5001 3325 5058 pro
3375 4987 3610 5040 aeternas
3658 4983 3795 5038 vitae

517 5096 716 5135 amore
745 5079 1002 5138 luciﬂuis
1023 5086 1171 5142 votis
1200 5087 1326 5158 ipse
1357 5087 1734 5144 beatissimus
1767 5087 2027 5160 pontifex
2054 5085 2286 5144 obtulit.
2319 5086 2480 5142 Idem
2511 5085 2687 5142 etiam
2717 5102 2752 5142 a
2781 5085 2896 5141 Deo
2927 5086 3226 5156 protectus
3254 5085 3314 5138 et
3342 5080 3566 5138 cmlesti
3598 5081 3797 5155 gratia

523 5177 1000 5235 circumvallatus
1031 5181 1221 5237 multa
1251 5199 1454 5239 casum
1480 5185 1770 5240 minantia
1795 5185 2089 5242 renovavit
2116 5184 2243 5241 loca
2271 5188 2630 5250 sanctorum,
2663 5186 2718 5239 et
2746 5180 2989 5238 diversis
3019 5179 3281 5237 ecclesiis
3299 5179 3798 5236 diversamunera

441 5276 479 5332 5
515 5275 782 5347 contulit,
811 5281 869 5333 et
889 5279 1197 5334 commoda
1221 5278 1548 5337 luculenter
1578 5282 1832 5339 adauxit.
1866 5285 1934 5338 Et
1965 5283 2025 5338 in
2055 5281 2288 5356 cyborio
2317 5281 2811 5340 Constantiniana
2842 5278 3100 5336 basilica:
3127 5277 3384 5352 optimos
3414 5278 3489 5334 de
3520 5275 3716 5344 sifori,
3737 5280 3798 5332 et

515 5375 586 5431 de
616 5375 860 5432 fundato
889 5380 1142 5450 quatuor
1169 5393 1393 5450 pannos
1413 5381 1710 5452 appendit.
1745 5380 1960 5436 Deinde
1989 5380 2152 5454 regni
2174 5379 2454 5436 cmlorum
2485 5378 2774 5454 clavigero
2805 5377 2963 5452 paris
2983 5377 3043 5432 in
3059 5374 3293 5447 cyborio
3306 5373 3544 5432 numeri
3555 5389 3794 5448 pannos

516 5473 768 5546 optimos
798 5473 1028 5531 obtulit.
1065 5475 1128 5531 In
1157 5473 1402 5531 ecclesia
1430 5477 1684 5533 doctoris
1696 5494 1803 5550 gen
1813 5477 1958 5534 tium
1974 5477 2243 5534 similiter
2254 5478 2410 5534 fecit.
2425 5479 2490 5533 In
2505 5476 2752 5533 ecclesia
2765 5479 2979 5532 sancta
2993 5474 3095 5531 Dei
3107 5471 3421 5531 Genitricis
3435 5472 3510 5528 ad
3527 5471 3795 5544 Praesepe

513 5571 639 5644 pari
687 5573 878 5642 modo,
928 5579 1153 5631 aeternae
1200 5589 1302 5646 pro
1345 5574 1742 5630 retributionis
1773 5575 2028 5648 praemiis
2059 5575 2196 5649 egit.
2231 5577 2301 5632 Et
2331 5575 2389 5630 in
2423 5574 2669 5631 ecclesia
2699 5573 2888 5630 sancti
2924 5571 3216 5630 Laurentii
3247 5569 3466 5628 Christi
3499 5568 3788 5642 martyris

516 5667 657 5724 foris
688 5671 1106 5739 murosUrbis,
1127 5688 1288 5744 aeque
1319 5689 1544 5744 pannos
1574 5673 1826 5743 optimos
1857 5678 2108 5744 quatuor
2133 5673 2192 5728 in
2206 5673 2438 5746 cyborio
2451 5672 2630 5729 dedit.
2646 5673 2834 5745 Hujus
2847 5671 3062 5745 quippe
3082 5668 3234 5727 beati
3253 5669 3636 5742 temporibus
3651 5684 3798 5741 prae-

407 5767 474 5820 10
511 5765 660 5821 sulis
687 5769 850 5821 tanta
880 5768 1114 5825 ubertas
1144 5773 1200 5826 et
1229 5769 1490 5828 victuum
1522 5769 1688 5842 copia
1717 5769 1957 5838 exstitit,
1993 5774 2058 5826 ut
2085 5786 2319 5826 omnem
2352 5770 2694 5826 memoriam
2727 5769 2900 5827 famis
2931 5767 3555 5840 decessorissuijfactsa
3579 5765 3797 5823 diebus

517 5862 638 5918 hzec
666 5862 940 5920 oblivioni
964 5867 1219 5924 traderet
1243 5867 1626 5926 abundantia.
1662 5867 1764 5922 llic
1797 5866 1928 5921 fecit
1966 5865 2394 5922 ordinationem
2423 5882 2604 5922 unam
2634 5885 2740 5940 per
2767 5883 3032 5924 mensem
3068 5867 3367 5932 Martium,
3411 5865 3796 5938 presbyteros

520 5964 764 6032 septem,
790 5961 1065 6020 diaconos
1095 5971 1366 6039 quatuor,
1398 5969 1702 6042 episcopos
1732 5981 1835 6037 per
1864 5963 2093 6020 diversa
2121 5963 2250 6019 loca
2298 5979 2542 6019 numero
2575 5966 2878 6038 sexaginta
2919 5965 3200 6039 quinque.
3231 5967 3558 6036 Postquam
3589 5965 3800 6022 autem
