4058 6162
417 121 572 181 4379
833 172 857 178 -
1576 115 1990 178 ANASTASII

2224 115 2654 178 [OTHECARII
3099 68 3112 72 _
3675 121 3826 182 1380

411 252 504 317 24,
539 256 596 308 et
626 251 768 323 imp.
803 251 882 306 lin
921 252 1012 317 22,
1039 247 1220 323 totius
1263 247 1394 323 Eccl
1441 253 1592 323 past.
1625 248 1704 304 lin
1734 248 1824 314 23,
1857 263 2060 323 omnes
2091 251 2145 315 Α
2244 253 2390 323 Nam
2415 248 2542 323 581,
2583 247 2665 304 lin
2693 249 2748 320 5,
2782 247 2996 306 Salvat.
3022 264 3149 323 quae
3181 251 3446 311 ϐεδε.»θᾶ
3485 267 3627 311 nom
3660 269 3828 311 sum-

411 325 614 378 eatlcm
646 319 920 391 dicimus,
952 319 1240 392 sapimus.
1271 319 1352 392 (in
1383 319 1512 387 cad,
1536 322 1674 392 tunc
1705 324 1825 392 tam
1857 319 2058 392 eodem
2172 319 2290 391 psit
2321 337 2352 374 a
2384 319 2619 375 nomine
2648 319 2872 378 ernees.

411 393 869 474 archiepiscopo.
1015 390 1120 474 :24,
1157 390 1400 474 refertis.
1439 391 1640 474 (£125,
1672 391 1922 474 satiatis,
1957 407 2058 445 un.
2177 390 2182 391 “
2239 394 2386 474 [gum
2412 393 2541 474 gi],
2679 393 2736 474 ξ,
2766 408 2870 464 per
2898 392 3146 474 miliam:

385 465 492 518 Jz’n
525 461 644 534 ead,
677 461 870 519 exivit.
903 462 1221 518 Ecclesiam
1261 465 1457 517 autem
1495 461 1619 527 Dei,
1651 469 1712 517 ut
1741 463 1822 516 lin
1849 463 1906 530 9,
1928 479 2062 516 num
2239 463 2378 516 Num
2408 461 2536 530 589,
2568 463 2648 517 lin
2677 464 2731 529 5,
2766 461 2894 534 qua;
2926 464 3250 521 retradidit.

407 553 519 608 seq.
2237 535 2381 588 Num
2408 535 2534 603 591,
2567 534 2650 590 lin
2682 536 2768 602 16,
2801 551 2906 590 nec
2949 552 3196 592 morem.
3227 537 3310 594 lin
3337 538 3429 608 25,
3463 541 3703 596 nectare
3731 555 3824 596 sa-

480 609 622 663 Num
640 605 765 661 592.
799 605 880 662 lin
917 605 996 663 I0.
1029 608 1290 660 vocatur.
1323 605 1404 659 lin
1436 603 1522 663 44.
1556 603 1944 658 decoraverat.
1979 605 2058 659 lin
2165 603 2346 659 tiatis.

407 645 996 756 4
2404 675 2533 743 596,
2565 677 2651 733 lin
2677 679 2732 745 2,
2766 676 3158 750 appellantem
3189 677 3250 734 in
3285 679 3513 752 judicio
3543 697 3610 738 se
3639 681 3825 755 depo-

408 767 508 808 rex
538 746 848 822 Bulgarius
887 746 1021 822 cum
1076 750 1197 822 toto
1249 746 1369 822 sibi
1425 746 1602 818 regno
1634 746 2054 822 commissoad
2166 746 2366 802 situm.

407 816 879 894 praedicationem
937 820 1065 894 ejus
1123 817 1454 894 baptizatus
1495 816 1609 883 cst,
1641 823 1818 894 atque
1866 816 2056 894 archi-
2236 823 2383 874 Num
2690 818 2749 894 _I,
2785 819 3262 894 IgiturHlothar.

406 888 748 966 episcopum
788 888 1033 963 ipsemet
1073 888 1360 966 expetivit.
1401 893 1528 966 Ipse
1559 893 1757 966 autem
1787 888 2055 966 beatissi-
2233 894 2379 966 Ναῃι
2407 891 2532 966 598,
2573 889 2656 946 ιίη
2683 891 2738 953 2,
2772 888 3016 966 consilio
3065 908 3398 966 usussum.
3431 892 3524 950 lin
3553 895 3647 966 l6,
3677 912 3822 950 uxo-

407 959 542 1037 mus
573 959 830 1037 pontifex
867 966 1052 1037 totum
1087 961 1374 1037 mundum
1406 959 1649 1027 sedavit,
1683 965 1857 1037 atque
1901 959 2056 1037 ‘Pho-
2163 977 2284 1016 rem
2321 961 2573 1026 Bosinis,
2606 979 2735 1034 quis
2766 979 2901 1018 eun.
2943 965 3025 1019 (in
3071 964 3159 1019 48.
3191 963 3392 1037 ligata.
3424 965 3509 1022 lin
3536 959 3642 1034 24;
3664 966 3820 1023 illico

404 1035 554 1112 tium
573 1029 931 1112 'invasorem,
953 1036 1012 1086 et
1042 1031 1422 1112 n_eophytum,
1447 1029 2052 1112 utnnimchumuejecit,
2161 1048 2313 1112 papa
2342 1047 2493 1112 casas”.

405 1111 462 1162 et
499 1107 671 1176 juxta
719 1105 894 1159 ritum
929 1101 1460 1176 sanetae’ltomanze
1512 1101 1776 1176 Ecclesiae
1827 1101 1906 1155 ibi
1962 1119 2052 1157 ar-
2162 1101 2183 1104 ’
2227 1101 2367 1157 Num
2394 1102 2520 1167 599,
2551 1103 2631 1176 lin
2661 1106 2748 1172 17,
2780 1121 2910 1176 qua:
2943 1122 3101 1161 nunc
3130 1106 3496 1164 intentando.

405 1172 840 1249 chiepisc0pum
865 1173 1186 1249 constituit.
1211 1173 1314 1228 Hic
1341 1174 1473 1228 fecit
1503 1172 1927 1249 ordinationem
1951 1190 2056 1245 per
2231 1179 2379 1231 Num
2405 1175 2531 1249 609,
2569 1173 2652 1249 (in
2681 1179 2736 1249 8,
2765 1172 2833 1249 in
2865 1176 3194 1249 eisrnuscas
3223 1177 3344 1232 ubi.

405 1244 678 1323 mensem
699 1244 1037 1323 Decembris
1067 1261 1268 1323 unam,
1302 1254 1362 1323 ιιι
1385 1261 1519 1323 nam
1543 1244 1601 1299 61
1614 1248 1668 1314 2,
1701 1245 1782 1323 lin_
1815 1245 1898 1299 11.
2230 1250 2378 1323 Qum
2405 1245 2531 1323 692,
2674 1248 2728 1323 2_,
2753 1247 2966 1323 Christi
2997 1248 3057 1303 in
3091 1249 3428 1323 Frascaram
3461 1251 3654 1323 princ.

471 1325 624 1400 Nam
652 1319 998 1400 6_12',‘lin.l3
1044 1320 1099 1370 et
1128 1316 1238 1400 Λ14,
1271 1319 1329 1400 et
1357 1315 1542 1400 princ.
1577 1333 1623 1370 r.
1650 1332 1720 1400 ex
1770 1315 1878 1400 hac
1923 1314 2053 1370 luce

2230 1316 2374 1372 Num
2399 1317 2525 1382 604,
2567 1317 2646 1372 lin
2696 1319 2750 1386 3,
2781 1317 2974 1374 innoc.
3009 1319 3344 1393 recepisset.
3391 1314 3482 1377 (in.
3522 1324 3585 1391 7,
3617 1337 3817 1379 coram

403 1390 577 1462 migr.
631 1389 704 1444 ad
753 1387 1090 1444 Doninum.
1124 1388 1247 1452 Quo
1297 1387 1592 1441 defuncto.
1642 1387 1725 1442 (in
1779 1388 1859 1452 t7,
1912 1403 2005 1458 apt

403 1460 652 1534 stoli,‘et
680 1459 928 1517 cessavit
972 1457 1345 1530 episcopatus
1393 1475 1580 1514 annos
1625 1459 1678 1525 8,
1731 1461 2005 1512 menses“.

1642 1387 1725 1442 (in
1779 1388 1859 1452 t7,
1912 1403 2050 1458 apo-
2160 1403 2607 1512 summo()%raas._
3139 1387 3160 1393 “

1630 1459 1678 1525 8,
1731 1473 1964 1512 menses
1991 1461 2048 1523 7,
2228 1463 2375 1534 litum
2413 1531 2430 1534 _
2450 1460 2527 1534 Δ6,
2561 1461 2645 1534 (in
2675 1461 2905 1534 11;,_cop
2937 1478 3042 1534 pro
3071 1477 3232 1534 pace.

402 1532 527 1588 dies
555 1531 610 1586 9.
2231 1532 2376 1584 Num
2402 1531 2528 1596 607,
2563 1532 2641 1586 lin
2686 1533 2740 1599 8,
2782 1531 3050 1589 habetur.
3072 1531 3489 1590 Nihilominus
3523 1535 3687 1592 Host.
3735 1535 3820 1590 lin

721 1637 872 1710 Apud
915 1638 1146 1692 Pcm'am
1173 1652 1243 1692 ex
1271 1636 1450 1691 codice
1483 1635 1732 1691 Cavensi.
2057 1621 2104 1684 Β
2157 1599 2323 1727 “ivli:

1561 1636 1732 1691 υεηδί.
2057 1621 2104 1684 Β
2157 1599 2245 1666 41,
2283 1601 2503 1678 fabrica
2530 1600 2918 1685 inspiratione
2945 1605 3161 1686 readif.

2225 1671 2369 1727 Num
2395 1672 2521 1731 608.
2555 1674 2638 1729 ιιη
2670 1676 2756 1731 11.
2791 1674 3018 1731 legatis.

722 1691 785 1710 77.7
966 1691 974 1692 7
1038 1691 1043 1692 7
1182 1691 1187 1692 7
2225 1691 2369 1727 1mm
2395 1691 2521 1738 ouo,
2555 1691 2638 1729 un
2670 1691 2756 1744 11,
2791 1691 3018 1748 legatis.

468 1747 612 1802 Num
637 1745 762 1814 577,
789 1746 871 1800 lin
901 1744 989 1810 I3,
1022 1759 1326 1798 coruscare
1357 1742 1538 1814 Cujus
1567 1746 1759 1798 ortatu
1789 1743 1883 1798 ad.
2223 1743 2367 1799 Num
2393 1745 2519 1810 612,
2553 1746 2635 1800 lin
2662 1747 2718 1814 6,
2751 1747 3047 1819 appendit.
3082 1745 3272 1803 Nichil
3300 1746 3612 1804 hominus.

1669 2025 1890 2096 CVIII.
1949 2025 2372 2096 ADRIANUS
2424 2025 2506 2094 II.

1173 2217 1337 2263 ANNO
1381 2217 1616 2270 cnnisri
1659 2202 1803 2278 867,
1850 2217 2130 2262 LUDOVICI
2173 2217 2245 2274 II,
2290 2217 2402 2276 xu,
2445 2216 2650 2262 mres.
2696 2202 3014 2282 nasum}.

609 2523 762 2579 618
791 2521 1102 2587 Adrianus,
1136 2520 1370 2576 natione
1402 2521 1720 2588 Romanus,
1745 2537 1812 2576 ex
1845 2522 2007 2592 patre
2037 2519 2265 2588 Talaro,
2299 2519 2706 2593 postepiscopo
2735 2519 2988 2594 regionis
3018 2519 3221 2588 tertiae,
3246 2520 3399 2576 sedit
3427 2537 3622 2578 annos
3643 2523 3810 2594 quin-

536 2639 670 2697 que.
694 2620 797 2678 Hic
827 2638 896 2676 ex
925 2617 1316 2692 proximitatis
1367 2617 1708 2690 genealogia
1736 2619 1918 2674 beatis
1975 2619 2394 2676 recordationis
2425 2619 2617 2691 quarti
2649 2617 2928 2692 Stephani
2957 2621 3014 2675 et
3043 2617 3226 2691 Sergii
3271 2617 3535 2690 junioris
3567 2619 3806 2692 pontiﬁ-

534 2737 670 2778 cum
700 2717 1080 2782 descendens,
1107 2717 1248 2772 dum
1275 2715 1442 2772 miris
1472 2715 1714 2787 polleret
1745 2715 1974 2772 actibus
1991 2716 2382 2772 avenerandzs
2416 2716 2709 2772 memoria:
2740 2720 2950 2788 quarto
2981 2715 3256 2788 Gregorio
3275 2715 3432 2772 sedis
3465 2716 3804 2790 apostolico

534 2815 780 2894 pressule
810 2812 1174 2871 subdiaconii
1221 2813 1466 2869 sortitus
1515 2817 1605 2868 est
1653 2812 2071 2870 ministerium.
2099 2813 2319 2869 Deinde
2346 2830 2481 2870 vero
2511 2813 2571 2868 in
2603 2812 2979 2870 Lateranensi
3025 2813 3379 2887 patriarchio
3426 2812 3808 2872 familiariter

459 2920 496 2974 5
531 2919 876 2988 assumptus
899 2911 1275 2968 laudabiliter
1294 2914 1672 2967 conversatus
1693 2911 1766 2966 ad
1789 2913 2108 2984 regendum
2132 2911 2371 2968 titulum
2397 2911 2586 2968 sancti
2608 2911 2786 2968 Marci
2807 2910 3157 2968 confessoris
3177 2910 3392 2967 Christi
3411 2916 3597 2985 atque
3617 2913 3804 2986 ponti-

531 3015 656 3071 ficis
685 3011 986 3086 presbyter
1013 3009 1320 3066 ordinatus
1375 3013 1494 3064 tam
1550 3007 1984 3080 inculpabilitcr
2013 3009 2234 3082 deguit,
2261 3013 2380 3066 tam
2409 3009 2654 3065 viriliter
2710 3008 3084 3075 ministravit,
3109 3012 3172 3064 ut
3200 3025 3315 3064 non
3374 3012 3615 3066 tantum
3648 3009 3803 3066 sicut

531 3115 719 3169 factus
750 3109 1071 3183 presbyter,
1101 3107 1200 3162 sed
1233 3106 1384 3162 sicut
1415 3107 1648 3162 futurus
1679 3106 1956 3178 pontifex,
1981 3111 2308 3163 reverenter
2337 3107 2408 3162 ab
2441 3106 2714 3163 omnibus
2741 3105 3047 3164 coleretur.
3072 3106 3375 3179 Siquidem
3406 3112 3466 3162 et
3495 3107 3558 3162 in
3592 3125 3662 3163 eo
3682 3112 3804 3164 erat

530 3215 589 3270 in
620 3211 848 3268 Christo
878 3210 1123 3280 eiusque
1153 3208 1461 3275 Genitrice,
1487 3207 1641 3280 apud
1673 3209 1843 3278 cujus
1886 3225 2142 3280 prmsepe
2163 3207 2410 3281 jugibus
2438 3207 2802 3264 orationibus
2842 3207 3240 3274 incumbebat,
3267 3211 3431 3264 tanta
3462 3207 3708 3277 ﬁducia,
3739 3212 3803 3264 ut

486 3320 500 3331 ‘
527 3312 676 3368 bene
707 3307 926 3364 iaciens
958 3323 1072 3362 non
1104 3306 1393 3371 deficeret,
1419 3321 1524 3360 nec
1554 3304 1877 3376 quidquam
1911 3305 2290 3372 discriminis,
2314 3309 2526 3361 cuncta
2555 3323 2683 3378 quae
2722 3305 2938 3361 habere
2968 3309 3194 3378 poterat
3231 3304 3663 3362 discretissime
3689 3306 3802 3363 lar

418 3412 490 3470 40
526 3411 712 3483 giens,
735 3405 1032 3462 incurrere
1061 3403 1420 3460 formidaret.
1443 3403 1591 3458 Nam
1622 3420 1756 3458 cum
1806 3401 1899 3458 die
1945 3402 2201 3473 quadam
2241 3403 2392 3458 inter
2420 3404 2924 3476 compresbyteros
2955 3419 3095 3460 suos
3125 3420 3192 3460 ac
3221 3401 3602 3460 sanctissimo
3657 3420 3804 3478 papa

529 3505 730 3578 Sergio
763 3501 1324 3559 consuetudinaliter
1344 3499 1598 3556 denariis
1619 3499 2008 3572 quadraginta
2029 3500 2315 3573 perceptis
2336 3502 2548 3557 domus
2579 3518 2698 3557 suae
2729 3505 2928 3573 portas
2951 3504 3243 3558 revertens
3264 3501 3494 3574 ingredi
3516 3500 3715 3570 vellet,
3738 3518 3800 3558 ac

528 3621 644 3677 prae
675 3599 1051 3656 multitudine
1074 3597 1673 3671 peregrinorum,quae
1705 3597 1782 3651 ibi
1819 3597 2170 3653 fiducialiter
2199 3615 2360 3654 more
2391 3597 2560 3655 solito
2581 3598 2738 3654 velut
2767 3600 2838 3655 ad
2858 3598 3136 3656 horreum
3169 3615 3483 3655 commune
3503 3599 3800 3656 conﬂuxe-

530 3705 637 3757 rat‘
662 3697 902 3754 omnino
925 3696 1226 3768 nequiret:
1254 3695 1654 3750 misericordia
1681 3700 1875 3750 motus
1896 3696 2152 3766 equestri
2177 3695 2254 3768 (ιι)
2276 3714 2381 3752 suo
2413 3695 2631 3764 retulit,
2656 3695 2738 3752 nil
2769 3696 2895 3752 sine
2937 3696 3117 3753 tantis
3147 3697 3427 3753 fratribus
3456 3695 3522 3752 in
3551 3695 3802 3753 tantillis

527 3795 785 3854 denariis
816 3795 928 3851 sibi
961 3811 1089 3850 esse
1119 3809 1450 3848 commune.
1470 3792 1732 3864 Cumque
1763 3792 1860 3847 illc
1891 3810 2076 3864 neque
2107 3793 2286 3848 tertia:
2318 3793 2467 3866 parti
2498 3811 2822 3866 pauperum
2845 3793 3110 3868 singulos
3140 3794 3410 3850 denarios
3431 3811 3613 3867 posse
3645 3794 3801 3851 suffi-

417 3897 490 3958 45
526 3912 654 3954 cere
687 3893 998 3960 intulisset,
1023 3892 1080 3947 in
1103 3892 1335 3958 virtute,
1363 3889 1654 3962 inquiens,
1680 3889 2031 3962 Christi,qui
2061 3891 2133 3946 de
2163 3891 2421 3964 quinque
2452 3891 2704 3965 panibus
2723 3896 2780 3948 et
2800 3892 3030 3948 duobus
3060 3890 3319 3964 piscibus
3341 3893 3614 3965 quinque
3637 3891 3801 3948 milia

526 3993 832 4052 hominum
866 3991 1120 4056 satiavit,
1141 3980 1258 4044 non
1289 3987 1540 4061 singulis
1569 3988 1855 4061 singulos,
1885 3989 1987 4044 sed
2011 3992 2206 4044 ternos
2229 3988 2478 4063 singulis
2503 3988 2773 4046 denarios
2793 3988 3064 4063 erogabo.
3087 3990 3156 4045 Et
3185 3989 3307 4046 haec
3327 3989 3536 4046 dicens
3557 3989 3799 4047 forinse-

524 4110 628 4149 cus
660 4095 836 4164 portze
867 4087 1206 4154 succedens,
1230 4103 1296 4142 ac
1325 4087 1395 4142 de
1427 4103 1605 4142 manu
1657 4086 1942 4159 equestris
1983 4085 2074 4142 sui
2123 4085 2451 4160 suscipiens
2481 4087 2804 4160 peregrinis
2834 4087 3064 4142 cunctis
3112 4086 3554 4160 egredientibus
3601 4091 3798 4146 ternos

523 4187 828 4263 sigillatim
861 4185 1130 4243 denarios
1159 4184 1440 4256 erogavit,
1493 4185 1556 4239 In
1589 4201 1706 4256 qua
1735 4185 2159 4240 redundatione
2188 4200 2323 4240 cum
2365 4185 2677 4240 miraretur
2705 4189 2978 4258 equester
3006 4198 3124 4240 non
3154 4184 3343 4240 solum
3377 4185 3672 4242 defecisse
3699 4186 3797 4242 de-

521 4287 740 4352 narios,
764 4284 1027 4358 quinimo
1059 4281 1440 4355 superfuisse,
1464 4280 1723 4338 liberalis
1745 4282 2046 4354 presbyter
2075 4281 2176 4354 qui
2205 4286 2548 4354 supererant
2567 4283 2810 4338 domum
2841 4281 3126 4354 recipiens
3156 4280 3526 4338 multitudini
3557 4281 3796 4338 familia

410 4389 482 4444 2O
522 4403 641 4442 sua
673 4389 868 4440 ternos
901 4379 1288 4436 nihilominus
1321 4379 1676 4452 personatim
1729 4397 2005 4436 nummos
2035 4378 2283 4453 largitus
2313 4383 2421 4436 est.
2455 4382 2529 4436 At
2557 4397 2691 4437 cum
2740 4398 2841 4437 sex
2896 4381 3098 4437 itidem
3133 4383 3552 4454 superessent:
3577 4381 3796 4438 Videas

519 4499 697 4557 quam
731 4481 920 4554 largu-
961 4483 1018 4535 et
1048 4495 1223 4551 quam
1256 4478 1452 4534 suavis
1481 4479 1559 4534 sit
1587 4476 2198 4550 omnipotentissimus
2223 4477 2529 4546 Dominus,
2555 4477 2654 4551 qui
2686 4479 3074 4552 quadraginta
3099 4479 3494 4550 quantitatem
3525 4495 3797 4536 nummo-

517 4599 650 4639 rum
681 4584 739 4636 et
767 4578 1046 4634 fratribus
1076 4576 1296 4632 nostris
1325 4593 1428 4649 per
1457 4580 1653 4632 ternos
1683 4574 2000 4644 distribuit,
2024 4579 2081 4630 et
2111 4575 2254 4630 mihi
2288 4581 2504 4644 ternos,
2531 4575 2754 4649 tibique
2784 4580 2982 4634 ternos
3013 4593 3180 4650 requa
3209 4577 3354 4633 forte
3386 4576 3666 4633 servavit.

589 4680 744 4736 014
773 4678 908 4732 Erat
938 4679 1214 4748 praeterea
1269 4677 1442 4730 tanta;
1500 4672 1918 4746 hospitalitatis
1949 4679 2006 4728 et
2031 4672 2343 4748 largitatis,
2367 4679 2431 4729 ut
2460 4691 2574 4730 non
2606 4674 2897 4731 immerito
2929 4675 3096 4732 beato
3126 4675 3236 4732 Job
3267 4674 3344 4748 (b)
3365 4673 3428 4730 in
3477 4673 3576 4731 his
3605 4674 3794 4731 valeat

519 4775 864 4848 comparari,
891 4792 1026 4830 nam
1061 4773 1132 4829 ab
1165 4773 1414 4828 infantia
1444 4771 1619 4828 erevit
1677 4788 1810 4827 cum
1843 4789 1908 4828 eo
1941 4772 2337 4840 miscratio,et
2366 4773 2436 4829 de
2468 4776 2631 4829 utero
2664 4772 2869 4830 matris
2899 4790 3035 4830 cum
3092 4773 3220 4846 ipso
3251 4789 3490 4848 egressa
3519 4776 3632 4829 est.
3663 4773 3790 4829 Non

519 4873 878 4944 despiciebat
899 4876 1444 4944 praetereuntem,eo
1467 4870 1621 4942 quod
1649 4887 1764 4925 non
1787 4869 2027 4926 haberet
2047 4870 2479 4938 indumentum,
2495 4871 2665 4943 cujus
2685 4870 2870 4928 latera
2889 4871 3168 4928 nimirum
3187 4871 3386 4928 ovium
3407 4870 3790 4928 calefaciebat

516 4968 848 5036 velleribus,
872 4986 978 5024 nec
1005 4969 1326 5024 butcellam
1355 4967 1594 5040 quidem
1621 4984 1790 5024 suam
1813 4969 2155 5023 comedebat
2176 4967 2358 5034 solus,
2383 4985 2516 5024 cum
2537 4967 2690 5024 hanc
2719 4984 2854 5024 eum
2876 4967 3117 5042 pupillis
3137 4972 3194 5025 et
3213 4969 3414 5043 egenis
3433 4969 3786 5026 eomederet.

443 5069 480 5125 5
517 5065 741 5138 Quippe
762 5064 860 5136 qui
884 5064 1088 5120 oculus
1109 5070 1262 5120 esset
1281 5083 1429 5122 caeco
1451 5070 1507 5120 et
1527 5082 1628 5138 pes
1649 5066 2004 5138 probabatur
2023 5065 2268 5122 existere
2294 5065 2522 5131 claudo,
2539 5070 2697 5134 et,ut
2726 5066 2961 5140 scriptis
2976 5067 3260 5122 virtutum
3284 5067 3414 5139 ejus
3441 5065 3789 5140 multiplici-

516 5170 608 5222 tas
630 5163 930 5229 referatur,
955 5167 1117 5233 pater
1137 5167 1261 5217 erat
1292 5180 1634 5235 pauperum,
1650 5168 1706 5219 et
1727 5164 1919 5220 cordis
1938 5164 2123 5220 viduae
2147 5163 2492 5233 consolator,
2507 5163 2724 5220 ostium
2750 5165 2879 5236 ejus
2899 5165 3222 5222 viatoribus
3247 5165 3504 5238 patebat,
3528 5180 3640 5220 nec
3665 5166 3790 5220 erat

516 5262 720 5320 clausa
741 5261 927 5333 janua
947 5259 1159 5318 domus
1189 5259 1376 5330 ipsius
1397 5260 1698 5334 quippiam
1721 5261 2156 5334 postulantibus
2179 5263 2250 5318 ab
2274 5279 2361 5331 eo,
2386 5266 2452 5318 ut
2481 5262 2552 5318 ab
2584 5261 2744 5318 omni
2766 5261 3020 5319 clericali
3044 5263 3252 5336 gradu,
3271 5263 3345 5318 ab
3368 5263 3535 5319 omni
3562 5265 3790 5318 senato-

515 5362 601 5418 rio
633 5364 690 5416 et
710 5355 976 5432 populari
1003 5356 1460 5414 concordissimo
1481 5363 1652 5426 cmtu,
1677 5361 1834 5416 sicut
1857 5365 1987 5432 post
2009 5364 2256 5425 mortem
2277 5359 2470 5434 quarti
2491 5377 2652 5433 papa:
2676 5360 2906 5428 Leonis,
2930 5359 3012 5416 ita
3033 5364 3165 5434 post
3184 5359 3413 5418 obitum
3433 5358 3595 5417 tertii
3618 5360 3788 5416 Bene-

515 5457 652 5516 dieti
674 5455 970 5531 pontificis
989 5454 1058 5528 (ο)
1081 5455 1278 5510 subire
1309 5471 1610 5510 summum
1633 5457 2018 5528 pontificium,
2040 5457 2151 5514 nisi
2175 5457 2299 5530 ipse
2320 5457 2566 5514 diversis
2588 5459 2953 5530 argumentis
2973 5462 3030 5514 et
3049 5457 3359 5531 exquisitis
3388 5455 3782 5514 excusationi-

407 5558 478 5615 40
515 5557 626 5612 bus
646 5554 966 5610 verecunde
996 5551 1466 5625 subterfugisset,
1491 5557 1811 5626 cogeretur.
1837 5555 1948 5610 Sed
1971 5572 2104 5610 cum
2131 5554 2460 5628 apostolicae
2483 5555 2775 5611 memoria:
2798 5555 3211 5612 sanctissimus
3229 5571 3384 5630 papa
3401 5555 3683 5612 Nicolaus
3701 5569 3785 5610 re-

514 5654 626 5711 bus
643 5651 986 5709 excessisset
1001 5649 1361 5720 humanis,et
1377 5650 1486 5706 iste
1502 5651 2032 5722 impraesentiarum
2049 5651 2283 5708 tertium
2303 5652 2574 5725 quintum
2593 5653 3012 5726 etvigesimum
3029 5671 3255 5711 annum
3268 5653 3779 5725 transiret,omnes

1543 5782 1794 5828 NOTULE
1835 5781 2220 5831 MARGINALES
2270 5783 2588 5831 FABBOTTI.

440 5874 520 5960 (α)
549 5871 832 5952 equestri,
849 5872 1214 5953 dispensatori
1239 5890 1358 5938 suo.
1433 5873 1513 5949 (b)
1541 5873 1657 5936 Job.
1690 5888 1889 5934 mm.
1966 5871 2035 5952 (ο)
2061 5871 2198 5932 Nota
2227 5873 2428 5932 iterum
2452 5873 2811 5936 Benedictum
2837 5877 3004 5938 Leoni
3028 5877 3115 5938 IV
3137 5876 3442 5942 succedere.
