4058 6162
293 189 442 253 4381
1026 187 1398 251 HISTORIA
1445 185 1548 248 DE
1589 184 1792 248 VITIS
1839 183 2028 247 ROM.
2077 187 2406 248 PON'l‘.—
2439 189 2844 258 ADRIANUS
2890 191 2967 254 II.
3542 199 3702 262 1382

431 320 599 378 urbis
629 321 903 378 Romanae
935 320 1221 387 concives,
1252 317 1430 376 simul
1461 323 1519 375 et
1547 319 1630 387 hi,
1665 335 1812 392 quos
1845 317 2208 376 extrinsecus
2254 323 2394 375 tunc
2439 321 2642 378 adesse
2675 322 3019 397 contigerat,
3055 330 3174 382 tam
3206 343 3492 401 pauperes
3521 347 3701 404 quam

433 418 802 488 divites,tam
835 417 1118 474 clericalis
1146 417 1286 473 ordo
1317 433 1496 490 quam
1529 422 1806 472 cunctum
1843 417 2040 489 populi
2076 416 2308 489 vulgus,
2333 417 2525 473 omnis
2553 419 2774 476 scilicet
2796 421 3399 496 mtutis,professionis
3428 432 3485 483 et
3505 446 3700 498 sexus,

433 521 838 589 contemptum
869 517 1144 573 omnibus
1175 514 1648 572 excusationibus
1671 513 1987 570 Adrianum
2020 515 2372 583 desiderant,
2387 516 2708 572 Adrianum
2727 518 2848 573 dari
2871 519 2983 575 sibi
2999 521 3306 592 praesulem
3327 541 3393 580 ac
3410 530 3702 597 pastorem

327 616 398 673 45
435 619 731 688 exoptant.
755 613 1082 687 Nullusque
1104 614 1164 669 in
1185 614 1366 670 totius
1386 613 1559 670 Urbis
1580 611 1947 685 amplissimo
1979 613 2168 685 spatio
2201 618 2465 686 repertus
2491 618 2599 685 est,
2615 614 2726 670 nisi
2751 616 2840 671 vel
2861 634 2922 674 se
2943 617 3030 674 vel
3052 636 3225 675 suum
3258 637 3548 695 quemque
3571 640 3704 696 pro-

433 713 566 770 vehi
594 711 896 782 voluisset,
911 712 1010 784 qui
1039 727 1156 768 non
1181 711 1504 767 Adrianum
1535 711 1862 783 promoveri
1884 711 1956 766 ad
1983 709 2092 766 hoc
2117 709 2348 766 cnlmen
2383 711 2724 768 medullitus
2765 719 3076 786 exoptaret.
3111 717 3382 775 Proceres
3410 737 3542 777 vero
3570 721 3708 779 licet

435 810 627 868 soluto
647 810 707 866 in
729 811 878 868 duas
899 814 1094 883 partes
1126 826 1366 882 corpore
1391 809 1728 865 viderentur
1753 824 1882 865 esse
1915 808 2106 874 divisi,
2139 827 2257 865 una
2287 813 2481 865 tamen
2515 815 2709 867 mente
2739 812 2980 884 parique
3013 813 3162 869 circa
3194 816 3349 873 hunc
3382 818 3708 892 flagrabant

435 908 956 982 ardore,quoniam
979 924 1219 965 causam
1242 905 1546 964 divisionis
1568 923 1770 962 eorum
1796 923 1912 962 non
1934 905 2044 962 nisi
2069 906 2288 962 nimius
2309 907 2367 962 in
2386 912 2616 964 tantum
2635 909 2825 964 virum
2845 909 3090 966 faciebat
3113 912 3418 972 charitatis
3439 917 3704 986 affectus,

437 1008 578 1064 dum
613 1007 697 1063 sic
727 1005 1009 1062 alterutra
1038 1023 1176 1080 pars
1207 1005 1318 1062 sibi
1349 1005 1606 1078 praeferri
1640 1003 1899 1077 gestiret,
1933 1009 1999 1060 ut
2026 1003 2075 1059 si
2109 1003 2265 1059 hunc
2318 1005 2502 1061 altera
2549 1023 2686 1079 pars
2730 1007 3026 1080 deligeret,
3060 1025 3196 1081 pars
3244 1010 3428 1069 altera
3475 1015 3708 1088 penitus

328 1105 400 1162 20
437 1105 755 1176 dubitaret,
777 1120 884 1160 nec
913 1108 1039 1160 erat
1067 1104 1147 1160 ibi
1177 1102 1327 1176 parti
1351 1101 1518 1158 alteri
1549 1101 1835 1157 retinendi
1862 1102 1938 1173 (τι)
1960 1101 2252 1170 voluntas,
2290 1103 2404 1158 nisi
2446 1103 2580 1176 quia
2609 1104 2963 1177 opinabatur
2989 1123 3115 1162 eam
3149 1125 3256 1164 sua
3285 1109 3343 1164 in
3376 1110 3556 1168 alium
3575 1117 3712 1170 vota

439 1201 708 1274 dirigere,
733 1201 1055 1274 praesertim
1083 1217 1218 1256 cum
1249 1199 1424 1256 multi
1455 1199 1898 1266 monachorum,
1923 1199 2185 1272 plerique
2210 1200 2617 1274 religiosorum
2640 1204 3010 1259 sacerdotum
3033 1222 3098 1260 ac
3123 1206 3380 1264 fidelium
3403 1207 3707 1282 laicorum,

441 1298 672 1356 cmlitus
701 1297 936 1354 emissis
963 1296 1509 1364 visionibus,multo
1531 1297 1659 1368 jam
1691 1300 1952 1368 tempore
1979 1297 2300 1352 Adrianum
2336 1298 2598 1353 futurum
2626 1299 2962 1370 pontificem
2989 1319 3100 1357 non
3126 1302 3315 1359 solum
3349 1305 3708 1380 dubitarent,

435 1412 640 1452 verum
669 1395 846 1452 etiam
877 1393 1096 1468 apertis
1123 1394 1365 1452 vocibus
1394 1394 1842 1467 proclamarent.
1877 1398 2036 1450 Inter
2083 1411 2232 1466 quos
2284 1395 2525 1468 quidam
2573 1395 2895 1452 Adrianum
2926 1397 2985 1454 in
3019 1399 3154 1455 sede
3183 1402 3503 1474 apostolica
3534 1405 3711 1478 pallio

437 1492 704 1550 humeris
729 1493 982 1550 obducto
1013 1491 1358 1549 reclinatum
1388 1491 1803 1548 videbantzalii
1824 1509 1958 1548 eum
1983 1509 2116 1548 cum
2151 1493 2488 1565 apostolicis
2519 1493 2722 1551 infulis
2754 1495 2968 1553 missas
2998 1496 3710 1561 celebrantemznonnulli

331 1592 404 1648 25
441 1607 602 1647 more
635 1590 950 1664 apostolico
972 1589 1033 1646 in
1057 1590 1300 1647 basilica
1323 1589 1695 1646 Lateranensi
1717 1607 1924 1646 aureos
1949 1607 2185 1662 erogare
2209 1608 2222 1646 ε
2250 1591 2514 1664 plerique
2536 1592 2595 1647 in
2619 1609 2790 1665 equo,
2814 1595 2984 1666 cujus
3007 1596 3269 1654 sessione
3298 1601 3711 1661 sanctissimus

438 1705 590 1762 papa
606 1687 881 1744 Nicolaus
903 1688 973 1743 ad
1001 1691 1273 1744 sanctum
1297 1692 1532 1744 Petrum
1557 1704 1806 1760 pergens
1829 1705 1973 1744 usus
1995 1688 2206 1755 fuerat,
2229 1705 2363 1744 eum
2387 1706 2524 1744 cum
2556 1689 2877 1762 pontificali
2910 1691 3086 1764 pallio
3116 1693 3458 1768 impositum
3492 1715 3710 1772 praece-

441 1784 714 1842 dentibus
743 1783 1105 1840 axiomatieis
1135 1787 1192 1840 et
1218 1783 1713 1856 subsequentibus
1735 1783 1978 1856 reliquis
2000 1784 2188 1841 turbis
2219 1785 2280 1840 in
2314 1785 2528 1841 Urbem
2563 1786 2750 1843 redire
2782 1787 3322 1864 patriarchiumque
3353 1794 3552 1851 subire
3583 1811 3715 1853 con-

439 1886 770 1956 spexerant.
801 1881 1019 1938 Verum
1050 1881 1150 1938 ubi
1181 1881 1555 1938 evidentibus
1587 1880 1822 1938 indiciis
1851 1880 2010 1937 hunc
2042 1883 2314 1938 eumdem
2348 1887 2598 1954 utraque
2628 1888 2794 1956 parte
2839 1883 3009 1959 dirigi
3041 1886 3272 1956 claruit,
3299 1893 3463 1947 tanta
3486 1891 3546 1948 in
3577 1909 3712 1950 eum

445 1977 642 2036 unitas
664 1983 722 2036 et
742 1979 1074 2036 animorum
1096 1983 1152 2035 et
1174 1994 1482 2051 corporum
1511 1979 1641 2046 fuit,
1673 1983 1738 2034 ut
1767 1996 1953 2035 unum
1983 1979 2045 2034 in
2075 1979 2161 2036 eis
2190 1997 2326 2053 erga
2357 1982 2629 2037 eumdem
2680 1982 2902 2038 domini
2952 1986 3312 2044 sacerdotem
3345 2005 3444 2045 cor
3471 1995 3528 2046 et
3557 2008 3712 2049 unus

343 2078 414 2134 30
450 2076 695 2150 spiritus
715 2076 906 2134 inesse
918 2076 1192 2134 omnibus
1204 2076 1524 2146 videretur;
1549 2077 1630 2132 ita
1651 2081 1717 2133 ut
1735 2076 1886 2149 lapis
1899 2077 2162 2150 angulari
2171 2094 2220 2141 s,
2234 2077 2393 2134 salva
2405 2080 2766 2136 reverentiaJ
2771 2097 2872 2136 esu
2887 2081 3102 2139 Christi
3116 2083 3342 2141 Domini
3358 2088 3563 2155 nostri,
3579 2105 3716 2162 quo-

453 2175 589 2230 dam
612 2175 784 2231 modo
806 2173 992 2247 possit
1011 2173 1222 2230 vocari.
1239 2174 1523 2240 Quoniam
1549 2190 1652 2247 per
1663 2174 2078 2239 ostensionem,
2094 2175 2212 2230 imo
2224 2175 2639 2247 profectionem
2654 2195 2844 2246 suam,
2859 2178 3438 2240 solvensinimicitias
3451 2185 3714 2243 cordium

455 2270 590 2328 fecit
612 2276 857 2345 utraque
878 2289 1084 2328 unum.
1101 2271 1368 2329 Collectis
1390 2271 1568 2344 igitur
1588 2272 1862 2328 omnibus
1888 2275 2006 2328 tam
2030 2273 2320 2345 episcopis
2341 2291 2475 2328 cum
2499 2275 2768 2331 universo
2789 2275 2960 2345 clero,
2979 2295 3154 2349 quam
3175 2279 3714 2352 primoribusUrbis

457 2387 592 2426 cum
622 2369 1161 2426 obsecundantibus
1190 2369 1301 2426 sibi
1329 2369 1581 2442 populis,
1615 2369 1688 2425 ab
1717 2368 1962 2425 ecclesia
1991 2375 2202 2424 sancite
2235 2369 2334 2425 Dei
2361 2370 2670 2428 Genitricis
2701 2390 3046 2447 semperque
3075 2375 3314 2450 virginis
3346 2379 3560 2450 Mariae,
3589 2398 3716 2455 quia

455 2467 780 2541 appellatur
809 2469 881 2524 ad
913 2467 1190 2540 Prassepe,
1226 2467 1472 2540 rapitur,
1502 2467 1774 2534 trahitur,
1807 2470 1863 2522 et
1893 2468 1964 2523 ad
1997 2468 2386 2524 Lateranense
2414 2469 2833 2540 patriarchium
2865 2473 3130 2528 certatim
3163 2492 3230 2532 ac
3262 2492 3296 2531 a
3325 2493 3630 2548 procerum
3661 2484 3720 2537 et

350 2566 423 2622 35
457 2564 644 2639 plebis
664 2563 1046 2622 multitudine
1067 2565 1594 2638 deportatur.Quod
1615 2564 1916 2620 audientes
1937 2569 2076 2620 tunc
2089 2564 2254 2621 missi
2278 2565 2558 2638 principis
2579 2567 2821 2624 moleste
2840 2568 3338 2644 tulere,indignati
3361 2575 3584 2632 scilicet
3599 2595 3716 2634 non

456 2664 614 2736 quod
643 2666 876 2719 tantum
894 2661 1086 2718 virum
1108 2661 1328 2718 nollent
1358 2662 1716 2734 pontificem,
1739 2677 1914 2734 quem
1949 2661 2228 2717 nimirum
2263 2662 2430 2718 anxie
2460 2663 2798 2736 cupiebant,
2821 2665 2922 2720 sed
2954 2667 3108 2738 quod
3139 2684 3200 2723 se
3229 2668 3370 2725 dum
3398 2678 3716 2744 praesentes

458 2765 676 2827 essent,
699 2759 942 2834 quirites
973 2777 1090 2816 non
1118 2759 1507 2828 invitaverint,
1523 2775 1628 2815 nec
1659 2764 1870 2832 optatae
1901 2777 1936 2816 a
1965 2776 2026 2816 se
2058 2758 2240 2815 futuri
2273 2759 2539 2832 praesulis
2569 2759 2836 2817 electioni
2867 2761 3147 2820 interesse
3179 2768 3716 2838 consenserint.0ui

458 2863 694 2932 accepta
723 2858 948 2914 ratione
967 2858 1122 2932 quod
1143 2874 1258 2914 non
1278 2857 1526 2931 Augusti
1561 2874 1738 2913 causa
1767 2857 2275 2929 contemptus,sed
2307 2856 2484 2912 futuri
2506 2857 2785 2930 temporis
2814 2859 2923 2915 hoc
2953 2860 3239 2918 omissum
3270 2863 3447 2922 fuerit
3477 2867 3716 2926 omnino

457 2961 788 3030 prospectu,
822 2972 896 3013 ne
923 2955 1191 3012 videlicet
1229 2954 1453 3028 legatos
1499 2955 1832 3028 principum
1863 2955 1922 3010 in
1954 2954 2232 3011 electione
2282 2955 2677 3012 Romanorum
2711 2956 3025 3030 praesulum
3057 2976 3185 3015 mos
3213 2965 3582 3035 exspectandi
3618 2983 3720 3040 per

353 3055 422 3110 40
457 3052 799 3125 hujusmodi
831 3053 1093 3110 fomitem
1123 3051 1486 3122 inolesceret,
1503 3069 1737 3109 omnem
1761 3071 1878 3108 suaa
1901 3051 2114 3108 mentis
2134 3051 2595 3125 indignationem
2621 3053 2960 3112 medullitus
2981 3056 3273 3131 sedavere,
3287 3075 3354 3116 ac
3369 3061 3441 3116 ad
3465 3061 3721 3121 salutan-

459 3151 600 3208 dum
630 3151 879 3208 electum
909 3150 1087 3207 etiam
1113 3149 1226 3222 ipsi
1255 3149 1560 3206 humiliter
1589 3133 1902 3206 accessere.

529 3248 682 3305 615
715 3250 976 3320 Cumque
1035 3247 1452 3322 patriarchium
1515 3249 1906 3304 Lateranense
1963 3248 2363 3315 escenderent,
2423 3252 2601 3321 atque
2660 3249 3095 3320 descenderent,
3129 3254 3306 3311 tantis
3363 3255 3719 3317 clamoribus

460 3347 743 3403 universae
764 3343 949 3419 plebis
974 3349 1040 3402 ut
1061 3345 1172 3401 sibi
1197 3345 1299 3402 diu
1319 3346 1684 3402 desideratus
1702 3344 1790 3400 vir
1808 3346 1880 3401 ad
1903 3347 2362 3402 consecrandum
2385 3346 2622 3402 daretur
2637 3346 2992 3405 clamitantis
3013 3350 3235 3408 obsessi
3261 3357 3418 3422 sunt,
3435 3359 3500 3411 ut
3521 3357 3721 3415 nullus

458 3461 660 3502 eorum
682 3441 977 3516 loquentis
998 3459 1198 3499 secum
1221 3441 1451 3515 collegae
1473 3443 1564 3499 sui
1585 3443 1760 3499 verba
1781 3447 1978 3516 posset
2000 3444 2362 3500 audire.Erat
2382 3444 2537 3499 enim
2561 3461 2796 3500 cernere
2818 3446 3082 3520 singulos
3094 3448 3247 3505 circa
3259 3454 3720 3511 consecrandum

460 3541 793 3616 pontiﬁcem
852 3544 1076 3596 tantam
1137 3539 1467 3596 dilectionis
1529 3541 1851 3596 efficaciam
1905 3539 2220 3614 possidere,
2255 3546 2534 3614 quantam
2596 3559 2702 3598 nec
2750 3543 2964 3600 vidisse
3010 3563 3116 3602 nec
3153 3546 3418 3605 visurum
3457 3567 3721 3624 unquam

385 3641 425 3696 5
459 3639 594 3713 quis
613 3638 981 3696 mstimasset.
1005 3637 1263 3710 Denique
1283 3654 1488 3694 omnes
1509 3637 1667 3695 hunc
1692 3639 1958 3695 certatim
1981 3655 2178 3694 coram
2199 3639 2420 3696 eisdem
2443 3638 2653 3712 legatis
2681 3657 2901 3713 rapere,
2921 3646 2978 3698 et
2997 3643 3070 3698 ad
3100 3661 3402 3703 summum
3422 3647 3726 3708 Pontifica-

459 3742 558 3794 tus
580 3736 800 3810 apicem
833 3735 1270 3808 proveheudum
1291 3735 1540 3806 trahere,
1566 3753 1632 3792 ac
1663 3735 1830 3793 anxie
1861 3736 2198 3792 nitebantur
2227 3742 2475 3809 portare,
2511 3737 2622 3793 nisi
2655 3738 2958 3796 blanditiis
3011 3746 3346 3799 senatorum
3377 3751 3434 3801 et
3463 3747 3724 3805 consiliis

459 3833 893 3908 aliquantulum
916 3833 1100 3890 sedati
1125 3834 1205 3889 fui
1213 3836 1658 3900 ssent.Quorum
1673 3833 1940 3890 omnium
1954 3833 2360 3890 unanimitatis
2384 3835 2739 3891 desiderium
2754 3837 3000 3894 audiens
3014 3839 3341 3898 Ludovicus
3353 3841 3432 3898 Cb
3442 3842 3725 3901 ristianis-

462 3933 649 3989 simus
677 3931 1014 4004 imperator,
1035 3947 1394 4005 cognoscens
1412 3931 1588 3988 etiam
1613 3930 1863 4004 qualiter
1883 3931 1941 3986 in
1965 3947 2030 3986 eo
2055 3923 2351 3986 decretum
2374 3931 2497 3987 suis
2521 3933 3054 4005 subscriptionibus
3087 3936 3524 4008 roboraverunt,
3556 3941 3723 3999 valde

460 4023 696 4104 gavisus
715 4033 822 4086 est.
847 4030 917 4085 Et
936 4033 1002 4084 ut
1023 4032 1222 4084 tantus
1259 4027 1491 4085 Domini
1542 4027 1800 4084 famulus
1831 4027 2177 4100 cunctisque
2207 4029 2483 4102 gentibus
2512 4029 2783 4086 videlicet
2806 4035 2924 4087 tam
2960 4033 3239 4090 Romanis
3271 4053 3446 4109 quam
3477 4038 3724 4097 diversis

354 4129 425 4186 40
461 4127 699 4185 advenis
720 4126 1087 4182 desideratus
1107 4130 1163 4182 et
1183 4125 1586 4182 desiderabilis
1608 4124 1948 4182 Christianae
1971 4125 2124 4198 plebi
2156 4127 2562 4199 praaﬁceretur,
2587 4126 2930 4185 medullitus
2961 4131 3279 4204 exoptavit:
3295 4137 3353 4190 et
3383 4151 3517 4190 mox
3546 4135 3725 4208 impe-

461 4224 663 4282 rialem
687 4224 950 4280 scribens
970 4222 1548 4296 epistolam,cunctos
1561 4223 1856 4303 Romanos
1867 4225 2022 4296 quod
2035 4224 2171 4298 dign
2183 4241 2279 4280 um
2294 4227 2454 4281 tanto
2476 4224 2788 4298 elegissent
2808 4228 2998 4284 officio
3020 4229 3327 4302 praesulem
3351 4230 3720 4304 collaudavit,

459 4341 564 4396 per
581 4339 762 4397 quam
779 4321 1048 4378 videlicet
1065 4321 1340 4390 innotuit,
1365 4321 1510 4378 nulli
1533 4321 1837 4395 quippiam
1861 4321 2082 4394 praemii
2108 4322 2228 4378 fore
2249 4339 2318 4379 ex
2341 4323 2774 4381 consecratione
2796 4323 3244 4399 ipsius,quoquo
3268 4329 3440 4384 modo
3453 4328 3726 4401 pollicen-

461 4419 904 4494 dum,cumipse
916 4419 1067 4476 hanc
1081 4437 1194 4477 non
1209 4437 1452 4478 suorum
1467 4419 1969 4493 suggestione,sed
1989 4420 2384 4476 Romanorum
2410 4421 2605 4494 potius
2625 4422 3013 4479 unanimitate
3033 4429 3362 4482 commotus
3381 4426 3723 4485 ardentissi-

460 4536 554 4576 me
573 4522 812 4592 cuperet
829 4519 1132 4591 provenire
1153 4535 1167 4574 :
1192 4517 1446 4575 maxime
1475 4534 1610 4573 cum
1651 4518 1814 4574 reddi
1854 4534 1981 4590 quae
2029 4517 2226 4575 ablata
2270 4519 2520 4587 fuerant,
2545 4536 2660 4575 non
2691 4520 2905 4576 auferri
2930 4522 3002 4577 ab
3033 4520 3290 4578 Ecclesia
3321 4523 3603 4593 Romana,
3632 4526 3723 4583 vel

353 4617 426 4674 45
461 4615 724 4690 deperire
753 4614 1057 4688 quippiam
1089 4632 1152 4672 se
1181 4616 1398 4672 diceret
1417 4631 1634 4672 amare.
1659 4619 1860 4688 Itaque
1891 4616 2129 4672 Sabbati
2162 4615 2412 4689 peractis
2443 4615 2550 4671 rite
2579 4615 2960 4684 orationibus,
2989 4616 3203 4690 vigiliis
3231 4623 3288 4674 et
3316 4618 3722 4695 eleemosynis,

459 4713 763 4771 Dominico
793 4713 1117 4770 secundum
1148 4730 1371 4770 morem
1423 4713 1580 4768 idem
1636 4712 1985 4768 venerabilis
2045 4715 2318 4770 sacerdos
2349 4713 2420 4770 ab
2452 4713 2829 4770 universitate
2861 4714 2933 4769 ad
2965 4713 3270 4772 ecclesiam
3327 4718 3514 4774 sancti
3575 4720 3724 4777 Petri

463 4811 856 4885 apostolorum
869 4811 1152 4884 principis
1163 4812 1375 4868 ductus
1387 4827 1540 4866 nono
1552 4809 1776 4867 decimo
1798 4810 2042 4867 Kalend.
2057 4811 2165 4868 Jan
2177 4811 2471 4866 uariarum
2495 4810 2846 4867 indictionel
2861 4854 2874 4879 ,
2892 4828 3044 4868 anno
3066 4813 3288 4884 praefati
3308 4816 3555 4889 Augusti
3569 4817 3723 4875 deci-

461 4925 558 4966 mo
587 4926 761 4977 nono,
795 4925 900 4982 per
927 4909 1231 4982 episc0pos
1261 4907 1798 4979 reverendissimos,
1833 4907 2054 4964 scilicet
2084 4909 2317 4964 Petrum
2351 4909 2692 4974 Gavensem,
2729 4909 2980 4965 Leonem
3013 4909 3178 4966 Silsz
3209 4911 3725 4980 Candidas,deinde

461 5007 632 5064 tertio
662 5006 790 5064 loco
820 5008 1114 5064 Donatum
1139 5006 1486 5074 Ostiensem,
1523 5007 1657 5079 quia
1713 5006 2024 5080 episcOpus
2079 5007 2431 5063 Albanensis
2483 5007 2726 5074 obierat,
2759 5008 3073 5064 Formosus
3129 5027 3262 5067 vero
3320 5011 3660 5070 Portuensis
3689 5030 3725 5070 a

351 5105 425 5162 20
461 5105 798 5162 beatissimo
819 5104 1054 5161 Nicolao
1076 5105 1148 5159 ad
1169 5102 1637 5176 praedicationem
1658 5104 2172 5162 etinstructionem
2188 5103 2570 5177 Bulgarorum
2585 5104 2914 5162 destinatus
2928 5107 3722 5177 exstiterat,benedictionem

463 5203 681 5258 summi
704 5203 1080 5276 pontiﬁcatus
1099 5202 1170 5258 ad
1191 5199 1644 5258 consolationem
1663 5201 1931 5258 videlicet
1951 5203 2271 5258 multorum
2295 5208 2508 5259 sanctae
2531 5203 2630 5259 Dei
2653 5204 2921 5261 Ecclesiae
2943 5205 3218 5273 filiorum,
3234 5207 3332 5279 qui
3348 5208 3723 5264 factiosorum

460 5301 766 5374 tyrannide
785 5300 1028 5358 liberius
1051 5299 1220 5356 solito
1243 5298 1511 5354 seviente
1530 5297 1684 5355 inter
1701 5301 1878 5356 unius
1905 5300 2320 5370 decessionem,
2346 5305 2404 5358 et
2435 5301 2674 5370 alterius
2707 5303 3183 5360 substitutionem
3215 5303 3505 5376 pontificis
3536 5304 3723 5361 diver-

462 5398 546 5456 sis
570 5399 896 5472 agebantur
919 5397 1160 5466 exsiliis,
1191 5396 1484 5469 variisque
1513 5396 1921 5455 efficiebantur
1951 5398 2360 5464 incommodis,
2395 5400 2692 5473 suscipere
2722 5401 2935 5458 meruit
2962 5401 3022 5456 in
3054 5399 3288 5457 nomine
3317 5400 3569 5457 Domini.

531 5498 686 5554 616
716 5495 1018 5570 Siquidem
1040 5497 1113 5552 ad
1138 5495 1531 5553 celebritatem
1554 5494 1747 5551 missae
1771 5495 1958 5568 ipsius
1983 5501 2103 5553 tam
2127 5497 2488 5554 incredibilis
2510 5497 2732 5554 exstitit
2755 5489 3436 5566 multitudo,utcertatim
3455 5498 3526 5555 de
3542 5514 3724 5558 manu

461 5596 591 5668 ejus
621 5595 898 5652 omnibus
925 5595 1360 5651 communicare
1391 5593 1714 5650 nitentibus
1742 5594 2160 5668 Theutgaudus
2207 5596 2580 5652 Trevirorum
2626 5595 3119 5667 archiepiscOpus,
3152 5598 3209 5649 et
3234 5594 3544 5654 Zacharias
3570 5599 3723 5656 Ana-

461 5694 680 5767 gninus
709 5693 1042 5767 episcopus,
1056 5691 1476 5764 quiaadomno
1504 5691 1739 5748 Nicolao
1769 5693 2092 5750 sacerdotio
2124 5694 2402 5750 denudati
2435 5693 2610 5751 etiam
2641 5691 3052 5751 communione
3081 5699 3412 5766 caruerunt,
3427 5693 3726 5772 simulque

1505 5824 1754 5876 μοι-σω
1795 5827 2175 5878 ΠΔΒΕΙΠΔΜΞΒ
2216 5827 2537 5878 ΓΔΒΒΟΤΤΙ.

391 5891 472 5964 (α)
495 5891 656 5967 forte,
683 5887 985 5950 reticendi.
