4058 6162
324 153 476 214 1383
1467 151 1878 212 ANAS'I‘ASII

2137 151 2577 213 o'rnumau.
3578 152 3739 244 ωιερ

465 283 1184 356 Anastasius,quidudum
1207 262 1900 356 aLeone,Benedictoque
1934 284 2309 356 pontiﬁcibus
2339 283 2696 356 presbyterio
2729 282 3064 340 denudatus
3087 281 3241 340 inter
3267 281 3741 354 laicoscommu-

391 384 427 438 5
466 383 660 437 nicare
689 379 898 438 solitus
928 385 1072 448 erat,
1093 380 1543 436 ecclesiasticam
1577 382 2050 437 communionem
2085 382 2192 437 sub
2225 398 2485 453 congrua
2513 379 2911 437 satisfactione
2941 381 3286 454 receperint.
3301 381 3487 454 Igitur
3505 399 3645 438 mox
3659 383 3737 439 ad

463 478 881 552 patriarchium
914 480 1302 535 Lateranense
1332 496 1596 535 reversus
1626 485 1733 546 est,
1768 485 1824 534 et
1855 480 2338 536 consuetudinem
2362 481 2433 535 ab
2456 495 2677 552 eo,qua
2707 479 3069 535 diversorum
3098 479 3406 535 xeniorum
3439 479 3580 538 hinc
3599 481 3739 538 inde

461 577 882 632 confluentium
913 576 1174 649 (retentis
1206 576 1395 632 solum
1423 594 1550 649 quae
1585 577 1789 632 usibus
1821 594 2156 633 mensarum
2190 578 2528 633 sulﬁcerent
2556 575 2862 649 reliquiis),
2897 576 3081 648 pretia
3113 575 3448 649 capiuntur,
3481 577 3740 640 exclusit

463 675 683 744 dicens,
717 691 831 729 non
865 691 992 730 esse
1025 674 1186 746 pium
1221 675 1373 746 quod
1407 675 1590 746 gratis
1621 674 1944 746 accipimus
1978 674 2159 747 pretio
2188 677 2544 744 venundare,
2559 680 2616 730 et
2646 675 2941 730 chariores
2971 674 3186 731 habere
3219 673 3605 732 rationalibus
3623 675 3716 730 fra

457 773 650 829 tribus
678 772 1109 828 irrationabiles
1138 789 1432 838 nummos,
1467 790 1570 844 pro
1603 772 1817 845 quibus
1849 773 2062 828 Christi
2090 774 2381 846 pretiosus
2409 778 2498 829 est
2543 790 2716 828 cruor
2773 773 3016 842 effusus,
3052 774 3154 830 sed
3207 771 3736 847 parvipendantur,

355 871 422 926 10
459 871 670 943 inquit,
688 870 1082 942 obsecro,hec
1115 870 1389 942 pudenda
1417 871 1737 942 pretiorum
1769 871 2213 938 commercia,et
2231 872 2382 943 quod
2402 871 2585 943 gratis
2605 869 3160 944 accepimus,gratis
3181 871 3357 942 juxta
3369 875 3734 944 praceptum

457 967 688 1024 Domini
714 967 1056 1041 largiamur,
1070 972 1126 1023 et
1155 967 1476 1024 oblationes
1507 968 1718 1024 Christi
1751 985 1884 1025 cum
1905 971 2032 1040 ejus
2064 968 2396 1041 hospitibus
2425 985 2491 1024 ac
2523 967 2798 1040 inopibus
2827 967 3174 1040 partiamur,
3194 972 3434 1042 propter
3452 967 3735 1040 quoshas

458 1066 627 1121 nobis
655 1066 834 1120 tribui
865 1065 1143 1121 divinitus
1175 1065 1411 1122 scimus.
1447 1067 1488 1121 E
1518 1066 1761 1138 vestigio
1788 1067 1962 1122 etiam
1994 1065 2364 1121 Dominicum
2396 1071 2454 1122 et
2483 1065 2884 1122 Grimoaldum
2917 1064 3243 1139 episcopos,
3275 1083 3424 1138 quos
3453 1065 3737 1126 decessor

459 1180 599 1219 suos
619 1164 691 1234 (α)
707 1167 920 1219 sancta
942 1163 1359 1219 recordationis
1381 1181 1532 1236 papa
1552 1163 1824 1219 Nicotaus
1844 1164 1904 1218 in
1929 1163 2254 1237 Bulgariam
2279 1164 2528 1236 patriam
2551 1162 2633 1218 ire
2655 1167 3088 1236 praeceperat,et
3109 1179 3142 1218 a
3164 1179 3224 1219 se
3250 1164 3307 1218 in
3330 1161 3733 1236 ipsoarticulo

457 1260 549 1316 sui
573 1261 870 1318 discessus
891 1261 1234 1328 absolverat,
1251 1260 1468 1333 quique
1484 1261 1744 1317 videntes
1763 1261 1904 1315 tanti
1930 1261 2116 1333 Patris
2137 1260 2363 1318 obitum
2385 1260 2469 1317 ire
2492 1259 2864 1326 distulerant,
2879 1260 3080 1316 eadem
3108 1261 3422 1334 fungentes
3437 1257 3733 1335 legatione

352 1359 420 1414 15
457 1359 686 1425 direxit,
719 1363 776 1414 et
805 1358 1091 1431 quasdam
1121 1358 1682 1432 epistolarum,quas
1713 1359 1810 1414 ille
1841 1359 2157 1415 mittendas
2187 1358 2579 1432 delegerat,ut
2607 1375 2671 1414 se
2701 1358 2964 1430 ejusdem
2993 1357 3312 1415 voluntatis
3329 1361 3386 1414 et
3401 1357 3588 1416 studii
3606 1359 3732 1415 fore

455 1457 806 1524 ostenderet,
841 1473 946 1513 suo
978 1455 1214 1512 nomine
1245 1455 1469 1512 titulari
1501 1456 1864 1529 praecipiens,
1895 1455 1954 1512 in
1986 1461 2273 1528 quantum
2306 1461 2626 1530 tempestas
2657 1455 2930 1512 ﬂuctuosi
2976 1455 3262 1530 temporis
3310 1455 3733 1531 permittebat,

455 1553 706 1626 piissimi
739 1553 925 1610 Patris
949 1558 1146 1608 votum
1180 1553 1312 1625 pius
1342 1553 1525 1610 haeres
1558 1553 1840 1627 implevit.

527 1662 673 1716 017
710 1660 811 1716 Eis
843 1661 912 1716 ab
947 1661 1086 1716 urbe
1116 1660 1399 1727 dimissis,
1433 1661 1713 1718 continuo
1747 1660 1996 1728 exsules,
2033 1661 2294 1717 Gaudere
2346 1677 2481 1717 cum
2538 1659 2807 1717 videlicet
2847 1658 3324 1717 Veltriensemet
3352 1659 3729 1733 Stephanum

454 1759 810 1831 Nepesinum
843 1743 1538 1831 episcopos,etJoanuem
1569 1762 1954 1831 cognomento
1985 1758 2619 1831 Hymmonidem,quos
2640 1756 3060 1832 procacissime
3089 1756 3314 1816 falsitas
3343 1755 3732 1817 serenissima

449 1859 712 1930 Augusto
733 1856 1011 1912 incusans
1037 1857 1209 1912 domo
1229 1857 1532 1929 patriaque
1564 1856 2006 1929 proscripserat,
2039 1857 2111 1912 ab
2141 1858 2405 1928 Augusta
2435 1854 2885 1912 mansuetudine
2913 1853 3118 1912 multis
3147 1853 3532 1928 epistolarum
3550 1855 3731 1914 docu-

454 1955 669 2012 mentis
700 1953 992 2027 requirere
1023 1955 1270 2022 studuit,
1300 1954 1522 2022 dicens,
1558 1971 1620 2009 se
1650 1954 1869 2009 bonum
1901 1953 2169 2010 Ecclesiae
2201 1953 2299 2010 Dei
2335 1958 2628 2025 pastorem
2653 1952 2837 2009 videri
2869 1970 2985 2010 non
3039 1969 3234 2026 posse,
3265 1953 3379 2010 nisi
3404 1969 3543 2010 oves
3573 1969 3730 2025 quas

379 2055 416 2109 5
455 2053 654 2109 fideles
686 2057 897 2109 sanctae
949 2051 1216 2109 Ecclesiae
1246 2053 1500 2109 infidelis
1531 2051 1616 2107 vir
1645 2069 1747 2124 per
1779 2070 1946 2108 suam
1982 2051 2416 2124 subreptionem
2450 2052 2894 2126 proscripserat.
2921 2051 3256 2125 recepisset.
3285 2051 3414 2118 Qua
3441 2049 3731 2124 religiosa

453 2151 829 2224 suggestione
859 2150 1186 2206 laetiﬁcatus
1219 2153 1522 2224 Augustus
1554 2168 1671 2205 una
1701 2167 1834 2205 cum
1868 2149 2369 2205 Christianissima
2397 2150 2664 2222 conjuge,
2701 2166 2816 2205 non
2875 2148 3070 2204 solum
3129 2165 3251 2216 eos,
3282 2153 3521 2222 propter
3570 2164 3727 2220 quos
3793 2144 3799 2148 ’

453 2265 724 2304 summus
755 2247 1015 2320 pontifex
1045 2248 1304 2313 miserat,
1339 2247 1654 2302 honoriﬁce
1688 2248 1759 2302 ad
1795 2247 2005 2302 Urbem
2041 2247 2508 2302 remisitzverum
2541 2247 2714 2302 etiam
2751 2262 3132 2320 quoscunque
3163 2245 3389 2319 privata
3415 2244 3725 2303 simultate

451 2352 732 2418 tanquam
767 2362 895 2399 reos
926 2343 1308 2415 imperatoria:
1342 2345 1684 2415 majestatis,
1720 2349 1777 2399 et
1811 2344 1868 2398 in
1901 2344 2216 2416 ergastulis
2267 2343 2510 2416 quilibet
2565 2349 2840 2414 truserat,
2877 2348 2941 2400 ut
2970 2348 3412 2411 reverterentur,
3443 2343 3726 2417 praecepit

451 2443 694 2500 absolvi.

521 2550 674 2606 018
706 2549 840 2605 Post
870 2547 990 2604 hanc
1021 2565 1292 2604 summus
1318 2547 1574 2620 pontifex
1604 2547 1905 2604 basilicam
1925 2547 2561 2620 Nicolaitanam,quam
2593 2546 3004 2604 sanctissimus
3031 2564 3185 2620 papa
3211 2547 3488 2604 Nicolaus
3519 2565 3555 2606 ει
3584 2548 3724 2606 fun-

451 2647 742 2706 damentis
780 2647 923 2702 adeo
982 2645 1306 2701 luculenter
1333 2661 1469 2700 cum
1500 2644 1687 2701 tribus
1717 2646 2158 2717 aquaeductibus
2191 2645 2518 2702 fabrefactis
2549 2649 2931 2713 exstruxerat,
2964 2650 3030 2700 ut
3057 2662 3262 2701 omnes
3295 2651 3721 2700 Lateranenses

447 2746 722 2804 basilicas
753 2745 842 2800 sui
875 2743 1310 2817 pulchritudine
1341 2747 1662 2816 superaret,
1669 2744 1839 2814 juxta
1860 2748 2058 2799 votum
2093 2742 2414 2799 decessoris
2443 2743 2533 2797 sui
2569 2743 2811 2815 picturis
2841 2743 3017 2798 variis
3047 2743 3560 2814 deooravit.Cujus
3590 2743 3721 2814 ipse

447 2842 902 2901 conversationis
928 2841 1194 2915 exempla
1221 2841 1304 2897 sic
1332 2840 1710 2896 solertissime
1742 2841 2114 2912 sequebatur,
2130 2846 2194 2895 ut
2223 2841 2296 2896 ab
2335 2841 2604 2897 hostibus
2635 2840 2822 2896 sancti
2851 2839 3248 2913 Nicolai,quia
3274 2839 3556 2898 omnibus
3585 2841 3721 2912 ejus

374 2947 411 3002 5
447 2948 575 3001 acta
605 2942 840 3016 penitus
869 2940 1183 3012 infringere
1213 2939 1568 3006 nitebantur,
1601 2937 1999 2994 Nicolaitanus
2027 2943 2083 2993 et
2113 2939 2464 2994 scriberetur
2494 2943 2550 2994 et
2580 2937 2811 3012 publice
2839 2939 3152 2996 diceretur.
3187 2940 3445 3004 Quorum
3482 2937 3718 2995 scilicet

447 3041 726 3108 hostium,
741 3039 882 3112 quia
902 3037 1213 3094 nonnullos
1235 3036 1626 3110 parturientes
1649 3035 2024 3107 injustitiam,
2039 3040 2386 3107 conceptum
2406 3035 2664 3092 dolorem
2681 3037 2971 3092 eti'usuros
2993 3052 3121 3094 esse
3137 3051 3517 3109 cognoscens,
3533 3051 3720 3109 penes

447 3158 508 3196 se
528 3138 705 3194 veluti
727 3131 1016 3193 zizanium
1038 3134 1190 3190 inter
1209 3135 1523 3201 frumenta,
1541 3151 1726 3206 usque
1757 3134 1829 3188 ad
1859 3133 2214 3189 maturitatis
2245 3138 2478 3206 tempus
2508 3133 2933 3206 dispensatorie
2964 3133 3272 3202 retinebat,
3293 3149 3525 3192 rumore
3549 3131 3723 3190 falla-

445 3238 588 3295 citer
610 3238 960 3308 exsurgente
989 3232 1273 3289 creditum
1305 3236 1415 3300 est,
1449 3231 1604 3303 quod
1637 3230 1832 3286 omnia
1862 3231 2184 3286 decessoris
2215 3231 2306 3286 sui
2337 3236 2489 3298 acta,
2521 3247 2648 3302 quae
2679 3230 2778 3287 ille
2807 3229 2926 3287 zelo
2957 3229 3152 3287 divino
3183 3236 3476 3300 sanxerat,
3509 3229 3718 3287 hostes

444 3354 578 3394 vero
608 3335 736 3407 ejus
765 3334 836 3389 ad
869 3331 1134 3405 proprios
1164 3329 1365 3386 libitus
1395 3328 1779 3397 infatuabant,
1814 3328 2093 3384 voluisset
2121 3327 2459 3401 infringere.

516 3443 669 3498 619
701 3441 864 3496 Unde
891 3437 1103 3494 accidit
1131 3441 1195 3492 ut
1223 3454 1426 3492 omnes
1457 3435 1917 3492 Occidentalium
1977 3435 2281 3507 regionum
2340 3435 2599 3508 episcopi
2659 3434 2957 3491 solemnes
2987 3451 3056 3491 ac
3081 3433 3432 3492 honoriﬁcus
3488 3435 3721 3493 litteras

443 3539 776 3596 emittentes
798 3536 1128 3608 religiosam
1159 3535 1288 3605 ejus
1320 3533 1682 3600 memoriam,
1718 3537 1918 3604 utpote
1949 3532 2281 3588 orthodoxa:
2309 3536 2367 3588 et
2395 3549 2538 3588 verae
2570 3531 2952 3604 philosophica
2985 3531 3276 3604 pontificis
3306 3531 3715 3602 excolendam,

445 3651 676 3692 summo
697 3633 956 3706 pontiﬁci
973 3631 1194 3704 jugiter
1223 3630 1662 3686 inculcarent.A
1685 3631 1854 3700 cujus
1875 3629 2143 3684 videlicet
2173 3629 2534 3685 sanctissimi
2564 3629 2802 3686 Adriani
2837 3646 2998 3702 papae
3021 3628 3432 3704 collegio,cum
3459 3647 3567 3704 per
3585 3631 3718 3690 dies

443 3733 668 3804 aliquot
696 3730 935 3803 quidam
967 3730 1320 3794 Grmconum,
1351 3731 1406 3782 et
1437 3727 1684 3782 aliarum
1717 3727 1978 3800 gentium
2013 3744 2313 3783 servorum
2347 3727 2448 3783 Dei
2477 3744 2579 3800 per
2607 3727 2667 3782 id
2698 3731 2932 3799 tempus
2984 3727 3180 3784 Romae
3229 3728 3616 3796 morantium,
3650 3745 3715 3786 se

369 3834 406 3888 5
443 3828 707 3888 clanculo
735 3826 1202 3900 suspendisscnt,
1237 3830 1398 3881 sexta
1429 3825 1572 3880 feria
1602 3842 1704 3880 Lxx
1738 3825 1892 3880 idem
1925 3823 2336 3880 sanctissimus
2379 3824 2625 3880 antistes
2671 3840 2772 3880 eos
2813 3825 3138 3880 secundum
3192 3825 3712 3896 consuetudinem,

440 3925 768 3986 refectionis
797 3925 1006 3999 gratia,
1040 3923 1209 3980 solito
1241 3923 1437 3995 plures
1467 3939 1710 3978 numero
1741 3922 2096 3978 convocavit.
2131 3925 2390 3988 Quorum
2419 3921 2686 3977 omnium
2712 3921 2988 3978 manibus
3013 3938 3118 3995 per
3172 3927 3358 3979 semet
3402 3923 3718 3980 humiliter

439 4043 653 4100 aquam
677 4023 845 4091 fudit,
869 4023 1029 4079 cibos
1054 4021 1347 4093 apposuit,
1372 4020 1580 4093 pocula
1603 4019 2234 4092 ministravit,et,quod
2263 4019 2462 4076 nullus
2495 4019 2841 4091 pontificum
2874 4024 3007 4077 ante
3037 4037 3099 4077 se
3129 4020 3336 4078 fecisse
3367 4025 3715 4090 noverat,ut

437 4142 536 4182 eos
558 4121 945 4197 promptiores
977 4120 1050 4176 ad
1075 4118 1386 4192 prandium
1419 4119 1701 4186 redderet,
1719 4135 1853 4175 cum
1877 4117 1994 4175 illis
2014 4117 2332 4185 discubuit,
2347 4117 2591 4175 canticis
2622 4117 2989 4190 spiritalibus
3009 4117 3087 4174 ibi
3106 4135 3212 4191 per
3230 4122 3421 4176 totum
3441 4119 3712 4193 spatium

428 4223 654 4297 jugiter
681 4219 886 4277 laudes
918 4217 1424 4290 concrepantibus.

507 4329 663 4387 020
692 4333 840 4384 Dum
871 4325 1217 4382 surrexisset
1245 4324 1319 4380 ab
1349 4322 1536 4396 epulis
1567 4321 1627 4378 in
1659 4322 1862 4380 faciem
1896 4340 2064 4379 suam
2097 4339 2294 4380 coram
2321 4323 2597 4379 omnibus
2622 4321 2890 4395 procidit,
2909 4321 3313 4398 dicenszl’togo
3340 4339 3443 4380 vos
3471 4326 3532 4380 et
3559 4341 3709 4398 sup-

437 4427 665 4502 pliciter
693 4425 1184 4496 obsecro,patres,
1207 4422 1433 4492 fratres,
1461 4425 1518 4477 et
1548 4421 1672 4483 ﬁlii,
1708 4426 1772 4476 ut
1801 4421 2063 4477 fundatis
2093 4421 2338 4478 Domino
2368 4437 2471 4492 pro
2503 4423 2706 4477 sancta
2736 4419 3022 4477 catholica
3049 4419 3309 4478 Ecclesia
3336 4438 3447 4478 sua
3475 4437 3704 4493 preces,

435 4524 613 4584 oretis
636 4540 738 4596 pro
759 4520 1258 4578 Christianissimo
1282 4519 1400 4574 ﬁlio
1426 4523 1623 4574 nostro
1648 4518 1935 4574 Ludovico
1966 4517 2314 4590 imperatore
2330 4520 2616 4591 Augusto,
2631 4521 2696 4574 ut
2713 4518 2766 4574 ei
2788 4519 2944 4574 Deus
2959 4517 3332 4590 omnipotens
3347 4518 3418 4575 ad
3437 4523 3704 4576 nostram

434 4627 775 4697 perpetuam
803 4635 1005 4692 pacem
1037 4619 1491 4675 Sarracenorum
1527 4615 1696 4672 faciat
1725 4617 2023 4671 subditam
2059 4617 2374 4672 nationem.
2409 4616 2598 4673 Oretis
2627 4615 2802 4672 etiam
2834 4633 2937 4689 pro
2969 4632 3062 4672 me
3093 4615 3284 4690 fragili
3314 4621 3372 4672 et
3399 4615 3702 4689 imbecilli,

361 4723 398 4777 5
435 4726 501 4776 ut
529 4721 627 4776 det
657 4718 800 4775 mihi
831 4718 1099 4773 Christus
1130 4716 1400 4771 virtutem
1432 4719 1654 4770 tantam
1686 4713 1954 4770 Ecclesiae
1987 4732 2105 4769 suae
2138 4714 2654 4770 multitudinemin
2673 4713 2980 4770 sanctitate
2997 4713 3302 4786 etjustitia
3331 4714 3700 4788 regendi,qui

435 4817 730 4874 commisit
751 4817 920 4872 beato
953 4817 1116 4871 Petro
1147 4813 1408 4886 apostolo
1440 4818 1680 4868 cunctos
1713 4829 1909 4885 regere
1941 4829 2088 4884 quos
2119 4811 2699 4884 redemitzquatenus
2725 4812 2826 4885 qui
2856 4829 3132 4868 curarum
3165 4811 3535 4869 saecularium
3565 4813 3701 4886 pul-

431 4931 564 4970 vere
593 4914 873 4986 caligans,
906 4913 1250 4985 plerumque
1281 4909 1574 4982 spiritalia
1599 4909 1796 4965 minus
1825 4908 2152 4964 luculenter
2180 4909 2430 4976 intueor,
2462 4914 2656 4965 vestra
2712 4909 2858 4964 mihi
2905 4909 3069 4983 jugis
3124 4910 3332 4977 oratio,
3362 4927 3494 4983 qua
3533 4913 3701 4967 tanto

434 5009 634 5084 purior
665 5013 880 5083 quanto
911 5012 981 5066 ab
1013 5009 1474 5082 inquinamentis
1505 5008 1699 5064 saeculi
1736 5007 2012 5064 remotior
2040 5007 2444 5075 est,divinitus
2477 5008 2850 5080 suffragetur.
2874 5011 3138 5080 Cumque
3165 5007 3251 5063 illi
3280 5025 3384 5081 pro
3415 5025 3479 5064 se
3511 5008 3704 5082 magis

431 5109 599 5166 illum
629 5111 895 5179 oportere
927 5124 1126 5178 preces
1157 5107 1396 5162 fundere
1427 5105 1814 5171 clamitarent,
1833 5105 1934 5177 qui
1951 5108 2115 5160 tanto
2133 5104 2423 5176 acceptior
2439 5105 2592 5177 apud
2611 5105 2796 5161 Deum
2827 5105 3398 5178 haberetur,quanto
3413 5105 3577 5162 solus
3594 5123 3702 5179 pro

327 5213 394 5268 10
432 5208 708 5267 omnibus
738 5205 797 5261 in
828 5205 1024 5261 labore
1058 5205 1632 5272 ferventior,interna
1664 5205 2036 5261 miseratione
2065 5208 2396 5260 commotus
2426 5221 2560 5260 cum
2593 5203 2866 5278 lacrymis
2889 5205 3159 5270 ait:Quia
3189 5221 3293 5278 pro
3323 5203 3496 5261 valde
3527 5205 3704 5262 bonis

431 5323 619 5374 orare,
643 5303 996 5371 charissimi,
1032 5302 1354 5376 gratiarum
1387 5302 1641 5358 actiones
1671 5303 1786 5359 Deo
1839 5301 2164 5374 persolvere
2193 5307 2302 5368 est,
2337 5306 2490 5374 peto,
2524 5306 2590 5358 ut
2619 5302 2925 5358 dominum
2957 5307 3183 5375 patrem
3213 5303 3704 5375 decessoremque

431 5422 628 5463 meum
651 5401 1091 5460 sanctissimum
1115 5405 1171 5456 et
1191 5399 1575 5455 orthodoxum
1600 5417 1810 5472 papam
1830 5399 2132 5455 Nicolaum
2149 5399 2433 5455 habentes
2455 5399 2514 5454 in
2536 5400 2743 5456 vestris
2761 5399 3124 5457 orationibus
3141 5415 3490 5456 communes
3504 5403 3703 5472 grates

428 5503 674 5560 Domin’o
705 5499 1109 5573 referatis,qui
1141 5515 1275 5555 eum
1306 5496 1621 5552 Ecelesiam
1654 5513 1821 5552 suam
1851 5497 2166 5552 miseratus
2198 5495 2390 5569 elegit,
2405 5501 2462 5553 et
2477 5497 2548 5552 ad
2565 5497 2993 5553 excludendum
3026 5497 3232 5553 mundi
3259 5496 3703 5554 tumidissimos

429 5601 728 5674 strepitus,
759 5601 912 5657 sicut
936 5599 1135 5668 Josue,
1170 5595 1367 5672 clypeo
1398 5594 1774 5670 protectionis
1805 5594 2072 5660 armavit,
2106 5599 2162 5650 et
2191 5593 2382 5668 gladio
2415 5595 2693 5669 spiritalis
2725 5594 2995 5668 potentiae
3025 5594 3338 5654 roboravit.

1468 5762 1722 5811 NOTULE
1765 5761 2148 5810 MABGINALES
2191 5762 2503 5809 FABROTTI.

357 5857 432 5940 (α)
457 5858 574 5933 AL,
607 5874 772 5918 suus.
