4058 6162
373 233 523 294 1391
1517 235 1930 296 ANASTASII

2187 235 2629 296 OTHECARII.
3633 239 3789 302 1392

515 366 1008 438 ptionum,omnia
1041 383 1168 440 quae
1199 367 1256 422 in
1289 367 1506 440 synodo
1527 367 1758 422 decreta
1789 365 2736 440 fuerant,revolvenda,eunctaque
2767 367 3017 426 residuis
3045 368 3340 434 erroribus
3373 371 3793 432 confundenda

517 467 798 534 fatentur;
834 469 890 520 et
921 465 1032 520 nisi
1063 464 1290 520 libellos
1321 465 1994 536 reciperent,1ibertatem
2031 465 2335 536 pristinam
2369 483 2430 522 se
2463 483 2576 522 non
2609 483 2778 538 posse
2809 467 3063 539 recipere
3093 469 3428 542 ﬁngunt:et
3459 469 3618 526 illico
3655 470 3792 542 qui_

443 563 478 616 5
516 563 648 617 dam
683 561 1566 635 libelliacustodibus,quoniam
1601 562 2074 618 excellentiorum
2105 563 2511 636 episcoporum
2531 563 2946 638 libelloslegati
2971 569 3186 622 sancta-3
3219 566 3493 624 Romanae
3517 567 3792 624 Ecclesia:

519 660 849 716 futurorum
881 661 1112 734 prescii,
1147 677 1386 732 prorsus
1419 659 1801 726 abstulerant,
1827 660 2268 722 defraudantur.
2301 677 2368 716 ac
2397 677 2500 734 per
2529 661 2638 718 hoc
2665 661 3087 720 incredibiliter
3107 666 3462 722 consternati
3489 665 3792 738 Supponis

517 759 1018 828 archiministri,et
1047 758 1338 814 Anastasii
1372 757 1742 814 disertissimi
1771 757 1928 813 sedis
1957 757 2286 830 apostolicae
2317 759 2740 842 bibliothecarii
2773 759 3136 836 fidelissimis
3163 763 3400 820 auxiliis
3429 763 3790 840 innituntur_

511 862 734 928 Quibus
766 861 992 916 diverso
1027 859 1197 912 modo
1231 875 1344 912 non
1375 857 1500 912 sine
1531 874 1743 930 magno
1775 855 1992 912 laboris
2024 855 2278 928 periculo
2311 855 2758 914 imminentibus
2789 859 2886 930 (α),
2919 858 3148 916 libellos
3179 861 3418 933 quidem
3439 861 3530 918 vix
3545 863 3790 918 tandem

510 961 826 1032 recipiunt;
861 959 960 1014 sed
991 957 1358 1030 imperatoris
1389 957 1536 1012 iram
1569 973 1670 1028 pro
1702 955 1886 1010 nimia
1915 973 2035 1010 suae
2067 954 2430 1010 districtione
2457 955 2592 1010 fidei
2619 955 2990 1012 vehementer
3017 957 3346 1016 incurrunt.

583 1059 734 1115 632
767 1057 948 1128 Igitur
978 1061 1110 1128 post
1137 1056 1290 1110 diem
1325 1054 1705 1126 tertium,quo
1737 1053 2136 1108 sacratissima
2165 1053 2425 1126 synodus
2455 1069 2588 1108 cum
2621 1053 2746 1110 suis
2775 1055 3196 1126 scriptionibus
3233 1057 3476 1116 omnino
3507 1059 3566 1114 in
3591 1059 3792 1116 codice

513 1159 920 1212 consummata
949 1159 1310 1225 retractaque
1341 1154 1412 1208 ad
1445 1169 1676 1208 omnem
1708 1151 2058 1222 elegantiam
2107 1150 2166 1204 in
2217 1150 2462 1206 ecclesia
2490 1156 2700 1206 sanctae
2729 1151 2958 1224 Sophiae
2993 1155 3200 1222 fuerat,
3233 1155 3308 1212 ab
3343 1155 3700 1228 imperatore
3729 1157 3790 1212 in

511 1255 683 1310 domo
705 1271 838 1309 cum
869 1252 1098 1308 vicariis
1131 1249 1616 1323 patriarcharum,
1649 1248 1916 1304 videlicet
1943 1247 2352 1315 Alexandrino,
2395 1249 2755 1304 Antiocheno
2803 1255 2861 1306 et
2907 1251 3454 1324 llierosolymitano,
3487 1254 3792 1328 simulque

507 1353 840 1426 patriarcha
869 1351 1090 1424 Ignatio
1124 1350 1226 1421 qui
1257 1365 1392 1404 cum
1422 1347 1719 1420 aliquibus
1750 1347 1830 1402 ibi
1863 1347 2172 1414 residebat,
2207 1345 2416 1402 callide
2445 1347 2744 1402 convocati
2776 1349 2978 1406 sedere
2999 1349 3368 1421 jubentur,et
3395 1353 3552 1424 quod
3577 1352 3794 1425 princi-

437 1452 472 1505 5
510 1468 611 1522 pes
643 1450 1020 1522 Bulgarorum
1052 1448 1136 1504 eis
1166 1447 1387 1502 litteras
1420 1451 1477 1502 et
1507 1447 1660 1502 dona
1691 1463 1793 1518 per
1823 1445 2058 1500 Petrum
2087 1443 2350 1515 aliosque
2381 1443 3260 1514 direxerint,audiunt.Quorum
3291 1447 3648 1522 legationem
3679 1451 3792 1508 im-

511 1553 774 1621 peratore
807 1547 1180 1620 potissimum
1205 1545 1547 1600 imminente
1570 1541 2144 1614 suscipiuntzsicquc
2168 1545 2300 1614 post
2320 1540 2730 1596 εᾶιυιίιιίοηοῐῐι
2755 1541 2960 1600 Petrus
2977 1543 3362 1617 Bulgarorum
3381 1545 3614 1620 legatus
3635 1565 3795 1604 ϐιοτ-
3827 1527 3838 1534 ⁵

513 1648 669 1704 ditur
703 1667 714 1704 :
747 1649 1010 1702 Domnus
1043 1643 1284 1700 Michael
1317 1643 1585 1715 princeps
1621 1640 2200 1714 Bulgarius,audiens
2221 1639 2374 1711 quod
2397 1655 2500 1710 pro
2525 1638 2778 1694 utilitate
2799 1645 3012 1695 sancta:
3039 1641 3140 1698 Dei
3177 1641 3446 1702 Ecclesiae
3488 1661 3560 1700 ex
3599 1645 3792 1701 diver-

511 1747 594 1802 sis
625 1745 888 1816 partibus
919 1743 1261 1798 auctoritate
1292 1741 1610 1814 apostolica
1641 1738 2045 1804 conveneritis,
2080 1741 2376 1812 gratanter
2429 1736 2669 1808 accepit,
2701 1737 2981 1810 vobisque
3031 1739 3132 1812 qui
3180 1756 3250 1796 ex
3297 1741 3434 1798 sede
3462 1742 3794 1814 apostolica

513 1843 678 1899 missi
711 1844 873 1914 estis,
907 1843 1046 1914 quia
1079 1842 1134 1896 in
1163 1845 1352 1896 vestro
1379 1839 1628 1896 transitu
1661 1837 1870 1894 vestris
1899 1854 2034 1893 eum
2063 1835 2275 1891 litteris
2303 1835 2540 1892 visitare
2569 1835 2792 1908 dignati
2825 1835 2989 1904 estis,
3011 1837 3370 1910 multiplices
3393 1841 3621 1912 gratias
3651 1839 3794 1914 agit.

409 1947 476 1999 10
517 1943 713 2016 Legati
739 1947 953 1997 sanctae
987 1941 1257 1996 ltomana:
1289 1937 1554 1994 Ecclesiae
1587 1937 2014 2009 responderunt
2043 1952 2058 1989 :
2093 1935 2209 1990 Nos
2239 1932 2377 2005 quia
2403 1949 2506 1988 vos
2533 1932 2684 1990 ﬁlios
2722 1939 2938 1990 sanctae
2986 1935 3262 1994 Romanis
3309 1937 3579 1996 Ecclesiae
3627 1940 3794 1996 novi-

513 2060 666 2109 mus,
695 2041 980 2096 insalutos
1009 2057 1110 2096 vos
1139 2037 1432 2110 praeterire
1463 2053 1650 2108 neque
1681 2035 2010 2104 debuimus,
2045 2049 2230 2105 neque
2261 2031 2554 2088 voluimus
2588 2048 2600 2088 :
2635 2049 2782 2104 quos
2813 2032 3092 2090 nimirum
3125 2039 3332 2092 sancta
3357 2037 3528 2094 sedes
3559 2042 3798 2110 θροειο-

513 2141 626 2196 lica
656 2145 720 2196 ut
751 2139 986 2212 propria
1013 2137 1279 2193 membra
1301 2135 1730 2208 complectitur.

583 2241 736 2294 633
767 2238 1150 2310 Bulgarorum
1181 2234 1354 2308 legati
1387 2233 1656 2288 dixerunt
1689 2249 1702 2286 :
1739 2231 1932 2304 Usque
1963 2230 2134 2284 hodie
2161 2228 2374 2302 pagani
2402 2229 2644 2299 fuimus,
2677 2234 2734 2286 et
2763 2247 2948 2302 nuper
2977 2231 3048 2286 ad
3077 2231 3328 2304 gratiam
3361 2232 3788 2290 Christianita-

511 2337 587 2393 tis
615 2336 992 2402 accessimus,
1030 2335 1276 2404 ldeoque
1307 2348 1378 2386 ne
1409 2330 1604 2402 aliquo
1635 2346 1827 2385 errare
1857 2329 2174 2396 videamur,
2209 2327 2304 2384 cui
2333 2325 2602 2384 Ecclesiae
2633 2328 2806 2384 subdi
2840 2328 3176 2398 debeamus,
3213 2347 3247 2386 a
3286 2330 3452 2386 vobis
3481 2331 3586 2403 qui
3635 2331 3794 2388 vices

513 2451 880 2494 summorum
912 2431 1382 2505 patriarcharum
1405 2427 1607 2500 geritis
1641 2442 1812 2482 nosse
1834 2424 2468 2496 desideramus.Legati
2495 2430 2706 2480 sancta:
2731 2426 3004 2482 Romanis
3025 2426 3292 2484 Ecclesiae
3315 2430 3790 2501 responderunt:

513 2537 738 2591 Sanctae
769 2534 1042 2588 Romanis
1073 2529 1358 2594 Ecclesiae,
1392 2527 1484 2582 cui
1519 2543 1620 2598 per
1647 2529 1724 2592 te,
1757 2541 1790 2579 o
1821 2524 2004 2590 Petro,
2039 2527 2178 2578 tuus
2209 2523 2403 2578 senior
2430 2523 2506 2592 (b)
2539 2523 2706 2578 beato
2737 2523 3134 2596 apostolorum
3167 2525 3414 2600 principi
3445 2528 3616 2584 Petro
3648 2544 3788 2584 cum

441 2636 478 2690 5
515 2633 672 2689 omni
704 2631 896 2704 gentis
929 2648 1046 2686 suae
1081 2645 1258 2700 regno
1285 2645 1346 2682 se
1379 2623 1636 2690 tradidit,
1671 2641 1704 2678 a
1735 2623 1906 2692 cujus
1929 2638 2284 2688 successore,
2318 2620 2586 2678 videlicet
2631 2622 2862 2694 egregio
2910 2639 3063 2696 papa
3111 2623 3368 2696 Nicolao,
3401 2631 3460 2682 et
3499 2631 3796 2700 praecepta

513 2731 738 2788 vivendi
770 2735 826 2785 et
855 2730 1158 2801 episcopos
1189 2743 1256 2780 ac
1283 2724 1647 2796 presbyteros
1679 2719 1974 2792 suscipere
2005 2717 2240 2786 meruit,
2273 2735 2374 2774 vos
2405 2723 2464 2774 et
2491 2720 2846 2792 pertinuisse
2875 2725 2933 2780 et
2961 2723 3251 2795 pertinere
3280 2725 3490 2794 debere
3527 2726 3708 2782 etiam
3733 2725 3798 2781 in

517 2847 582 2886 eo
614 2827 974 2894 monstratis,
1007 2825 1162 2896 quod
1197 2821 1519 2894 postulatos
1569 2824 1801 2875 nostros
1847 2817 2180 2872 sacerdotes
2227 2820 2285 2872 et
2331 2817 2676 2890 suscepistis
2705 2823 2762 2876 et
2793 2819 3074 2877 hactenus
3121 2825 3492 2882 veneratione
3531 2841 3800 2898 congrua

519 2925 1192 2997 retinetis.Bulgarorum
1223 2920 1390 2993 legati
1425 2919 1698 2980 dixerunt
1731 2933 1742 2972 :
1779 2919 1816 2972 Α
1847 2919 2049 2972 sancta
2080 2915 2343 2972 Romana
2371 2915 2630 2972 Ecclesia
2659 2919 2990 2976 sacerdotes
3039 2937 3146 2978 nos
3197 2923 3434 2994 petiisse
3481 2927 3542 2980 et
3587 2939 3798 2980 susce-

519 3027 673 3100 pisse
705 3030 763 3080 et
792 3023 1074 3078 hactenus
1105 3019 1316 3074 habere
1341 3035 1446 3072 nos
1468 3017 1896 3085 contitemur,et
1925 3013 1976 3068 ei
2007 3012 2066 3068 in
2099 3012 2376 3068 omnibus
2400 3013 2634 3070 obedire
2666 3015 3264 3087 decernimus,verum
3287 3026 3484 3078 utrum
3513 3022 3796 3092 Romane

413 3127 480 3182 10
517 3142 590 3180 an
623 3119 1272 3192 Constantinopolitanae
1302 3115 1568 3172 Ecclesia:
1597 3112 2004 3170 rationabilius
2036 3112 2208 3168 subdi
2242 3112 2722 3184 debeamus,cum
2753 3114 2846 3170 his
2877 3117 3344 3188 patriarcharum
3373 3118 3610 3190 vicariis
3629 3121 3796 3190 difﬁ-

517 3225 654 3280 nite.
689 3219 886 3294 Legati
917 3221 1132 3274 sancta:
1163 3217 1436 3272 Romana:
1471 3213 1737 3270 Ecclesia:
1769 3210 2196 3283 responderunt
2228 3226 2242 3266 :
2277 3210 2516 3282 Propter
2545 3229 2670 3284 quas
2705 3229 2810 3270 nos
2841 3217 3044 3280 sancta
3083 3217 3252 3274 sedes
3299 3217 3624 3290 apostolica
3653 3237 3790 3276 cum

517 3321 911 3381 Orientalibus
943 3315 1284 3374 dil'tinienda
1317 3313 1712 3378 mandaverat,
1746 3309 1992 3366 Domino
2011 3307 2607 3380 juvante,ﬁnivimus;
2641 3310 2712 3366 de
2741 3327 2921 3368 causa
2950 3317 3146 3370 autem
3171 3321 3364 3372 vestra
3393 3333 3570 3372 secus
3607 3335 3790 3390 quam

511 3420 764 3478 difﬁnita
795 3423 884 3474 est
913 3415 1190 3480 ﬁnienda,
1222 3412 1360 3485 quia
1391 3410 1534 3466 nihil
1563 3409 1623 3464 in
1657 3407 1949 3464 mandatis
1975 3407 2329 3480 accepimus,
2363 3407 2508 3462 nihil
2539 3408 2624 3464 vel
2655 3409 3001 3480 ditlinimus,
3027 3412 3114 3468 vel
3147 3414 3204 3468 in
3229 3414 3636 3486 przejudicium
3659 3433 3790 3472 san-

513 3524 617 3574 eta:
649 3519 920 3572 Romana:
947 3511 1216 3570 Ecclesia:
1247 3508 1658 3564 difﬁniendum
1691 3522 2020 3561 censemus.
2051 3503 2343 3572 Quinimo,
2377 3503 2516 3576 quia
2545 3505 2738 3562 omnis
2767 3511 2958 3564 vestra
2985 3509 3176 3581 patria
3215 3511 3436 3570 nostris
3463 3512 3786 3568 sacerdoti-

409 3619 478 3672 15
512 3616 623 3670 bus
655 3612 870 3683 ubique
897 3609 1066 3682 plena
1095 3610 1202 3674 est,
1237 3605 1384 3659 nulli
1416 3621 1516 3658 vos
1549 3602 1662 3658 nisi
1693 3607 1906 3658 sanctae
1929 3603 2202 3658 Romanis
2233 3601 2500 3658 Ecclesiae.
2529 3603 2816 3675 pertinere
2863 3607 3094 3676 debere,
3139 3607 3450 3665 difﬁnitiva
3495 3611 3796 3668 sententia

515 3713 800 3785 quantum
831 3725 900 3763 ex
930 3705 1100 3760 nobis
1126 3708 1234 3764 est,
1265 3701 1728 3774 promulgamus.

586 3812 741 3868 634
769 3805 982 3862 Vicarii
1015 3801 1396 3858 Orientalium
1429 3799 1896 3872 patriarcharum
1931 3797 2196 3870 Bulgaris
2238 3799 2510 3854 dixerunt
2543 3816 2556 3855 :
2591 3801 2832 3866 Quando
2879 3819 2981 3858 vos
3027 3802 3190 3858 illam
3237 3803 3490 3876 patriam
3531 3805 3794 3878 cepistis,

514 3912 686 3982 cujus
715 3903 1020 3980 potestatis
1049 3899 1284 3956 subdita
1313 3903 1518 3964 erat,et
1547 3903 1742 3952 utrum
1777 3895 2007 3952 Latinos
2029 3913 2103 3950 an
2126 3897 2352 3952 Graecos
2384 3898 2715 3954 sacerdotes
2745 3899 3252 3969 habuerit,dicite?
3283 3902 3479 3976 Legati
3505 3903 3792 3978 Bulgaro-

513 4024 646 4064 rum
678 4005 950 4060 dixerunt
979 4017 992 4056 :
1027 4000 1142 4055 Nos
1171 3997 1328 4052 illam
1363 3995 1612 4069 patriam
1661 4013 1696 4050 a
1743 3996 2074 4050 Graecorum
2121 3999 2410 4066 potestate
2457 3996 2638 4052 armis
2685 3996 2987 4070 evicimus,
3019 3999 3079 4054 in
3111 4017 3230 4072 qua
3273 4017 3388 4058 non
3423 4002 3666 4058 Latinos
3693 4002 3794 4058 sed

514 4107 740 4162 Graecos
767 4100 1096 4158 sacerdotes
1125 4095 1464 4168 reperimus.
1499 4092 1712 4148 Vicarii
1744 4091 2128 4148 Orientalium
2161 4093 2588 4164 responderunt
2619 4111 2632 4148 :
2665 4095 2722 4150 Si
2745 4095 2974 4152 Graecos
2996 4098 3328 4154 sacerdotes
3351 4097 3430 4153 ibi
3465 4098 3794 4172 reperistis,

437 4209 476 4262 5
513 4203 890 4262 manifestum
920 4201 1009 4253 est
1039 4195 1178 4267 quia
1207 4211 1274 4250 ex
1305 4192 1668 4250 ordinatione
1691 4190 2270 4262 Constantinopoleos
2289 4189 2387 4246 illa
2405 4191 2594 4264 patria
2627 4191 2960 4266 fuit.Legati
2985 4199 3202 4250 sancta:
3225 4195 3500 4252 Romanis
3521 4195 3794 4258 Ecclesia:

511 4301 936 4375 responderunt
967 4313 980 4351 :
1014 4295 1060 4350 A
1090 4293 1304 4350 Graecis
1334 4290 1734 4348 sacerdotibus
1761 4293 2174 4361 argumentum
2205 4305 2436 4344 sumere
2469 4307 2584 4346 non
2615 4289 2869 4360 debetis;
2919 4291 3058 4363 quia
3101 4292 3438 4366 linguarum
3481 4293 3792 4350 diversitas

509 4397 970 4458 ecclesiasticum
998 4393 1264 4450 ordinem
1295 4407 1408 4446 non
1442 4387 1919 4446 confundit.Nam
1949 4388 2116 4444 sedes
2147 4387 2624 4459 apostolica,cum
2659 4387 2786 4460 ipsa
2819 4389 3020 4444 Latina
3042 4389 3206 4458 sit,in
3238 4390 3440 4446 multis
3471 4397 3672 4448 tamen
3705 4391 3790 4448 lo-

508 4501 591 4557 cis
624 4515 726 4571 pro
755 4494 979 4551 ratione
1011 4491 1206 4563 patriis
1239 4489 1467 4544 Graecos
1498 4488 1827 4544 sacerdotes
1858 4491 1915 4542 et
1943 4503 2174 4558 semper
2193 4490 2249 4542 et
2273 4503 2428 4542 nunc
2449 4503 2634 4558 usque
2655 4487 3020 4544 constituens
3041 4487 3327 4562 privilegii
3352 4489 3444 4546 sui
3470 4489 3788 4546 detrimen-

511 4605 570 4655 ta
600 4595 814 4653 sentire
841 4609 945 4648 nec
967 4590 1156 4654 debet,
1191 4605 1295 4644 nec
1327 4585 1544 4642 debuit.

580 4694 730 4751 635
763 4689 976 4746 Vicarii
1008 4685 1392 4744 Orientalium
1425 4683 1888 4756 patriarcharum
1919 4682 2476 4738 dixeruntzEtiamsi
2499 4683 2830 4739 Graecorum
2853 4683 3326 4757 presbyterorum
3354 4685 3786 4744 ordinationem

507 4792 680 4848 vestri
693 4791 846 4862 juris
865 4789 1042 4843 fuisse
1065 4783 1512 4852 doceatis,illam
1537 4785 1732 4838 tamen
1755 4781 2006 4853 patriam
2023 4783 2351 4836 Graecorum
2371 4797 2546 4854 regno
2565 4781 2918 4852 pertinuisse
2941 4799 3243 4854 nunquam
3261 4801 3478 4858 negare
3497 4785 3786 4858 poteritis.

514 4889 710 4958 Legati
744 4891 954 4942 sanctis
987 4886 1260 4942 Romana:
1281 4879 1550 4937 Ecclesia:
1573 4879 2028 4952 responderunt:
2047 4880 2210 4934 Sicut
2231 4878 2511 4951 Bulgariae
2537 4879 2704 4934 nobis
2723 4879 2949 4936 diverso
2971 4881 3142 4936 modo
3169 4881 3460 4952 pertinere
3479 4881 3790 4938 ordinatio-

513 5001 646 5040 nem
679 4985 934 5038 dicentes
967 4981 1338 5036 mendacium
1369 4997 1484 5035 non
1513 4977 1837 5050 loquimur;
1871 4977 1953 5032 ita
1983 4977 2264 5032 nimirum
2295 4977 2562 5032 eamdem
2595 4976 2928 5050 Bulgariam
2960 4982 3020 5034 et
3047 4979 3378 5034 Greecerhm
3402 4997 3584 5054 regno
3607 4981 3790 5036 fuisse

437 5087 473 5142 5
511 5095 814 5152 nunquam
845 5077 1340 5150 negamus(c).Se.l
1365 5077 1574 5132 intueri
1597 5093 1698 5132 vos
1723 5076 1887 5131 decet
1903 5075 2042 5146 quia
2061 5073 2220 5129 aliud
2241 5075 2514 5130 ordinant
2525 5076 2665 5146 jura
2691 5076 2942 5142 sedium,
2957 5075 3117 5132 aliud
3141 5076 3450 5149 patiuntur
3470 5077 3786 5134 divisiones

509 5193 842 5255 regnorum.
877 5175 991 5230 Nos
1021 5176 1092 5229 de
1123 5175 1406 5230 divisione
1437 5191 1748 5247 regnorum
1779 5191 1896 5230 non
1925 5173 2177 5246 agimus,
2213 5173 2312 5228 sed
2341 5173 2410 5228 de
2432 5173 2566 5244 jure
2599 5173 2830 5229 sedium
2861 5173 3184 5246 loquimur.

579 5280 734 5334 636
763 5274 974 5330 Vicarii
1001 5271 1380 5327 Orientalium
1412 5273 1878 5343 patriarcharum
1905 5272 2202 5327 dixerunt:
2227 5270 2374 5326 Illud
2401 5272 2556 5342 quod
2587 5271 2750 5326 vobis
2777 5271 3006 5328 diverso
3037 5273 3209 5330 modo
3241 5272 3586 5346 Bulgariam
3609 5271 3783 5345 perti-

509 5395 646 5437 nere
676 5373 890 5439 dicitis,
925 5371 1224 5426 addiscere
1255 5370 1544 5424 volumus.
1579 5371 1778 5442 Legati
1807 5374 2022 5426 sanctae
2055 5371 2328 5425 Romanis
2376 5368 2642 5425 Ecclesiae
2697 5369 3160 5442 responderunt:
3213 5371 3394 5428 Sedes
3439 5370 3778 5444 apostolicm

498 5481 666 5552 juxta
687 5473 842 5547 quod
863 5467 1250 5527 decretalibus
1273 5467 1780 5524 sanctissimorum
1812 5469 2208 5524 Romanorum
2235 5467 2552 5539 priesulum
2570 5467 2762 5524 doceri
2785 5466 3386 5541 poteritis,utramque
3405 5469 3780 5542 Epirum,uo-

499 5592 633 5632 vam
663 5571 933 5629 videlicet
961 5575 1330 5639 veteremque
1359 5569 1658 5638 totamque
1689 5565 2052 5622 Thessaliam
2105 5572 2280 5638 atque
2329 5565 2702 5632 Dardaniam,
2735 5564 2796 5620 in
2820 5583 2938 5638 qua
2965 5571 3024 5622 et
3048 5567 3340 5624 Dardania
3370 5566 3578 5624 civitas
3609 5567 3780 5624 hodie

1547 5699 1800 5744 NOTULIE
1815 5743 1824 5750 ,
1842 5699 2224 5745 MARGINALES
2267 5699 2579 5746 FABROTTI.

433 5801 509 5874 (α)
539 5797 974 5925 Ιπὲηἱτᾶεῃιὶὺαδ,
1009 5793 1066 5848 id
1098 5797 1186 5850 est
1215 5793 1546 5850 instantibus
1574 5797 1624 5846 et
1653 5789 1992 5860 urgentibus.
2089 5789 2162 5862 (b)
2196 5789 2418 5846 Senior.
2455 5788 2513 5845 id
2538 5796 2638 5860 est,
2667 5788 2943 5862 domin-us,
2975 5807 3093 5850 rex.
3191 5791 3259 5862 (c)
3289 5787 3408 5848 Non
3427 5791 3563 5864 jure
3587 5799 3784 5865 regao‘

433 5889 508 5925 τη.
538 5886 596 5925 se
657 5883 715 5924 se
753 5883 889 5923 tum.

361 5889 508 5944 rum,
538 5883 632 5927 sea
657 5883 889 5924 sedtum.
