4058 6162
289 153 446 218 4397
540 175 544 179 <
971 151 1339 216 HISTORIA
1382 149 1485 212 DE
1526 149 1730 213 VITIS
1778 146 1969 212 ROM.
2011 147 2244 212 PONT.
2285 182 2363 193 —
2405 147 2864 211 STEPHANUS
2906 146 3007 209 v1.
3528 94 3687 208 139a

615 282 771 359 Apud
797 285 1025 343 Peniam
1052 301 1123 342 ex
1150 283 1328 341 codwe
1356 282 1601 340 Cavensi.
1961 286 2013 346 Α
2112 282 2256 338 Num
2282 280 2408 352 629,
2442 282 2525 337 lin
2556 282 2642 353 11,
2671 280 2959 339 residunt.
2993 278 3075 336 lin
3106 278 3193 349 12,
3227 280 3613 335 revertuntur.

2114 368 2257 417 Nam
2285 361 2411 427 63I,
2445 361 2523 417 lin
2557 362 2608 428 4,
2637 360 2992 417 libellorum.

2113 450 2253 505 Num
2280 451 2405 517 637,
2440 451 2522 505 (in
2557 452 2613 516 8,
2646 451 2843 521 Teque
2873 465 2988 505 rev.
3023 450 3171 521 patr.
3204 447 3288 503 lin
3323 446 3381 515 9,
3412 445 3686 503 omnibus

2043 521 2429 595 praesentibus
2460 524 2880 586 contestamur,
2910 523 2994 575 ut.

354 429 500 483 Num
539 426 666 493 614,
713 426 797 481 lin
828 426 913 492 10,
947 424 1392 497 subterfugeret.
1424 424 1530 497 lin
1574 425 1666 492 24,
1719 423 1932 480 missas

283 498 599 556 celebrem.
636 499 715 553 lin
745 500 835 563 28,
870 495 968 552 ubi
997 495 1389 551 emicantibus
1420 495 1539 551 ind.

354 572 502 625 Num
528 569 656 636 6I5,
679 568 762 624 lin
792 569 844 633 4,
878 567 1110 623 hisuros
1138 566 1372 636 uspiam
1404 566 1732 622 estimasse.
1764 567 1846 622 lin
1874 568 1932 634 7,

283 607 656 697 ειθᾶἓῖὲὶλῖιὶἵῖ
679 607 763 695 ii};
790 607 1116 697 it."di’é'é£éi
1143 607 1935 697 astatis“;"tisanae;
2113 615 2259 697 {tum
2285 610 2411 697 (ἔΞᾷ
2446 610 2529 697 tt"
2554 609 2865 697 βιῖυετεξηί
2890 607 3190 697 ἀθηυάἓίίο

283 656 646 697 sedarentur.
679 656 763 695 un
790 656 876 703 ω,
899 656 1116 694 ulceret
1143 656 1464 693 anneiaret.
1498 656 1582 693 ιιη
1607 656 1700 703 zu,
1726 656 1935 694 oeans-
2289 656 2411 679 νυνι
2558 656 2608 675 ν’
2633 656 2863 699 ·“ῖ·ῖ“ν
2893 656 3190 698 “··-“,-·--
3412 686 3423 697 ,

282 712 437 769 sime
468 729 623 784 papa
651 708 906 784 Nicolao‘.
986 778 1018 784 ἡ
1454 778 1488 784 ‘_
1623 778 1637 784 _
1744 779 1759 784 _
2112 688 2258 784 lium
2558 690 2646 784 10,
2678 688 2933 784 dunmps
2962 690 3254 759 penitente
3284 690 3509 743 sortito.

354 773 501 861 αυή
530 773 655 861 619,
680 782 764 861 {in
789 780 846 861 9,
870 778 1092 861 jugiter
1119 778 1596 861 concrepantium
1623 778 1897 835 laudans.
2050 848 2086 861 Α
2114 779 2260 832 Num
2286 777 2421 860 640,
2447 778 2529 832 (in
2562 776 2609 844 Ι,
2638 792 2761 861 non
2789 773 2988 830 valens
3019 778 3242 861 quanta
3270 792 3418 861 esse,
3443 790 3626 861 quam
3659 789 3694 830 a

352 853 501 932 lium
527 844 654 932 {329,
800 844 1115 932 biiju‘stitia
1143 844 1472 932 rectitandi.
1509 890 1539 932 ιν
2046 848 2377 932 Graecorum
2408 847 2983 932 imperatprentquam
3013 844 3305 932 natorum.
3332 847 3415 902 lin
3432 844 3693 932 potis-

354 918 499 1003 1_V_um
525 917 650 1003 6ξὲ,
684 924 767 1003 {in
801 917 899 1003 lg,
925 937 1224 1003 commun.
1257 921 1593 992 frequenter
1621 936 1798 1003 acc.“
2047 917 2619 1003 simum‘pertin'ere.
2654 918 2737 974 lin
2765 917 2858 985 13,
2887 917 2957 973 14
2985 933 3103 973 non
3149 917 3397 974 videtur.
3433 917 3695 975 Videntur

319 995 497 1123 e(Ilvam
523 997 649 1064 627,
684 994 769 1051 lin
800 994 885 1063 16,
920 992 1290 1050 sacerdotum
1340 990 1528 1065 usque
1574 991 1936 1048 erecedivam
2046 991 2237 1063 aliqua
2264 990 2487 1046 deesse.

395 1083 469 1123 ιε.

287 1082 469 1124 86018.

1211 1349 1382 1422 CIX.
1441 1346 1822 1421 JOANNES
1873 1347 2020 1432 VII,
2066 1367 2244 1420 ANNO
2279 1345 2567 1419 Cumsu
2607 1342 2774 1420 872.

1462 1544 1600 1616 CX.
1656 1542 2072 1628 MARINUS,
2119 1563 2305 1616 ANNO
2344 1544 2511 1617 882.

1352 1736 1523 1810 CXI.
1581 1736 2014 1811 ADRIANUS
2065 1740 2178 1828 III,
2235 1759 2420 1854 ANNO
2470 1737 2639 1811 884.

1471 2079 1705 2151 CXII.
1761 2081 2354 2153 STEPHANUS
2409 2081 2528 2151 Vl.

1136 2218 1302 2265 ANNO
1330 2217 1573 2265 csals'ri
1602 2202 1745 2279 885,
1779 2220 1994 2267 canon
2025 2219 2233 2266 caassr
2261 2205 2324 2278 7,
2355 2220 2484 2265 uir.
2518 2218 2741 2264 BASILII
2773 2203 2871 2265 19.

517 2337 665 2394 041
702 2334 1060 2410 Stephanus,
1093 2334 1330 2392 natione
1378 2334 1698 2404 Romanus,
1731 2352 1801 2392 ex
1839 2339 2003 2409 patre
2049 2335 2324 2404 Adriano,
2346 2335 2417 2391 de
2448 2334 2684 2408 regione
2710 2333 2807 2391 via
2834 2333 2996 2402 Lata,
3027 2334 3183 2390 sedit
3225 2352 3412 2393 annos
3463 2342 3718 2410 quatuor

446 2452 676 2493 menses
707 2439 952 2508 septem,
981 2433 1107 2491 dies
1136 2432 1600 2506 quatuordecim.
1625 2433 1739 2490 Iste
1760 2432 2051 2506 siquidem
2081 2432 2461 2490 beatissimus
2493 2431 2754 2504 pontifex
2781 2430 3068 2487 nobilium
3090 2437 3401 2505 parentum
3426 2436 3716 2495 Romano-

445 2551 578 2591 rum
611 2549 842 2607 quoque
871 2531 1146 2606 prosapia
1174 2534 1361 2599 ortus,
1386 2531 1529 2586 dum
1560 2548 1665 2603 per
1692 2530 1793 2587 Dei
1816 2531 2067 2604 gratiam
2099 2534 2403 2597 cresceret,
2429 2530 2613 2587 sacris
2634 2533 2724 2585 est
2744 2529 2990 2586 edoctus
3007 2530 3407 2604 dogmatibus,
3430 2534 3628 2593 studio
3659 2540 3719 2594 et

443 2632 835 2691 sollicitudine
863 2631 1152 2687 Zachariae
1183 2628 1542 2686 sanctissimi
1573 2627 1852 2700 episcopi,
1880 2627 2300 2700 consanguinei
2332 2626 2446 2695 sui,
2470 2631 2527 2682 et
2554 2626 2710 2682 sedis
2731 2626 3060 2699 apostolicae
3088 2626 3537 2700 bibliothecarii,
3562 2646 3721 2689 cum‘

370 2734 408 2790 5
450 2748 563 2805 que
593 2729 953 2803 conspiceret
981 2729 1088 2802 piae
1120 2728 1413 2784 memoriae
1446 2726 1741 2782 Adrianus
1767 2726 1968 2798 junior
1998 2726 2257 2799 pontifex
2285 2724 2548 2781 moribus
2579 2723 2748 2780 bonis
2794 2723 3111 2797 pollentem
3138 2728 3200 2781 et
3228 2724 3556 2783 litterarum
3587 2733 3719 2785 stu-

449 2827 562 2885 diis
592 2828 932 2892 ferventem,
966 2841 1001 2880 a
1030 2823 1304 2898 praedicto
1336 2821 1535 2878 inclito
1565 2820 1827 2895 genitore
1857 2839 1964 2878 suo
1993 2838 2127 2878 eum
2159 2822 2449 2889 auferens,
2477 2823 2547 2877 ad
2579 2821 3035 2879 subdiaconatus
3065 2822 3182 2880 Deo
3214 2823 3439 2881 favente
3467 2828 3717 2899 gradum

451 2924 730 3000 provexit,
759 2926 1025 2980 statuens
1054 2938 1190 2978 eum
1219 2919 1372 2976 inter
1399 2918 1545 2976 alios
1576 2918 1687 2976 sibi
1722 2918 2094 2987 familiarem,
2118 2923 2177 2975 et
2205 2919 2264 2974 in
2296 2918 2648 2992 patriarchio
2679 2920 3053 2975 Laterancnsi
3087 2920 3549 2979 ecclesiasticum
3582 2941 3717 2998 per-

454 3027 721 3096 agentem
753 3019 1035 3087 Ofﬁcium,
1067 3021 1123 3074 et
1150 3018 1261 3074 hoc
1290 3016 1510 3072 honore
1541 3018 1810 3088 percepto
1838 3015 2017 3071 vitam
2050 3015 2174 3088 ipse
2204 3015 2370 3072 duxit
2399 3015 2749 3072 mirabilem.

525 3120 680 3177 642
709 3119 847 3175 Erat
874 3115 1030 3173 enim
1063 3131 1301 3188 corpore
1333 3117 1555 3182 castus,
1589 3113 1786 3169 animo
1830 3113 2155 3180 benivolus,
2187 3113 2349 3169 vultu
2381 3109 2608 3186 hilaris,
2643 3113 2872 3186 eloquio
2920 3115 3202 3188 prudens,
3235 3116 3448 3188 Opibus
3495 3117 3716 3194 largus,

452 3216 686 3291 ingenio
717 3215 1026 3283 facundus,
1058 3211 1429 3268 mcerentium
1452 3210 1798 3279 consolator,
1824 3210 2184 3284 pupillorum
2212 3215 2268 3266 et
2298 3211 2540 3283 inopum
2572 3211 2878 3280 enutritor,
2901 3214 2976 3280 et,
3001 3215 3067 3267 ut
3087 3212 3436 3286 generaliter
3463 3232 3722 3289 compre-

450 3315 726 3381 hendam,
743 3311 1009 3369 omnium
1027 3310 1314 3368 virtutum
1338 3308 1580 3365 ﬂoribus
1602 3308 1941 3364 adornatus.
1959 3309 2344 3374 Quamobrem
2374 3308 2467 3363 hic
2489 3308 2646 3363 idem
2667 3307 3170 3366 eminentissimus
3191 3311 3403 3382 praesul
3423 3311 3484 3368 in
3506 3319 3719 3372 sanctis

453 3413 727 3468 Romanis
755 3406 1025 3466 Ecclesiae
1057 3406 1294 3463 servitio
1327 3406 1673 3478 perdurans,
1696 3408 1753 3460 et
1782 3403 1972 3477 magis
1999 3421 2066 3460 ac
2097 3404 2283 3478 magis
2314 3405 2668 3476 specialibus
2699 3406 2911 3461 studiis
2940 3424 3175 3475 vacans,
3198 3425 3233 3464 a
3253 3412 3575 3467 reverendae
3597 3428 3722 3470 me-

379 3511 418 3567 5
453 3508 650 3565 moriee
681 3505 906 3563 Marino
937 3520 1170 3562 summo
1202 3503 1476 3576 pontifice
1500 3502 1645 3558 bene
1673 3506 1868 3569 notus,
1895 3506 1952 3558 et
1975 3506 2207 3558 amatus
2233 3502 2621 3559 familiaribus
2645 3503 2794 3574 ejus,
2819 3504 3017 3576 potius
3039 3509 3128 3561 est
3158 3505 3379 3562 ascitus
3399 3507 3718 3582 obsequiis.

455 3604 647 3677 Hujus
675 3618 932 3675 namque
962 3616 1098 3656 cum
1128 3597 1539 3681 castimoniam
1569 3602 1627 3655 et
1653 3599 2046 3673 prudentiam,
2079 3602 2254 3671 atque
2285 3598 2627 3656 ﬁdelitatem
2660 3599 2815 3655 idem
2847 3599 3110 3657 Marinus
3141 3618 3413 3659 summus
3443 3622 3593 3678 papa
3620 3624 3727 3681 per

376 3731 386 3737 -
452 3700 656 3759 omnia
682 3700 1031 3769 intueretur,
1053 3698 1126 3754 ob
1158 3713 1276 3753 suae
1308 3679 1443 3753 fidei
1473 3700 1532 3753 et
1561 3697 1883 3769 prudentiae
1915 3696 2191 3753 meritum
2218 3697 2645 3770 manipularem
2685 3697 2797 3754 sibi
2829 3698 3132 3772 delegavit,
3154 3703 3213 3755 et
3240 3700 3388 3757 scita
3409 3719 3519 3759 sua
3545 3679 3725 3776 spiri-

457 3797 561 3857 tali
593 3796 1030 3855 conversatione
1051 3794 1206 3851 tituli
1228 3794 1532 3851 beatorum
1556 3799 1808 3866 quatuor
1827 3794 2246 3850 Coronatorum
2273 3794 2677 3867 presbyterum
2700 3796 3078 3864 consecravit,
3100 3797 3237 3853 etin
3259 3797 3419 3855 nullo
3441 3817 3476 3856 a
3496 3818 3559 3856 se
3580 3803 3721 3858 dum

462 3897 605 3953 vixit
622 3897 879 3971 separari
903 3894 1190 3969 permisit.
1210 3893 1397 3967 Igitur
1415 3892 1690 3948 defuncto
1711 3891 2079 3947 recordandae
2102 3890 2394 3946 memoriae
2409 3890 2662 3947 Adriano
2684 3907 2855 3963 papa,
2870 3893 2971 3965 qui
2992 3893 3180 3948 eidem
3204 3894 3545 3952 beatissimo
3564 3913 3728 3970 papzs

362 3997 431 4053 10
467 3994 690 4053 Marino
721 3995 1103 4059 successerat,
1128 4007 1306 4063 super
1334 3988 1577 4045 fluvium
1608 3987 1933 4057 Scultiuna,
1965 3987 2027 4042 in
2066 3986 2205 4043 villa
2254 4004 2381 4060 quae
2410 3987 2795 4043 Viulzachara
2824 3993 3220 4063 nuncupatur,
3253 3994 3423 4064 cujus
3470 3998 3733 4067 tempore

468 4091 714 4148 Romani
748 4090 903 4147 cives
934 4087 1118 4145 multa
1144 4091 1267 4143 tam
1300 4086 1662 4142 locustarum
1684 4085 2081 4141 devastatione
2101 4101 2278 4156 quam
2301 4090 2356 4141 et
2377 4084 2583 4158 ριιινὶω
2615 4084 2920 4142 sterilitate
2941 4104 3043 4143 seu
3065 4088 3238 4146 famis
3260 4089 3456 4162 inopia
3475 4095 3735 4165 perpessi

471 4190 703 4246 fuerant
725 4186 1119 4250 incommoda.
1134 4185 1434 4242 credentes
1458 4200 1518 4239 se
1540 4199 1711 4256 posse
1729 4183 1908 4255 hujus
1925 4182 2273 4238 venerabilis
2295 4182 2401 4238 viri
2426 4182 2734 4239 sanctitate
2755 4183 3014 4251 relevari,
3031 4203 3133 4258 per
3152 4187 3252 4244 Dei
3274 4187 3736 4247 misericordiam

476 4288 629 4343 facto
653 4290 940 4342 conventu
970 4282 1481 4341 sanctissimorum
1509 4279 1917 4353 episcoporum
1948 4285 2005 4336 et
2033 4280 2212 4336 totius
2264 4279 2549 4337 clericalis
2580 4280 2824 4352 ordinis,
2847 4299 3070 4340 necnon
3110 4284 3392 4341 nobilium
3426 4292 3739 4345 senatuum

473 4388 531 4440 et
556 4383 816 4440 virorum
848 4381 1169 4439 illustrium
1201 4383 1375 4446 coetu,
1400 4376 1864 4434 acclamantibus
1894 4377 2190 4446 omnibus,
2215 4395 2334 4433 una
2364 4395 2499 4433 cum
2530 4378 2687 4433 omni
2710 4378 2923 4451 populo
2954 4384 3013 4436 et
3041 4381 3349 4454 utriusque
3381 4400 3552 4440 sexus
3581 4384 3740 4459 vulgi

373 4483 444 4537 15
479 4479 1105 4547 multitudine,dixere:
1122 4475 1438 4534 Dominum
1456 4474 1817 4546 Stephanum
1836 4474 2241 4546 presbyterum
2264 4478 2374 4531 Deo
2388 4474 2634 4549 dignum
2656 4492 2861 4532 omnes
2881 4477 3383 4547 volumus,omnes
3401 4481 3742 4553 quaerimus,

484 4582 544 4633 et
571 4577 826 4648 petimus
856 4576 1027 4631 nobis
1056 4591 1304 4648 praeesse
1330 4572 1695 4647 pontificem;
1718 4572 1856 4645 quia
1886 4572 2266 4645 proculdubio
2288 4574 2583 4630 credimus
2603 4575 2732 4646 ejus
2753 4574 3062 4632 sanctitate
3086 4595 3194 4639 nos
3214 4596 3386 4650 posse
3415 4578 3651 4636 liberari
3672 4582 3745 4638 ab

482 4673 935 4730 imminentibus
956 4672 1250 4745 periculis.
1266 4672 1431 4728 Tunc
1453 4670 1590 4743 quia
1613 4670 1737 4741 jam
1761 4670 2099 4726 nominatus
2124 4670 2417 4725 Adrianus
2438 4671 2695 4742 pontifex
2719 4671 2912 4726 Romae
2940 4672 3256 4746 reliquerat
3278 4675 3565 4732 Joannem
3584 4694 3753 4736 vene-

486 4770 732 4829 rabilem
763 4769 1133 4827 Ticinensem
1164 4768 1526 4842 episcopum,
1550 4770 1615 4823 ut
1635 4766 1885 4823 missum
1907 4767 2095 4824 Caroli
2120 4767 2588 4824 excellentissimi
2622 4768 2991 4840 imperatoris
3012 4788 3117 4843 pro
3148 4771 3393 4830 tuitione
3412 4772 3604 4845 Urbis,
3626 4793 3755 4832 om-

486 4887 593 4928 nes
622 4886 758 4927 cum
790 4869 995 4926 eodem
1023 4866 1212 4940 legato
1241 4864 1530 4938 imperiali
1553 4864 1748 4936 juncti
1779 4864 2089 4921 unanimes
2117 4869 2400 4921 venerunt
2429 4865 2501 4920 ad
2532 4865 2796 4934 domum,
2822 4866 2922 4922 ubi
2951 4883 3083 4923 cum
3117 4872 3282 4940 patre
3311 4869 3437 4944 ipse
3465 4870 3757 4931 almificus

381 4970 455 5025 20
489 4967 824 5041 Stephanus
847 4968 1051 5023 sancto
1078 4963 1474 5020 meditabatur
1493 4961 1805 5033 colloquio,
1828 4967 1886 5018 et
1914 4978 2046 5018 ecce
2067 4962 2267 5018 fractis
2289 4962 2514 5018 foribus
2533 4966 2767 5018 tenetur
2784 4968 2841 5019 et
2861 4965 3101 5020 ducitur
3129 4965 3349 5023 electus
3371 4968 3471 5025 Dei
3502 4970 3761 5043 pontifex

492 5065 564 5121 ad
586 5065 857 5123 eumdem
875 5061 1115 5120 titulum
1133 5063 1472 5118 sanctorum
1491 5061 1743 5132 quatuor
1755 5057 2174 5115 Coronatorum
2195 5059 2305 5115 sibi
2324 5058 2611 5115 creditum
2636 5059 2930 5118 reluctans
2954 5061 3294 5134 plurimum,
3310 5064 3488 5121 simul
3505 5081 3640 5122 cum
3666 5072 3765 5137 pa‘

496 5166 582 5218 tre
602 5161 1067 5218 acclamantibus
1088 5158 1373 5231 utrisque,
1389 5159 1446 5211 et
1468 5155 1743 5228 indignos
1766 5172 1828 5210 se
1847 5158 2010 5211 tanto
2029 5155 2246 5211 honore
2272 5157 2815 5228 profitentibus.Ubi
2834 5163 2890 5215 et
2911 5176 3114 5217 omnes
3137 5167 3348 5219 sanctae
3370 5163 3644 5219 Romanis
3666 5161 3769 5217 Ec-

501 5257 689 5316 clesia
719 5258 930 5316 scholae
960 5258 1283 5332 gaudentes
1313 5254 1637 5324 conjunctae
1666 5251 1935 5307 eumdem
1967 5254 2363 5308 venerandum
2404 5252 2652 5310 electum
2683 5255 3000 5324 trahentes,
3025 5259 3096 5313 ad
3132 5260 3520 5314 Lateranense
3540 5256 3768 5313 Christo

501 5358 770 5431 preduce
800 5357 1199 5430 pegduxerunt
1218 5350 1524 5427 palatium,
1548 5366 1685 5405 cum
1707 5350 1864 5405 omni
1895 5349 2113 5406 honore
2133 5355 2190 5406 et
2211 5351 2407 5407 debita
2428 5352 2768 5408 reverentia.
2790 5353 2957 5410 Prius
2979 5355 3215 5426 quidem
3238 5371 3417 5426 quam
3440 5355 3512 5409 ad
3535 5370 3770 5410 sacrum

395 5456 468 5510 25
504 5454 830 5528 pervenerit
853 5452 1160 5525 palatium,
1183 5455 1348 5508 tanta
1372 5446 1701 5522 pluviarum
1725 5446 1955 5502 caelitus
1988 5448 2140 5503 facta
2164 5453 2253 5504 est
2286 5448 2612 5514 inundatio,
2630 5468 2747 5522 qna
2768 5468 2875 5506 sua
2900 5452 3159 5506 ubertate
3177 5455 3392 5508 terram
3414 5468 3449 5507 a
3469 5451 3656 5508 multo
3678 5467 3774 5508 re-

507 5556 598 5608 tro
626 5556 890 5623 tempore
914 5548 1139 5605 aridam
1163 5550 1440 5613 reficeret,
1466 5551 1528 5601 ut
1559 5548 1757 5616 aperto
1779 5544 2006 5616 judicio
2029 5545 2185 5601 Deus
2215 5548 2546 5602 ostenderet
2566 5547 2713 5602 tanti
2746 5547 3008 5620 almigeri
3027 5547 3134 5601 viri
3165 5547 3391 5603 meritis
3413 5565 3479 5604 ac
3504 5549 3779 5624 precibus

512 5649 788 5726 omnibus
815 5664 879 5703 se
904 5645 1050 5702 velle
1080 5644 1377 5718 propitiari
1410 5641 1801 5717 populis.QuO
1823 5640 2047 5697 scilicet
2075 5640 2130 5695 in
2157 5643 2358 5697 eodem
2392 5642 2682 5699 residente
2712 5641 2925 5713 palatio
2946 5643 3206 5714 gaudent
3226 5643 3535 5719 utriusque
3556 5645 3781 5704 ordinis

515 5761 799 5819 proceres,
820 5749 879 5802 et
907 5743 1160 5801 debitam
1186 5741 1526 5798 ﬁdelitatem
1547 5743 1839 5812 cmperunt
1862 5739 2149 5795 exhibere.
2174 5740 2525 5797 Adveniente
2545 5743 2741 5795 autem
2766 5738 3029 5809 proximo
3057 5740 3151 5798 die
3171 5741 3498 5814 Dominico,
3524 5746 3596 5802 ad
3622 5745 3781 5803 beati
