4058 6162
430 94 586 158 1399
1597 93 2008 158 ANASTASII
2048 92 2709 159 BIBLIOTHECARII.
3629 101 3751 166 “00

570 227 722 286 Petri
750 228 1147 304 apostolorum
1167 228 1448 304 principis
1475 229 1682 289 limina.
1699 228 1893 286 omnis
1917 228 2182 285 Romana
2199 225 2457 284 Ecclesia
2475 243 2612 284 eum
2635 224 3052 286 honorabiliter
3071 224 3304 298 detulit,
3324 226 3422 286 ubi
3437 232 3490 288 et
3510 246 3752 294 consecra-

461 329 532 385 30
568 331 666 385 tus
696 328 953 401 pontifex
984 328 1301 386 missarum
1331 346 1401 386 ex
1431 344 1590 385 more
1620 327 1930 385 celebravit
1958 326 2263 383 solemnia.
2298 327 2367 382 Et
2396 325 2628 381 rediens
2658 342 2790 381 cum
2815 325 3009 382 debito
3039 325 3257 383 honors
3287 343 3350 382 ac
3378 327 3752 392 honoriﬁcentia

568 427 640 486 ad
673 427 1060 486 Lateranense
1086 427 1391 500 palatium,
1425 443 1598 484 suum
1629 425 2024 483 ministerium
2057 423 2224 480 miris
2255 423 2428 497 ccepit
2458 425 2730 480 decorare
2761 423 3057 504 operibus.

639 525 790 581 643
823 523 1041 580 Deinde
1070 541 1205 581 cum
1239 523 1670 580 venerabilibus
1700 523 1989 596 episcOpis
2019 527 2076 580 et
2102 520 2410 598 Augustali
2441 520 2628 595 legato
2650 538 2717 578 ac
2745 520 3070 581 honorabili
3098 525 3304 580 senatu
3335 539 3432 595 per
3449 526 3751 588 omniasmvi

560 621 762 694 palatii
792 623 1042 695 perrexit
1066 621 1358 690 vestiaris,
1383 638 1508 695 quae
1539 621 1598 677 in
1628 626 1861 677 tantum
1890 622 2190 680 devastata
2210 619 2444 692 reperit,
2469 623 2533 674 ut
2553 619 2626 675 de
2657 619 2902 675 sacratis
2929 619 3106 688 vasis,
3131 619 3348 692 quibus
3376 637 3588 678 mensas
3613 629 3755 685 teneri

563 719 727 775 festis
759 719 964 776 diebus
995 719 1299 792 pontiﬁces
1348 717 1791 786 consueverant,
1825 718 2184 792 paucissima
2234 717 2652 773 invenirentur.
2687 717 2767 775 De
2812 717 3058 791 reliquis
3082 733 3218 777 vero
3250 719 3452 794 opibus
3481 720 3633 793 nihil;
3657 740 3754 783 oui-

563 817 730 885 nino;
764 817 868 876 sed
897 818 1037 892 quia
1066 817 1346 876 nimirum
1379 817 1428 874 si
1458 816 1865 874 vestiariorum
1913 834 2088 891 gazas
2120 815 2343 872 ablatas
2385 816 2616 888 reperit,
2641 815 2744 889 qui
2787 815 3044 874 sacraria
3089 815 3516 889 perquirensde
3541 819 3754 892 pluribus

489 915 530 976 5
565 915 826 973 donari-is
854 920 913 972 et
938 916 1316 973 ecclesiarum
1348 915 1708 972 ornamentis
1737 931 1885 988 pene
1917 914 2061 969 nihil
2085 913 2324 969 invenit.
2349 913 2499 970 Crux
2519 917 2716 971 tamen
2747 931 2924 970 aurea
2955 913 3057 972 illa
3080 913 3490 983 famosissima,
3509 933 3659 990 quam
3683 919 3744 986 Ba

564 1011 799 1068 lisarius
830 1013 1112 1086 patricius
1143 1015 1214 1069 ad
1249 1014 1526 1069 honorem
1557 1013 1710 1069 beati
1741 1012 2027 1085 Principis
2063 1011 2205 1069 Petri
2257 1011 2656 1084 apostolorum
2705 1012 2985 1082 instituit,
3012 1019 3069 1069 et
3098 1013 3364 1086 plurima:
3393 1017 3753 1082 sacratissimo-

561 1127 792 1167 morum
824 1111 1095 1168 altarium
1129 1129 1314 1167 aureis
1343 1115 1534 1167 vestes
1565 1127 1699 1166 cum
1729 1109 1972 1182 reliquis
2002 1109 2272 1183 pretiosis
2301 1111 2662 1168 ornamentis
2694 1128 2809 1167 non
2840 1112 3172 1168 defuerunt.
3201 1112 3346 1168 Nam
3374 1111 3497 1169 ideo
3524 1112 3631 1188 ipse
3656 1116 3755 1173 bea-

559 1209 808 1266 tissimis
836 1226 989 1282 papa
1017 1226 1212 1266 coram
1243 1210 1421 1266 tantis
1452 1209 1700 1266 testibus
1729 1225 1798 1266 ea
1828 1209 2122 1281 repuirere
2152 1207 2421 1281 providit,
2447 1213 2513 1266 ut
2541 1210 2735 1266 cuncti
2759 1213 3179 1284 cognoscerent
3207 1209 3290 1265 nil
3309 1209 3420 1266 tale
3447 1210 3560 1268 suis
3585 1217 3755 1287 tempo-

560 1307 726 1363 ribus
757 1323 885 1363 esse
915 1311 1292 1363 attentatum.

629 1406 784 1461 644
815 1403 1033 1460 Idcirco
1063 1404 1224 1477 gravi
1255 1421 1500 1460 maerore
1533 1403 1774 1460 affectus
1805 1407 1914 1473 est,
1940 1403 2079 1477 quia
2127 1404 2443 1467 devastatis
2487 1404 2780 1461 vestiariis
2809 1404 3020 1462 horrea
3046 1403 3227 1462 simul
3276 1409 3335 1462 et
3379 1405 3594 1463 cellaria
3617 1424 3756 1465 vacua

558 1502 795 1558 inventa
823 1506 992 1571 sunt;
1024 1507 1080 1558 et
1110 1501 1250 1574 quid
1279 1506 1544 1576 erogaret
1571 1501 1728 1560 clero.
1756 1506 1814 1562 et
1862 1501 2080 1564 scholis
2110 1519 2227 1562 non
2258 1502 2530 1571 habebat,
2553 1501 2642 1560 vel
2674 1502 2831 1559 unde
2864 1501 3125 1576 captivos
3171 1503 3491 1570 redimeret,
3519 1504 3754 1577 orphanos

555 1604 612 1655 et
639 1600 848 1656 viduas
878 1604 1140 1673 pasceret
1170 1601 1228 1655 in
1261 1605 1383 1656 tam
1414 1599 1777 1656 validissima
1805 1617 1932 1673 quae
1963 1600 2246 1669 instabat,
2274 1600 2446 1668 fame,
2479 1601 2716 1656 carebat
2754 1616 2769 1656 :
2807 1599 2948 1672 quid
2979 1599 3237 1656 faceret?
3266 1599 3571 1658 Conversus
3593 1604 3653 1658 ad
3679 1621 3753 1676 pa-

555 1698 700 1754 trias
733 1697 1036 1756 facultates
1066 1715 1212 1772 quas
1243 1697 1442 1772 inclyti
1473 1698 1572 1756 sui
1597 1700 1868 1773 parentes
1917 1700 2316 1770 possederant,
2342 1697 2603 1766 abstulit,
2629 1701 2687 1756 et
2738 1696 2902 1771 larga
2939 1698 3143 1754 dextra
3172 1703 3347 1770 prout
3373 1703 3555 1770 posset
3579 1715 3751 1774 paupe-

482 1799 520 1854 5
557 1797 720 1853 ribus
751 1800 1028 1870 erogavtt,
1054 1801 1113 1852 et
1142 1796 1224 1852 ita
1254 1796 1369 1852 Deo
1399 1795 1716 1853 miserante
1755 1797 1975 1851 factum
2006 1800 2096 1852 est
2128 1799 2193 1852 ut
2240 1794 2413 1852 famis
2462 1795 2721 1867 inopiam
2777 1811 2883 1852 suo
2931 1794 3128 1851 studio
3177 1794 3484 1868 mitigaret.
3516 1796 3753 1856 Ministros

556 1895 753 1968 itaque
780 1899 838 1952 et
866 1893 1183 1955 familiares
1213 1892 1349 1954 hinc
1378 1894 1512 1952 inde
1556 1893 1908 1967 perquirens
1952 1892 2104 1950 tales
2130 1892 2262 1949 suis
2289 1891 2589 1965 obsequiis
2617 1892 2972 1966 aggregavit,
2997 1891 3100 1966 qui
3150 1896 3212 1949 et
3253 1892 3386 1948 vitae
3427 1893 3694 1951 sanctitate
3712 1901 3758 1953 et

553 1993 688 2050 ﬁdei
719 1993 1052 2050 sinceritate
1081 1996 1139 2048 et
1167 1991 1467 2064 sapientia
1497 1991 1766 2048 doctrina
1793 1995 1852 2047 et
1882 1990 2226 2064 eloquentia:
2270 1991 2624 2047 fecunditate
2655 1995 2712 2046 et
2739 2007 2970 2046 morum
3005 1990 3297 2063 probitate
3343 1990 3618 2064 pollerent.
3645 1995 3752 2049 Cum

553 2093 749 2146 autem
780 2090 852 2146 ad
883 2089 1197 2162 prandium
1228 2089 1488 2157 sedebat,
1524 2088 1820 2161 orphanos
1841 2087 2105 2160 quotidie
2135 2087 2472 2155 advocabat,
2495 2103 2648 2159 quos
2674 2090 2741 2142 ut
2770 2086 2922 2143 filios
2943 2085 3154 2144 alebat.
3185 2087 3526 2146 Convocatos
3550 2105 3661 2146 vero
3683 2107 3754 2147 no-

552 2186 700 2243 biles
731 2203 866 2243 cum
897 2187 1193 2258 corporeis
1220 2191 1488 2258 pasceret
1540 2186 1708 2255 cibis,
1743 2185 2153 2260 spiritualibus
2200 2185 2390 2260 epulis
2439 2184 2750 2243 refovebat.
2784 2185 2854 2240 Et
2881 2187 3111 2241 tanaim
3143 2185 3248 2241 Dei
3296 2185 3549 2242 timorem
3589 2187 3753 2244 mentis

446 2285 516 2340 40
551 2281 737 2339 oculis
769 2283 1008 2350 ferebat,
1043 2287 1101 2338 et
1129 2281 1189 2336 in
1217 2282 1433 2338 divinis
1463 2283 1739 2340 laudibus
1769 2283 2103 2352 insistebat,
2138 2288 2204 2343 ut
2233 2284 2307 2342 ad
2349 2285 2478 2356 ejus
2515 2282 2828 2358 prandium
2861 2300 3029 2348 sacra
3058 2299 3162 2356 per
3192 2281 3458 2356 singulas
3491 2283 3750 2342 dies-lectio

552 2379 915 2450 recitaretur.
949 2379 1264 2436 Missarum
1297 2383 1492 2435 autem
1522 2379 1810 2437 solemnia
1841 2381 2101 2453 quotidie
2140 2380 2491 2448 celebrabat,
2515 2386 2684 2438 nocte
2715 2397 2780 2436 ac
2811 2379 2905 2436 die
2943 2379 3193 2439 orationi
3228 2379 3540 2450 insistebat,
3566 2385 3616 2437 et
3636 2398 3751 2437 nun-

551 2495 730 2551 quam
754 2476 1098 2551 psalmodiis
1120 2478 1407 2544 cessabat,
1428 2477 1542 2534 nisi
1566 2495 1700 2534 cum
1725 2477 2005 2535 utilitates
2025 2478 2224 2552 populi
2247 2479 2318 2535 ad
2341 2495 2403 2534 se
2426 2477 2802 2536 reclamantis
2825 2479 3102 2550 perﬁcere
3119 2478 3487 2554 cupiebagut
3502 2496 3749 2551 oppressos

551 2573 882 2633 sublevaret
911 2580 969 2632 et
1002 2574 1238 2632 afﬂictis
1268 2575 1623 2632 subveniret.
1653 2577 1908 2632 lntuitus
1930 2593 2062 2633 vero
2092 2575 2466 2633 insolentiam
2488 2575 2709 2650 populi,
2733 2579 2790 2632 et
2817 2575 3136 2632 caecitatem
3166 2576 3361 2632 cordis
3379 2575 3465 2632 sui
3484 2576 3748 2648 vaniloquis

551 2678 608 2730 et
638 2674 878 2732 nefariis
909 2672 1122 2730 fabulis
1153 2678 1210 2732 et
1239 2673 1442 2730 otiosis
1474 2673 1845 2729 sermonibus
1871 2673 2131 2730 vacantis
2160 2673 2220 2729 in
2242 2672 2505 2741 ecclesia,
2529 2678 2584 2729 et
2615 2673 2859 2730 audiens
2890 2673 3180 2748 quosdam
3205 2672 3468 2748 vulgaritr
3496 2673 3633 2732 fama
3654 2690 3747 2736 ms,-

450 2773 518 2828 15
555 2771 758 2830 leliciis
790 2777 846 2828 et
874 2772 1372 2828 incantationibus
1402 2771 1486 2827 uti
1517 2771 1626 2827 hac
1659 2770 2008 2827 allocutione
2040 2771 2284 2829 missam
2314 2769 2616 2828 celebrans
2645 2769 2929 2845 populum
2961 2771 3307 2828 admonuit:
3341 2769 3661 2832 Filiatianam
3682 2785 3750 2826 ve-

554 2876 758 2940 stram,
784 2870 1138 2940 charissimi,
1173 2887 1634 2938 commonemus,
1669 2874 1739 2924 ut.
1761 2870 2167 2927 convenientes
2208 2870 2280 2926 ad
2329 2868 2781 2925 sacritissimum
2817 2869 2911 2926 Dei
2943 2869 3236 2943 templum
3265 2870 3321 2926 id
3352 2869 3630 2942 diligenter
3649 2886 3747 2941 per-

551 2973 802 3026 tractare
833 2968 1139 3036 studentis,
1173 2969 1246 3024 ad
1277 2968 1432 3040 quod
1463 2967 1724 3024 venistis.
1750 2966 1809 3023 Si
1841 2968 1998 3024 enim
2027 2967 2308 3024 veraciter
2335 2965 2630 3040 templum
2653 2967 2747 3023 Dei
2780 2983 2908 3025 esse
2938 2967 3180 3024 creditis
3214 2967 3357 3024 illud
3385 2966 3619 3039 adquod
3642 2982 3746 3022 oon-

550 3067 784 3135 venitis,
809 3067 869 3122 id
897 3064 1282 3138 proculdubio
1311 3064 1456 3121 inibi
1489 3064 1713 3138 operari
1746 3064 1970 3123 debetis
2000 3065 2155 3138 quod
2188 3063 2239 3122 ei
2271 3063 2504 3138 placeat
2528 3064 2706 3136 cujus
2733 3063 3023 3137 templum
3051 3069 3161 3134 est,
3185 3066 3260 3125 ad
3290 3065 3440 3138 quod
3469 3063 3745 3122 convenitis.

550 3165 697 3220 Cum
730 3164 888 3221 enim
915 3164 1131 3237 ubique
1161 3163 1315 3220 Deus
1346 3163 1440 3232 sit,
1474 3163 1532 3219 in
1567 3179 1673 3220 suo
1701 3167 1898 3218 tamen
1927 3162 2146 3238 templo
2175 3161 2504 3238 specialiter
2523 3162 2696 3219 debet
2715 3161 2954 3236 requiri,
2979 3167 3038 3221 et
3065 3167 3356 3236 quantum
3386 3160 3746 3236 ipseinspiram

440 3265 512 3321 20
548 3263 825 3338 dignatus
855 3261 1031 3319 fuerit
1057 3261 1222 3330 inibi,
1248 3262 1410 3334 quod
1437 3261 1489 3317 ei
1522 3261 1764 3334 placeat,
1790 3261 1961 3318 debet
1990 3261 2200 3333 expeti.
2224 3261 2326 3317 Est
2347 3259 2529 3334 igitur
2558 3259 2893 3318 misericors
2921 3261 3090 3331 Deus,
3115 3260 3204 3318 ita
3221 3265 3417 3319 tamen
3441 3275 3592 3316 suam
3617 3257 3745 3314 mire

547 3361 860 3418 ricordiam
885 3359 1202 3433 unicuique
1223 3359 1482 3432 disponit
1511 3359 1820 3433 impertiri,
1847 3364 1912 3416 ut
1939 3358 2281 3434 rogantibus
2303 3375 2429 3416 eam
2453 3357 2684 3414 tribuat
2697 3374 2814 3413 non
2834 3357 3114 3432 ingratis,
3125 3363 3184 3416 et.
3204 3361 3366 3424 tanto
3393 3356 3610 3430 λιιι-εἱοή
3622 3353 3744 3419 ille

548 3459 770 3515 tribuat
799 3457 1116 3528 unicuique
1146 3456 1378 3528 pietate,
1411 3460 1632 3527 quanto
1664 3456 1987 3528 majoribus
2017 3456 2415 3529 gemitibuset
2435 3455 2753 3512 ardentiori
2772 3455 2974 3512 animo.
2991 3455 3167 3512 fuerit
3194 3473 3236 3514 a
3261 3455 3510 3528 quolibet
3534 3454 3745 3525 depreca-

548 3560 666 3622 tus,
698 3554 850 3610 sicut
879 3553 1004 3625 ipse
1035 3553 1176 3607 dicit
1207 3570 1220 3608 ε
1255 3553 1622 3608 Dimittuntur
1661 3555 1717 3609 ei
1749 3560 1966 3624 peccata
1993 3553 2190 3620 multa,
2215 3555 2346 3627 quia
2374 3552 2572 3610 ditarit
2597 3555 2838 3611 multum
2857 3555 2953 3628 (α).
2978 3554 3080 3611 Est
3109 3571 3366 3628 namque
3393 3551 3642 3626 templum
3668 3547 3743 3608 Dei

546 3652 708 3708 locus
740 3648 1039 3716 orationis,
1075 3648 1227 3706 sicut
1256 3648 1381 3721 ipse
1413 3647 1625 3704 alicubi
1659 3649 1802 3706 dicit
1833 3666 1844 3705 :
1884 3654 2088 3707 Domus
2129 3666 2250 3706 mea
2276 3649 2468 3707 domus
2496 3653 2762 3710 arationis
2791 3660 2872 3709 est
2909 3653 3118 3712 cunctis
3145 3653 3397 3732 gentibus
3422 3651 3512 3722 (ὸ).
3541 3650 3601 3706 Et
3623 3644 3742 3706 Psal-

437 3751 510 3807 25
547 3748 722 3805 mista
755 3764 768 3803 :
801 3749 1030 3806 Domum
1057 3753 1209 3803 tuam
1236 3745 1422 3802 decent
1459 3755 1668 3816 sancta,
1700 3747 1927 3803 Domine
1951 3750 2042 3817 (ο).
2065 3747 2288 3822 Quippe
2335 3746 2389 3806 si
2435 3747 2714 3806 orationis
2745 3748 2956 3806 domus
2985 3752 3092 3818 est,
3126 3749 3187 3808 id
3241 3748 3322 3806 ibi
3368 3750 3574 3821 oportet
3611 3757 3740 3816 agere

547 3846 701 3920 quod
733 3849 990 3912 vocatur,
1015 3844 1071 3900 id
1104 3849 1192 3901 est
1220 3861 1405 3914 orare,
1428 3843 1696 3918 psallere,
1720 3848 1957 3918 peccata
1984 3845 2269 3915 confiteri,
2292 3845 2512 3902 amaris
2531 3845 2838 3906 oculorum
2863 3845 3138 3920 taerymis
3167 3850 3229 3902 et.
3248 3844 3457 3903 mentis
3485 3840 3738 3918 gemitibus

545 3945 759 4002 delicta
787 3943 1044 4011 abluere,
1077 3949 1133 4000 et
1172 3942 1521 4000 fiducialiter
1574 3943 1803 4001 veniam
1862 3943 1932 3998 de
1987 3942 2320 4000 commissis
2349 3941 2538 4016 culpis
2567 3943 2904 4017 implorare.
2935 3945 3040 4002 Est
3065 3943 3294 4018 quippe.
3344 3942 3429 4001 ibi.
3474 3936 3742 4014 specialiter
3771 3999 3774 4002 _

542 4047 840 4116 respectus
871 4041 1122 4098 divinus.
1157 4041 1458 4099 Assistunt
1485 4040 1566 4096 ibi
1597 4040 1842 4115 angelici
1894 4039 2130 4100 ordines
2187 4057 2290 4114 pro
2349 4041 2563 4115 populo
2595 4043 2992 4115 deprecantes,
3025 4043 3127 4115 qui
3185 4059 3387 4115 preces
3441 4043 3640 4098 nostras
3684 4034 3736 4090 ad

543 4158 715 4198 aures
745 4140 1044 4213 perferunt
1073 4138 1305 4194 Domini
1334 4139 1598 4196 sabaoth.
1634 4141 1758 4206 Qua
1789 4155 1924 4211 rogo
1955 4139 2144 4196 fronte
2197 4139 2260 4196 in
2305 4138 2702 4196 sacratissimo
2734 4138 2836 4195 Dei
2868 4139 3082 4213 templo
3129 4139 3380 4209 assistit,
3400 4137 3494 4212 qui
3520 4133 3737 4220 inanibus

433 4243 503 4297 30
541 4238 754 4296 fabulis
783 4242 840 4294 et
869 4237 1071 4294 otiosis
1099 4236 1291 4292 verbis
1322 4235 1578 4292 insistit?
1607 4237 1754 4293 Nam
1787 4237 1837 4294 si
1868 4238 1939 4294 de
1982 4237 2142 4295 omni
2189 4237 2362 4295 verbo
2411 4236 2606 4294 otioso.
2628 4239 2688 4295 in
2720 4239 2814 4295 die
2834 4237 3048 4310 judicii
3079 4237 3230 4302 ratio
3263 4243 3356 4298 est-
3379 4233 3640 4295 reddenda
3660 4230 3736 4299 td).

540 4339 612 4394 de
639 4337 734 4393 his
765 4335 1016 4391 maxime
1047 4335 1321 4391 reddetur
1349 4335 1493 4390 ratio
1525 4339 1583 4391 et
1611 4334 1873 4408 exigetur
1899 4334 2175 4403 vindicta,
2202 4351 2328 4409 quae
2360 4334 2420 4390 in
2451 4340 2767 4408 conspectu
2799 4340 3102 4394 tantorum
3127 4340 3460 4399 sanctorum
3487 4331 3734 4405 proferun-

539 4441 634 4492 tur
662 4434 1086 4492 contumaciter
1114 4435 1173 4490 in
1205 4433 1328 4492 loco
1359 4434 1474 4492 Deo
1507 4433 1718 4492 dicato.
1742 4437 1885 4501 Qua,
1918 4434 2181 4508 inquam,
2215 4451 2319 4507 spe
2345 4435 2577 4490 veniam
2608 4433 2886 4505 consequi
2918 4433 2991 4488 de
3021 4432 3332 4505 praeteritis
3361 4430 3644 4489 arbitratur
3663 4424 3737 4478 de~

536 4534 710 4601 lictis,
735 4534 835 4608 qui
866 4550 981 4588 non
1014 4531 1204 4589 solum
1239 4536 1474 4605 peccata
1517 4549 1625 4588 sua
1673 4531 1913 4606 negligit
1969 4532 2226 4601 abluere,
2252 4531 2357 4588 sed
2412 4530 2608 4604 potius
2637 4530 2940 4588 contendit
2987 4530 3244 4602 augere?
3277 4527 3549 4589 Pameite
3585 4521 3729 4587 illum:

539 4632 637 4704 qui
670 4633 820 4688 facto
853 4630 1080 4705 ﬂagello
1111 4631 1181 4686 de
1210 4629 1488 4687 funiculis
1510 4629 1679 4702 ejecit
1696 4631 2012 4687 vendentes
2041 4634 2097 4686 et
2125 4633 2385 4688 ementes
2415 4630 2488 4686 de
2517 4626 2736 4701 templo
2767 4627 2858 4701 (θ).
2883 4627 3214 4686 Remissiua
3231 4626 3546 4691 scilicetest
3561 4617 3733 4680 utiliter

431 4725 502 4782 35
541 4728 841 4800 negotiari,
866 4745 1043 4801 quam
1069 4727 1321 4783 inaniter
1348 4732 1406 4783 et
1434 4727 1616 4784 otiose
1645 4726 2029 4784 confabulari.

610 4826 760 4882 045
791 4825 937 4881 Cum
967 4826 1292 4882 convenitis
1319 4827 1392 4883 ad
1425 4825 1617 4884 locum
1647 4826 1954 4895 orationis,
1978 4842 2112 4882 cum
2145 4823 2212 4882 sil

2145 4823 2378 4882 silentio
2408 4827 2576 4893 state,
2604 4822 2829 4880 intento
2857 4822 3246 4883 corde-Deum
3281 4813 3663 4895 depreoamini,
3681 4812 3728 4864 ut

539 4917 759 4976 orantis
779 4937 881 4992 pro
901 4922 1062 4976 vobis
1085 4923 1406 4979 sacerdotis
1425 4927 1556 4978 vota
1577 4923 1880 4996 suscipiat,
1905 4939 2106 4997 preces
2125 4922 2416 4991 exaudiat,
2442 4923 2726 4980 habentes
2745 4939 2863 4996 pra
2883 4920 3070 4980 oculis
3093 4926 3421 4982 monentem
3449 4914 3732 4976 Dominum.

537 5019 594 5071 et
649 5014 939 5073 dicentem
974 5034 986 5071 :
1022 5017 1156 5072 Cum
1210 5022 1366 5076 statis
1413 5020 1483 5076 ad
1527 5024 1831 5079 orationem
1857 5023 2113 5077 dimittite
2137 5023 2194 5078 si
2224 5020 2362 5094 quid
2387 5020 2594 5078 habetis
2621 5019 2878 5080 adversus
2905 5020 3165 5088 alterum,
3191 5027 3254 5076 ut
3311 5026 3362 5076 et
3405 5022 3558 5076 Pater
3599 5013 3729 5067 ναῖεν

534 5113 768 5171 artatis
805 5110 1046 5168 dimittat
1086 5115 1237 5169 vobis
1278 5126 1500 5188 peccata
1552 5128 1728 5176 vestra
1758 5120 1852 5193 (f).
1883 5120 2012 5176 Haec
2044 5118 2414 5187 meditantes,
2447 5122 2507 5176 et
2532 5117 2732 5174 divina
2785 5117 2976 5190 gratia
3029 5117 3357 5191 inspirante
3405 5111 3661 5172 facientes.
3685 5105 3729 5157 et

461 5212 498 5269 5
533 5208 882 5285 evangelicis
910 5211 967 5265 et
986 5209 1318 5282 apostolicis
1343 5213 1708 5273 documentis
1730 5217 1963 5288 imbuti,
1985 5217 2294 5291 impetrata
2323 5217 2396 5272 ab
2426 5214 2812 5286 omnipotenti
2833 5215 2952 5271 Deo
2973 5213 3394 5280 misericordia,
3435 5202 3725 5266 suntmotti

532 5310 819 5366 bonorum
850 5323 1090 5381 operum
1123 5307 1291 5379 quasi
1321 5307 1694 5380 lampadibus
1723 5313 2038 5370 illuminati
2086 5331 2221 5370 cum
2265 5313 2502 5387 gaudio,
2525 5317 2582 5368 et
2611 5311 2840 5384 Christo
2874 5311 3301 5384 repraesentari,
3317 5314 3374 5366 et
3399 5321 3524 5364 cum
3549 5294 3724 5360 sensti!

534 5407 795 5464 coronari
827 5405 1214 5464 merebimini.
1248 5407 1328 5464 De
1359 5411 1583 5477 caetero,
1624 5409 1975 5478 cbarissimi,
2009 5428 2182 5467 nosse
2207 5428 2309 5468 vos
2338 5410 2630 5480 volumus,
2654 5409 2810 5481 quod
2858 5407 3048 5482 legem
3091 5409 3369 5468 Dominus
3413 5398 3606 5478 populo,
3639 5407 3736 5453 sua.

1591 5550 1842 5596 NOTULE
1883 5553 2268 5598 MARGINALES
2310 5551 2630 5598 FABBOTTI.

387 5636 961 5780 (ὓϐρίέἶιίῗο
1038 5639 1114 5710 (b)
1144 5638 1248 5695 13a.
1300 5657 1410 5709 LVI,
1457 5640 1522 5709 7;
1573 5644 1745 5698 Marc.
1797 5657 1872 5707 x1,
1925 5643 2012 5697 17.
2087 5641 2156 5712 (c)
2188 5641 2336 5696 Psal.
2386 5657 2517 5696 xcn.
2594 5640 2672 5710 (ἀ)
2703 5639 2890 5696 Matth.
2940 5656 3042 5710 xu,
3088 5639 3180 5696 36.
3257 5634 3513 5710 (6)106”.
3557 5639 3609 5691 ιι,
3651 5619 3717 5678 ‘5-
