4058 6162
222 159 372 226 MOI:
908 155 1281 225 HISMIA
1324 151 1431 213 DE
1476 150 1677 214 VITIS
1719 148 1917 212 ROM.
1952 146 2188 211 PONT.
2218 179 2295 194 -—
2323 146 2784 210 STEPHANUS
2827 144 2929 208 Vl.
3456 144 3613 208 1402

350 291 674 355 instituens
698 291 895 366 Mosae
923 292 1090 356 male,
1110 285 1311 347 intulit
1336 284 1575 342 dicens:
1608 283 1924 355 Maleﬁcwn
1945 298 2012 338 ne
2038 281 2270 354 patiaris
2294 281 2472 336 vivere
2493 279 2591 352 (α).
2615 283 2680 335 In
2704 278 2814 335 hac
2834 278 3032 352 itaque
3044 276 3215 347 Urbe,
3232 279 3388 351 quod
3409 278 3614 336 dolens

354 389 509 459 dice,
529 389 910 451 inveniuntur
929 388 1169 460 quidam
1200 384 1302 458 qui
1331 401 1450 440 non
1478 382 1670 441 solum
1701 379 1997 437 maleficos
2025 396 2142 436 non
2174 378 2487 452 impetunt,
2518 379 2617 435 sed
2659 377 2857 451 potius
2906 382 3148 433 tuentur
3178 381 3236 434 et
3265 377 3476 434 fovent.
3509 377 3617 434 Per

256 487 321 547 40
356 504 513 561 quos
526 486 1023 547 incantationibus
1052 484 1411 558 quibusdam
1437 482 1731 538 daemones
1760 477 2061 535 consulere
2092 494 2209 533 non
2241 475 3004 550 perhorrescunt,etdivina:
3032 475 3179 550 legis
3199 480 3256 533 et
3274 474 3615 550 Apostolicae

356 585 638 645 doctrinm
666 585 1062 652 immemores,
1096 599 1225 655 quae
1254 581 1484 638 intonat
1512 579 1715 635 dicens
1747 593 1761 633 :
1797 576 1930 645 Quae
1952 577 2304 650 participem
2344 576 2459 631 luci
2484 574 2554 631 ad
2578 574 2843 643 tenebras,
2876 584 2973 631 aut
2998 585 3288 632 conventus
3320 576 3540 633 Christo
3569 582 3621 632 et

356 685 585 745 Belial?
612 683 688 755 (ὸ)
712 685 780 741 In
812 682 921 740 hoc
950 679 1110 738 enim
1138 681 1292 754 quod
1324 678 1552 735 Christo
1583 680 1917 749 contempto
1947 675 2242 731 daemones
2271 672 2531 748 gentium
2564 688 2726 728 more
2774 673 3110 740 consulunt,
3161 674 3522 731 Christianos
3556 691 3619 731 se

357 782 714 843 omnimodis
743 797 859 838 non
889 796 1020 836 esse
1055 779 1334 835 liniantur.
1366 778 1528 843 Quod
1561 794 1740 849 quam
1771 772 2071 844 horribile,
2104 790 2400 846 quamque
2431 772 2507 828 sit
2537 772 2869 845 profanum,
2902 776 2969 827 ut
3013 771 3241 830 Christo
3287 777 3619 847 contempto

357 883 654 943 domones
674 878 1045 937 Christianus
1063 877 1286 946 adoret,
1307 874 1718 947 unusquisque
1749 873 2087 948 perpendat,
2120 875 2186 926 ut
2212 870 2328 927 tale
2363 870 2588 926 facinus
2618 868 2741 925 ﬁeri
2777 868 3197 942 perhorrescat.
3230 873 3619 936 Quamobrem

261 984 327 1043 15
361 978 634 1055 quisquis
657 977 933 1050 deinceps
953 974 1054 1032 tali
1075 972 1344 1047 contagio
1365 989 1427 1029 se
1449 971 1707 1046 polluere
1728 968 2320 1036 tentaverit,alienum
2343 967 2551 1024 vivifici
2575 967 2697 1023 ﬁeri
2719 968 2980 1040 corporis
2995 970 3053 1023 et
3074 968 3378 1042 sanguinis
3391 970 3622 1027 Domini

358 1076 545 1136 nostri
574 1076 714 1134 Jesu
744 1073 961 1132 Christi
992 1071 1247 1147 Spiritus
1277 1071 1463 1127 sancti
1486 1069 1734 1142 judicio,
1762 1070 1946 1126 donec
1977 1083 2013 1123 a
2043 1070 2210 1124 tanta
2241 1064 2545 1139 resipiscat
2573 1064 2824 1140 ignavia,
2849 1065 3211 1137 judicamus.
3229 1066 3335 1133 Qui
3356 1084 3487 1125 vero
3503 1072 3622 1125 tam

361 1175 711 1239 mhibribns.
730 1170 1060 1230 interdictis
1088 1173 1454 1242 contemptor
1481 1167 1786 1236 exstiterit,
1810 1171 1865 1223 et
1896 1164 1957 1221 in
1989 1166 2192 1222 eadem
2224 1163 2501 1238 pestifera
2529 1163 2851 1236 pertinacia
2876 1180 3253 1237 perseverans
3284 1165 3626 1240 resipiscere

354 1271 697 1349 nglsxsrit,
725 1274 1073 1345 perpetuum
1102 1285 1143 1324 a.
1166 1268 1287 1325 Deo
1313 1267 1479 1323 Patre
1508 1270 1566 1323 et
1591 1266 1733 1322 Jesu
1764 1264 1992 1322 Christo
2025 1262 2170 1320 Filio
2200 1262 2329 1335 ejus
2358 1261 2435 1318 sit
2464 1261 2797 1318 anathema.

430 1371 587 1429 ⁸40
623 1371 897 1442 (lusuque
910 1366 1187 1424 taliaiste
1204 1363 1730 1438 pmstantissimus
1760 1361 1972 1436 priesul
2002 1360 2292 1430 existeret,
2326 1362 2383 1415 et
2409 1358 2470 1414 in
2502 1358 2595 1416 bis
2624 1376 2751 1432 quae
2798 1359 2995 1418 divino
3050 1360 3233 1418 cultui
3275 1363 3630 1422 conveniunt

360 1469 655 1529 {lactentis
683 1469 1095 1541 perseveraret,
1125 1468 1290 1520 tanta
1318 1462 1401 1521 illi
1433 1467 1525 1520 est
1550 1461 1834 1519 divinitus
1863 1459 2051 1534 gratia
2079 1475 2379 1524 concessa,
2411 1461 2479 1514 ut
2526 1457 2814 1532 quidquid
2863 1458 3077 1516 habere
3124 1466 3395 1534 potuerat
3441 1464 3626 1521 sacris

361 1568 629 1627 (innabat:
647 1563 931 1632 cochsiis,
961 1562 1225 1637 captivos
1250 1561 1594 1629 redimebat,
1624 1558 1911 1618 sollicitus
1937 1557 2193 1615 existens
2223 1573 2326 1629 pro
2376 1555 2565 1612 salute
2614 1557 2903 1624 omnium,
2937 1557 3077 1630 quia
3131 1575 3266 1615 cum
3325 1560 3483 1618 fama
3532 1563 3625 1619 sui

364 1665 635 1724 nominis
668 1668 844 1736 atque
889 1666 1137 1719 actuum
1177 1663 1303 1716 tam
1344 1675 1451 1732 per-
1475 1658 1798 1716 Orientalcs
1827 1673 2004 1730 quam
2036 1653 2436 1712 Occidentales
2466 1659 2662 1728 partes
2690 1655 3115 1725 difl'amaretur,
3145 1674 3293 1731 pene
3321 1677 3526 1718 omnes
3553 1661 3627 1718 ad
3724 1668 3729 1675 ‘

293 1768 345 1825 Er
362 1778 517 1825 ann.
535 1761 925 1821 decurrebant
937 1759 1159 1832 utejns.
1172 1757 1640 1815 benedictionem
1663 1756 2046 1829 perciperent.
2071 1755 2218 1811 Nam
2238 1753 2393 1810 inter
2414 1746 2530 1810 alia
2550 1754 2622 1809 de
2643 1752 2923 1823 donariis,
2947 1770 3075 1827 quae
3090 1754 3366 1813 Ecclesiis
3382 1757 3629 1816 diversis

364 1861 640 1930 malit,
663 1858 1348 1933 longumsstenarrare.
1377 1854 1596 1912 Verum
1647 1859 1717 1911 ut
1759 1855 1831 1910 de
1877 1852 2084 1911 multis
2139 1870 2326 1926 pauca
2377 1853 2665 1921 dicamus,
2699 1868 2835 1909 cum
2888 1852 2947 1909 in
2992 1852 3235 1911 basilica
3282 1855 3435 1912 beati
3476 1858 3630 1914 Petri

364 1958 767 2035 apostolorum
790 1954 1093 2030 principis,
1126 1955 1224 2011 ubi
1256 1970 1421 2012 sacro
1460 1953 1589 2027 ipse
1633 1970 1879 2026 corpore
1920 1951 2253 2025 requiescit,
2285 1955 2548 2008 cerneret
2605 1951 2909 2008 nocturnis
2966 1951 3271 2010 laudibus‘
3300 1954 3396 2011 vix
3449 1954 3631 2012 semel

365 2055 771 2132 thymiamatis
818 2054 1126 2110 incensum
1175 2051 1390 2121 oll‘erri,
1424 2051 1681 2108 instituit
1730 2055 1796 2107 ut
1841 2067 1950 2125 per
2003 2049 2269 2124 singulas
2323 2049 2603 2107 lectiones
2632 2054 2689 2106 et
2719 2051 3090 2123 responsoria
3117 2051 3441 2109 adolentur.
3474 2055 3541 2112 Et
3570 2054 3631 2111 in

367 2154 617 2231 pergnh
640 2153 834 2228 ipsius
858 2150 1118 2210 basilice
1143 2149 1273 2224 ipse
1300 2150 1651 2207 reverendus
1682 2166 1834 2222 papa
1862 2149 1935 2206 ob
1969 2165 2229 2206 amorem
2258 2148 2411 2205 beati
2434 2148 2584 2204 Petri
2609 2148 2914 2204 nutritoris
2942 2148 3033 2205 sui
3066 2149 3261 2222 posuit
3291 2150 3633 2210 cantharum

267 2258 609 2315 manticam
640 2268 847 2321 unam,
877 2266 1013 2308 cum
1055 2247 1327 2322 pretiosis
1375 2247 1717 2321 margaritis
1758 2252 1815 2303 et
1861 2246 2131 2321 gemmis,
2165 2264 2231 2303 ac
2262 2245 2498 2313 smalto,
2525 2263 2659 2302 cum
2691 2245 3103 2319 perpendicqu
3134 2248 3206 2305 ad
3235 2248 3633 2323 pendendum.

368 2354 696 2413 hicch
722 2350 793 2407 in
811 2349 1017 2407 eadem
1042 2342 1362 2404 venerabili
1406 2344 1651 2402 basilica
1695 2345 1884 2403 sancti
1931 2345 2083 2402 Petri
2133 2343 2348 2401 obtulit
2396 2361 2646 2418 regnum
2693 2361 2937 2401 aureum
2984 2362 3190 2414 unum,
3224 2363 3359 2402 cum
3393 2348 3638 2407 diversis

371 2448 725 2524 margaritis,
757 2446 1029 2520 spatham
1062 2462 1196 2502 cum
1228 2442 1438 2518 vagina
1466 2444 1538 2500 de
1568 2460 1733 2511 auro,
1763 2448 1821 2499 et
1849 2443 2100 2516 gemmis
2132 2460 2266 2499 cum
2294 2441 2486 2498 balteo
2519 2458 2719 2497 unam.
2755 2442 3010 2498 Contulit
3038 2443 3225 2501 etiam
3255 2449 3313 2501 et
3343 2445 3401 2502 in
3432 2449 3637 2506 eadem

370 2546 627 2606 basilica
643 2549 865 2602 vestem
896 2560 1097 2612 unam,
1131 2559 1265 2599 cum
1297 2557 1445 2598 auro
1472 2545 1530 2596 et
1558 2540 1708 2597 albis
1739 2540 1994 2613 gemmis
2022 2557 2035 2595 :
2067 2540 2193 2595 vela
2241 2540 2427 2595 serica
2472 2538 2533 2594 in
2585 2538 2833 2594 circuitu
2888 2538 3089 2596 altaris
3147 2545 3416 2614 quatuor,
3450 2545 3552 2602 sed
3583 2548 3640 2602 et

370 2643 661 2703 tumelias
682 2641 840 2699 beati
867 2640 1129 2714 Gregorii
1162 2656 1409 2696 numero
1431 2637 1840 2711 quadraginta.
1858 2638 1921 2693 In
1944 2654 2061 2710 qua
2089 2637 2426 2710 supradicta
2453 2635 2768 2692 venerabili
2789 2636 3033 2694 basilica
3054 2654 3190 2697 cum
3211 2638 3367 2697 idem
3390 2642 3638 2701 sanctis-

271 2745 347 2804 15
372 2743 563 2803 simus
574 2740 1070 2814 papaetomaium
1092 2737 1367 2794 vitiorum
1388 2735 1749 2793 fortissimus
1768 2734 2119 2808 exstirpator
2138 2734 2352 2791 malam
2369 2733 2852 2790 consuetudinem
2874 2733 3611 2815 invenisset,utpresbyteri
3622 2786 3639 2816 ,

373 2839 476 2915 qni
506 2838 728 2895 ibidem
757 2836 1006 2895 Domino
1035 2835 1395 2892 sacriﬁcium
1422 2832 1682 2907 quotidie
1712 2833 2052 2901 offerebant,
2087 2830 2247 2888 omni
2301 2849 2453 2889 anno
2505 2848 2684 2888 unam
2736 2830 3020 2889 mulctam
3082 2836 3643 2896 consuetudinaliter

371 2937 615 3003 «luent,
634 2952 819 3008 quam
844 2931 1343 2990 consuetudinem
1364 2936 1580 2988 sancta)
1609 2929 1901 2987 memorias
1931 2931 2185 2987 domnus
2217 2930 2478 2987 Marinus
2510 2948 2661 3004 papa
2693 2935 3030 2989 antecessor
3058 2932 3187 3005 ejus
3237 2933 3511 3008 fregerat,
3537 2937 3640 2994 sed

372 3031 866 3106 uubmptionihis
890 3029 1283 3104 quorumdam
1314 3027 1622 3085 hominum
1652 3032 1917 3101 tempore
1940 3026 2179 3083 Adriani
2210 3026 2367 3083 tertii
2399 3044 2560 3100 papae
2593 3026 3063 3101 repullulaverat,
3079 3029 3190 3086 sub
3223 3029 3355 3086 forti
3387 3031 3640 3090 obtesta-

377 3128 842 3203 tionepcmcepit
872 3132 939 3185 ut
964 3126 1167 3184 nullus
1196 3143 1458 3200 unquam
1472 3126 1660 3195 absis,
1675 3142 1792 3182 non
1822 3125 2015 3182 solum
2042 3125 2386 3193 hoc,verum
2418 3126 2597 3181 etiam
2628 3125 2867 3198 aliquod
2898 3125 3192 3186 tributum
3209 3128 3640 3202 acciperet;sed

268 3231 355 3288 20v
374 3243 515 3288 eam
544 3225 717 3285 omni
734 3227 959 3291 honore
983 3224 1140 3282 sicut
1168 3224 1499 3281 sacerdotes
1528 3227 1754 3296 oportet
1784 3240 1959 3280 suum
1989 3239 2263 3297 peragere
2291 3223 2554 3279 ofﬁcium
2583 3223 2667 3280 eis
2690 3222 2908 3279 liceret.
2944 3225 3104 3281 Idem
3137 3229 3335 3283 autem
3366 3229 3642 3286 sacratis-

376 3326 568 3389 simum
599 3323 812 3399 praeui
842 3340 946 3397 pro
976 3322 1079 3378 sui.
1098 3323 1455 3395 sempiterna
1483 3320 1767 3376 memoria
1794 3337 1929 3377 cum
1954 3320 2316 3395 conspiceret
2344 3320 2648 3377 nocturnis
2674 3318 2890 3394 vigiliis
2920 3320 2980 3376 in
3017 3321 3261 3380 ecclesia
3279 3325 3643 3400 majori,qua3

376 3427 619 3482 meatur
646 3425 860 3479 sancte
890 3425 948 3478 et
975 3418 1417 3493 superexaltatze
1447 3417 1550 3475 Dei
1581 3417 1889 3474 Genitricis
1911 3418 2106 3474 Maria:
2129 3418 2202 3474 ad
2225 3417 2503 3490 Praesepe,
2526 3416 2830 3491 lampades
2852 3420 3397 3478 consuetudinarias
3419 3423 3641 3493 deesse,

378 3520 677 3595 gubernas
697 3521 1005 3591 argenteas
1034 3533 1171 3575 cum
1201 3516 1575 3590 lampadibus
1606 3515 1836 3587 obtulit,
1869 3520 1925 3572 et
1951 3514 2337 3572 continuatim
2382 3514 2597 3589 vigiliis
2647 3516 2849 3573 ardere
2897 3516 3188 3591 praecepit.
3222 3519 3456 3576 Necnon
3488 3520 3643 3580 idem

379 3617 736 3679 mibsimus
766 3615 1025 3689 pontifex
1053 3613 1195 3672 fecit
1218 3613 1279 3670 in
1310 3614 1515 3671 eadem
1547 3614 1826 3688 predicta
1849 3613 2094 3671 basilica
2120 3613 2248 3670 vela
2277 3615 2604 3687 quatuorin
2624 3615 2870 3672 circuitu
2893 3615 3095 3674 altaris
3116 3618 3644 3695 majoris,quorum

270 3718 349 3777 25
381 3716 499 3776 bis
528 3717 678 3772 sunt
698 3715 777 3772 de
800 3713 987 3771 serico
1016 3711 1264 3787 pigaci'o,
1295 3713 1533 3769 tertium
1563 3713 1910 3787 pavonatile,
1940 3717 2217 3787 quartum
2247 3714 2318 3770 de
2345 3713 2756 3783 Alexandrino,
2783 3719 3056 3772 ornatum
3086 3720 3276 3776 totum
3306 3718 3366 3775 in
3397 3720 3644 3777 circuitu

372 3813 455 3873 .ds
483 3811 739 3879 devocet

448 3911 607 3969 σιτ
634 3908 901 3983 Denique
925 3909 1272 3983 mpedictus
1302 3927 1337 3966 a
1363 3910 1481 3967 Deo
1511 3912 1807 3983 protectus
1839 3907 2251 3965 sanctissimus
2278 3925 2430 3982 papa
2457 3909 2530 3965 ob
2560 3909 3006 3968 retributionem
3038 3910 3246 3968 animae
3278 3930 3401 3970 suis
3428 3914 3564 3972 fecit
3584 3917 3645 3974 in

378 4006 626 4067 ecclesia
648 4006 811 4065 beati
836 4006 999 4065 Pauli
1026 4005 1275 4080 apostoli
1305 4008 1565 4065 doctoris
1588 4005 1855 4083 gentium
1879 4023 2125 4081 regnum
2148 4023 2217 4063 ex
2237 4024 2378 4063 auro
2399 4006 2717 4080 purissimo
2740 4000 2947 4078 unum,
2972 4010 3373 4069 cumdiversis
3392 4014 3645 4087 gemmis

380 4106 557 4174 albis,
584 4104 864 4180 prasinis,
895 4103 1316 4179 hyacinthinus,
1348 4109 1407 4161 et
1436 4104 1497 4161 in
1528 4105 1723 4163 medio
1752 4103 1918 4178 regni
1948 4103 2305 4162 cruciculam
2338 4122 2577 4162 auream
2608 4105 2977 4178 pendentem,
3004 4125 3183 4169 unam
3205 4126 3339 4166 cum
3361 4112 3647 4171 catenulis

382 4203 528 4274 suis,
561 4208 619 4261 et
644 4208 867 4263 vestem
897 4202 1146 4261 sericam
1175 4220 1355 4277 supra
1385 4201 1565 4260 altare
1596 4205 1790 4277 majus
1816 4219 2017 4272 unam,
2033 4218 2167 4258 cum
2190 4219 2331 4259 auro
2353 4208 2410 4260 et
2428 4202 2699 4277 gemmis.
2718 4203 2875 4260 Fecit
2894 4204 3070 4261 etiam
3102 4205 3162 4260 in
3185 4207 3388 4265 eadem
3406 4208 3650 4267 basilica

304 4302 361 4358 ὃς
383 4301 611 4376 egregii
627 4301 892 4360 Doctor-is
921 4301 1191 4376 gentium
1218 4300 1518 4358 belothera
1547 4304 1822 4373 quatuor,
1846 4319 1916 4358 ex
1937 4300 2154 4374 quibus
2186 4318 2371 4357 unum
2405 4317 2546 4357 auro
2576 4305 2821 4357 textum.
2846 4301 3127 4360 Praefatus
3144 4320 3279 4360 vero
3297 4306 3649 4365 venerabilis

383 4403 442 4455 et
469 4398 784 4473 praelatus
813 4398 1073 4473 pontifex
1098 4398 1243 4455 tbcit
1264 4397 1325 4454 in
1358 4396 1603 4453 ecclesia
1630 4397 1861 4454 Domini
1892 4398 2228 4467 Salvatoris,
2255 4415 2383 4471 qum
2421 4397 2903 4459 Constantiniana
2932 4404 3190 4471 vocatur,
3214 4406 3435 4461 vestem
3470 4421 3651 4479 supra

383 4495 578 4552 altera
596 4497 792 4568 majus
822 4513 969 4553 auro
994 4500 1215 4553 textam
1242 4512 1426 4554 unam
1452 4511 1586 4551 cum
1619 4495 1863 4553 diversis
1893 4496 2250 4571 margaritis.

456 4592 615 4650 us
641 4592 974 4650 Pariimodo
1004 4597 1064 4649 et
1091 4592 1152 4649 in
1182 4594 1391 4649 eadem
1417 4591 1662 4649 basilica
1691 4593 2088 4666 contulit‘jam
2128 4594 2287 4650 fatus
2336 4593 2861 4652 reverendissimus
2914 4595 3128 4667 praesul
3182 4595 3310 4657 vela
3363 4598 3556 4658 serica
3576 4601 3649 4658 de

384 4688 643 4747 hlatthin
671 4689 957 4763 byzantea
976 4694 1228 4762 quatuor
1249 4691 1311 4748 in
1335 4691 1584 4747 circuitu
1616 4690 1821 4747 altaris
1850 4691 2113 4763 majoris,
2147 4691 2262 4747 duo
2292 4708 2362 4748 ex
2391 4690 2484 4748 his
2513 4692 2792 4764 aquilata,
2815 4696 2874 4749 et
2904 4693 3018 4749 duo
3049 4695 3120 4751 de
3148 4694 3651 4765 basilisci,,ornata

386 4786 453 4843 in
470 4784 719 4843 circuitu
741 4786 821 4842 da
841 4784 1072 4843 olovero
1092 4802 1108 4842 :
1129 4791 1190 4843 et
1218 4804 1322 4860 per
1348 4787 1621 4861 singulas
1642 4804 1814 4844 arcus
1844 4787 2188 4861 presbyterii
2217 4787 2346 4844 vela
2376 4787 2563 4845 serica
2591 4788 2823 4845 leonata
2852 4790 3191 4864 nonaginta.
3223 4793 3293 4849 Et
3312 4811 3421 4867 pro
3452 4795 3649 4853 futuro

389 4884 600 4941 anime
630 4900 750 4940 sum
782 4882 1039 4940 remedio
1068 4884 1315 4940 contulit
1351 4884 1569 4941 ibidem
1627 4884 1967 4942 cantharum
2027 4889 2363 4947 exauratam
2423 4903 2625 4956 unam,
2658 4886 2791 4943 libr.
2825 4893 3143 4945 comment.
3179 4906 3198 4946 1
3226 4891 3649 4966 Prophetarum

311 4984 352 5040 5
388 4981 520 5040 libr.
554 5000 593 5052 ι,
624 4982 933 5040 Gestarum
966 4998 1163 5038 rerum
1187 4980 1320 5038 libr.
1348 4999 1408 5038 ιι.
1432 4982 1578 5038 Cum
1608 4986 1806 5039 autem
1835 4987 1990 5043 esset
2019 4982 2308 5040 sollicitur
2328 5001 2432 5057 pro
2455 4989 2616 5042 statu
2642 4984 3021 5045 ecclesiarum
3040 4987 3165 5056 Dei,
3193 5005 3264 5047 uc
3283 4989 3648 5065 suistempo-

387 5079 574 5151 ribus,
607 5095 736 5153 qua:
765 5078 828 5138 in
857 5078 1276 5154 ruinispositm
1307 5084 1493 5152 erant,
1525 5080 1821 5152 caderent,
1851 5080 2158 5138 ecclesiam
2185 5082 2487 5139 beatorum
2519 5082 2914 5155 apostolorum
2944 5084 3145 5142 Jacobi
3166 5092 3225 5143 et
3242 5086 3649 5163 Philippique;

387 5176 581 5236 nimio.
604 5177 773 5239 senio
795 5181 1149 5252 consumpta
1174 5177 1363 5236 ruina.
1387 5178 1652 5251 proxima
1680 5183 1825 5247 erat,
1857 5196 1891 5236 a
1919 5180 2304 5237 fundamento
2328 5181 2648 5236 renonavit.
2683 5182 2869 5248 Quam
2900 5181 3110 5240 collato
3140 5185 3409 5254 calice,et
3437 5191 3651 5258 patens

387 5279 671 5334 emata
696 5276 933 5334 nomine
962 5275 1176 5334 Grecis
1204 5275 1551 5351 Latinisque.
1574 5275 1786 5334 litteris
1814 5276 2095 5351 inscripto
2127 5279 2451 5336 adornavit.
2483 5280 2554 5335 Et
2584 5279 2825 5353 insuper
2851 5297 2955 5353 pro
2997 5299 3106 5338 sua
3154 5287 3433 5355 perpetua
3461 5281 3650 5340 salute

387 5373 637 5432 contulit
663 5373 728 5435 in
756 5374 959 5432 eadem
979 5374 1221 5433 basilica
1238 5374 1651 5448 Apostolorum
1674 5376 1959 5435 cortinam
1978 5376 2192 5435 lineam
2207 5394 2408 5446 unam,
2422 5377 2717 5436 velothera
2738 5379 2926 5437 serica
2942 5380 3056 5436 tria
3076 5380 3133 5434 in
3155 5380 3402 5437 circuitu
3424 5379 3645 5439 altaris.

274 5472 355 5529 10
388 5471 747 5533 Et-orahrio
771 5471 963 5531 sancti
989 5471 1245 5541 Thomas,
1277 5473 1390 5530 sito
1417 5472 1479 5529 in
1509 5473 1866 5531 monasterio
1892 5475 2079 5531 sancti
2108 5476 2350 5532 Andreae
2378 5476 2645 5550 apostoli,
2674 5478 2847 5550 juxta
2886 5476 3189 5534 basilicam
3236 5476 3649 5550 Apostolorum

389 5568 526 5628 fecit
551 5572 775 5627 vestem
795 5584 995 5627 unam.
1018 5572 1148 5647 Ipse
1164 5586 1303 5631 vero
1325 5571 1592 5647 egregius
1611 5576 1666 5630 et
1680 5572 2180 5645 prudentissimus
2196 5591 2349 5648 papa
2369 5591 2505 5633 cum
2522 5574 2697 5633 sciret
2710 5572 3015 5633 basilicam
3039 5576 3375 5631 sanctorum
3398 5578 3653 5651 quatuor

1445 5695 1699 5744 NOTULE
1735 5696 2120 5748 κΑιιϐιιιΑικε
2160 5699 2455 5746 FABROTTI

312 5772 405 5847 (α)
431 5773 609 5834 Μ
632 5787 771 5844 nu,
800 5775 889 5833 f8.
922 5772 1087 5847 (IMP
1102 5774 1228 5833 Cor.
1259 5790 1337 5842 Vl,
1370 5776 1459 5847 M,
1491 5778 1579 5836 15.
