  <div class='ocr_page' id='page_1' title='image "/cluster/home/n/w/nwhite01/storage/ocr_20150623/128/hvd.32044054759899/707.png"; bbox 0 0 4058 6162; ppageno 0'>
   <div class='ocr_carea' id='block_1_1' title="bbox 353 164 509 231">
    <p class='ocr_par' dir='ltr' id='par_1_1' title="bbox 353 164 509 231">
     <span class='ocr_line' id='line_1_1' title="bbox 353 164 509 231; baseline 0 0"><span class='ocrx_word' id='word_1_1' title='bbox 353 164 509 231; x_wconf 73' lang='grc'><strong>1403</strong></span> 
     </span>
    </p>
   </div>
   <div class='ocr_carea' id='block_1_2' title="bbox 954 162 3150 232">
    <p class='ocr_par' dir='ltr' id='par_1_2' title="bbox 954 162 3150 232">
     <span class='ocr_line' id='line_1_2' title="bbox 954 162 3150 232; baseline 0.001 -3"><span class='ocrx_word' id='word_1_2' title='bbox 954 162 1237 231; x_wconf 78' lang='lat' dir='ltr'><strong>ANAST.</strong></span> <span class='ocrx_word' id='word_1_3' title='bbox 1279 165 1475 229; x_wconf 89' lang='lat' dir='ltr'><strong>BIBL.</strong></span> <span class='ocrx_word' id='word_1_4' title='bbox 1522 166 1722 229; x_wconf 86' lang='lat' dir='ltr'><strong>HIST.</strong></span> <span class='ocrx_word' id='word_1_5' title='bbox 1768 167 1870 229; x_wconf 91' lang='lat' dir='ltr'><strong>DE</strong></span> <span class='ocrx_word' id='word_1_6' title='bbox 1912 167 2069 232; x_wconf 87' lang='lat' dir='ltr'><strong>Vl&#39;l‘.</strong></span> <span class='ocrx_word' id='word_1_7' title='bbox 2114 166 2304 230; x_wconf 86' lang='lat' dir='ltr'><strong>ROM.</strong></span> <span class='ocrx_word' id='word_1_8' title='bbox 2346 165 2577 230; x_wconf 84' lang='lat' dir='ltr'><strong>PONT.</strong></span> <span class='ocrx_word' id='word_1_9' title='bbox 2610 198 2691 213; x_wconf 90' lang='lat'><strong><em>—</em></strong></span> <span class='ocrx_word' id='word_1_10' title='bbox 2715 164 3001 232; x_wconf 84' lang='lat' dir='ltr'><strong>STEPH.</strong></span> <span class='ocrx_word' id='word_1_11' title='bbox 3042 164 3150 232; x_wconf 72' lang='lat' dir='ltr'><strong>VI.</strong></span> 
     </span>
    </p>
   </div>
   <div class='ocr_carea' id='block_1_3' title="bbox 3601 163 3759 227">
    <p class='ocr_par' dir='ltr' id='par_1_3' title="bbox 3601 163 3759 227">
     <span class='ocr_line' id='line_1_3' title="bbox 3601 163 3759 227; baseline 0 0"><span class='ocrx_word' id='word_1_12' title='bbox 3601 163 3759 227; x_wconf 70' lang='grc'><strong>1404</strong></span> 
     </span>
    </p>
   </div>
   <div class='ocr_carea' id='block_1_4' title="bbox 492 297 3763 374">
    <p class='ocr_par' dir='ltr' id='par_1_4' title="bbox 492 297 3763 374">
     <span class='ocr_line' id='line_1_4' title="bbox 492 297 3763 374; baseline -0.001 -16"><span class='ocrx_word' id='word_1_13' title='bbox 492 300 931 371; x_wconf 79' lang='lat' dir='ltr'><strong>Coronatorum,</strong></span> <span class='ocrx_word' id='word_1_14' title='bbox 955 298 1016 356; x_wconf 91' lang='lat' dir='ltr'><strong>in</strong></span> <span class='ocrx_word' id='word_1_15' title='bbox 1038 317 1155 373; x_wconf 89' lang='lat' dir='ltr'><strong>qua</strong></span> <span class='ocrx_word' id='word_1_16' title='bbox 1184 300 1492 357; x_wconf 83' lang='lat' dir='ltr'><strong>sacerdotii</strong></span> <span class='ocrx_word' id='word_1_17' title='bbox 1522 299 1874 374; x_wconf 88' lang='lat' dir='ltr'><strong>fungebatur</strong></span> <span class='ocrx_word' id='word_1_18' title='bbox 1903 301 2115 368; x_wconf 82' lang='lat' dir='ltr'><strong>ofﬁcio,</strong></span> <span class='ocrx_word' id='word_1_19' title='bbox 2140 300 2367 358; x_wconf 90' lang='lat' dir='ltr'><strong>modico</strong></span> <span class='ocrx_word' id='word_1_20' title='bbox 2398 300 2486 357; x_wconf 88' lang='lat' dir='ltr'><strong>uti</strong></span> <span class='ocrx_word' id='word_1_21' title='bbox 2515 304 2746 370; x_wconf 89' lang='lat' dir='ltr'><strong>ornatu,</strong></span> <span class='ocrx_word' id='word_1_22' title='bbox 2762 316 2868 373; x_wconf 90' lang='lat' dir='ltr'><strong>pro</strong></span> <span class='ocrx_word' id='word_1_23' title='bbox 2890 297 3210 358; x_wconf 87' lang='lat' dir='ltr'><strong>reverentia</strong></span> <span class='ocrx_word' id='word_1_24' title='bbox 3229 300 3288 357; x_wconf 88' lang='lat' dir='ltr'><strong>et</strong></span> <span class='ocrx_word' id='word_1_25' title='bbox 3306 313 3508 358; x_wconf 85' lang='lat' dir='ltr'><strong>amore</strong></span> <span class='ocrx_word' id='word_1_26' title='bbox 3523 314 3763 357; x_wconf 84' lang='lat' dir='ltr'><strong>eorum-</strong></span> 
     </span>
    </p>
   </div>
   <div class='ocr_carea' id='block_1_5' title="bbox 495 396 3759 473">
    <p class='ocr_par' dir='ltr' id='par_1_5' title="bbox 495 396 3759 473">
     <span class='ocr_line' id='line_1_5' title="bbox 495 396 3759 473; baseline -0.001 -18"><span class='ocrx_word' id='word_1_27' title='bbox 495 399 629 456; x_wconf 91' lang='lat' dir='ltr'><strong>dem</strong></span> <span class='ocrx_word' id='word_1_28' title='bbox 658 401 994 455; x_wconf 91' lang='lat' dir='ltr'><strong>sanctorum</strong></span> <span class='ocrx_word' id='word_1_29' title='bbox 1027 397 1238 454; x_wconf 85' lang='lat' dir='ltr'><strong>obtulit</strong></span> <span class='ocrx_word' id='word_1_30' title='bbox 1265 397 1324 453; x_wconf 90' lang='lat' dir='ltr'><strong>in</strong></span> <span class='ocrx_word' id='word_1_31' title='bbox 1353 415 1421 454; x_wconf 90' lang='lat' dir='ltr'><strong>ea</strong></span> <span class='ocrx_word' id='word_1_32' title='bbox 1469 415 1699 455; x_wconf 89' lang='lat' dir='ltr'><strong>crucem</strong></span> <span class='ocrx_word' id='word_1_33' title='bbox 1748 415 1985 455; x_wconf 82' lang='lat' dir='ltr'><strong>auream</strong></span> <span class='ocrx_word' id='word_1_34' title='bbox 2035 416 2212 472; x_wconf 89' lang='lat' dir='ltr'><strong>super</strong></span> <span class='ocrx_word' id='word_1_35' title='bbox 2257 399 2462 468; x_wconf 89' lang='lat' dir='ltr'><strong>altare,</strong></span> <span class='ocrx_word' id='word_1_36' title='bbox 2492 415 2627 454; x_wconf 91' lang='lat' dir='ltr'><strong>cum</strong></span> <span class='ocrx_word' id='word_1_37' title='bbox 2659 396 2909 473; x_wconf 85' lang='lat' dir='ltr'><strong>gemmis</strong></span> <span class='ocrx_word' id='word_1_38' title='bbox 2936 402 2997 455; x_wconf 91' lang='lat' dir='ltr'><strong>et</strong></span> <span class='ocrx_word' id='word_1_39' title='bbox 3025 397 3259 468; x_wconf 88' lang='lat' dir='ltr'><strong>smalto,</strong></span> <span class='ocrx_word' id='word_1_40' title='bbox 3292 402 3351 455; x_wconf 92' lang='lat' dir='ltr'><strong>et</strong></span> <span class='ocrx_word' id='word_1_41' title='bbox 3379 397 3657 472; x_wconf 79' lang='lat' dir='ltr'><strong>sagulum</strong></span> <span class='ocrx_word' id='word_1_42' title='bbox 3689 397 3759 453; x_wconf 88' lang='lat' dir='ltr'><strong>ad</strong></span> 
     </span>
    </p>
   </div>
   <div class='ocr_carea' id='block_1_6' title="bbox 493 493 3765 569">
    <p class='ocr_par' dir='ltr' id='par_1_6' title="bbox 493 493 3765 569">
     <span class='ocr_line' id='line_1_6' title="bbox 493 493 3765 569; baseline -0.001 -17"><span class='ocrx_word' id='word_1_43' title='bbox 493 496 868 569; x_wconf 89' lang='lat' dir='ltr'><strong>pendendum</strong></span> <span class='ocrx_word' id='word_1_44' title='bbox 900 495 959 550; x_wconf 91' lang='lat' dir='ltr'><strong>in</strong></span> <span class='ocrx_word' id='word_1_45' title='bbox 991 512 1186 568; x_wconf 85' lang='lat' dir='ltr'><strong>regno,</strong></span> <span class='ocrx_word' id='word_1_46' title='bbox 1221 500 1278 551; x_wconf 87' lang='lat' dir='ltr'><strong>et</strong></span> <span class='ocrx_word' id='word_1_47' title='bbox 1306 499 1593 551; x_wconf 87' lang='lat' dir='ltr'><strong>cerostata</strong></span> <span class='ocrx_word' id='word_1_48' title='bbox 1619 495 1829 551; x_wconf 86' lang='lat' dir='ltr'><strong>vestita</strong></span> <span class='ocrx_word' id='word_1_49' title='bbox 1850 496 1919 552; x_wconf 90' lang='lat' dir='ltr'><strong>de</strong></span> <span class='ocrx_word' id='word_1_50' title='bbox 1941 501 2180 569; x_wconf 89' lang='lat' dir='ltr'><strong>argento</strong></span> <span class='ocrx_word' id='word_1_51' title='bbox 2203 495 2366 568; x_wconf 87' lang='lat' dir='ltr'><strong>paria</strong></span> <span class='ocrx_word' id='word_1_52' title='bbox 2389 497 2726 568; x_wconf 87' lang='lat' dir='ltr'><strong>duo.Atque</strong></span> <span class='ocrx_word' id='word_1_53' title='bbox 2757 512 2873 568; x_wconf 68' lang='lat' dir='ltr'><strong>prae</strong></span> <span class='ocrx_word' id='word_1_54' title='bbox 2903 494 3087 551; x_wconf 88' lang='lat' dir='ltr'><strong>nimio</strong></span> <span class='ocrx_word' id='word_1_55' title='bbox 3116 511 3315 551; x_wconf 90' lang='lat' dir='ltr'><strong>amore</strong></span> <span class='ocrx_word' id='word_1_56' title='bbox 3347 493 3584 550; x_wconf 89' lang='lat' dir='ltr'><strong>illorum</strong></span> <span class='ocrx_word' id='word_1_57' title='bbox 3606 494 3765 550; x_wconf 90' lang='lat' dir='ltr'><strong>idem</strong></span> 
     </span>
    </p>
   </div>
   <div class='ocr_carea' id='block_1_7' title="bbox 387 591 3761 667">
    <p class='ocr_par' dir='ltr' id='par_1_7' title="bbox 387 591 3761 667">
     <span class='ocr_line' id='line_1_7' title="bbox 387 591 3761 667; baseline -0.001 -16"><span class='ocrx_word' id='word_1_58' title='bbox 387 592 457 651; x_wconf 78' lang='grc'><strong>45</strong></span> <span class='ocrx_word' id='word_1_59' title='bbox 493 593 957 667; x_wconf 85' lang='lat' dir='ltr'><strong>benignissimus</strong></span> <span class='ocrx_word' id='word_1_60' title='bbox 980 610 1129 665; x_wconf 86' lang='lat' dir='ltr'><strong>papa</strong></span> <span class='ocrx_word' id='word_1_61' title='bbox 1152 591 1398 649; x_wconf 80' lang='lat' dir='ltr'><strong>contulit</strong></span> <span class='ocrx_word' id='word_1_62' title='bbox 1418 592 1635 649; x_wconf 87' lang='lat' dir='ltr'><strong>ibidem</strong></span> <span class='ocrx_word' id='word_1_63' title='bbox 1667 594 2007 650; x_wconf 82' lang='lat' dir='ltr'><strong>cantharum</strong></span> <span class='ocrx_word' id='word_1_64' title='bbox 2039 598 2376 651; x_wconf 84' lang='lat' dir='ltr'><strong>exauratam</strong></span> <span class='ocrx_word' id='word_1_65' title='bbox 2408 592 2987 660; x_wconf 87' lang='lat' dir='ltr'><strong>unam,salomonem</strong></span> <span class='ocrx_word' id='word_1_66' title='bbox 3016 608 3489 666; x_wconf 89' lang='lat' dir='ltr'><strong>unum,regnum</strong></span> <span class='ocrx_word' id='word_1_67' title='bbox 3513 608 3761 648; x_wconf 86' lang='lat' dir='ltr'><strong>aureum</strong></span> 
     </span>
    </p>
   </div>
   <div class='ocr_carea' id='block_1_8' title="bbox 496 688 3764 763">
    <p class='ocr_par' dir='ltr' id='par_1_8' title="bbox 496 688 3764 763">
     <span class='ocr_line' id='line_1_8' title="bbox 496 688 3764 763; baseline -0.001 -17"><span class='ocrx_word' id='word_1_68' title='bbox 496 706 855 758; x_wconf 89' lang='lat' dir='ltr'><strong>unum,cum</strong></span> <span class='ocrx_word' id='word_1_69' title='bbox 888 690 1138 763; x_wconf 89' lang='lat' dir='ltr'><strong>gemmis</strong></span> <span class='ocrx_word' id='word_1_70' title='bbox 1169 689 1930 762; x_wconf 86' lang='lat' dir='ltr'><strong>pretiosissimis,etvestem</strong></span> <span class='ocrx_word' id='word_1_71' title='bbox 1965 708 2142 746; x_wconf 89' lang='lat' dir='ltr'><strong>unam</strong></span> <span class='ocrx_word' id='word_1_72' title='bbox 2175 707 2309 746; x_wconf 89' lang='lat' dir='ltr'><strong>cum</strong></span> <span class='ocrx_word' id='word_1_73' title='bbox 2342 707 2483 745; x_wconf 89' lang='lat' dir='ltr'><strong>auro</strong></span> <span class='ocrx_word' id='word_1_74' title='bbox 2514 694 2572 745; x_wconf 90' lang='lat' dir='ltr'><strong>et</strong></span> <span class='ocrx_word' id='word_1_75' title='bbox 2600 689 2851 763; x_wconf 79' lang='lat' dir='ltr'><strong>gemmis</strong></span> <span class='ocrx_word' id='word_1_76' title='bbox 2876 688 3046 751; x_wconf 85' lang='lat' dir='ltr'><strong>albis.</strong></span> <span class='ocrx_word' id='word_1_77' title='bbox 3064 693 3241 761; x_wconf 90' lang='lat' dir='ltr'><strong>atque</strong></span> <span class='ocrx_word' id='word_1_78' title='bbox 3261 688 3764 746; x_wconf 88' lang='lat' dir='ltr'><strong>Sermonumlibr.</strong></span> 
     </span>
    </p>
   </div>
   <div class='ocr_carea' id='block_1_9' title="bbox 497 783 3761 859">
    <p class='ocr_par' dir='ltr' id='par_1_9' title="bbox 497 783 3761 859">
     <span class='ocr_line' id='line_1_9' title="bbox 497 783 3761 859; baseline -0.002 -15"><span class='ocrx_word' id='word_1_79' title='bbox 497 804 705 855; x_wconf 90' lang='lat' dir='ltr'><strong>unum,</strong></span> <span class='ocrx_word' id='word_1_80' title='bbox 738 788 1043 844; x_wconf 87' lang='lat' dir='ltr'><strong>Gestarum</strong></span> <span class='ocrx_word' id='word_1_81' title='bbox 1075 786 1207 842; x_wconf 87' lang='lat' dir='ltr'><strong>libr.</strong></span> <span class='ocrx_word' id='word_1_82' title='bbox 1241 803 1446 854; x_wconf 91' lang='lat' dir='ltr'><strong>unum,</strong></span> <span class='ocrx_word' id='word_1_83' title='bbox 1472 785 1917 859; x_wconf 86' lang='lat' dir='ltr'><strong>Evangeliorum</strong></span> <span class='ocrx_word' id='word_1_84' title='bbox 1950 785 2165 843; x_wconf 90' lang='lat' dir='ltr'><strong>librum</strong></span> <span class='ocrx_word' id='word_1_85' title='bbox 2196 804 2403 855; x_wconf 89' lang='lat' dir='ltr'><strong>unum,</strong></span> <span class='ocrx_word' id='word_1_86' title='bbox 2428 803 2562 842; x_wconf 89' lang='lat' dir='ltr'><strong>cum</strong></span> <span class='ocrx_word' id='word_1_87' title='bbox 2594 784 2999 858; x_wconf 81' lang='lat' dir='ltr'><strong>epistolis.ﬂic</strong></span> <span class='ocrx_word' id='word_1_88' title='bbox 3033 785 3159 858; x_wconf 89' lang='lat' dir='ltr'><strong>ipse</strong></span> <span class='ocrx_word' id='word_1_89' title='bbox 3189 785 3523 859; x_wconf 66' lang='lat' dir='ltr'><strong>praecipuus</strong></span> <span class='ocrx_word' id='word_1_90' title='bbox 3544 783 3761 858; x_wconf 63' lang='lat' dir='ltr'><strong>praesul</strong></span> 
     </span>
    </p>
   </div>
   <div class='ocr_carea' id='block_1_10' title="bbox 495 882 3767 958">
    <p class='ocr_par' dir='ltr' id='par_1_10' title="bbox 495 882 3767 958">
     <span class='ocr_line' id='line_1_10' title="bbox 495 882 3767 958; baseline -0.001 -17"><span class='ocrx_word' id='word_1_91' title='bbox 495 884 684 958; x_wconf 89' lang='lat' dir='ltr'><strong>magis</strong></span> <span class='ocrx_word' id='word_1_92' title='bbox 714 888 772 940; x_wconf 91' lang='lat' dir='ltr'><strong>et</strong></span> <span class='ocrx_word' id='word_1_93' title='bbox 800 883 991 957; x_wconf 88' lang='lat' dir='ltr'><strong>magis</strong></span> <span class='ocrx_word' id='word_1_94' title='bbox 1018 882 1212 938; x_wconf 92' lang='lat' dir='ltr'><strong>divino</strong></span> <span class='ocrx_word' id='word_1_95' title='bbox 1242 883 1362 939; x_wconf 83' lang='lat' dir='ltr'><strong>zelo</strong></span> <span class='ocrx_word' id='word_1_96' title='bbox 1387 884 1601 939; x_wconf 92' lang='lat' dir='ltr'><strong>ductus</strong></span> <span class='ocrx_word' id='word_1_97' title='bbox 1633 883 1692 938; x_wconf 91' lang='lat' dir='ltr'><strong>in</strong></span> <span class='ocrx_word' id='word_1_98' title='bbox 1725 885 2065 940; x_wconf 89' lang='lat' dir='ltr'><strong>eorumdem</strong></span> <span class='ocrx_word' id='word_1_99' title='bbox 2125 888 2465 939; x_wconf 88' lang='lat' dir='ltr'><strong>sanctorum</strong></span> <span class='ocrx_word' id='word_1_100' title='bbox 2526 886 2721 938; x_wconf 90' lang='lat' dir='ltr'><strong>motus</strong></span> <span class='ocrx_word' id='word_1_101' title='bbox 2779 899 2977 940; x_wconf 89' lang='lat' dir='ltr'><strong>amore</strong></span> <span class='ocrx_word' id='word_1_102' title='bbox 3029 882 3165 939; x_wconf 79' lang='lat' dir='ltr'><strong>fecit</strong></span> <span class='ocrx_word' id='word_1_103' title='bbox 3190 883 3252 938; x_wconf 91' lang='lat' dir='ltr'><strong>in</strong></span> <span class='ocrx_word' id='word_1_104' title='bbox 3283 882 3534 939; x_wconf 88' lang='lat' dir='ltr'><strong>basilica</strong></span> <span class='ocrx_word' id='word_1_105' title='bbox 3562 898 3767 939; x_wconf 85' lang='lat' dir='ltr'><strong>eorum</strong></span> 
     </span>
    </p>
   </div>
   <div class='ocr_carea' id='block_1_11' title="bbox 494 979 3764 1054">
    <p class='ocr_par' dir='ltr' id='par_1_11' title="bbox 494 979 3764 1054">
     <span class='ocr_line' id='line_1_11' title="bbox 494 979 3764 1054; baseline -0.001 -16"><span class='ocrx_word' id='word_1_106' title='bbox 494 981 751 1038; x_wconf 89' lang='lat' dir='ltr'><strong>canistra</strong></span> <span class='ocrx_word' id='word_1_107' title='bbox 779 981 850 1036; x_wconf 90' lang='lat' dir='ltr'><strong>de</strong></span> <span class='ocrx_word' id='word_1_108' title='bbox 881 983 1118 1053; x_wconf 88' lang='lat' dir='ltr'><strong>argento</strong></span> <span class='ocrx_word' id='word_1_109' title='bbox 1150 979 1466 1052; x_wconf 90' lang='lat' dir='ltr'><strong>purissimo</strong></span> <span class='ocrx_word' id='word_1_110' title='bbox 1499 979 1656 1036; x_wconf 78' lang='lat' dir='ltr'><strong>mirae</strong></span> <span class='ocrx_word' id='word_1_111' title='bbox 1690 979 2146 1053; x_wconf 88' lang='lat' dir='ltr'><strong>pulchritudinis</strong></span> <span class='ocrx_word' id='word_1_112' title='bbox 2179 983 2415 1052; x_wconf 84' lang='lat' dir='ltr'><strong>operata</strong></span> <span class='ocrx_word' id='word_1_113' title='bbox 2445 997 2688 1036; x_wconf 88' lang='lat' dir='ltr'><strong>numero</strong></span> <span class='ocrx_word' id='word_1_114' title='bbox 2717 980 3076 1053; x_wconf 87' lang='lat' dir='ltr'><strong>quindecim,</strong></span> <span class='ocrx_word' id='word_1_115' title='bbox 3108 979 3550 1054; x_wconf 87' lang='lat' dir='ltr'><strong>pensan.simul</strong></span> <span class='ocrx_word' id='word_1_116' title='bbox 3582 979 3764 1036; x_wconf 89' lang='lat' dir='ltr'><strong>libras</strong></span> 
     </span>
    </p>
   </div>
   <div class='ocr_carea' id='block_1_12' title="bbox 385 1076 3247 1152">
    <p class='ocr_par' dir='ltr' id='par_1_12' title="bbox 385 1076 3247 1152">
     <span class='ocr_line' id='line_1_12' title="bbox 385 1076 3247 1152; baseline 0 -18"><span class='ocrx_word' id='word_1_117' title='bbox 385 1079 457 1134; x_wconf 87' lang='lat'><strong>20</strong></span> <span class='ocrx_word' id='word_1_118' title='bbox 492 1078 752 1152; x_wconf 83' lang='lat' dir='ltr'><strong>triginta,</strong></span> <span class='ocrx_word' id='word_1_119' title='bbox 786 1081 844 1134; x_wconf 91' lang='lat' dir='ltr'><strong>et</strong></span> <span class='ocrx_word' id='word_1_120' title='bbox 872 1077 1079 1133; x_wconf 87' lang='lat' dir='ltr'><strong>tribuit</strong></span> <span class='ocrx_word' id='word_1_121' title='bbox 1106 1076 1367 1133; x_wconf 89' lang='lat' dir='ltr'><strong>codicem</strong></span> <span class='ocrx_word' id='word_1_122' title='bbox 1399 1094 1584 1133; x_wconf 91' lang='lat' dir='ltr'><strong>unum</strong></span> <span class='ocrx_word' id='word_1_123' title='bbox 1617 1078 1772 1134; x_wconf 84' lang='lat' dir='ltr'><strong>beati</strong></span> <span class='ocrx_word' id='word_1_124' title='bbox 1803 1078 2047 1134; x_wconf 88' lang='lat' dir='ltr'><strong>Joannis</strong></span> <span class='ocrx_word' id='word_1_125' title='bbox 2079 1077 2502 1150; x_wconf 84' lang='lat' dir='ltr'><strong>Chrysostomi.</strong></span> <span class='ocrx_word' id='word_1_126' title='bbox 3232 1079 3247 1135; x_wconf 69' lang='grc' dir='ltr'>ζ</span> 
     </span>
    </p>
   </div>
   <div class='ocr_carea' id='block_1_13' title="bbox 565 1173 3767 1249">
    <p class='ocr_par' dir='ltr' id='par_1_13' title="bbox 565 1173 3767 1249">
     <span class='ocr_line' id='line_1_13' title="bbox 565 1173 3767 1249; baseline -0 -16"><span class='ocrx_word' id='word_1_127' title='bbox 565 1177 718 1233; x_wconf 74' lang='lat'><strong>649</strong></span> <span class='ocrx_word' id='word_1_128' title='bbox 744 1175 902 1233; x_wconf 84' lang='lat' dir='ltr'><strong>Fecit</strong></span> <span class='ocrx_word' id='word_1_129' title='bbox 930 1178 1127 1232; x_wconf 89' lang='lat' dir='ltr'><strong>autem</strong></span> <span class='ocrx_word' id='word_1_130' title='bbox 1158 1174 1313 1230; x_wconf 92' lang='lat' dir='ltr'><strong>idem</strong></span> <span class='ocrx_word' id='word_1_131' title='bbox 1346 1175 1635 1232; x_wconf 81' lang='lat' dir='ltr'><strong>almiﬁcus</strong></span> <span class='ocrx_word' id='word_1_132' title='bbox 1665 1192 1817 1248; x_wconf 87' lang='lat' dir='ltr'><strong>papa</strong></span> <span class='ocrx_word' id='word_1_133' title='bbox 1845 1176 1903 1230; x_wconf 89' lang='lat' dir='ltr'><strong>in</strong></span> <span class='ocrx_word' id='word_1_134' title='bbox 1937 1175 2107 1231; x_wconf 87' lang='lat' dir='ltr'><strong>titulo</strong></span> <span class='ocrx_word' id='word_1_135' title='bbox 2146 1175 2334 1231; x_wconf 87' lang='lat' dir='ltr'><strong>sancti</strong></span> <span class='ocrx_word' id='word_1_136' title='bbox 2385 1173 2644 1231; x_wconf 89' lang='lat' dir='ltr'><strong>Marcelli</strong></span> <span class='ocrx_word' id='word_1_137' title='bbox 2694 1176 2969 1249; x_wconf 77' lang='lat' dir='ltr'><strong>martyris</strong></span> <span class='ocrx_word' id='word_1_138' title='bbox 3025 1179 3201 1248; x_wconf 88' lang='lat' dir='ltr'><strong>atque</strong></span> <span class='ocrx_word' id='word_1_139' title='bbox 3254 1175 3556 1249; x_wconf 80' lang='lat' dir='ltr'><strong>pontificis</strong></span> <span class='ocrx_word' id='word_1_140' title='bbox 3599 1174 3767 1232; x_wconf 82' lang='lat' dir='ltr'><strong>cani-</strong></span> 
     </span>
    </p>
   </div>
   <div class='ocr_carea' id='block_1_14' title="bbox 493 1271 3768 1346">
    <p class='ocr_par' dir='ltr' id='par_1_14' title="bbox 493 1271 3768 1346">
     <span class='ocr_line' id='line_1_14' title="bbox 493 1271 3768 1346; baseline -0 -17"><span class='ocrx_word' id='word_1_141' title='bbox 493 1276 684 1329; x_wconf 90' lang='lat' dir='ltr'><strong>strum</strong></span> <span class='ocrx_word' id='word_1_142' title='bbox 715 1275 1056 1346; x_wconf 89' lang='lat' dir='ltr'><strong>argenteum</strong></span> <span class='ocrx_word' id='word_1_143' title='bbox 1084 1288 1286 1339; x_wconf 88' lang='lat' dir='ltr'><strong>unam,</strong></span> <span class='ocrx_word' id='word_1_144' title='bbox 1319 1288 1562 1344; x_wconf 87' lang='lat' dir='ltr'><strong>peusan.</strong></span> <span class='ocrx_word' id='word_1_145' title='bbox 1596 1271 1777 1327; x_wconf 88' lang='lat' dir='ltr'><strong>libras</strong></span> <span class='ocrx_word' id='word_1_146' title='bbox 1805 1276 1924 1329; x_wconf 89' lang='lat' dir='ltr'><strong>tres</strong></span> <span class='ocrx_word' id='word_1_147' title='bbox 1958 1290 1971 1328; x_wconf 92' lang='lat'><strong>:</strong></span> <span class='ocrx_word' id='word_1_148' title='bbox 2007 1289 2240 1329; x_wconf 91' lang='lat' dir='ltr'><strong>crucem</strong></span> <span class='ocrx_word' id='word_1_149' title='bbox 2271 1273 2343 1329; x_wconf 93' lang='lat' dir='ltr'><strong>de</strong></span> <span class='ocrx_word' id='word_1_150' title='bbox 2373 1289 2514 1328; x_wconf 90' lang='lat' dir='ltr'><strong>auro</strong></span> <span class='ocrx_word' id='word_1_151' title='bbox 2546 1289 2750 1341; x_wconf 90' lang='lat' dir='ltr'><strong>unam,</strong></span> <span class='ocrx_word' id='word_1_152' title='bbox 2779 1272 2910 1330; x_wconf 90' lang='lat' dir='ltr'><strong>vela</strong></span> <span class='ocrx_word' id='word_1_153' title='bbox 2956 1272 3112 1329; x_wconf 91' lang='lat' dir='ltr'><strong>linea</strong></span> <span class='ocrx_word' id='word_1_154' title='bbox 3156 1288 3259 1330; x_wconf 81' lang='lat' dir='ltr'><strong>sex</strong></span> <span class='ocrx_word' id='word_1_155' title='bbox 3286 1276 3344 1329; x_wconf 91' lang='lat' dir='ltr'><strong>et</strong></span> <span class='ocrx_word' id='word_1_156' title='bbox 3370 1271 3603 1346; x_wconf 80' lang='lat' dir='ltr'><strong>viginti,</strong></span> <span class='ocrx_word' id='word_1_157' title='bbox 3634 1288 3768 1329; x_wconf 85' lang='lat' dir='ltr'><strong>cor-</strong></span> 
     </span>
    </p>
   </div>
   <div class='ocr_carea' id='block_1_15' title="bbox 491 1368 3766 1443">
    <p class='ocr_par' dir='ltr' id='par_1_15' title="bbox 491 1368 3766 1443">
     <span class='ocr_line' id='line_1_15' title="bbox 491 1368 3766 1443; baseline 0 -17"><span class='ocrx_word' id='word_1_158' title='bbox 491 1370 677 1427; x_wconf 88' lang='lat' dir='ltr'><strong>tinam</strong></span> <span class='ocrx_word' id='word_1_159' title='bbox 708 1369 924 1426; x_wconf 84' lang='lat' dir='ltr'><strong>lineam</strong></span> <span class='ocrx_word' id='word_1_160' title='bbox 945 1386 1147 1439; x_wconf 90' lang='lat' dir='ltr'><strong>unam,</strong></span> <span class='ocrx_word' id='word_1_161' title='bbox 1176 1368 1467 1442; x_wconf 87' lang='lat' dir='ltr'><strong>simulque</strong></span> <span class='ocrx_word' id='word_1_162' title='bbox 1491 1374 1547 1426; x_wconf 90' lang='lat' dir='ltr'><strong>et</strong></span> <span class='ocrx_word' id='word_1_163' title='bbox 1575 1369 1964 1426; x_wconf 89' lang='lat' dir='ltr'><strong>Historiarum</strong></span> <span class='ocrx_word' id='word_1_164' title='bbox 1986 1369 2204 1426; x_wconf 89' lang='lat' dir='ltr'><strong>librum</strong></span> <span class='ocrx_word' id='word_1_165' title='bbox 2227 1386 2433 1438; x_wconf 90' lang='lat' dir='ltr'><strong>unum,</strong></span> <span class='ocrx_word' id='word_1_166' title='bbox 2458 1369 2744 1426; x_wconf 88' lang='lat' dir='ltr'><strong>bomelias</strong></span> <span class='ocrx_word' id='word_1_167' title='bbox 2768 1369 2960 1427; x_wconf 85' lang='lat' dir='ltr'><strong>sancti</strong></span> <span class='ocrx_word' id='word_1_168' title='bbox 2985 1368 3246 1443; x_wconf 82' lang='lat' dir='ltr'><strong>Gregorii</strong></span> <span class='ocrx_word' id='word_1_169' title='bbox 3266 1384 3513 1426; x_wconf 88' lang='lat' dir='ltr'><strong>numero</strong></span> <span class='ocrx_word' id='word_1_170' title='bbox 3533 1369 3766 1443; x_wconf 80' lang='lat' dir='ltr'><strong>viginti.</strong></span> 
     </span>
    </p>
   </div>
   <div class='ocr_carea' id='block_1_16' title="bbox 494 1466 3766 1542">
    <p class='ocr_par' dir='ltr' id='par_1_16' title="bbox 494 1466 3766 1542">
     <span class='ocr_line' id='line_1_16' title="bbox 494 1466 3766 1542; baseline 0 -18"><span class='ocrx_word' id='word_1_171' title='bbox 494 1467 656 1525; x_wconf 89' lang='lat' dir='ltr'><strong>Misit</strong></span> <span class='ocrx_word' id='word_1_172' title='bbox 699 1484 933 1541; x_wconf 91' lang='lat' dir='ltr'><strong>quoque</strong></span> <span class='ocrx_word' id='word_1_173' title='bbox 976 1467 1035 1522; x_wconf 91' lang='lat' dir='ltr'><strong>in</strong></span> <span class='ocrx_word' id='word_1_174' title='bbox 1075 1466 1380 1523; x_wconf 87' lang='lat' dir='ltr'><strong>ecclesiam</strong></span> <span class='ocrx_word' id='word_1_175' title='bbox 1426 1470 1638 1524; x_wconf 71' lang='lat' dir='ltr'><strong>sanctae</strong></span> <span class='ocrx_word' id='word_1_176' title='bbox 1679 1466 1782 1523; x_wconf 92' lang='lat' dir='ltr'><strong>Dei</strong></span> <span class='ocrx_word' id='word_1_177' title='bbox 1814 1467 2125 1524; x_wconf 88' lang='lat' dir='ltr'><strong>Genitricis</strong></span> <span class='ocrx_word' id='word_1_178' title='bbox 2149 1484 2495 1540; x_wconf 87' lang='lat' dir='ltr'><strong>semperque</strong></span> <span class='ocrx_word' id='word_1_179' title='bbox 2522 1467 2781 1542; x_wconf 83' lang='lat' dir='ltr'><strong>Virginis</strong></span> <span class='ocrx_word' id='word_1_180' title='bbox 2811 1466 3028 1536; x_wconf 75' lang='lat' dir='ltr'><strong>Mariaa,</strong></span> <span class='ocrx_word' id='word_1_181' title='bbox 3062 1467 3240 1524; x_wconf 84' lang='lat' dir='ltr'><strong>sitam</strong></span> <span class='ocrx_word' id='word_1_182' title='bbox 3269 1466 3331 1522; x_wconf 90' lang='lat' dir='ltr'><strong>in</strong></span> <span class='ocrx_word' id='word_1_183' title='bbox 3365 1466 3766 1537; x_wconf 86' lang='lat' dir='ltr'><strong>Manturiano,</strong></span> 
     </span>
    </p>
   </div>
   <div class='ocr_carea' id='block_1_17' title="bbox 419 1563 3766 1640">
    <p class='ocr_par' dir='ltr' id='par_1_17' title="bbox 419 1563 3766 1640">
     <span class='ocr_line' id='line_1_17' title="bbox 419 1563 3766 1640; baseline -0.001 -19"><span class='ocrx_word' id='word_1_184' title='bbox 419 1565 457 1621; x_wconf 85' lang='lat'>5</span> <span class='ocrx_word' id='word_1_185' title='bbox 493 1564 710 1621; x_wconf 91' lang='lat' dir='ltr'><strong>librum</strong></span> <span class='ocrx_word' id='word_1_186' title='bbox 742 1565 968 1640; x_wconf 84' lang='lat' dir='ltr'><strong>Regum</strong></span> <span class='ocrx_word' id='word_1_187' title='bbox 1000 1581 1205 1633; x_wconf 90' lang='lat' dir='ltr'><strong>unum,</strong></span> <span class='ocrx_word' id='word_1_188' title='bbox 1238 1567 1458 1620; x_wconf 86' lang='lat' dir='ltr'><strong>vestem</strong></span> <span class='ocrx_word' id='word_1_189' title='bbox 1490 1563 1736 1621; x_wconf 84' lang='lat' dir='ltr'><strong>sericam</strong></span> <span class='ocrx_word' id='word_1_190' title='bbox 1762 1581 1941 1639; x_wconf 89' lang='lat' dir='ltr'><strong>super</strong></span> <span class='ocrx_word' id='word_1_191' title='bbox 1969 1564 2149 1622; x_wconf 88' lang='lat' dir='ltr'><strong>altare</strong></span> <span class='ocrx_word' id='word_1_192' title='bbox 2180 1581 2381 1622; x_wconf 89' lang='lat' dir='ltr'><strong>unam.</strong></span> <span class='ocrx_word' id='word_1_193' title='bbox 2412 1565 2545 1621; x_wconf 85' lang='lat' dir='ltr'><strong>Jam</strong></span> <span class='ocrx_word' id='word_1_194' title='bbox 2577 1569 2938 1622; x_wconf 88' lang='lat' dir='ltr'><strong>memoratus</strong></span> <span class='ocrx_word' id='word_1_195' title='bbox 2968 1563 3321 1622; x_wconf 84' lang='lat' dir='ltr'><strong>mitissimus</strong></span> <span class='ocrx_word' id='word_1_196' title='bbox 3350 1580 3505 1638; x_wconf 89' lang='lat' dir='ltr'><strong>papa</strong></span> <span class='ocrx_word' id='word_1_197' title='bbox 3533 1563 3677 1621; x_wconf 65' lang='lat' dir='ltr'><strong>{wit</strong></span> <span class='ocrx_word' id='word_1_198' title='bbox 3703 1563 3766 1620; x_wconf 91' lang='lat' dir='ltr'><strong>in</strong></span> 
     </span>
    </p>
   </div>
   <div class='ocr_carea' id='block_1_18' title="bbox 494 1660 3770 1730">
    <p class='ocr_par' dir='ltr' id='par_1_18' title="bbox 494 1660 3770 1730">
     <span class='ocr_line' id='line_1_18' title="bbox 494 1660 3770 1730; baseline -0 -11"><span class='ocrx_word' id='word_1_199' title='bbox 494 1663 848 1720; x_wconf 88' lang='lat' dir='ltr'><strong>monasterio</strong></span> <span class='ocrx_word' id='word_1_200' title='bbox 873 1662 945 1719; x_wconf 92' lang='lat' dir='ltr'><strong>ad</strong></span> <span class='ocrx_word' id='word_1_201' title='bbox 967 1661 1184 1718; x_wconf 93' lang='lat' dir='ltr'><strong>clivum</strong></span> <span class='ocrx_word' id='word_1_202' title='bbox 1207 1660 1431 1730; x_wconf 88' lang='lat' dir='ltr'><strong>Scauri,</strong></span> <span class='ocrx_word' id='word_1_203' title='bbox 1454 1678 1687 1718; x_wconf 88' lang='lat' dir='ltr'><strong>crucem</strong></span> <span class='ocrx_word' id='word_1_204' title='bbox 1718 1679 1957 1720; x_wconf 86' lang='lat' dir='ltr'><strong>auream</strong></span> <span class='ocrx_word' id='word_1_205' title='bbox 1983 1680 2184 1729; x_wconf 90' lang='lat' dir='ltr'><strong>unam,</strong></span> <span class='ocrx_word' id='word_1_206' title='bbox 2213 1679 2439 1719; x_wconf 89' lang='lat' dir='ltr'><strong>necnon</strong></span> <span class='ocrx_word' id='word_1_207' title='bbox 2470 1662 2737 1720; x_wconf 91' lang='lat' dir='ltr'><strong>omnium</strong></span> <span class='ocrx_word' id='word_1_208' title='bbox 2762 1660 3141 1719; x_wconf 88' lang='lat' dir='ltr'><strong>ecclesiarum</strong></span> <span class='ocrx_word' id='word_1_209' title='bbox 3172 1660 3637 1719; x_wconf 87' lang='lat' dir='ltr'><strong>sollicitudinem</strong></span> <span class='ocrx_word' id='word_1_210' title='bbox 3667 1660 3770 1718; x_wconf 84' lang='lat' dir='ltr'><strong>ba-</strong></span> 
     </span>
    </p>
   </div>
   <div class='ocr_carea' id='block_1_19' title="bbox 493 1761 3768 1837">
    <p class='ocr_par' dir='ltr' id='par_1_19' title="bbox 493 1761 3768 1837">
     <span class='ocr_line' id='line_1_19' title="bbox 493 1761 3768 1837; baseline -0 -17"><span class='ocrx_word' id='word_1_211' title='bbox 493 1764 640 1821; x_wconf 90' lang='lat' dir='ltr'><strong>bens</strong></span> <span class='ocrx_word' id='word_1_212' title='bbox 670 1764 795 1837; x_wconf 92' lang='lat' dir='ltr'><strong>ipse</strong></span> <span class='ocrx_word' id='word_1_213' title='bbox 824 1762 1130 1837; x_wconf 88' lang='lat' dir='ltr'><strong>piissimus</strong></span> <span class='ocrx_word' id='word_1_214' title='bbox 1164 1763 1329 1819; x_wconf 89' lang='lat' dir='ltr'><strong>Pater</strong></span> <span class='ocrx_word' id='word_1_215' title='bbox 1359 1761 1607 1819; x_wconf 89' lang='lat' dir='ltr'><strong>contulit</strong></span> <span class='ocrx_word' id='word_1_216' title='bbox 1638 1763 1699 1819; x_wconf 92' lang='lat' dir='ltr'><strong>in</strong></span> <span class='ocrx_word' id='word_1_217' title='bbox 1731 1764 2085 1822; x_wconf 88' lang='lat' dir='ltr'><strong>monasterio</strong></span> <span class='ocrx_word' id='word_1_218' title='bbox 2117 1765 2303 1821; x_wconf 89' lang='lat' dir='ltr'><strong>sancti</strong></span> <span class='ocrx_word' id='word_1_219' title='bbox 2339 1763 2600 1821; x_wconf 89' lang='lat' dir='ltr'><strong>Silvestri</strong></span> <span class='ocrx_word' id='word_1_220' title='bbox 2629 1763 2689 1819; x_wconf 92' lang='lat' dir='ltr'><strong>in</strong></span> <span class='ocrx_word' id='word_1_221' title='bbox 2721 1767 2922 1820; x_wconf 87' lang='lat' dir='ltr'><strong>monte</strong></span> <span class='ocrx_word' id='word_1_222' title='bbox 2950 1763 3186 1821; x_wconf 85' lang='lat' dir='ltr'><strong>Soracte</strong></span> <span class='ocrx_word' id='word_1_223' title='bbox 3215 1761 3768 1836; x_wconf 83' lang='lat' dir='ltr'><strong>thymiamaterium</strong></span> 
     </span>
    </p>
   </div>
   <div class='ocr_carea' id='block_1_20' title="bbox 496 1859 3769 1936">
    <p class='ocr_par' dir='ltr' id='par_1_20' title="bbox 496 1859 3769 1936">
     <span class='ocr_line' id='line_1_20' title="bbox 496 1859 3769 1936; baseline -0.001 -18"><span class='ocrx_word' id='word_1_224' title='bbox 496 1862 567 1918; x_wconf 90' lang='lat' dir='ltr'><strong>de</strong></span> <span class='ocrx_word' id='word_1_225' title='bbox 597 1864 837 1935; x_wconf 90' lang='lat' dir='ltr'><strong>argento</strong></span> <span class='ocrx_word' id='word_1_226' title='bbox 869 1877 1075 1927; x_wconf 90' lang='lat' dir='ltr'><strong>unum,</strong></span> <span class='ocrx_word' id='word_1_227' title='bbox 1108 1859 1424 1916; x_wconf 89' lang='lat' dir='ltr'><strong>cantullam</strong></span> <span class='ocrx_word' id='word_1_228' title='bbox 1458 1864 1798 1934; x_wconf 85' lang='lat' dir='ltr'><strong>argenteam</strong></span> <span class='ocrx_word' id='word_1_229' title='bbox 1829 1878 2030 1918; x_wconf 92' lang='lat' dir='ltr'><strong>unam.</strong></span> <span class='ocrx_word' id='word_1_230' title='bbox 2064 1862 2135 1918; x_wconf 91' lang='lat' dir='ltr'><strong>Et</strong></span> <span class='ocrx_word' id='word_1_231' title='bbox 2164 1862 2353 1934; x_wconf 87' lang='lat' dir='ltr'><strong>magis</strong></span> <span class='ocrx_word' id='word_1_232' title='bbox 2384 1877 2451 1917; x_wconf 88' lang='lat' dir='ltr'><strong>ac</strong></span> <span class='ocrx_word' id='word_1_233' title='bbox 2481 1861 2671 1936; x_wconf 87' lang='lat' dir='ltr'><strong>magis</strong></span> <span class='ocrx_word' id='word_1_234' title='bbox 2703 1859 2897 1918; x_wconf 87' lang='lat' dir='ltr'><strong>divino</strong></span> <span class='ocrx_word' id='word_1_235' title='bbox 2928 1876 3127 1917; x_wconf 89' lang='lat' dir='ltr'><strong>amore</strong></span> <span class='ocrx_word' id='word_1_236' title='bbox 3176 1876 3499 1917; x_wconf 86' lang='lat' dir='ltr'><strong>succensus</strong></span> <span class='ocrx_word' id='word_1_237' title='bbox 3536 1859 3679 1916; x_wconf 82' lang='lat' dir='ltr'><strong>fecit</strong></span> <span class='ocrx_word' id='word_1_238' title='bbox 3705 1859 3769 1916; x_wconf 91' lang='lat' dir='ltr'><strong>in</strong></span> 
     </span>
    </p>
   </div>
   <div class='ocr_carea' id='block_1_21' title="bbox 492 1956 3773 2030">
    <p class='ocr_par' dir='ltr' id='par_1_21' title="bbox 492 1956 3773 2030">
     <span class='ocr_line' id='line_1_21' title="bbox 492 1956 3773 2030; baseline -0.001 -15"><span class='ocrx_word' id='word_1_239' title='bbox 492 1957 665 2015; x_wconf 91' lang='lat' dir='ltr'><strong>titulo</strong></span> <span class='ocrx_word' id='word_1_240' title='bbox 697 1962 910 2014; x_wconf 66' lang='lat' dir='ltr'><strong>sanctae</strong></span> <span class='ocrx_word' id='word_1_241' title='bbox 943 1957 1316 2014; x_wconf 74' lang='lat' dir='ltr'><strong>Pudentianaa</strong></span> <span class='ocrx_word' id='word_1_242' title='bbox 1344 1958 1693 2014; x_wconf 89' lang='lat' dir='ltr'><strong>Sermonum</strong></span> <span class='ocrx_word' id='word_1_243' title='bbox 1719 1957 1936 2015; x_wconf 90' lang='lat' dir='ltr'><strong>librum</strong></span> <span class='ocrx_word' id='word_1_244' title='bbox 1959 1974 2184 2015; x_wconf 89' lang='lat' dir='ltr'><strong>unum:</strong></span> <span class='ocrx_word' id='word_1_245' title='bbox 2209 1962 2287 2025; x_wconf 88' lang='lat' dir='ltr'><strong>et,</strong></span> <span class='ocrx_word' id='word_1_246' title='bbox 2308 1956 2369 2015; x_wconf 90' lang='lat' dir='ltr'><strong>in</strong></span> <span class='ocrx_word' id='word_1_247' title='bbox 2394 1957 2563 2015; x_wconf 87' lang='lat' dir='ltr'><strong>titulo</strong></span> <span class='ocrx_word' id='word_1_248' title='bbox 2590 1959 2771 2015; x_wconf 65' lang='lat' dir='ltr'><strong>beate</strong></span> <span class='ocrx_word' id='word_1_249' title='bbox 2800 1958 3145 2026; x_wconf 70' lang='lat' dir='ltr'><strong>Anastasiaa,</strong></span> <span class='ocrx_word' id='word_1_250' title='bbox 3169 1958 3520 2014; x_wconf 89' lang='lat' dir='ltr'><strong>Sermonum</strong></span> <span class='ocrx_word' id='word_1_251' title='bbox 3541 1960 3605 2012; x_wconf 88' lang='lat' dir='ltr'><strong>et</strong></span> <span class='ocrx_word' id='word_1_252' title='bbox 3630 1956 3773 2030; x_wconf 87' lang='lat' dir='ltr'><strong>Epi-</strong></span> 
     </span>
    </p>
   </div>
   <div class='ocr_carea' id='block_1_22' title="bbox 388 2054 3768 2129">
    <p class='ocr_par' dir='ltr' id='par_1_22' title="bbox 388 2054 3768 2129">
     <span class='ocr_line' id='line_1_22' title="bbox 388 2054 3768 2129; baseline 0 -17"><span class='ocrx_word' id='word_1_253' title='bbox 388 2057 457 2112; x_wconf 91' lang='grc'><strong>10</strong></span> <span class='ocrx_word' id='word_1_254' title='bbox 494 2056 781 2114; x_wconf 88' lang='lat' dir='ltr'><strong>stolarum</strong></span> <span class='ocrx_word' id='word_1_255' title='bbox 811 2055 1031 2113; x_wconf 90' lang='lat' dir='ltr'><strong>librum</strong></span> <span class='ocrx_word' id='word_1_256' title='bbox 1062 2072 1267 2112; x_wconf 91' lang='lat' dir='ltr'><strong>unum.</strong></span> <span class='ocrx_word' id='word_1_257' title='bbox 1291 2056 1362 2112; x_wconf 90' lang='lat' dir='ltr'><strong>Et</strong></span> <span class='ocrx_word' id='word_1_258' title='bbox 1384 2055 1445 2111; x_wconf 92' lang='lat' dir='ltr'><strong>in</strong></span> <span class='ocrx_word' id='word_1_259' title='bbox 1469 2055 1734 2123; x_wconf 88' lang='lat' dir='ltr'><strong>ecclesia,</strong></span> <span class='ocrx_word' id='word_1_260' title='bbox 1759 2073 1887 2129; x_wconf 69' lang='lat' dir='ltr'><strong>quae</strong></span> <span class='ocrx_word' id='word_1_261' title='bbox 1915 2062 2155 2114; x_wconf 88' lang='lat' dir='ltr'><strong>vocatur</strong></span> <span class='ocrx_word' id='word_1_262' title='bbox 2182 2056 2529 2125; x_wconf 88' lang='lat' dir='ltr'><strong>Jerusalem,</strong></span> <span class='ocrx_word' id='word_1_263' title='bbox 2564 2056 2624 2112; x_wconf 91' lang='lat' dir='ltr'><strong>in</strong></span> <span class='ocrx_word' id='word_1_264' title='bbox 2656 2056 2924 2113; x_wconf 90' lang='lat' dir='ltr'><strong>susurrio</strong></span> <span class='ocrx_word' id='word_1_265' title='bbox 2953 2054 3169 2113; x_wconf 89' lang='lat' dir='ltr'><strong>obtulit</strong></span> <span class='ocrx_word' id='word_1_266' title='bbox 3196 2055 3415 2112; x_wconf 88' lang='lat' dir='ltr'><strong>librum</strong></span> <span class='ocrx_word' id='word_1_267' title='bbox 3442 2055 3673 2129; x_wconf 80' lang='lat' dir='ltr'><strong>Regum</strong></span> <span class='ocrx_word' id='word_1_268' title='bbox 3705 2059 3768 2112; x_wconf 84' lang='lat' dir='ltr'><strong>et</strong></span> 
     </span>
    </p>
   </div>
   <div class='ocr_carea' id='block_1_23' title="bbox 496 2151 3773 2229">
    <p class='ocr_par' dir='ltr' id='par_1_23' title="bbox 496 2151 3773 2229">
     <span class='ocr_line' id='line_1_23' title="bbox 496 2151 3773 2229; baseline -0.001 -18"><span class='ocrx_word' id='word_1_269' title='bbox 496 2153 826 2211; x_wconf 91' lang='lat' dir='ltr'><strong>Salomonis</strong></span> <span class='ocrx_word' id='word_1_270' title='bbox 858 2169 1065 2220; x_wconf 91' lang='lat' dir='ltr'><strong>unum,</strong></span> <span class='ocrx_word' id='word_1_271' title='bbox 1096 2156 1153 2209; x_wconf 90' lang='lat' dir='ltr'><strong>et</strong></span> <span class='ocrx_word' id='word_1_272' title='bbox 1177 2152 1557 2210; x_wconf 89' lang='lat' dir='ltr'><strong>reverentiam</strong></span> <span class='ocrx_word' id='word_1_273' title='bbox 1585 2153 1736 2210; x_wconf 89' lang='lat' dir='ltr'><strong>beati</strong></span> <span class='ocrx_word' id='word_1_274' title='bbox 1767 2154 2028 2229; x_wconf 87' lang='lat' dir='ltr'><strong>Gregorii</strong></span> <span class='ocrx_word' id='word_1_275' title='bbox 2084 2153 2451 2228; x_wconf 66' lang='lat' dir='ltr'><strong>praecessoris</strong></span> <span class='ocrx_word' id='word_1_276' title='bbox 2499 2153 2592 2211; x_wconf 89' lang='lat' dir='ltr'><strong>sui</strong></span> <span class='ocrx_word' id='word_1_277' title='bbox 2636 2170 2752 2226; x_wconf 61' lang='lat' dir='ltr'><strong>pre</strong></span> <span class='ocrx_word' id='word_1_278' title='bbox 2801 2153 2987 2211; x_wconf 88' lang='lat' dir='ltr'><strong>oculis</strong></span> <span class='ocrx_word' id='word_1_279' title='bbox 3037 2153 3231 2210; x_wconf 89' lang='lat' dir='ltr'><strong>cordis</strong></span> <span class='ocrx_word' id='word_1_280' title='bbox 3277 2152 3527 2222; x_wconf 85' lang='lat' dir='ltr'><strong>habens,</strong></span> <span class='ocrx_word' id='word_1_281' title='bbox 3556 2151 3773 2209; x_wconf 78' lang='lat' dir='ltr'><strong>tribuit</strong></span> 
     </span>
    </p>
   </div>
   <div class='ocr_carea' id='block_1_24' title="bbox 496 2249 3769 2326">
    <p class='ocr_par' dir='ltr' id='par_1_24' title="bbox 496 2249 3769 2326">
     <span class='ocr_line' id='line_1_24' title="bbox 496 2249 3769 2326; baseline 0.001 -21"><span class='ocrx_word' id='word_1_282' title='bbox 496 2250 653 2307; x_wconf 91' lang='lat' dir='ltr'><strong>idem</strong></span> <span class='ocrx_word' id='word_1_283' title='bbox 686 2266 960 2307; x_wconf 89' lang='lat' dir='ltr'><strong>summus</strong></span> <span class='ocrx_word' id='word_1_284' title='bbox 990 2249 1249 2322; x_wconf 84' lang='lat' dir='ltr'><strong>pontifex</strong></span> <span class='ocrx_word' id='word_1_285' title='bbox 1277 2249 1336 2304; x_wconf 92' lang='lat' dir='ltr'><strong>in</strong></span> <span class='ocrx_word' id='word_1_286' title='bbox 1367 2250 1638 2322; x_wconf 88' lang='lat' dir='ltr'><strong>hospitali</strong></span> <span class='ocrx_word' id='word_1_287' title='bbox 1671 2250 1858 2323; x_wconf 91' lang='lat' dir='ltr'><strong>ipsius</strong></span> <span class='ocrx_word' id='word_1_288' title='bbox 1890 2252 2042 2309; x_wconf 88' lang='lat' dir='ltr'><strong>beati</strong></span> <span class='ocrx_word' id='word_1_289' title='bbox 2075 2252 2335 2326; x_wconf 89' lang='lat' dir='ltr'><strong>Gregorii</strong></span> <span class='ocrx_word' id='word_1_290' title='bbox 2366 2252 2426 2308; x_wconf 92' lang='lat' dir='ltr'><strong>in</strong></span> <span class='ocrx_word' id='word_1_291' title='bbox 2456 2252 2684 2325; x_wconf 90' lang='lat' dir='ltr'><strong>porticu</strong></span> <span class='ocrx_word' id='word_1_292' title='bbox 2730 2252 2885 2309; x_wconf 91' lang='lat' dir='ltr'><strong>beati</strong></span> <span class='ocrx_word' id='word_1_293' title='bbox 2934 2252 3091 2308; x_wconf 91' lang='lat' dir='ltr'><strong>Petri</strong></span> <span class='ocrx_word' id='word_1_294' title='bbox 3130 2250 3377 2325; x_wconf 90' lang='lat' dir='ltr'><strong>apostoli</strong></span> <span class='ocrx_word' id='word_1_295' title='bbox 3409 2251 3769 2308; x_wconf 87' lang='lat' dir='ltr'><strong>Sermonum</strong></span> 
     </span>
    </p>
   </div>
   <div class='ocr_carea' id='block_1_25' title="bbox 497 2346 3771 2423">
    <p class='ocr_par' dir='ltr' id='par_1_25' title="bbox 497 2346 3771 2423">
     <span class='ocr_line' id='line_1_25' title="bbox 497 2346 3771 2423; baseline 0.001 -19"><span class='ocrx_word' id='word_1_296' title='bbox 497 2352 835 2404; x_wconf 89' lang='lat' dir='ltr'><strong>sanctorum</strong></span> <span class='ocrx_word' id='word_1_297' title='bbox 866 2346 1083 2403; x_wconf 93' lang='lat' dir='ltr'><strong>librum</strong></span> <span class='ocrx_word' id='word_1_298' title='bbox 1114 2362 1320 2403; x_wconf 92' lang='lat' dir='ltr'><strong>unum.</strong></span> <span class='ocrx_word' id='word_1_299' title='bbox 1352 2347 1422 2402; x_wconf 91' lang='lat' dir='ltr'><strong>Et</strong></span> <span class='ocrx_word' id='word_1_300' title='bbox 1451 2346 1511 2402; x_wconf 91' lang='lat' dir='ltr'><strong>in</strong></span> <span class='ocrx_word' id='word_1_301' title='bbox 1543 2346 1743 2404; x_wconf 90' lang='lat' dir='ltr'><strong>schola</strong></span> <span class='ocrx_word' id='word_1_302' title='bbox 1771 2353 2100 2418; x_wconf 90' lang='lat' dir='ltr'><strong>cantorum,</strong></span> <span class='ocrx_word' id='word_1_303' title='bbox 2133 2366 2261 2422; x_wconf 85' lang='lat' dir='ltr'><strong>quae</strong></span> <span class='ocrx_word' id='word_1_304' title='bbox 2292 2349 2520 2423; x_wconf 91' lang='lat' dir='ltr'><strong>pridem</strong></span> <span class='ocrx_word' id='word_1_305' title='bbox 2551 2349 3131 2423; x_wconf 88' lang='lat' dir='ltr'><strong>Orphanotrophium</strong></span> <span class='ocrx_word' id='word_1_306' title='bbox 3176 2349 3517 2420; x_wconf 86' lang='lat' dir='ltr'><strong>vocabatur,</strong></span> <span class='ocrx_word' id='word_1_307' title='bbox 3547 2349 3771 2422; x_wconf 84' lang='lat' dir='ltr'><strong>Hepta-</strong></span> 
     </span>
    </p>
   </div>
   <div class='ocr_carea' id='block_1_26' title="bbox 496 2443 1015 2501">
    <p class='ocr_par' dir='ltr' id='par_1_26' title="bbox 496 2443 1015 2501">
     <span class='ocr_line' id='line_1_26' title="bbox 496 2443 1015 2501; baseline -0.004 0"><span class='ocrx_word' id='word_1_308' title='bbox 496 2443 777 2501; x_wconf 90' lang='lat' dir='ltr'><strong>teuchum</strong></span> <span class='ocrx_word' id='word_1_309' title='bbox 807 2460 1015 2500; x_wconf 91' lang='lat' dir='ltr'><strong>unum.</strong></span> 
     </span>
    </p>
   </div>
   <div class='ocr_carea' id='block_1_27' title="bbox 569 2540 3772 2618">
    <p class='ocr_par' dir='ltr' id='par_1_27' title="bbox 569 2540 3772 2618">
     <span class='ocr_line' id='line_1_27' title="bbox 569 2540 3772 2618; baseline 0.001 -20"><span class='ocrx_word' id='word_1_310' title='bbox 569 2541 723 2599; x_wconf 76' lang='lat'><strong>050</strong></span> <span class='ocrx_word' id='word_1_311' title='bbox 753 2542 913 2598; x_wconf 89' lang='lat' dir='ltr'><strong>Idem</strong></span> <span class='ocrx_word' id='word_1_312' title='bbox 944 2544 1141 2598; x_wconf 90' lang='lat' dir='ltr'><strong>autem</strong></span> <span class='ocrx_word' id='word_1_313' title='bbox 1171 2540 1647 2615; x_wconf 89' lang='lat' dir='ltr'><strong>elegantissimus</strong></span> <span class='ocrx_word' id='word_1_314' title='bbox 1688 2541 1901 2615; x_wconf 66' lang='lat' dir='ltr'><strong>praesul</strong></span> <span class='ocrx_word' id='word_1_315' title='bbox 1947 2546 2123 2616; x_wconf 92' lang='lat' dir='ltr'><strong>atque</strong></span> <span class='ocrx_word' id='word_1_316' title='bbox 2164 2543 2523 2601; x_wconf 86' lang='lat' dir='ltr'><strong>fortissimus</strong></span> <span class='ocrx_word' id='word_1_317' title='bbox 2576 2548 2743 2601; x_wconf 66' lang='lat' dir='ltr'><strong>recte</strong></span> <span class='ocrx_word' id='word_1_318' title='bbox 2801 2543 2939 2600; x_wconf 87' lang='lat' dir='ltr'><strong>ﬂdei</strong></span> <span class='ocrx_word' id='word_1_319' title='bbox 2995 2544 3340 2618; x_wconf 63' lang='lat' dir='ltr'><strong>pradicator</strong></span> <span class='ocrx_word' id='word_1_320' title='bbox 3366 2543 3427 2600; x_wconf 89' lang='lat' dir='ltr'><strong>in</strong></span> <span class='ocrx_word' id='word_1_321' title='bbox 3457 2542 3772 2601; x_wconf 80' lang='lat' dir='ltr'><strong>ecclesiam</strong></span> 
     </span>
    </p>
   </div>
   <div class='ocr_carea' id='block_1_28' title="bbox 497 2638 3771 2716">
    <p class='ocr_par' dir='ltr' id='par_1_28' title="bbox 497 2638 3771 2716">
     <span class='ocr_line' id='line_1_28' title="bbox 497 2638 3771 2716; baseline 0.001 -20"><span class='ocrx_word' id='word_1_322' title='bbox 497 2639 893 2702; x_wconf 84' lang='lat' dir='ltr'><strong>Ravennatem</strong></span> <span class='ocrx_word' id='word_1_323' title='bbox 923 2638 1048 2695; x_wconf 88' lang='lat' dir='ltr'><strong>auri</strong></span> <span class='ocrx_word' id='word_1_324' title='bbox 1078 2638 1259 2695; x_wconf 91' lang='lat' dir='ltr'><strong>libras</strong></span> <span class='ocrx_word' id='word_1_325' title='bbox 1288 2640 1618 2712; x_wconf 90' lang='lat' dir='ltr'><strong>duodecim,</strong></span> <span class='ocrx_word' id='word_1_326' title='bbox 1643 2641 1865 2715; x_wconf 86' lang='lat' dir='ltr'><strong>argenti</strong></span> <span class='ocrx_word' id='word_1_327' title='bbox 1894 2640 2145 2697; x_wconf 89' lang='lat' dir='ltr'><strong>libras...</strong></span> <span class='ocrx_word' id='word_1_328' title='bbox 2178 2642 2406 2698; x_wconf 90' lang='lat' dir='ltr'><strong>remisit</strong></span> <span class='ocrx_word' id='word_1_329' title='bbox 2446 2658 2551 2715; x_wconf 89' lang='lat' dir='ltr'><strong>pro</strong></span> <span class='ocrx_word' id='word_1_330' title='bbox 2597 2641 2805 2698; x_wconf 64' lang='lat' dir='ltr'><strong>animae</strong></span> <span class='ocrx_word' id='word_1_331' title='bbox 2856 2658 2976 2698; x_wconf 69' lang='lat' dir='ltr'><strong>suae</strong></span> <span class='ocrx_word' id='word_1_332' title='bbox 3003 2642 3284 2708; x_wconf 90' lang='lat' dir='ltr'><strong>remedio,</strong></span> <span class='ocrx_word' id='word_1_333' title='bbox 3316 2658 3446 2714; x_wconf 63' lang='lat' dir='ltr'><strong>quae</strong></span> <span class='ocrx_word' id='word_1_334' title='bbox 3478 2657 3771 2716; x_wconf 86' lang='lat' dir='ltr'><strong>quorum-</strong></span> 
     </span>
    </p>
   </div>
   <div class='ocr_carea' id='block_1_29' title="bbox 497 2718 3772 2813">
    <p class='ocr_par' dir='ltr' id='par_1_29' title="bbox 497 2718 3772 2813">
     <span class='ocr_line' id='line_1_29' title="bbox 497 2718 3772 2813; baseline 0 -19"><span class='ocrx_word' id='word_1_335' title='bbox 497 2738 634 2794; x_wconf 91' lang='lat' dir='ltr'><strong>dam</strong></span> <span class='ocrx_word' id='word_1_336' title='bbox 666 2736 1146 2811; x_wconf 83' lang='lat' dir='ltr'><strong>subreptionibus</strong></span> <span class='ocrx_word' id='word_1_337' title='bbox 1176 2738 1313 2794; x_wconf 88' lang='lat' dir='ltr'><strong>inde</strong></span> <span class='ocrx_word' id='word_1_338' title='bbox 1344 2738 1575 2794; x_wconf 87' lang='lat' dir='ltr'><strong>fuerant</strong></span> <span class='ocrx_word' id='word_1_339' title='bbox 1603 2737 1829 2795; x_wconf 70' lang='lat' dir='ltr'><strong>ablatae.</strong></span> <span class='ocrx_word' id='word_1_340' title='bbox 1854 2738 2138 2795; x_wconf 89' lang='lat' dir='ltr'><strong>Similiter</strong></span> <span class='ocrx_word' id='word_1_341' title='bbox 2164 2718 2223 2795; x_wconf 76' lang='lat' dir='ltr'><strong>et</strong></span> <span class='ocrx_word' id='word_1_342' title='bbox 2249 2738 2310 2794; x_wconf 93' lang='lat' dir='ltr'><strong>in</strong></span> <span class='ocrx_word' id='word_1_343' title='bbox 2341 2739 2587 2796; x_wconf 90' lang='lat' dir='ltr'><strong>ecclesia</strong></span> <span class='ocrx_word' id='word_1_344' title='bbox 2617 2739 2893 2796; x_wconf 89' lang='lat' dir='ltr'><strong>Imolensi</strong></span> <span class='ocrx_word' id='word_1_345' title='bbox 2915 2739 3043 2797; x_wconf 89' lang='lat' dir='ltr'><strong>auri</strong></span> <span class='ocrx_word' id='word_1_346' title='bbox 3073 2739 3253 2797; x_wconf 89' lang='lat' dir='ltr'><strong>libras</strong></span> <span class='ocrx_word' id='word_1_347' title='bbox 3284 2738 3772 2813; x_wconf 78' lang='lat' dir='ltr'><strong>septem,argenti</strong></span> 
     </span>
    </p>
   </div>
   <div class='ocr_carea' id='block_1_30' title="bbox 494 2819 3773 2910">
    <p class='ocr_par' dir='ltr' id='par_1_30' title="bbox 494 2819 3773 2910">
     <span class='ocr_line' id='line_1_30' title="bbox 494 2819 3773 2910; baseline 0.001 -20"><span class='ocrx_word' id='word_1_348' title='bbox 494 2834 745 2893; x_wconf 89' lang='lat' dir='ltr'><strong>libras...</strong></span> <span class='ocrx_word' id='word_1_349' title='bbox 779 2834 1004 2891; x_wconf 89' lang='lat' dir='ltr'><strong>ablatas</strong></span> <span class='ocrx_word' id='word_1_350' title='bbox 1034 2834 1309 2891; x_wconf 89' lang='lat' dir='ltr'><strong>restituit.</strong></span> <span class='ocrx_word' id='word_1_351' title='bbox 1344 2835 1487 2892; x_wconf 90' lang='lat' dir='ltr'><strong>Item</strong></span> <span class='ocrx_word' id='word_1_352' title='bbox 1520 2836 1706 2891; x_wconf 89' lang='lat' dir='ltr'><strong>Deum</strong></span> <span class='ocrx_word' id='word_1_353' title='bbox 1737 2852 1852 2907; x_wconf 75' lang='lat' dir='ltr'><strong>prae</strong></span> <span class='ocrx_word' id='word_1_354' title='bbox 1884 2835 2069 2892; x_wconf 89' lang='lat' dir='ltr'><strong>oculis</strong></span> <span class='ocrx_word' id='word_1_355' title='bbox 2100 2836 2323 2892; x_wconf 88' lang='lat' dir='ltr'><strong>habens</strong></span> <span class='ocrx_word' id='word_1_356' title='bbox 2355 2835 2414 2891; x_wconf 91' lang='lat' dir='ltr'><strong>in</strong></span> <span class='ocrx_word' id='word_1_357' title='bbox 2448 2819 2797 2893; x_wconf 82' lang='lat' dir='ltr'><strong>Bononiensi</strong></span> <span class='ocrx_word' id='word_1_358' title='bbox 2828 2836 3074 2893; x_wconf 87' lang='lat' dir='ltr'><strong>ecclesia</strong></span> <span class='ocrx_word' id='word_1_359' title='bbox 3111 2840 3385 2910; x_wconf 88' lang='lat' dir='ltr'><strong>patenam</strong></span> <span class='ocrx_word' id='word_1_360' title='bbox 3415 2838 3490 2893; x_wconf 90' lang='lat' dir='ltr'><strong>de</strong></span> <span class='ocrx_word' id='word_1_361' title='bbox 3521 2839 3773 2910; x_wconf 82' lang='lat' dir='ltr'><strong>argento</strong></span> 
     </span>
    </p>
   </div>
   <div class='ocr_carea' id='block_1_31' title="bbox 422 2932 3773 3007">
    <p class='ocr_par' dir='ltr' id='par_1_31' title="bbox 422 2932 3773 3007">
     <span class='ocr_line' id='line_1_31' title="bbox 422 2932 3773 3007; baseline 0 -17"><span class='ocrx_word' id='word_1_362' title='bbox 422 2934 461 2990; x_wconf 88' lang='grc'>5</span> <span class='ocrx_word' id='word_1_363' title='bbox 499 2950 678 2990; x_wconf 91' lang='lat' dir='ltr'><strong>unam</strong></span> <span class='ocrx_word' id='word_1_364' title='bbox 710 2949 873 3006; x_wconf 69' lang='lat' dir='ltr'><strong>aeque</strong></span> <span class='ocrx_word' id='word_1_365' title='bbox 903 2932 1174 2989; x_wconf 89' lang='lat' dir='ltr'><strong>reddidit.</strong></span> <span class='ocrx_word' id='word_1_366' title='bbox 1209 2933 1330 2990; x_wconf 91' lang='lat' dir='ltr'><strong>Imo</strong></span> <span class='ocrx_word' id='word_1_367' title='bbox 1361 2937 1418 2988; x_wconf 90' lang='lat' dir='ltr'><strong>et</strong></span> <span class='ocrx_word' id='word_1_368' title='bbox 1447 2950 1551 3006; x_wconf 88' lang='lat' dir='ltr'><strong>pro</strong></span> <span class='ocrx_word' id='word_1_369' title='bbox 1582 2932 1823 3006; x_wconf 88' lang='lat' dir='ltr'><strong>perenni</strong></span> <span class='ocrx_word' id='word_1_370' title='bbox 1855 2935 2116 2990; x_wconf 88' lang='lat' dir='ltr'><strong>mercede</strong></span> <span class='ocrx_word' id='word_1_371' title='bbox 2147 2933 2208 2989; x_wconf 93' lang='lat' dir='ltr'><strong>in</strong></span> <span class='ocrx_word' id='word_1_372' title='bbox 2239 2933 2485 2990; x_wconf 89' lang='lat' dir='ltr'><strong>ecclesia</strong></span> <span class='ocrx_word' id='word_1_373' title='bbox 2512 2933 2659 2990; x_wconf 90' lang='lat' dir='ltr'><strong>alias</strong></span> <span class='ocrx_word' id='word_1_374' title='bbox 2688 2938 3027 2992; x_wconf 87' lang='lat' dir='ltr'><strong>sanctorum</strong></span> <span class='ocrx_word' id='word_1_375' title='bbox 3057 2933 3335 3007; x_wconf 89' lang='lat' dir='ltr'><strong>reliquias</strong></span> <span class='ocrx_word' id='word_1_376' title='bbox 3367 2950 3473 3007; x_wconf 90' lang='lat' dir='ltr'><strong>per</strong></span> <span class='ocrx_word' id='word_1_377' title='bbox 3501 2933 3773 2991; x_wconf 77' lang='lat' dir='ltr'><strong>diversos</strong></span> 
     </span>
    </p>
   </div>
   <div class='ocr_carea' id='block_1_32' title="bbox 506 3029 3779 3105">
    <p class='ocr_par' dir='ltr' id='par_1_32' title="bbox 506 3029 3779 3105">
     <span class='ocr_line' id='line_1_32' title="bbox 506 3029 3779 3105; baseline 0 -17"><span class='ocrx_word' id='word_1_378' title='bbox 506 3030 833 3088; x_wconf 86' lang='lat' dir='ltr'><strong>cardinales</strong></span> <span class='ocrx_word' id='word_1_379' title='bbox 861 3029 1090 3097; x_wconf 88' lang='lat' dir='ltr'><strong>titulos,</strong></span> <span class='ocrx_word' id='word_1_380' title='bbox 1120 3029 1266 3086; x_wconf 90' lang='lat' dir='ltr'><strong>alias</strong></span> <span class='ocrx_word' id='word_1_381' title='bbox 1314 3029 1490 3086; x_wconf 90' lang='lat' dir='ltr'><strong>etiam</strong></span> <span class='ocrx_word' id='word_1_382' title='bbox 1539 3030 1997 3104; x_wconf 87' lang='lat' dir='ltr'><strong>circumquaque</strong></span> <span class='ocrx_word' id='word_1_383' title='bbox 2035 3048 2140 3104; x_wconf 90' lang='lat' dir='ltr'><strong>per</strong></span> <span class='ocrx_word' id='word_1_384' title='bbox 2180 3031 2407 3088; x_wconf 90' lang='lat' dir='ltr'><strong>diversa</strong></span> <span class='ocrx_word' id='word_1_385' title='bbox 2433 3030 2679 3105; x_wconf 85' lang='lat' dir='ltr'><strong>largitus</strong></span> <span class='ocrx_word' id='word_1_386' title='bbox 2709 3037 2800 3088; x_wconf 87' lang='lat' dir='ltr'><strong>est</strong></span> <span class='ocrx_word' id='word_1_387' title='bbox 2828 3032 3203 3104; x_wconf 85' lang='lat' dir='ltr'><strong>monasteria,</strong></span> <span class='ocrx_word' id='word_1_388' title='bbox 3236 3032 3338 3088; x_wconf 90' lang='lat' dir='ltr'><strong>ubi</strong></span> <span class='ocrx_word' id='word_1_389' title='bbox 3370 3031 3779 3105; x_wconf 83' lang='lat' dir='ltr'><strong>plurimisco-</strong></span> 
     </span>
    </p>
   </div>
   <div class='ocr_carea' id='block_1_33' title="bbox 498 3126 3769 3203">
    <p class='ocr_par' dir='ltr' id='par_1_33' title="bbox 498 3126 3769 3203">
     <span class='ocr_line' id='line_1_33' title="bbox 498 3126 3769 3203; baseline 0 -19"><span class='ocrx_word' id='word_1_390' title='bbox 498 3133 739 3185; x_wconf 89' lang='lat' dir='ltr'><strong>ruscant</strong></span> <span class='ocrx_word' id='word_1_391' title='bbox 763 3126 1067 3184; x_wconf 89' lang='lat' dir='ltr'><strong>miraculis</strong></span> <span class='ocrx_word' id='word_1_392' title='bbox 1095 3143 1108 3182; x_wconf 89' lang='lat'><strong>:</strong></span> <span class='ocrx_word' id='word_1_393' title='bbox 1146 3127 1463 3183; x_wconf 81' lang='lat' dir='ltr'><strong>maximam</strong></span> <span class='ocrx_word' id='word_1_394' title='bbox 1493 3145 1625 3185; x_wconf 88' lang='lat' dir='ltr'><strong>vero</strong></span> <span class='ocrx_word' id='word_1_395' title='bbox 1656 3133 1881 3202; x_wconf 89' lang='lat' dir='ltr'><strong>partem</strong></span> <span class='ocrx_word' id='word_1_396' title='bbox 1912 3129 2092 3202; x_wconf 89' lang='lat' dir='ltr'><strong>digna</strong></span> <span class='ocrx_word' id='word_1_397' title='bbox 2119 3129 2566 3186; x_wconf 81' lang='lat' dir='ltr'><strong>honorificentia</strong></span> <span class='ocrx_word' id='word_1_398' title='bbox 2622 3129 2922 3187; x_wconf 88' lang='lat' dir='ltr'><strong>collocavit</strong></span> <span class='ocrx_word' id='word_1_399' title='bbox 2978 3130 3134 3203; x_wconf 91' lang='lat' dir='ltr'><strong>apud</strong></span> <span class='ocrx_word' id='word_1_400' title='bbox 3192 3128 3500 3186; x_wconf 88' lang='lat' dir='ltr'><strong>ecclesiam</strong></span> <span class='ocrx_word' id='word_1_401' title='bbox 3529 3146 3665 3202; x_wconf 69' lang='lat' dir='ltr'><strong>quae</strong></span> <span class='ocrx_word' id='word_1_402' title='bbox 3695 3128 3769 3185; x_wconf 85' lang='lat' dir='ltr'><strong>ad</strong></span> 
     </span>
    </p>
   </div>
   <div class='ocr_carea' id='block_1_34' title="bbox 499 3225 3774 3300">
    <p class='ocr_par' dir='ltr' id='par_1_34' title="bbox 499 3225 3774 3300">
     <span class='ocr_line' id='line_1_34' title="bbox 499 3225 3774 3300; baseline 0 -18"><span class='ocrx_word' id='word_1_403' title='bbox 499 3225 794 3299; x_wconf 89' lang='lat' dir='ltr'><strong>apostolos</strong></span> <span class='ocrx_word' id='word_1_404' title='bbox 824 3225 1058 3282; x_wconf 90' lang='lat' dir='ltr'><strong>dicitur.</strong></span> <span class='ocrx_word' id='word_1_405' title='bbox 1076 3225 1234 3281; x_wconf 88' lang='lat' dir='ltr'><strong>Hanc</strong></span> <span class='ocrx_word' id='word_1_406' title='bbox 1265 3226 1425 3282; x_wconf 88' lang='lat' dir='ltr'><strong>senio</strong></span> <span class='ocrx_word' id='word_1_407' title='bbox 1452 3232 1862 3300; x_wconf 87' lang='lat' dir='ltr'><strong>consumptam</strong></span> <span class='ocrx_word' id='word_1_408' title='bbox 1894 3232 1951 3283; x_wconf 93' lang='lat' dir='ltr'><strong>et</strong></span> <span class='ocrx_word' id='word_1_409' title='bbox 1981 3226 2161 3283; x_wconf 64' lang='lat' dir='ltr'><strong>ruina:</strong></span> <span class='ocrx_word' id='word_1_410' title='bbox 2195 3227 2520 3300; x_wconf 86' lang='lat' dir='ltr'><strong>proximam</strong></span> <span class='ocrx_word' id='word_1_411' title='bbox 2540 3226 2725 3284; x_wconf 87' lang='lat' dir='ltr'><strong>isdem</strong></span> <span class='ocrx_word' id='word_1_412' title='bbox 2751 3226 3164 3284; x_wconf 87' lang='lat' dir='ltr'><strong>sanctissimus</strong></span> <span class='ocrx_word' id='word_1_413' title='bbox 3184 3244 3335 3300; x_wconf 89' lang='lat' dir='ltr'><strong>papa</strong></span> <span class='ocrx_word' id='word_1_414' title='bbox 3356 3243 3391 3282; x_wconf 88' lang='lat' dir='ltr'><strong>a</strong></span> <span class='ocrx_word' id='word_1_415' title='bbox 3410 3226 3774 3284; x_wconf 81' lang='lat' dir='ltr'><strong>fundamen-</strong></span> 
     </span>
    </p>
   </div>
   <div class='ocr_carea' id='block_1_35' title="bbox 497 3322 3777 3398">
    <p class='ocr_par' dir='ltr' id='par_1_35' title="bbox 497 3322 3777 3398">
     <span class='ocr_line' id='line_1_35' title="bbox 497 3322 3777 3398; baseline 0 -19"><span class='ocrx_word' id='word_1_416' title='bbox 497 3323 575 3381; x_wconf 89' lang='lat' dir='ltr'><strong>tis</strong></span> <span class='ocrx_word' id='word_1_417' title='bbox 606 3324 921 3391; x_wconf 90' lang='lat' dir='ltr'><strong>renovavit,</strong></span> <span class='ocrx_word' id='word_1_418' title='bbox 956 3327 1013 3379; x_wconf 90' lang='lat' dir='ltr'><strong>et</strong></span> <span class='ocrx_word' id='word_1_419' title='bbox 1040 3322 1310 3395; x_wconf 90' lang='lat' dir='ltr'><strong>plurimis</strong></span> <span class='ocrx_word' id='word_1_420' title='bbox 1342 3324 1601 3379; x_wconf 88' lang='lat' dir='ltr'><strong>donariis</strong></span> <span class='ocrx_word' id='word_1_421' title='bbox 1627 3325 1878 3397; x_wconf 87' lang='lat' dir='ltr'><strong>compsit</strong></span> <span class='ocrx_word' id='word_1_422' title='bbox 1907 3328 1963 3380; x_wconf 92' lang='lat' dir='ltr'><strong>et</strong></span> <span class='ocrx_word' id='word_1_423' title='bbox 1991 3324 2373 3382; x_wconf 88' lang='lat' dir='ltr'><strong>ornamentis.</strong></span> <span class='ocrx_word' id='word_1_424' title='bbox 2407 3326 2547 3381; x_wconf 89' lang='lat' dir='ltr'><strong>Erat</strong></span> <span class='ocrx_word' id='word_1_425' title='bbox 2603 3324 2820 3398; x_wconf 89' lang='lat' dir='ltr'><strong>quippe</strong></span> <span class='ocrx_word' id='word_1_426' title='bbox 2876 3324 3070 3382; x_wconf 91' lang='lat' dir='ltr'><strong>omnis</strong></span> <span class='ocrx_word' id='word_1_427' title='bbox 3123 3326 3253 3397; x_wconf 84' lang='lat' dir='ltr'><strong>ejus</strong></span> <span class='ocrx_word' id='word_1_428' title='bbox 3302 3323 3574 3391; x_wconf 90' lang='lat' dir='ltr'><strong>intentio,</strong></span> <span class='ocrx_word' id='word_1_429' title='bbox 3608 3328 3679 3379; x_wconf 85' lang='lat' dir='ltr'><strong>ut</strong></span> <span class='ocrx_word' id='word_1_430' title='bbox 3708 3340 3777 3379; x_wconf 84' lang='lat' dir='ltr'><strong>ea</strong></span> 
     </span>
    </p>
   </div>
   <div class='ocr_carea' id='block_1_36' title="bbox 393 3418 3779 3496">
    <p class='ocr_par' dir='ltr' id='par_1_36' title="bbox 393 3418 3779 3496">
     <span class='ocr_line' id='line_1_36' title="bbox 393 3418 3779 3496; baseline -0 -19"><span class='ocrx_word' id='word_1_431' title='bbox 393 3422 462 3477; x_wconf 89' lang='grc'><strong>10</strong></span> <span class='ocrx_word' id='word_1_432' title='bbox 501 3438 734 3494; x_wconf 89' lang='lat' dir='ltr'><strong>semper</strong></span> <span class='ocrx_word' id='word_1_433' title='bbox 763 3426 959 3495; x_wconf 90' lang='lat' dir='ltr'><strong>ageret</strong></span> <span class='ocrx_word' id='word_1_434' title='bbox 989 3438 1115 3494; x_wconf 67' lang='lat' dir='ltr'><strong>quae</strong></span> <span class='ocrx_word' id='word_1_435' title='bbox 1147 3421 1261 3477; x_wconf 87' lang='lat' dir='ltr'><strong>Deo</strong></span> <span class='ocrx_word' id='word_1_436' title='bbox 1295 3426 1435 3476; x_wconf 90' lang='lat' dir='ltr'><strong>sunt</strong></span> <span class='ocrx_word' id='word_1_437' title='bbox 1459 3422 1858 3495; x_wconf 87' lang='lat' dir='ltr'><strong>acceptabilia.</strong></span> <span class='ocrx_word' id='word_1_438' title='bbox 1892 3424 2036 3478; x_wconf 91' lang='lat' dir='ltr'><strong>Cum</strong></span> <span class='ocrx_word' id='word_1_439' title='bbox 2096 3421 2292 3479; x_wconf 89' lang='lat' dir='ltr'><strong>clades</strong></span> <span class='ocrx_word' id='word_1_440' title='bbox 2352 3422 2549 3496; x_wconf 89' lang='lat' dir='ltr'><strong>itaque</strong></span> <span class='ocrx_word' id='word_1_441' title='bbox 2600 3422 2982 3491; x_wconf 87' lang='lat' dir='ltr'><strong>locustarum,</strong></span> <span class='ocrx_word' id='word_1_442' title='bbox 3015 3439 3144 3495; x_wconf 73' lang='lat' dir='ltr'><strong>quae</strong></span> <span class='ocrx_word' id='word_1_443' title='bbox 3201 3420 3655 3495; x_wconf 65' lang='lat' dir='ltr'><strong>praedecessoris</strong></span> <span class='ocrx_word' id='word_1_444' title='bbox 3685 3418 3779 3477; x_wconf 85' lang='lat' dir='ltr'><strong>sui</strong></span> 
     </span>
    </p>
   </div>
   <div class='ocr_carea' id='block_1_37' title="bbox 495 3517 3779 3593">
    <p class='ocr_par' dir='ltr' id='par_1_37' title="bbox 495 3517 3779 3593">
     <span class='ocr_line' id='line_1_37' title="bbox 495 3517 3779 3593; baseline 0 -18"><span class='ocrx_word' id='word_1_445' title='bbox 495 3518 734 3575; x_wconf 86' lang='lat' dir='ltr'><strong>Adriani</strong></span> <span class='ocrx_word' id='word_1_446' title='bbox 764 3517 1032 3574; x_wconf 87' lang='lat' dir='ltr'><strong>videlicet</strong></span> <span class='ocrx_word' id='word_1_447' title='bbox 1063 3523 1323 3590; x_wconf 89' lang='lat' dir='ltr'><strong>tempore</strong></span> <span class='ocrx_word' id='word_1_448' title='bbox 1353 3523 1535 3573; x_wconf 87' lang='lat' dir='ltr'><strong>totam</strong></span> <span class='ocrx_word' id='word_1_449' title='bbox 1562 3520 1809 3590; x_wconf 88' lang='lat' dir='ltr'><strong>patriam</strong></span> <span class='ocrx_word' id='word_1_450' title='bbox 1844 3536 1988 3591; x_wconf 89' lang='lat' dir='ltr'><strong>pene</strong></span> <span class='ocrx_word' id='word_1_451' title='bbox 2017 3525 2488 3592; x_wconf 90' lang='lat' dir='ltr'><strong>consumpserat,</strong></span> <span class='ocrx_word' id='word_1_452' title='bbox 2519 3519 2671 3577; x_wconf 89' lang='lat' dir='ltr'><strong>male</strong></span> <span class='ocrx_word' id='word_1_453' title='bbox 2725 3519 3116 3593; x_wconf 89' lang='lat' dir='ltr'><strong>multiplicato</strong></span> <span class='ocrx_word' id='word_1_454' title='bbox 3167 3518 3433 3593; x_wconf 88' lang='lat' dir='ltr'><strong>germine</strong></span> <span class='ocrx_word' id='word_1_455' title='bbox 3460 3517 3632 3575; x_wconf 87' lang='lat' dir='ltr'><strong>nasci</strong></span> <span class='ocrx_word' id='word_1_456' title='bbox 3663 3536 3779 3575; x_wconf 71' lang='lat' dir='ltr'><strong>cae-</strong></span> 
     </span>
    </p>
   </div>
   <div class='ocr_carea' id='block_1_38' title="bbox 502 3613 3782 3689">
    <p class='ocr_par' dir='ltr' id='par_1_38' title="bbox 502 3613 3782 3689">
     <span class='ocr_line' id='line_1_38' title="bbox 502 3613 3782 3689; baseline 0.001 -20"><span class='ocrx_word' id='word_1_457' title='bbox 502 3614 727 3686; x_wconf 90' lang='lat' dir='ltr'><strong>pissent</strong></span> <span class='ocrx_word' id='word_1_458' title='bbox 756 3619 814 3670; x_wconf 90' lang='lat' dir='ltr'><strong>et</strong></span> <span class='ocrx_word' id='word_1_459' title='bbox 842 3614 1040 3670; x_wconf 86' lang='lat' dir='ltr'><strong>omnia</strong></span> <span class='ocrx_word' id='word_1_460' title='bbox 1068 3613 1468 3686; x_wconf 87' lang='lat' dir='ltr'><strong>replevissent,</strong></span> <span class='ocrx_word' id='word_1_461' title='bbox 1502 3615 1779 3672; x_wconf 90' lang='lat' dir='ltr'><strong>misertus</strong></span> <span class='ocrx_word' id='word_1_462' title='bbox 1831 3616 1986 3673; x_wconf 91' lang='lat' dir='ltr'><strong>idem</strong></span> <span class='ocrx_word' id='word_1_463' title='bbox 2033 3617 2448 3673; x_wconf 84' lang='lat' dir='ltr'><strong>sanctissimus</strong></span> <span class='ocrx_word' id='word_1_464' title='bbox 2498 3633 2653 3689; x_wconf 88' lang='lat' dir='ltr'><strong>papa</strong></span> <span class='ocrx_word' id='word_1_465' title='bbox 2708 3616 2922 3673; x_wconf 86' lang='lat' dir='ltr'><strong>afﬂicto</strong></span> <span class='ocrx_word' id='word_1_466' title='bbox 2972 3614 3210 3689; x_wconf 90' lang='lat' dir='ltr'><strong>populo,</strong></span> <span class='ocrx_word' id='word_1_467' title='bbox 3241 3614 3501 3689; x_wconf 88' lang='lat' dir='ltr'><strong>primum</strong></span> <span class='ocrx_word' id='word_1_468' title='bbox 3531 3614 3782 3688; x_wconf 87' lang='lat' dir='ltr'><strong>quidem</strong></span> 
     </span>
    </p>
   </div>
   <div class='ocr_carea' id='block_1_39' title="bbox 500 3709 3778 3787">
    <p class='ocr_par' dir='ltr' id='par_1_39' title="bbox 500 3709 3778 3787">
     <span class='ocr_line' id='line_1_39' title="bbox 500 3709 3778 3787; baseline 0.001 -20"><span class='ocrx_word' id='word_1_469' title='bbox 500 3709 819 3784; x_wconf 87' lang='lat' dir='ltr'><strong>divulgavit</strong></span> <span class='ocrx_word' id='word_1_470' title='bbox 846 3714 909 3765; x_wconf 91' lang='lat' dir='ltr'><strong>ut</strong></span> <span class='ocrx_word' id='word_1_471' title='bbox 939 3710 988 3766; x_wconf 92' lang='lat' dir='ltr'><strong>si</strong></span> <span class='ocrx_word' id='word_1_472' title='bbox 1021 3709 1154 3783; x_wconf 91' lang='lat' dir='ltr'><strong>quis</strong></span> <span class='ocrx_word' id='word_1_473' title='bbox 1176 3710 1247 3766; x_wconf 88' lang='lat' dir='ltr'><strong>de</strong></span> <span class='ocrx_word' id='word_1_474' title='bbox 1268 3710 1351 3766; x_wconf 89' lang='lat' dir='ltr'><strong>eis</strong></span> <span class='ocrx_word' id='word_1_475' title='bbox 1371 3728 1557 3767; x_wconf 92' lang='lat' dir='ltr'><strong>unum</strong></span> <span class='ocrx_word' id='word_1_476' title='bbox 1590 3712 1909 3769; x_wconf 84' lang='lat' dir='ltr'><strong>sextarium</strong></span> <span class='ocrx_word' id='word_1_477' title='bbox 1941 3719 2172 3787; x_wconf 87' lang='lat' dir='ltr'><strong>caperet</strong></span> <span class='ocrx_word' id='word_1_478' title='bbox 2200 3718 2259 3771; x_wconf 91' lang='lat' dir='ltr'><strong>et</strong></span> <span class='ocrx_word' id='word_1_479' title='bbox 2289 3714 2400 3770; x_wconf 89' lang='lat' dir='ltr'><strong>sibi</strong></span> <span class='ocrx_word' id='word_1_480' title='bbox 2430 3714 2747 3784; x_wconf 89' lang='lat' dir='ltr'><strong>attulisset,</strong></span> <span class='ocrx_word' id='word_1_481' title='bbox 2769 3715 3030 3787; x_wconf 90' lang='lat' dir='ltr'><strong>quinque</strong></span> <span class='ocrx_word' id='word_1_482' title='bbox 3059 3718 3162 3771; x_wconf 88' lang='lat' dir='ltr'><strong>aut</strong></span> <span class='ocrx_word' id='word_1_483' title='bbox 3190 3730 3291 3772; x_wconf 84' lang='lat' dir='ltr'><strong>sex</strong></span> <span class='ocrx_word' id='word_1_484' title='bbox 3309 3712 3585 3771; x_wconf 85' lang='lat' dir='ltr'><strong>denarios</strong></span> <span class='ocrx_word' id='word_1_485' title='bbox 3610 3712 3687 3771; x_wconf 82' lang='lat' dir='ltr'><strong>ab</strong></span> <span class='ocrx_word' id='word_1_486' title='bbox 3706 3729 3778 3770; x_wconf 86' lang='lat' dir='ltr'><strong>eo</strong></span> 
     </span>
    </p>
   </div>
   <div class='ocr_carea' id='block_1_40' title="bbox 499 3806 3777 3884">
    <p class='ocr_par' dir='ltr' id='par_1_40' title="bbox 499 3806 3777 3884">
     <span class='ocr_line' id='line_1_40' title="bbox 499 3806 3777 3884; baseline 0.001 -19"><span class='ocrx_word' id='word_1_487' title='bbox 499 3806 841 3883; x_wconf 88' lang='lat' dir='ltr'><strong>perciperet.</strong></span> <span class='ocrx_word' id='word_1_488' title='bbox 876 3807 993 3863; x_wconf 87' lang='lat' dir='ltr'><strong>Hoc</strong></span> <span class='ocrx_word' id='word_1_489' title='bbox 1023 3810 1221 3863; x_wconf 90' lang='lat' dir='ltr'><strong>autem</strong></span> <span class='ocrx_word' id='word_1_490' title='bbox 1263 3807 1463 3880; x_wconf 90' lang='lat' dir='ltr'><strong>populi</strong></span> <span class='ocrx_word' id='word_1_491' title='bbox 1512 3809 1816 3866; x_wconf 86' lang='lat' dir='ltr'><strong>audientes</strong></span> <span class='ocrx_word' id='word_1_492' title='bbox 1868 3815 2169 3884; x_wconf 76' lang='lat' dir='ltr'><strong>cmperunt</strong></span> <span class='ocrx_word' id='word_1_493' title='bbox 2227 3811 2343 3867; x_wconf 91' lang='lat' dir='ltr'><strong>huc</strong></span> <span class='ocrx_word' id='word_1_494' title='bbox 2391 3815 2569 3883; x_wconf 89' lang='lat' dir='ltr'><strong>atque</strong></span> <span class='ocrx_word' id='word_1_495' title='bbox 2624 3809 2765 3867; x_wconf 91' lang='lat' dir='ltr'><strong>illuc</strong></span> <span class='ocrx_word' id='word_1_496' title='bbox 2822 3810 3169 3879; x_wconf 90' lang='lat' dir='ltr'><strong>discurrere,</strong></span> <span class='ocrx_word' id='word_1_497' title='bbox 3202 3826 3423 3884; x_wconf 89' lang='lat' dir='ltr'><strong>easque</strong></span> <span class='ocrx_word' id='word_1_498' title='bbox 3451 3826 3684 3884; x_wconf 62' lang='lat' dir='ltr'><strong>capere,</strong></span> <span class='ocrx_word' id='word_1_499' title='bbox 3714 3814 3777 3868; x_wconf 81' lang='lat' dir='ltr'><strong>et</strong></span> 
     </span>
    </p>
   </div>
   <div class='ocr_carea' id='block_1_41' title="bbox 396 3901 3775 3981">
    <p class='ocr_par' dir='ltr' id='par_1_41' title="bbox 396 3901 3775 3981">
     <span class='ocr_line' id='line_1_41' title="bbox 396 3901 3775 3981; baseline -0 -17"><span class='ocrx_word' id='word_1_500' title='bbox 396 3909 465 3964; x_wconf 87' lang='grc'><strong>15</strong></span> <span class='ocrx_word' id='word_1_501' title='bbox 502 3905 1054 3963; x_wconf 90' lang='lat' dir='ltr'><strong>misericordissimo</strong></span> <span class='ocrx_word' id='word_1_502' title='bbox 1087 3905 1237 3961; x_wconf 89' lang='lat' dir='ltr'><strong>Patri</strong></span> <span class='ocrx_word' id='word_1_503' title='bbox 1271 3906 1343 3961; x_wconf 90' lang='lat' dir='ltr'><strong>ad</strong></span> <span class='ocrx_word' id='word_1_504' title='bbox 1374 3907 1686 3963; x_wconf 88' lang='lat' dir='ltr'><strong>emendum</strong></span> <span class='ocrx_word' id='word_1_505' title='bbox 1721 3912 1971 3980; x_wconf 90' lang='lat' dir='ltr'><strong>portare.</strong></span> <span class='ocrx_word' id='word_1_506' title='bbox 2010 3909 2123 3965; x_wconf 90' lang='lat' dir='ltr'><strong>Sed</strong></span> <span class='ocrx_word' id='word_1_507' title='bbox 2153 3927 2287 3966; x_wconf 90' lang='lat' dir='ltr'><strong>cum</strong></span> <span class='ocrx_word' id='word_1_508' title='bbox 2320 3908 2452 3965; x_wconf 90' lang='lat' dir='ltr'><strong>illas</strong></span> <span class='ocrx_word' id='word_1_509' title='bbox 2480 3901 2582 3964; x_wconf 76' lang='lat' dir='ltr'><strong>tali</strong></span> <span class='ocrx_word' id='word_1_510' title='bbox 2628 3911 2973 3981; x_wconf 88' lang='lat' dir='ltr'><strong>argumento</strong></span> <span class='ocrx_word' id='word_1_511' title='bbox 3031 3907 3223 3965; x_wconf 88' lang='lat' dir='ltr'><strong>delere</strong></span> <span class='ocrx_word' id='word_1_512' title='bbox 3280 3907 3667 3981; x_wconf 84' lang='lat' dir='ltr'><strong>nequivisset,</strong></span> <span class='ocrx_word' id='word_1_513' title='bbox 3702 3908 3775 3963; x_wconf 90' lang='lat' dir='ltr'><strong>ad</strong></span> 
     </span>
    </p>
   </div>
   <div class='ocr_carea' id='block_1_42' title="bbox 499 4003 3777 4079">
    <p class='ocr_par' dir='ltr' id='par_1_42' title="bbox 499 4003 3777 4079">
     <span class='ocr_line' id='line_1_42' title="bbox 499 4003 3777 4079; baseline 0 -17"><span class='ocrx_word' id='word_1_514' title='bbox 499 4003 730 4062; x_wconf 91' lang='lat' dir='ltr'><strong>Domini</strong></span> <span class='ocrx_word' id='word_1_515' title='bbox 762 4003 1224 4061; x_wconf 90' lang='lat' dir='ltr'><strong>misericordiam</strong></span> <span class='ocrx_word' id='word_1_516' title='bbox 1258 4005 1624 4077; x_wconf 84' lang='lat' dir='ltr'><strong>confugiens,</strong></span> <span class='ocrx_word' id='word_1_517' title='bbox 1659 4006 1718 4061; x_wconf 90' lang='lat' dir='ltr'><strong>in</strong></span> <span class='ocrx_word' id='word_1_518' title='bbox 1750 4006 2070 4062; x_wconf 88' lang='lat' dir='ltr'><strong>oratorium</strong></span> <span class='ocrx_word' id='word_1_519' title='bbox 2102 4007 2256 4063; x_wconf 90' lang='lat' dir='ltr'><strong>beati</strong></span> <span class='ocrx_word' id='word_1_520' title='bbox 2290 4004 2572 4079; x_wconf 88' lang='lat' dir='ltr'><strong>Gregorii,</strong></span> <span class='ocrx_word' id='word_1_521' title='bbox 2608 4004 2710 4062; x_wconf 91' lang='lat' dir='ltr'><strong>ubi</strong></span> <span class='ocrx_word' id='word_1_522' title='bbox 2758 4006 2888 4078; x_wconf 91' lang='lat' dir='ltr'><strong>ejus</strong></span> <span class='ocrx_word' id='word_1_523' title='bbox 2934 4004 3121 4062; x_wconf 86' lang='lat' dir='ltr'><strong>lectus</strong></span> <span class='ocrx_word' id='word_1_524' title='bbox 3172 4004 3445 4073; x_wconf 88' lang='lat' dir='ltr'><strong>habetur,</strong></span> <span class='ocrx_word' id='word_1_525' title='bbox 3469 4005 3651 4077; x_wconf 83' lang='lat' dir='ltr'><strong>juxta</strong></span> <span class='ocrx_word' id='word_1_526' title='bbox 3677 4022 3777 4062; x_wconf 89' lang='lat' dir='ltr'><strong>ec-</strong></span> 
     </span>
    </p>
   </div>
   <div class='ocr_carea' id='block_1_43' title="bbox 499 4081 3777 4176">
    <p class='ocr_par' dir='ltr' id='par_1_43' title="bbox 499 4081 3777 4176">
     <span class='ocr_line' id='line_1_43' title="bbox 499 4081 3777 4176; baseline 0.001 -20"><span class='ocrx_word' id='word_1_527' title='bbox 499 4099 737 4157; x_wconf 88' lang='lat' dir='ltr'><strong>clesiam</strong></span> <span class='ocrx_word' id='word_1_528' title='bbox 764 4098 1046 4172; x_wconf 89' lang='lat' dir='ltr'><strong>principis</strong></span> <span class='ocrx_word' id='word_1_529' title='bbox 1077 4099 1494 4173; x_wconf 84' lang='lat' dir='ltr'><strong>apostolorum,</strong></span> <span class='ocrx_word' id='word_1_530' title='bbox 1527 4081 1764 4157; x_wconf 77' lang='lat' dir='ltr'><strong>veniens</strong></span> <span class='ocrx_word' id='word_1_531' title='bbox 1798 4119 1923 4159; x_wconf 86' lang='lat' dir='ltr'><strong>sese</strong></span> <span class='ocrx_word' id='word_1_532' title='bbox 1956 4120 2092 4161; x_wconf 91' lang='lat' dir='ltr'><strong>cum</strong></span> <span class='ocrx_word' id='word_1_533' title='bbox 2121 4104 2396 4176; x_wconf 80' lang='lat' dir='ltr'><strong>lacrymis</strong></span> <span class='ocrx_word' id='word_1_534' title='bbox 2425 4102 2485 4158; x_wconf 92' lang='lat' dir='ltr'><strong>in</strong></span> <span class='ocrx_word' id='word_1_535' title='bbox 2517 4104 2842 4161; x_wconf 88' lang='lat' dir='ltr'><strong>orationem</strong></span> <span class='ocrx_word' id='word_1_536' title='bbox 2874 4103 3057 4172; x_wconf 89' lang='lat' dir='ltr'><strong>dedit,</strong></span> <span class='ocrx_word' id='word_1_537' title='bbox 3088 4118 3345 4175; x_wconf 87' lang='lat' dir='ltr'><strong>cumque</strong></span> <span class='ocrx_word' id='word_1_538' title='bbox 3381 4103 3615 4160; x_wconf 88' lang='lat' dir='ltr'><strong>diutius</strong></span> <span class='ocrx_word' id='word_1_539' title='bbox 3644 4120 3777 4159; x_wconf 85' lang='lat' dir='ltr'><strong>ora-</strong></span> 
     </span>
    </p>
   </div>
   <div class='ocr_carea' id='block_1_44' title="bbox 500 4197 3778 4274">
    <p class='ocr_par' dir='ltr' id='par_1_44' title="bbox 500 4197 3778 4274">
     <span class='ocr_line' id='line_1_44' title="bbox 500 4197 3778 4274; baseline 0 -20"><span class='ocrx_word' id='word_1_540' title='bbox 500 4203 608 4270; x_wconf 91' lang='lat' dir='ltr'><strong>ret,</strong></span> <span class='ocrx_word' id='word_1_541' title='bbox 642 4197 911 4267; x_wconf 86' lang='lat' dir='ltr'><strong>surrexit,</strong></span> <span class='ocrx_word' id='word_1_542' title='bbox 954 4200 1011 4254; x_wconf 89' lang='lat' dir='ltr'><strong>et</strong></span> <span class='ocrx_word' id='word_1_543' title='bbox 1039 4214 1253 4270; x_wconf 88' lang='lat' dir='ltr'><strong>aquam</strong></span> <span class='ocrx_word' id='word_1_544' title='bbox 1306 4197 1556 4271; x_wconf 90' lang='lat' dir='ltr'><strong>propriis</strong></span> <span class='ocrx_word' id='word_1_545' title='bbox 1604 4199 1879 4257; x_wconf 90' lang='lat' dir='ltr'><strong>manibus</strong></span> <span class='ocrx_word' id='word_1_546' title='bbox 1937 4201 2306 4271; x_wconf 88' lang='lat' dir='ltr'><strong>benedicens,</strong></span> <span class='ocrx_word' id='word_1_547' title='bbox 2365 4199 2782 4258; x_wconf 88' lang='lat' dir='ltr'><strong>mansionariis</strong></span> <span class='ocrx_word' id='word_1_548' title='bbox 2836 4199 3133 4274; x_wconf 68' lang='lat' dir='ltr'><strong>praecepit,</strong></span> <span class='ocrx_word' id='word_1_549' title='bbox 3165 4199 3367 4256; x_wconf 89' lang='lat' dir='ltr'><strong>dicens</strong></span> <span class='ocrx_word' id='word_1_550' title='bbox 3399 4215 3414 4255; x_wconf 89' lang='lat'><strong>:</strong></span> <span class='ocrx_word' id='word_1_551' title='bbox 3448 4198 3687 4265; x_wconf 86' lang='lat' dir='ltr'><strong>Tollite,</strong></span> <span class='ocrx_word' id='word_1_552' title='bbox 3716 4204 3778 4255; x_wconf 85' lang='lat' dir='ltr'><strong>et</strong></span> 
     </span>
    </p>
   </div>
   <div class='ocr_carea' id='block_1_45' title="bbox 501 4294 3777 4373">
    <p class='ocr_par' dir='ltr' id='par_1_45' title="bbox 501 4294 3777 4373">
     <span class='ocr_line' id='line_1_45' title="bbox 501 4294 3777 4373; baseline 0.001 -21"><span class='ocrx_word' id='word_1_553' title='bbox 501 4294 749 4371; x_wconf 88' lang='lat' dir='ltr'><strong>singulis</strong></span> <span class='ocrx_word' id='word_1_554' title='bbox 779 4294 1133 4362; x_wconf 90' lang='lat' dir='ltr'><strong>distribuite,</strong></span> <span class='ocrx_word' id='word_1_555' title='bbox 1168 4300 1472 4353; x_wconf 89' lang='lat' dir='ltr'><strong>monentes</strong></span> <span class='ocrx_word' id='word_1_556' title='bbox 1523 4300 1589 4352; x_wconf 90' lang='lat' dir='ltr'><strong>ut</strong></span> <span class='ocrx_word' id='word_1_557' title='bbox 1632 4298 1692 4354; x_wconf 92' lang='lat' dir='ltr'><strong>in</strong></span> <span class='ocrx_word' id='word_1_558' title='bbox 1742 4299 1979 4356; x_wconf 90' lang='lat' dir='ltr'><strong>nomine</strong></span> <span class='ocrx_word' id='word_1_559' title='bbox 2034 4299 2268 4357; x_wconf 90' lang='lat' dir='ltr'><strong>Domini</strong></span> <span class='ocrx_word' id='word_1_560' title='bbox 2307 4316 2479 4373; x_wconf 84' lang='lat' dir='ltr'><strong>agros</strong></span> <span class='ocrx_word' id='word_1_561' title='bbox 2508 4315 2648 4355; x_wconf 90' lang='lat' dir='ltr'><strong>suos</strong></span> <span class='ocrx_word' id='word_1_562' title='bbox 2679 4300 3062 4367; x_wconf 90' lang='lat' dir='ltr'><strong>circumeant,</strong></span> <span class='ocrx_word' id='word_1_563' title='bbox 3094 4302 3152 4354; x_wconf 89' lang='lat' dir='ltr'><strong>et</strong></span> <span class='ocrx_word' id='word_1_564' title='bbox 3179 4297 3333 4354; x_wconf 90' lang='lat' dir='ltr'><strong>hanc</strong></span> <span class='ocrx_word' id='word_1_565' title='bbox 3359 4312 3580 4370; x_wconf 86' lang='lat' dir='ltr'><strong>aquam</strong></span> <span class='ocrx_word' id='word_1_566' title='bbox 3610 4314 3777 4370; x_wconf 83' lang='lat' dir='ltr'><strong>spar-</strong></span> 
     </span>
    </p>
   </div>
   <div class='ocr_carea' id='block_1_46' title="bbox 392 4393 3771 4471">
    <p class='ocr_par' dir='ltr' id='par_1_46' title="bbox 392 4393 3771 4471">
     <span class='ocr_line' id='line_1_46' title="bbox 392 4393 3771 4471; baseline -0 -20"><span class='ocrx_word' id='word_1_567' title='bbox 392 4397 464 4451; x_wconf 90' lang='lat'><strong>20</strong></span> <span class='ocrx_word' id='word_1_568' title='bbox 502 4398 644 4470; x_wconf 87' lang='lat' dir='ltr'><strong>gant</strong></span> <span class='ocrx_word' id='word_1_569' title='bbox 672 4411 776 4467; x_wconf 89' lang='lat' dir='ltr'><strong>per</strong></span> <span class='ocrx_word' id='word_1_570' title='bbox 806 4398 934 4449; x_wconf 88' lang='lat' dir='ltr'><strong>sata</strong></span> <span class='ocrx_word' id='word_1_571' title='bbox 963 4397 1021 4448; x_wconf 92' lang='lat' dir='ltr'><strong>et</strong></span> <span class='ocrx_word' id='word_1_572' title='bbox 1049 4393 1270 4459; x_wconf 89' lang='lat' dir='ltr'><strong>vineas,</strong></span> <span class='ocrx_word' id='word_1_573' title='bbox 1301 4398 1564 4467; x_wconf 86' lang='lat' dir='ltr'><strong>petentes</strong></span> <span class='ocrx_word' id='word_1_574' title='bbox 1594 4396 1857 4452; x_wconf 87' lang='lat' dir='ltr'><strong>divinum</strong></span> <span class='ocrx_word' id='word_1_575' title='bbox 1889 4397 2002 4453; x_wconf 92' lang='lat' dir='ltr'><strong>sibi</strong></span> <span class='ocrx_word' id='word_1_576' title='bbox 2033 4396 2419 4471; x_wconf 84' lang='lat' dir='ltr'><strong>suﬂ&#39;gragium</strong></span> <span class='ocrx_word' id='word_1_577' title='bbox 2449 4399 2507 4453; x_wconf 91' lang='lat' dir='ltr'><strong>et</strong></span> <span class='ocrx_word' id='word_1_578' title='bbox 2535 4395 2893 4452; x_wconf 91' lang='lat' dir='ltr'><strong>subsidium.</strong></span> <span class='ocrx_word' id='word_1_579' title='bbox 2928 4398 3051 4462; x_wconf 88' lang='lat' dir='ltr'><strong>Quo</strong></span> <span class='ocrx_word' id='word_1_580' title='bbox 3097 4395 3250 4451; x_wconf 81' lang='lat' dir='ltr'><strong>facto</strong></span> <span class='ocrx_word' id='word_1_581' title='bbox 3295 4398 3464 4450; x_wconf 88' lang='lat' dir='ltr'><strong>tanta</strong></span> <span class='ocrx_word' id='word_1_582' title='bbox 3494 4395 3771 4467; x_wconf 84' lang='lat' dir='ltr'><strong>omnipo-</strong></span> 
     </span>
    </p>
   </div>
   <div class='ocr_carea' id='block_1_47' title="bbox 501 4490 3774 4568">
    <p class='ocr_par' dir='ltr' id='par_1_47' title="bbox 501 4490 3774 4568">
     <span class='ocr_line' id='line_1_47' title="bbox 501 4490 3774 4568; baseline 0 -19"><span class='ocrx_word' id='word_1_583' title='bbox 501 4491 679 4549; x_wconf 88' lang='lat' dir='ltr'><strong>tentis</strong></span> <span class='ocrx_word' id='word_1_584' title='bbox 710 4491 809 4547; x_wconf 92' lang='lat' dir='ltr'><strong>Dei</strong></span> <span class='ocrx_word' id='word_1_585' title='bbox 841 4491 1157 4547; x_wconf 90' lang='lat' dir='ltr'><strong>subsecuta</strong></span> <span class='ocrx_word' id='word_1_586' title='bbox 1186 4497 1274 4548; x_wconf 90' lang='lat' dir='ltr'><strong>est</strong></span> <span class='ocrx_word' id='word_1_587' title='bbox 1303 4490 1725 4561; x_wconf 88' lang='lat' dir='ltr'><strong>misericordia,</strong></span> <span class='ocrx_word' id='word_1_588' title='bbox 1758 4499 1823 4550; x_wconf 90' lang='lat' dir='ltr'><strong>ut</strong></span> <span class='ocrx_word' id='word_1_589' title='bbox 1853 4496 2189 4568; x_wconf 89' lang='lat' dir='ltr'><strong>ubicunque</strong></span> <span class='ocrx_word' id='word_1_590' title='bbox 2219 4494 2349 4568; x_wconf 87' lang='lat' dir='ltr'><strong>ipsa</strong></span> <span class='ocrx_word' id='word_1_591' title='bbox 2379 4511 2533 4567; x_wconf 88' lang='lat' dir='ltr'><strong>aqua</strong></span> <span class='ocrx_word' id='word_1_592' title='bbox 2561 4510 2881 4566; x_wconf 88' lang='lat' dir='ltr'><strong>conspersa</strong></span> <span class='ocrx_word' id='word_1_593' title='bbox 2931 4497 3022 4550; x_wconf 90' lang='lat' dir='ltr'><strong>est</strong></span> <span class='ocrx_word' id='word_1_594' title='bbox 3067 4491 3231 4549; x_wconf 90' lang='lat' dir='ltr'><strong>nulla</strong></span> <span class='ocrx_word' id='word_1_595' title='bbox 3275 4491 3513 4564; x_wconf 89' lang='lat' dir='ltr'><strong>penitus</strong></span> <span class='ocrx_word' id='word_1_596' title='bbox 3542 4491 3774 4549; x_wconf 81' lang='lat' dir='ltr'><strong>locusta</strong></span> 
     </span>
    </p>
   </div>
   <div class='ocr_carea' id='block_1_48' title="bbox 502 4588 3775 4664">
    <p class='ocr_par' dir='ltr' id='par_1_48' title="bbox 502 4588 3775 4664">
     <span class='ocr_line' id='line_1_48' title="bbox 502 4588 3775 4664; baseline -0.001 -17"><span class='ocrx_word' id='word_1_597' title='bbox 502 4594 848 4647; x_wconf 88' lang='lat' dir='ltr'><strong>remaneret.</strong></span> <span class='ocrx_word' id='word_1_598' title='bbox 885 4591 1012 4646; x_wconf 68' lang='lat' dir='ltr'><strong>llaec</strong></span> <span class='ocrx_word' id='word_1_599' title='bbox 1042 4588 1502 4664; x_wconf 88' lang='lat' dir='ltr'><strong>circumquaque</strong></span> <span class='ocrx_word' id='word_1_600' title='bbox 1524 4591 1698 4647; x_wconf 88' lang='lat' dir='ltr'><strong>vicini</strong></span> <span class='ocrx_word' id='word_1_601' title='bbox 1724 4593 2028 4649; x_wconf 88' lang='lat' dir='ltr'><strong>audientes</strong></span> <span class='ocrx_word' id='word_1_602' title='bbox 2056 4593 2129 4649; x_wconf 90' lang='lat' dir='ltr'><strong>ad</strong></span> <span class='ocrx_word' id='word_1_603' title='bbox 2162 4592 2376 4648; x_wconf 90' lang='lat' dir='ltr'><strong>Urbem</strong></span> <span class='ocrx_word' id='word_1_604' title='bbox 2407 4591 2735 4660; x_wconf 89' lang='lat' dir='ltr'><strong>conﬂuunt,</strong></span> <span class='ocrx_word' id='word_1_605' title='bbox 2768 4589 3065 4647; x_wconf 91' lang='lat' dir='ltr'><strong>subveniri</strong></span> <span class='ocrx_word' id='word_1_606' title='bbox 3110 4588 3225 4646; x_wconf 91' lang='lat' dir='ltr'><strong>sibi</strong></span> <span class='ocrx_word' id='word_1_607' title='bbox 3263 4589 3615 4662; x_wconf 84' lang='lat' dir='ltr'><strong>deposcunt,</strong></span> <span class='ocrx_word' id='word_1_608' title='bbox 3647 4605 3775 4645; x_wconf 87' lang='lat' dir='ltr'><strong>om-</strong></span> 
     </span>
    </p>
   </div>
   <div class='ocr_carea' id='block_1_49' title="bbox 502 4686 3775 4763">
    <p class='ocr_par' dir='ltr' id='par_1_49' title="bbox 502 4686 3775 4763">
     <span class='ocr_line' id='line_1_49' title="bbox 502 4686 3775 4763; baseline -0.001 -20"><span class='ocrx_word' id='word_1_609' title='bbox 502 4704 638 4743; x_wconf 91' lang='lat' dir='ltr'><strong>nem</strong></span> <span class='ocrx_word' id='word_1_610' title='bbox 668 4691 883 4743; x_wconf 87' lang='lat' dir='ltr'><strong>terram</strong></span> <span class='ocrx_word' id='word_1_611' title='bbox 917 4688 976 4743; x_wconf 93' lang='lat' dir='ltr'><strong>in</strong></span> <span class='ocrx_word' id='word_1_612' title='bbox 1010 4687 1264 4760; x_wconf 89' lang='lat' dir='ltr'><strong>pulveris</strong></span> <span class='ocrx_word' id='word_1_613' title='bbox 1294 4689 1537 4744; x_wconf 90' lang='lat' dir='ltr'><strong>modum</strong></span> <span class='ocrx_word' id='word_1_614' title='bbox 1570 4688 1812 4746; x_wconf 88' lang='lat' dir='ltr'><strong>locustis</strong></span> <span class='ocrx_word' id='word_1_615' title='bbox 1843 4695 2174 4763; x_wconf 86' lang='lat' dir='ltr'><strong>occpertam</strong></span> <span class='ocrx_word' id='word_1_616' title='bbox 2205 4688 2527 4758; x_wconf 90' lang='lat' dir='ltr'><strong>clamitant,</strong></span> <span class='ocrx_word' id='word_1_617' title='bbox 2560 4705 2708 4762; x_wconf 91' lang='lat' dir='ltr'><strong>quos</strong></span> <span class='ocrx_word' id='word_1_618' title='bbox 2752 4687 3060 4761; x_wconf 88' lang='lat' dir='ltr'><strong>piissimus</strong></span> <span class='ocrx_word' id='word_1_619' title='bbox 3107 4704 3260 4760; x_wconf 89' lang='lat' dir='ltr'><strong>papa</strong></span> <span class='ocrx_word' id='word_1_620' title='bbox 3302 4686 3559 4758; x_wconf 87' lang='lat' dir='ltr'><strong>benigne</strong></span> <span class='ocrx_word' id='word_1_621' title='bbox 3606 4702 3775 4742; x_wconf 87' lang='lat' dir='ltr'><strong>com-</strong></span> 
     </span>
    </p>
   </div>
   <div class='ocr_carea' id='block_1_50' title="bbox 507 4783 3776 4860">
    <p class='ocr_par' dir='ltr' id='par_1_50' title="bbox 507 4783 3776 4860">
     <span class='ocr_line' id='line_1_50' title="bbox 507 4783 3776 4860; baseline 0.001 -23"><span class='ocrx_word' id='word_1_622' title='bbox 507 4784 755 4853; x_wconf 88' lang='lat' dir='ltr'><strong>monuit,</strong></span> <span class='ocrx_word' id='word_1_623' title='bbox 789 4801 888 4841; x_wconf 91' lang='lat' dir='ltr'><strong>eos</strong></span> <span class='ocrx_word' id='word_1_624' title='bbox 946 4785 1017 4842; x_wconf 90' lang='lat' dir='ltr'><strong>de</strong></span> <span class='ocrx_word' id='word_1_625' title='bbox 1072 4784 1215 4843; x_wconf 65' lang='lat' dir='ltr'><strong>coelo</strong></span> <span class='ocrx_word' id='word_1_626' title='bbox 1273 4786 1558 4842; x_wconf 82' lang='lat' dir='ltr'><strong>auxilium</strong></span> <span class='ocrx_word' id='word_1_627' title='bbox 1615 4791 1812 4860; x_wconf 89' lang='lat' dir='ltr'><strong>petere</strong></span> <span class='ocrx_word' id='word_1_628' title='bbox 1869 4788 2079 4845; x_wconf 90' lang='lat' dir='ltr'><strong>debere</strong></span> <span class='ocrx_word' id='word_1_629' title='bbox 2135 4792 2339 4844; x_wconf 89' lang='lat' dir='ltr'><strong>contra</strong></span> <span class='ocrx_word' id='word_1_630' title='bbox 2396 4784 2694 4859; x_wconf 90' lang='lat' dir='ltr'><strong>ﬂagellum</strong></span> <span class='ocrx_word' id='word_1_631' title='bbox 2745 4784 3086 4852; x_wconf 89' lang='lat' dir='ltr'><strong>imminens,</strong></span> <span class='ocrx_word' id='word_1_632' title='bbox 3117 4787 3176 4840; x_wconf 91' lang='lat' dir='ltr'><strong>et</strong></span> <span class='ocrx_word' id='word_1_633' title='bbox 3201 4800 3337 4840; x_wconf 80' lang='lat' dir='ltr'><strong>mox</strong></span> <span class='ocrx_word' id='word_1_634' title='bbox 3366 4783 3523 4841; x_wconf 69' lang='lat' dir='ltr'><strong>laeta.</strong></span> <span class='ocrx_word' id='word_1_635' title='bbox 3567 4783 3776 4840; x_wconf 64' lang='lat' dir='ltr'><strong>Cetera</strong></span> 
     </span>
    </p>
   </div>
   <div class='ocr_carea' id='block_1_51' title="bbox 400 4878 906 4938">
    <p class='ocr_par' dir='ltr' id='par_1_51' title="bbox 400 4878 906 4938">
     <span class='ocr_line' id='line_1_51' title="bbox 400 4878 906 4938; baseline 0.012 -6"><span class='ocrx_word' id='word_1_636' title='bbox 400 4879 473 4932; x_wconf 87' lang='lat'><strong>25</strong></span> <span class='ocrx_word' id='word_1_637' title='bbox 508 4878 906 4938; x_wconf 76' lang='lat' dir='ltr'><strong>desiderantur.</strong></span> 
     </span>
    </p>
   </div>
   <div class='ocr_carea' id='block_1_52' title="bbox 1729 4973 2409 5033">
    <p class='ocr_par' dir='ltr' id='par_1_52' title="bbox 1729 4973 2409 5033">
     <span class='ocr_line' id='line_1_52' title="bbox 1729 4973 2409 5033; baseline -0.001 -4"><span class='ocrx_word' id='word_1_638' title='bbox 1729 4974 1972 5032; x_wconf 73' lang='lat' dir='ltr'><strong>VARI/E</strong></span> <span class='ocrx_word' id='word_1_639' title='bbox 2010 4973 2409 5033; x_wconf 85' lang='lat' dir='ltr'><strong>LECTIONES</strong></span> 
     </span>
    </p>
   </div>
   <div class='ocr_carea' id='block_1_53' title="bbox 599 5053 1774 5128">
    <p class='ocr_par' dir='ltr' id='par_1_53' title="bbox 599 5053 1774 5128">
     <span class='ocr_line' id='line_1_53' title="bbox 599 5053 1774 5128; baseline 0.009 -18"><span class='ocrx_word' id='word_1_640' title='bbox 599 5055 685 5110; x_wconf 77' lang='lat' dir='ltr'><strong>Ea:</strong></span> <span class='ocrx_word' id='word_1_641' title='bbox 711 5053 888 5111; x_wconf 84' lang='lat' dir='ltr'><strong>codice</strong></span> <span class='ocrx_word' id='word_1_642' title='bbox 919 5058 1096 5128; x_wconf 83' lang='lat' dir='ltr'><strong>Regio,</strong></span> <span class='ocrx_word' id='word_1_643' title='bbox 1132 5062 1424 5117; x_wconf 66' lang='lat' dir='ltr'><strong>Mazarino</strong></span> <span class='ocrx_word' id='word_1_644' title='bbox 1454 5068 1506 5118; x_wconf 80' lang='lat' dir='ltr'><strong>et</strong></span> <span class='ocrx_word' id='word_1_645' title='bbox 1537 5063 1774 5120; x_wconf 86' lang='lat' dir='ltr'><strong>Thuano.</strong></span> 
     </span>
    </p>
   </div>
   <div class='ocr_carea' id='block_1_54' title="bbox 439 5194 2020 5277">
    <p class='ocr_par' dir='ltr' id='par_1_54' title="bbox 439 5194 2020 5277">
     <span class='ocr_line' id='line_1_54' title="bbox 439 5194 2020 5277; baseline 0.006 -26"><span class='ocrx_word' id='word_1_646' title='bbox 439 5200 589 5277; x_wconf 52' lang='lat' dir='ltr'><strong>Nam</strong></span> <span class='ocrx_word' id='word_1_647' title='bbox 618 5194 743 5277; x_wconf 43' lang='lat' dir='ltr'><strong>Gil,</strong></span> <span class='ocrx_word' id='word_1_648' title='bbox 776 5195 861 5252; x_wconf 83' lang='lat' dir='ltr'><strong>lin</strong></span> <span class='ocrx_word' id='word_1_649' title='bbox 893 5196 1467 5277; x_wconf 47' lang='lat' dir='ltr'><strong>1,-Stephanu_s,ante</strong></span> <span class='ocrx_word' id='word_1_650' title='bbox 1495 5201 1857 5277; x_wconf 88' lang='lat' dir='ltr'><strong>Stephanum</strong></span> <span class='ocrx_word' id='word_1_651' title='bbox 1881 5223 2020 5277; x_wconf 72' lang='lat' dir='ltr'><strong>pra:-</strong></span> 
     </span>
    </p>
   </div>
   <div class='ocr_carea' id='block_1_55' title="bbox 369 5267 2019 5343">
    <p class='ocr_par' dir='ltr' id='par_1_55' title="bbox 369 5267 2019 5343">
     <span class='ocr_line' id='line_1_55' title="bbox 369 5267 2019 5343; baseline 0.004 -18"><span class='ocrx_word' id='word_1_652' title='bbox 369 5268 624 5343; x_wconf 66' lang='lat' dir='ltr'><strong>mittitur</strong></span> <span class='ocrx_word' id='word_1_653' title='bbox 651 5268 794 5343; x_wconf 78' lang='lat' dir='ltr'><strong>.loan</strong></span> <span class='ocrx_word' id='word_1_654' title='bbox 805 5284 907 5343; x_wconf 65' lang='lat' dir='ltr'><strong>nes</strong></span> <span class='ocrx_word' id='word_1_655' title='bbox 924 5267 1086 5343; x_wconf 45' lang='lat' dir='ltr'><strong>&#39;VlI_IL</strong></span> <span class='ocrx_word' id='word_1_656' title='bbox 1104 5268 1389 5343; x_wconf 76' lang='lat' dir='ltr'><strong>Martinus</strong></span> <span class='ocrx_word' id='word_1_657' title='bbox 1402 5267 1727 5343; x_wconf 72' lang='lat' dir='ltr'><strong>Secundus,</strong></span> <span class='ocrx_word' id='word_1_658' title='bbox 1744 5279 1802 5331; x_wconf 91' lang='lat' dir='ltr'><strong>et</strong></span> <span class='ocrx_word' id='word_1_659' title='bbox 1821 5267 2019 5331; x_wconf 76' lang='lat' dir='ltr'><strong>Adria-</strong></span> 
     </span>
    </p>
   </div>
   <div class='ocr_carea' id='block_1_56' title="bbox 371 5339 2019 5403">
    <p class='ocr_par' dir='ltr' id='par_1_56' title="bbox 371 5339 2019 5403">
     <span class='ocr_line' id='line_1_56' title="bbox 371 5339 2019 5403; baseline 0.005 -8"><span class='ocrx_word' id='word_1_660' title='bbox 371 5358 483 5397; x_wconf 87' lang='lat' dir='ltr'><strong>nus</strong></span> <span class='ocrx_word' id='word_1_661' title='bbox 515 5340 771 5395; x_wconf 89' lang='lat' dir='ltr'><strong>Tertius.</strong></span> <span class='ocrx_word' id='word_1_662' title='bbox 808 5340 1003 5395; x_wconf 84' lang='lat' dir='ltr'><strong>Verum</strong></span> <span class='ocrx_word' id='word_1_663' title='bbox 1029 5341 1147 5395; x_wconf 69' lang='lat' dir='ltr'><strong>Iuro</strong></span> <span class='ocrx_word' id='word_1_664' title='bbox 1174 5339 1399 5395; x_wconf 77' lang='lat' dir='ltr'><strong>alterius</strong></span> <span class='ocrx_word' id='word_1_665' title='bbox 1430 5346 1665 5398; x_wconf 71' lang='lat' dir='ltr'><strong>auc&#39;oris</strong></span> <span class='ocrx_word' id='word_1_666' title='bbox 1703 5339 1854 5400; x_wconf 71' lang='lat' dir='ltr'><strong>sunt.</strong></span> <span class='ocrx_word' id='word_1_667' title='bbox 1895 5348 2019 5403; x_wconf 85' lang='lat' dir='ltr'><strong>Vide</strong></span> 
     </span>
    </p>
   </div>
   <div class='ocr_carea' id='block_1_57' title="bbox 374 5410 2018 5485">
    <p class='ocr_par' dir='ltr' id='par_1_57' title="bbox 374 5410 2018 5485">
     <span class='ocr_line' id='line_1_57' title="bbox 374 5410 2018 5485; baseline 0.005 -19"><span class='ocrx_word' id='word_1_668' title='bbox 374 5412 679 5485; x_wconf 76' lang='lat' dir='ltr'><strong>testimonia</strong></span> <span class='ocrx_word' id='word_1_669' title='bbox 697 5410 763 5466; x_wconf 84' lang='lat' dir='ltr'><strong>de</strong></span> <span class='ocrx_word' id='word_1_670' title='bbox 789 5410 1078 5485; x_wconf 77' lang='lat' dir='ltr'><strong>Anastasio</strong></span> <span class='ocrx_word' id='word_1_671' title='bbox 1106 5412 1253 5485; x_wconf 60' lang='lat' dir='ltr'><strong>dicta</strong></span> <span class='ocrx_word' id='word_1_672' title='bbox 1293 5411 1391 5485; x_wconf 63' lang='grc' dir='ltr'><strong>Δζὶη</strong></span> <span class='ocrx_word' id='word_1_673' title='bbox 1426 5413 1557 5478; x_wconf 66' lang='lat' dir='ltr'><strong>Lex</strong></span> <span class='ocrx_word' id='word_1_674' title='bbox 1584 5420 1745 5485; x_wconf 87' lang='lat' dir='ltr'><strong>patre</strong></span> <span class='ocrx_word' id='word_1_675' title='bbox 1765 5418 2018 5474; x_wconf 89' lang='lat' dir='ltr'><strong>Adriano</strong></span> 
     </span>
    </p>
   </div>
   <div class='ocr_carea' id='block_1_58' title="bbox 375 5481 2022 5549">
    <p class='ocr_par' dir='ltr' id='par_1_58' title="bbox 375 5481 2022 5549">
     <span class='ocr_line' id='line_1_58' title="bbox 375 5481 2022 5549; baseline 0.005 -13"><span class='ocrx_word' id='word_1_676' title='bbox 375 5482 445 5536; x_wconf 91' lang='lat' dir='ltr'><strong>de</strong></span> <span class='ocrx_word' id='word_1_677' title='bbox 475 5482 567 5538; x_wconf 89' lang='lat' dir='ltr'><strong>via</strong></span> <span class='ocrx_word' id='word_1_678' title='bbox 601 5488 754 5548; x_wconf 85' lang='lat' dir='ltr'><strong>Lata,</strong></span> <span class='ocrx_word' id='word_1_679' title='bbox 790 5482 941 5537; x_wconf 87' lang='lat' dir='ltr'><strong>sedit</strong></span> <span class='ocrx_word' id='word_1_680' title='bbox 971 5499 1155 5538; x_wconf 89' lang='lat' dir='ltr'><strong>annos</strong></span> <span class='ocrx_word' id='word_1_681' title='bbox 1185 5483 1239 5547; x_wconf 88' lang='lat'><strong>6,</strong></span> <span class='ocrx_word' id='word_1_682' title='bbox 1274 5481 1398 5537; x_wconf 86' lang='lat' dir='ltr'><strong>dies</strong></span> <span class='ocrx_word' id='word_1_683' title='bbox 1419 5481 1623 5538; x_wconf 78' lang='lat' dir='ltr'><strong>novem</strong></span> <span class='ocrx_word' id='word_1_684' title='bbox 1651 5502 1664 5549; x_wconf 90' lang='lat'><strong>;</strong></span> <span class='ocrx_word' id='word_1_685' title='bbox 1689 5491 1745 5541; x_wconf 88' lang='lat' dir='ltr'><strong>et</strong></span> <span class='ocrx_word' id='word_1_686' title='bbox 1773 5490 2022 5545; x_wconf 86' lang='lat' dir='ltr'><strong>cessavit</strong></span> 
     </span>
    </p>
   </div>
   <div class='ocr_carea' id='block_1_59' title="bbox 375 5552 2018 5697">
    <p class='ocr_par' dir='ltr' id='par_1_59' title="bbox 375 5552 2018 5697">
     <span class='ocr_line' id='line_1_59' title="bbox 375 5552 2018 5637; baseline 0.005 -30"><span class='ocrx_word' id='word_1_687' title='bbox 375 5552 754 5635; x_wconf 38' lang='lat' dir='ltr'><strong>episcopatus.</strong></span> <span class='ocrx_word' id='word_1_688' title='bbox 774 5552 980 5636; x_wconf 68' lang='lat' dir='ltr'><strong>diebus</strong></span> <span class='ocrx_word' id='word_1_689' title='bbox 1079 5553 1266 5624; x_wconf 84' lang='lat' dir='ltr'><strong>Hujus</strong></span> <span class='ocrx_word' id='word_1_690' title='bbox 1296 5554 1658 5637; x_wconf 79' lang='lat' dir='ltr'><strong>temporibus</strong></span> <span class='ocrx_word' id='word_1_691' title='bbox 1678 5557 2018 5630; x_wconf 84' lang='lat' dir='ltr'><strong>Normanni,</strong></span> 
     </span>
     <span class='ocr_line' id='line_1_60' title="bbox 377 5624 2018 5697; baseline 0.004 -18"><span class='ocrx_word' id='word_1_692' title='bbox 377 5624 670 5697; x_wconf 70' lang='lat' dir='ltr'><strong>adjunctis</strong></span> <span class='ocrx_word' id='word_1_693' title='bbox 709 5625 822 5697; x_wconf 71' lang='lat' dir='ltr'><strong>Sibi</strong></span> <span class='ocrx_word' id='word_1_694' title='bbox 871 5625 1061 5691; x_wconf 77' lang='lat' dir='ltr'><strong>Dama,</strong></span> <span class='ocrx_word' id='word_1_695' title='bbox 1095 5641 1240 5697; x_wconf 88' lang='lat' dir='ltr'><strong>pene</strong></span> <span class='ocrx_word' id='word_1_696' title='bbox 1269 5628 1449 5679; x_wconf 83' lang='lat' dir='ltr'><strong>totam</strong></span> <span class='ocrx_word' id='word_1_697' title='bbox 1482 5625 1729 5683; x_wconf 80' lang='lat' dir='ltr'><strong>Galliam</strong></span> <span class='ocrx_word' id='word_1_698' title='bbox 1758 5629 2018 5685; x_wconf 87' lang='lat' dir='ltr'><strong>devasta-</strong></span> 
     </span>
    </p>
   </div>
   <div class='ocr_carea' id='block_1_60' title="bbox 1048 5661 2020 5691">
    <p class='ocr_par' dir='ltr' id='par_1_60' title="bbox 1048 5661 2020 5691">
     <span class='ocr_line' id='line_1_61' title="bbox 1048 5661 2020 5691; baseline 0.008 -13"><span class='ocrx_word' id='word_1_699' title='bbox 1048 5666 1061 5691; x_wconf 76' lang='lat'><strong>,</strong></span> <span class='ocrx_word' id='word_1_700' title='bbox 1099 5661 1240 5691; x_wconf 80' lang='grc' dir='ltr'>μυιιυ</span> <span class='ocrx_word' id='word_1_701' title='bbox 1272 5661 1449 5679; x_wconf 61' lang='lat' dir='ltr'><strong>nutum</strong></span> <span class='ocrx_word' id='word_1_702' title='bbox 1483 5661 1729 5683; x_wconf 79' lang='grc' dir='ltr'><strong>υαιιιαιιι</strong></span> <span class='ocrx_word' id='word_1_703' title='bbox 1758 5661 2020 5685; x_wconf 63' lang='grc' dir='ltr'><strong>υυναδυζι⁸</strong></span> 
     </span>
    </p>
   </div>
   <div class='ocr_carea' id='block_1_61' title="bbox 376 5694 2023 5770">
    <p class='ocr_par' dir='ltr' id='par_1_61' title="bbox 376 5694 2023 5770">
     <span class='ocr_line' id='line_1_62' title="bbox 376 5694 2023 5770; baseline 0.004 -22"><span class='ocrx_word' id='word_1_704' title='bbox 376 5699 535 5770; x_wconf 48' lang='lat' dir='ltr'><strong>Eunt.</strong></span> <span class='ocrx_word' id='word_1_705' title='bbox 553 5694 789 5770; x_wconf 81' lang='lat' dir='ltr'><strong>Propter</strong></span> <span class='ocrx_word' id='word_1_706' title='bbox 808 5695 1069 5770; x_wconf 72' lang='lat' dir='ltr'><strong>ipsorum</strong></span> <span class='ocrx_word' id='word_1_707' title='bbox 1091 5694 1358 5770; x_wconf 78' lang='lat' dir='ltr'><strong>timorem</strong></span> <span class='ocrx_word' id='word_1_708' title='bbox 1382 5714 1594 5770; x_wconf 89' lang='lat' dir='ltr'><strong>corpus</strong></span> <span class='ocrx_word' id='word_1_709' title='bbox 1615 5699 1766 5754; x_wconf 87' lang='lat' dir='ltr'><strong>beati</strong></span> <span class='ocrx_word' id='word_1_710' title='bbox 1790 5701 2023 5755; x_wconf 87' lang='lat' dir='ltr'><strong>Martini</strong></span> 
     </span>
    </p>
   </div>
   <div class='ocr_carea' id='block_1_62' title="bbox 376 5766 2023 5842">
    <p class='ocr_par' dir='ltr' id='par_1_62' title="bbox 376 5766 2023 5842">
     <span class='ocr_line' id='line_1_63' title="bbox 376 5766 2023 5842; baseline 0.004 -21"><span class='ocrx_word' id='word_1_711' title='bbox 376 5766 735 5842; x_wconf 60' lang='lat' dir='ltr'><strong>Turpnensis</strong></span> <span class='ocrx_word' id='word_1_712' title='bbox 760 5766 1181 5842; x_wconf 66' lang='lat' dir='ltr'><strong>Altisiodorum</strong></span> <span class='ocrx_word' id='word_1_713' title='bbox 1211 5773 1302 5842; x_wconf 78' lang='lat' dir='ltr'><strong>est</strong></span> <span class='ocrx_word' id='word_1_714' title='bbox 1329 5766 1720 5842; x_wconf 74' lang='lat' dir='ltr'><strong>deportatum,</strong></span> <span class='ocrx_word' id='word_1_715' title='bbox 1754 5774 1811 5827; x_wconf 92' lang='lat' dir='ltr'><strong>et</strong></span> <span class='ocrx_word' id='word_1_716' title='bbox 1841 5771 1901 5826; x_wconf 92' lang='lat' dir='ltr'><strong>in</strong></span> <span class='ocrx_word' id='word_1_717' title='bbox 1931 5788 2023 5828; x_wconf 90' lang='lat' dir='ltr'><strong>ec-</strong></span> 
     </span>
    </p>
   </div>
   <div class='ocr_carea' id='block_1_63' title="bbox 376 5835 2026 5899">
    <p class='ocr_par' dir='ltr' id='par_1_63' title="bbox 376 5835 2026 5899">
     <span class='ocr_line' id='line_1_64' title="bbox 376 5835 2026 5899; baseline 0.002 -6"><span class='ocrx_word' id='word_1_718' title='bbox 376 5835 558 5893; x_wconf 90' lang='lat' dir='ltr'><strong>clesia</strong></span> <span class='ocrx_word' id='word_1_719' title='bbox 604 5838 788 5894; x_wconf 89' lang='lat' dir='ltr'><strong>sancti</strong></span> <span class='ocrx_word' id='word_1_720' title='bbox 837 5840 1109 5897; x_wconf 91' lang='lat' dir='ltr'><strong>Germani</strong></span> <span class='ocrx_word' id='word_1_721' title='bbox 1169 5835 1535 5899; x_wconf 75' lang='lat' dir='ltr'><strong>collocatum.</strong></span> <span class='ocrx_word' id='word_1_722' title='bbox 1572 5843 1682 5899; x_wconf 91' lang='lat' dir='ltr'><strong>Sed</strong></span> <span class='ocrx_word' id='word_1_723' title='bbox 1706 5835 2026 5899; x_wconf 84' lang='lat' dir='ltr'><strong>monachis</strong></span> 
     </span>
    </p>
   </div>
   <div class='ocr_carea' id='block_1_64' title="bbox 377 5908 2028 5986">
    <p class='ocr_par' dir='ltr' id='par_1_64' title="bbox 377 5908 2028 5986">
     <span class='ocr_line' id='line_1_65' title="bbox 377 5908 2028 5986; baseline 0.002 -22"><span class='ocrx_word' id='word_1_724' title='bbox 377 5912 618 5983; x_wconf 88' lang='lat' dir='ltr'><strong>propter</strong></span> <span class='ocrx_word' id='word_1_725' title='bbox 645 5908 966 5973; x_wconf 86' lang='lat' dir='ltr'><strong>oblationes</strong></span> <span class='ocrx_word' id='word_1_726' title='bbox 996 5912 1383 5986; x_wconf 87' lang='lat' dir='ltr'><strong>litigantibus,</strong></span> <span class='ocrx_word' id='word_1_727' title='bbox 1407 5918 1465 5973; x_wconf 91' lang='lat' dir='ltr'><strong>et</strong></span> <span class='ocrx_word' id='word_1_728' title='bbox 1492 5931 1598 5971; x_wconf 91' lang='lat' dir='ltr'><strong>suo</strong></span> <span class='ocrx_word' id='word_1_729' title='bbox 1631 5918 1832 5972; x_wconf 88' lang='lat' dir='ltr'><strong>sancto</strong></span> <span class='ocrx_word' id='word_1_730' title='bbox 1855 5914 2028 5969; x_wconf 88' lang='lat' dir='ltr'><strong>mira-</strong></span> 
     </span>
    </p>
   </div>
   <div class='ocr_carea' id='block_1_65' title="bbox 2036 5054 3779 5135">
    <p class='ocr_par' dir='ltr' id='par_1_65' title="bbox 2036 5054 3779 5135">
     <span class='ocr_line' id='line_1_66' title="bbox 2036 5054 3779 5135; baseline -0.005 -17"><span class='ocrx_word' id='word_1_731' title='bbox 2036 5069 2094 5135; x_wconf 66' lang='lat' dir='ltr'><strong>A</strong></span> <span class='ocrx_word' id='word_1_732' title='bbox 2124 5061 2274 5135; x_wconf 86' lang='lat' dir='ltr'><strong>cula,</strong></span> <span class='ocrx_word' id='word_1_733' title='bbox 2303 5078 2435 5135; x_wconf 77' lang='lat' dir='ltr'><strong>quae</strong></span> <span class='ocrx_word' id='word_1_734' title='bbox 2474 5061 2712 5135; x_wconf 78' lang='lat' dir='ltr'><strong>fiebant,</strong></span> <span class='ocrx_word' id='word_1_735' title='bbox 2745 5058 3217 5135; x_wconf 72' lang='lat' dir='ltr'><strong>adscribentibus</strong></span> <span class='ocrx_word' id='word_1_736' title='bbox 3265 5072 3392 5135; x_wconf 31' lang='lat' dir='ltr'><strong>pro.</strong></span> <span class='ocrx_word' id='word_1_737' title='bbox 3418 5054 3779 5135; x_wconf 70' lang='lat' dir='ltr'><strong>determina-</strong></span> 
     </span>
    </p>
   </div>
   <div class='ocr_carea' id='block_1_66' title="bbox 2124 5126 3781 5209">
    <p class='ocr_par' dir='ltr' id='par_1_66' title="bbox 2124 5126 3781 5209">
     <span class='ocr_line' id='line_1_67' title="bbox 2124 5126 3781 5209; baseline -0.004 -20"><span class='ocrx_word' id='word_1_738' title='bbox 2124 5126 2282 5209; x_wconf 81' lang='lat' dir='ltr'><strong>tione</strong></span> <span class='ocrx_word' id='word_1_739' title='bbox 2302 5126 2568 5203; x_wconf 77' lang='lat' dir='ltr'><strong>leprosus</strong></span> <span class='ocrx_word' id='word_1_740' title='bbox 2588 5126 2994 5209; x_wconf 55' lang='lat' dir='ltr'><strong>inter-sanctos</strong></span> <span class='ocrx_word' id='word_1_741' title='bbox 3006 5126 3322 5209; x_wconf 75' lang='lat' dir='ltr'><strong>Martinum</strong></span> <span class='ocrx_word' id='word_1_742' title='bbox 3344 5129 3403 5209; x_wconf 78' lang='lat' dir='ltr'><strong>et</strong></span> <span class='ocrx_word' id='word_1_743' title='bbox 3414 5126 3781 5209; x_wconf 71' lang='lat' dir='ltr'><strong>Germanum</strong></span> 
     </span>
    </p>
   </div>
   <div class='ocr_carea' id='block_1_67' title="bbox 2128 5197 3785 5277">
    <p class='ocr_par' dir='ltr' id='par_1_67' title="bbox 2128 5197 3785 5277">
     <span class='ocr_line' id='line_1_68' title="bbox 2128 5197 3785 5277; baseline -0.004 -18"><span class='ocrx_word' id='word_1_744' title='bbox 2128 5197 2377 5277; x_wconf 64' lang='lat' dir='ltr'><strong>positus,</strong></span> <span class='ocrx_word' id='word_1_745' title='bbox 2406 5220 2475 5258; x_wconf 85' lang='lat' dir='ltr'><strong>ex</strong></span> <span class='ocrx_word' id='word_1_746' title='bbox 2505 5208 2668 5274; x_wconf 89' lang='lat' dir='ltr'><strong>parte</strong></span> <span class='ocrx_word' id='word_1_747' title='bbox 2705 5203 2941 5277; x_wconf 69' lang='lat' dir='ltr'><strong>Martini</strong></span> <span class='ocrx_word' id='word_1_748' title='bbox 2988 5204 3227 5277; x_wconf 83' lang='lat' dir='ltr'><strong>curatus</strong></span> <span class='ocrx_word' id='word_1_749' title='bbox 3254 5202 3508 5277; x_wconf 82' lang='lat' dir='ltr'><strong>_tantum</strong></span> <span class='ocrx_word' id='word_1_750' title='bbox 3534 5216 3564 5277; x_wconf 89' lang='lat'><strong>;_</strong></span> <span class='ocrx_word' id='word_1_751' title='bbox 3579 5202 3641 5253; x_wconf 89' lang='lat' dir='ltr'><strong>et</strong></span> <span class='ocrx_word' id='word_1_752' title='bbox 3669 5197 3785 5277; x_wconf 81' lang='lat' dir='ltr'><strong>alia</strong></span> 
     </span>
    </p>
   </div>
   <div class='ocr_carea' id='block_1_68' title="bbox 2127 5270 3783 5346">
    <p class='ocr_par' dir='ltr' id='par_1_68' title="bbox 2127 5270 3783 5346">
     <span class='ocr_line' id='line_1_69' title="bbox 2127 5270 3783 5346; baseline -0.004 -15"><span class='ocrx_word' id='word_1_753' title='bbox 2127 5270 2293 5331; x_wconf 78' lang='lat' dir='ltr'><strong>nocte</strong></span> <span class='ocrx_word' id='word_1_754' title='bbox 2323 5270 2590 5346; x_wconf 77' lang='lat' dir='ltr'><strong>reversus</strong></span> <span class='ocrx_word' id='word_1_755' title='bbox 2623 5291 2693 5330; x_wconf 80' lang='lat' dir='ltr'><strong>ex</strong></span> <span class='ocrx_word' id='word_1_756' title='bbox 2723 5273 2838 5346; x_wconf 84' lang='lat' dir='ltr'><strong>alia</strong></span> <span class='ocrx_word' id='word_1_757' title='bbox 2867 5277 3032 5346; x_wconf 78' lang='lat' dir='ltr'><strong>parte</strong></span> <span class='ocrx_word' id='word_1_758' title='bbox 3063 5273 3134 5329; x_wconf 92' lang='lat' dir='ltr'><strong>ab</strong></span> <span class='ocrx_word' id='word_1_759' title='bbox 3167 5270 3376 5346; x_wconf 77' lang='lat' dir='ltr'><strong>eodem</strong></span> <span class='ocrx_word' id='word_1_760' title='bbox 3403 5274 3649 5346; x_wconf 66' lang='lat' dir='ltr'><strong>curatus</strong></span> <span class='ocrx_word' id='word_1_761' title='bbox 3670 5273 3783 5346; x_wconf 73' lang='lat' dir='ltr'><strong>est;</strong></span> 
     </span>
    </p>
   </div>
   <div class='ocr_carea' id='block_1_69' title="bbox 2126 5339 3787 5418">
    <p class='ocr_par' dir='ltr' id='par_1_69' title="bbox 2126 5339 3787 5418">
     <span class='ocr_line' id='line_1_70' title="bbox 2126 5339 3787 5418; baseline -0.004 -17"><span class='ocrx_word' id='word_1_762' title='bbox 2126 5364 2240 5402; x_wconf 90' lang='lat' dir='ltr'><strong>non</strong></span> <span class='ocrx_word' id='word_1_763' title='bbox 2264 5348 2500 5418; x_wconf 90' lang='lat' dir='ltr'><strong>propter</strong></span> <span class='ocrx_word' id='word_1_764' title='bbox 2519 5339 2926 5418; x_wconf 79' lang='lat' dir='ltr'><strong>impotentiam</strong></span> <span class='ocrx_word' id='word_1_765' title='bbox 2947 5342 3219 5418; x_wconf 79' lang='lat' dir='ltr'><strong>Germani</strong></span> <span class='ocrx_word' id='word_1_766' title='bbox 3242 5340 3382 5418; x_wconf 74' lang='lat' dir='ltr'><strong>;_sed</strong></span> <span class='ocrx_word' id='word_1_767' title='bbox 3404 5341 3563 5413; x_wconf 89' lang='lat' dir='ltr'><strong>quod</strong></span> <span class='ocrx_word' id='word_1_768' title='bbox 3585 5339 3787 5418; x_wconf 74' lang='lat' dir='ltr'><strong>hospi-</strong></span> 
     </span>
    </p>
   </div>
   <div class='ocr_carea' id='block_1_70' title="bbox 2128 5410 3650 5473">
    <p class='ocr_par' dir='ltr' id='par_1_70' title="bbox 2128 5410 3650 5473">
     <span class='ocr_line' id='line_1_71' title="bbox 2128 5410 3650 5473; baseline -0.005 0"><span class='ocrx_word' id='word_1_769' title='bbox 2128 5422 2245 5473; x_wconf 86' lang='lat' dir='ltr'><strong>tem</strong></span> <span class='ocrx_word' id='word_1_770' title='bbox 2268 5410 2849 5473; x_wconf 49' lang='lat' dir='ltr'><strong>honoravit-Caetera</strong></span> <span class='ocrx_word' id='word_1_771' title='bbox 2905 5417 3093 5471; x_wconf 87' lang='lat' dir='ltr'><strong>omnia</strong></span> <span class='ocrx_word' id='word_1_772' title='bbox 3149 5410 3549 5469; x_wconf 79' lang='lat' dir='ltr'><strong>desiderantur.</strong></span> <span class='ocrx_word' id='word_1_773' title='bbox 3584 5410 3650 5466; x_wconf 80' lang='lat' dir='ltr'><strong>In</strong></span> 
     </span>
    </p>
   </div>
   <div class='ocr_carea' id='block_1_71' title="bbox 2126 5481 3784 5558">
    <p class='ocr_par' dir='ltr' id='par_1_71' title="bbox 2126 5481 3784 5558">
     <span class='ocr_line' id='line_1_72' title="bbox 2126 5481 3784 5558; baseline -0.004 -14"><span class='ocrx_word' id='word_1_774' title='bbox 2126 5498 2308 5545; x_wconf 80' lang='lat' dir='ltr'><strong>autem</strong></span> <span class='ocrx_word' id='word_1_775' title='bbox 2333 5487 2610 5558; x_wconf 81' lang='lat' dir='ltr'><strong>Stephano</strong></span> <span class='ocrx_word' id='word_1_776' title='bbox 2652 5487 2857 5543; x_wconf 78' lang='lat' dir='ltr'><strong>desinit</strong></span> <span class='ocrx_word' id='word_1_777' title='bbox 2905 5486 3195 5542; x_wconf 65' lang='lat' dir='ltr'><strong>Anastasii</strong></span> <span class='ocrx_word' id='word_1_778' title='bbox 3434 5481 3784 5558; x_wconf 57' lang='lat' dir='ltr'><strong>legumina,</strong></span> 
     </span>
    </p>
   </div>
   <div class='ocr_carea' id='block_1_72' title="bbox 2129 5553 3793 5632">
    <p class='ocr_par' dir='ltr' id='par_1_72' title="bbox 2129 5553 3793 5632">
     <span class='ocr_line' id='line_1_73' title="bbox 2129 5553 3793 5632; baseline -0.006 -15"><span class='ocrx_word' id='word_1_779' title='bbox 2129 5575 2254 5632; x_wconf 52' lang='lat' dir='ltr'><strong>quae</strong></span> <span class='ocrx_word' id='word_1_780' title='bbox 2278 5553 2487 5631; x_wconf 77' lang='lat' dir='ltr'><strong>prodiit</strong></span> <span class='ocrx_word' id='word_1_781' title='bbox 2515 5575 2659 5632; x_wconf 86' lang='lat' dir='ltr'><strong>anno</strong></span> <span class='ocrx_word' id='word_1_782' title='bbox 2692 5559 2848 5632; x_wconf 58' lang='lat'><strong>1692.</strong></span> <span class='ocrx_word' id='word_1_783' title='bbox 2880 5563 3199 5630; x_wconf 75' lang='lat' dir='ltr'><strong>Sequuntur</strong></span> <span class='ocrx_word' id='word_1_784' title='bbox 3220 5556 3544 5632; x_wconf 49' lang='lat' dir='ltr'><strong>inﬁmique</strong></span> <span class='ocrx_word' id='word_1_785' title='bbox 3590 5553 3793 5632; x_wconf 54' lang='lat' dir='ltr'><strong>fodies</strong></span> 
     </span>
    </p>
   </div>
   <div class='ocr_carea' id='block_1_73' title="bbox 2129 5623 3791 5712">
    <p class='ocr_par' dir='ltr' id='par_1_73' title="bbox 2129 5623 3791 5712">
     <span class='ocr_line' id='line_1_74' title="bbox 2129 5623 3791 5712; baseline -0.003 -27"><span class='ocrx_word' id='word_1_786' title='bbox 2129 5623 2384 5712; x_wconf 42' lang='lat' dir='ltr'><strong>aliarum.</strong></span> <span class='ocrx_word' id='word_1_787' title='bbox 2412 5631 2735 5712; x_wconf 52' lang='lat' dir='ltr'><strong>pontiﬁcum</strong></span> <span class='ocrx_word' id='word_1_788' title='bbox 2776 5623 3559 5712; x_wconf 39' lang='lat' dir='ltr'><strong>Viaga,_usque_ad.Martinum</strong></span> <span class='ocrx_word' id='word_1_789' title='bbox 3590 5623 3791 5712; x_wconf 77' lang='lat' dir='ltr'><strong>Sed</strong></span> 
     </span>
    </p>
   </div>
   <div class='ocr_carea' id='block_1_74' title="bbox 2131 5698 3790 5784">
    <p class='ocr_par' dir='ltr' id='par_1_74' title="bbox 2131 5698 3790 5784">
     <span class='ocr_line' id='line_1_75' title="bbox 2131 5698 3790 5784; baseline 0.007 -28"><span class='ocrx_word' id='word_1_790' title='bbox 2131 5704 2261 5774; x_wconf 82' lang='lat' dir='ltr'><strong>quia</strong></span> <span class='ocrx_word' id='word_1_791' title='bbox 2292 5698 2445 5784; x_wconf 76' lang='lat' dir='ltr'><strong>nobis</strong></span> <span class='ocrx_word' id='word_1_792' title='bbox 2472 5698 2829 5784; x_wconf 50' lang='lat' dir='ltr'><strong>praepositum</strong></span> <span class='ocrx_word' id='word_1_793' title='bbox 2855 5702 2966 5783; x_wconf 76' lang='lat' dir='ltr'><strong>fuit</strong></span> <span class='ocrx_word' id='word_1_794' title='bbox 2989 5698 3343 5784; x_wconf 70' lang='lat' dir='ltr'><strong>Anastasz</strong></span> 
     </span>
    </p>
   </div>
   <div class='ocr_carea' id='block_1_75' title="bbox 2130 5772 3789 5849">
    <p class='ocr_par' dir='ltr' id='par_1_75' title="bbox 2130 5772 3789 5849">
     <span class='ocr_line' id='line_1_76' title="bbox 2130 5772 3789 5849; baseline -0.005 -21"><span class='ocrx_word' id='word_1_795' title='bbox 2130 5772 2269 5849; x_wconf 71' lang='lat' dir='ltr'><strong>sere,</strong></span> <span class='ocrx_word' id='word_1_796' title='bbox 2298 5779 2350 5827; x_wconf 77' lang='lat' dir='ltr'><strong>at</strong></span> <span class='ocrx_word' id='word_1_797' title='bbox 2383 5772 2646 5849; x_wconf 66' lang='lat' dir='ltr'><strong>purioris</strong></span> <span class='ocrx_word' id='word_1_798' title='bbox 2686 5772 2941 5828; x_wconf 79' lang='lat' dir='ltr'><strong>editionis</strong></span> <span class='ocrx_word' id='word_1_799' title='bbox 2977 5772 3329 5849; x_wconf 61' lang='lat' dir='ltr'><strong>occasionem</strong></span> <span class='ocrx_word' id='word_1_800' title='bbox 3382 5773 3654 5849; x_wconf 44' lang='lat' dir='ltr'><strong>praestare</strong></span> <span class='ocrx_word' id='word_1_801' title='bbox 3687 5772 3789 5849; x_wconf 72' lang='lat' dir='ltr'><strong>iis,</strong></span> 
     </span>
    </p>
   </div>
   <div class='ocr_carea' id='block_1_76' title="bbox 2134 5838 3794 5915">
    <p class='ocr_par' dir='ltr' id='par_1_76' title="bbox 2134 5838 3794 5915">
     <span class='ocr_line' id='line_1_77' title="bbox 2134 5838 3794 5915; baseline -0.003 -18"><span class='ocrx_word' id='word_1_802' title='bbox 2134 5844 2331 5915; x_wconf 83' lang='lat' dir='ltr'><strong>quibus</strong></span> <span class='ocrx_word' id='word_1_803' title='bbox 2357 5838 2537 5915; x_wconf 57' lang='lat' dir='ltr'><strong>majus</strong></span> <span class='ocrx_word' id='word_1_804' title='bbox 2566 5845 2742 5915; x_wconf 69' lang='lat' dir='ltr'><strong>otium</strong></span> <span class='ocrx_word' id='word_1_805' title='bbox 2774 5844 3027 5915; x_wconf 78' lang='lat' dir='ltr'><strong>suppetit,</strong></span> <span class='ocrx_word' id='word_1_806' title='bbox 3059 5840 3178 5915; x_wconf 83' lang='lat' dir='ltr'><strong>ideo</strong></span> <span class='ocrx_word' id='word_1_807' title='bbox 3235 5838 3703 5915; x_wconf 71' lang='lat' dir='ltr'><strong>hic__desinimus,</strong></span> <span class='ocrx_word' id='word_1_808' title='bbox 3732 5844 3794 5893; x_wconf 70' lang='lat' dir='ltr'><strong>et</strong></span> 
     </span>
    </p>
   </div>
   <div class='ocr_carea' id='block_1_77' title="bbox 2133 5908 3659 5988">
    <p class='ocr_par' dir='ltr' id='par_1_77' title="bbox 2133 5908 3659 5988">
     <span class='ocr_line' id='line_1_78' title="bbox 2133 5908 3659 5988; baseline -0.003 -18"><span class='ocrx_word' id='word_1_809' title='bbox 2133 5908 2411 5982; x_wconf 78' lang='lat' dir='ltr'><strong>negotium</strong></span> <span class='ocrx_word' id='word_1_810' title='bbox 2434 5908 2532 5969; x_wconf 83' lang='lat' dir='ltr'><strong>hoc</strong></span> <span class='ocrx_word' id='word_1_811' title='bbox 2562 5914 2679 5970; x_wconf 81' lang='lat' dir='ltr'><strong>illis</strong></span> <span class='ocrx_word' id='word_1_812' title='bbox 2703 5908 3078 5988; x_wconf 58' lang='lat' dir='ltr'><strong>peraqde</strong></span> <span class='ocrx_word' id='word_1_813' title='bbox 3104 5912 3248 5971; x_wconf 75' lang='lat' dir='ltr'><strong>ultro</strong></span> <span class='ocrx_word' id='word_1_814' title='bbox 3275 5908 3659 5984; x_wconf 76' lang='lat' dir='ltr'><strong>relinquimus.</strong></span> 
     </span>
    </p>
   </div>
  </div>
