1893 3068
99 171 132 202 91
769 171 1064 202 l’llliiLEGOMENA.
1477 207 1482 214 η
1700 170 1751 201 22’“

98 233 166 254 veus
182 226 233 261 (tt),
257 225 329 254 Elias
340 227 376 254 du
393 226 453 258 Pin,
471 230 553 261 atque
565 226 621 254 alii.
639 225 736 253 Latine
750 234 765 253 c
783 226 916 261 praeclaro
931 226 1028 253 codice
1043 225 1110 253 bibl.
1131 225 1250 253 cccnobii
1267 225 1390 261 Deipara:
1405 220 1734 262 Virginis’Guadalupen-

98 277 138 302 sis
153 275 214 302 ord.
233 275 264 302 D.
284 274 441 311 llieronymi
458 276 485 302 in
512 282 597 310 regno
611 275 751 307 Castellm,
768 275 910 302 transtulit
928 274 965 302 lo.
986 274 1147 307 lientcnius,
1163 275 1320 303 accuratior
1337 274 1414 306 Ziuo,
1432 275 1570 310 Sauloque
1586 277 1733 311 interpres,

97 322 179 355 cujus
194 322 285 350 versio
298 323 398 357 prodiit
412 323 529 358 primum
544 322 658 349 Lovanii
680 322 760 350 15H.
781 322 816 355 (ε)
831 321 877 348 fol.
895 329 994 348 recusa
1012 321 1102 349 Paris.
1133 322 1211 353 1547,
1229 321 1402 355 1560,1602,
1419 321 1445 352 8.
1465 326 1491 348 ct
1508 322 1535 349 in
1560 322 1732 350 Bibliotheca

99 369 210 397 l‘atrum
226 374 296 398 tom.
315 370 387 402 XIX,
401 371 468 398 edit.
480 370 565 405 Lugd.
583 370 655 397 Duos
670 370 781 397 codices
798 369 882 396 Mstos
898 369 1008 396 Graecos
1027 369 1110 403 hujus
1125 369 1333 401 Commentarii,
1349 369 1497 401 similibus.
1519 370 1610 403 qualia
1625 371 1724 398 liente-

98 416 162 443 nius
179 416 206 443 in
224 424 276 444 suo
294 417 404 451 reperit.
423 416 538 444 scholiis
560 417 722 448 instructos,
749 416 775 442 in
792 415 861 442 Bibl.
897 415 970 450 regia
1000 414 1148 442 Parisiensi
1177 415 1312 442 evolvisse
1335 423 1364 442 se
1386 420 1503 442 testatur
1531 415 1611 442 liich.
1639 416 1734 444 Simon

98 463 149 490 lib.
165 471 208 491 ιιι.
226 463 356 491 Historia:
372 464 475 490 criticaz
491 462 559 490 Novi
583 462 660 490 Τυβὶ.
677 470 739 496 cap.
758 463 804 494 29,
820 463 845 488 in
861 469 977 495 quorum
1008 461 1105 493 altero,
1136 461 1334 492 Mazariniano.
1366 461 1414 489 sed
1445 463 1610 489 recentioris
1636 471 1735 491 manus

99 509 240 544 scriptura
257 510 357 537 Nicetaa
379 510 511 537 trilmitur
533 519 539 537 :
558 510 630 545 quod
649 518 704 536 non
718 510 805 544 magis
817 509 958 538 credibile.
978 517 1059 544 quam
1077 517 1173 537 eorum
1192 510 1363 544 conjectura,
1380 510 1426 545 qui
1446 511 1486 538 vel
1504 511 1676 538 (Eeumenio
1693 511 1734 538 vel

100 557 259 586 Ammonio.
276 557 369 584 nescio
383 557 439 588 cui,
456 556 719 591 vanheophylaclo
735 556 875 583 ascribere
893 556 1050 582 voluerunt.
1072 554 1154 582 Plura
1178 557 1236 583 loca
1265 556 1360 583 (ΙΙ-ωορδ
1388 563 1421 583 ex
1453 556 1505 584 hoc
1529 558 1734 584 Commentario

102 601 227 634 producit
253 601 403 633 Simonius.
417 606 474 629 tum
491 602 543 629 hoc
561 601 662 636 capite,
681 605 738 628 tum
757 601 803 628 lib.
820 610 838 633 ι,
851 609 883 635 ,p.
902 601 964 634 ΗΟ,
985 601 1045 631 HS.
1063 606 1091 628 et
1119 601 1165 628 lib.
1186 607 1225 633 ιιι,
1251 609 1313 636 pag.
1332 602 1378 635 84,
1400 607 1427 630 et
1462 605 1551 638 magni
1579 612 1639 630 cum
1665 604 1730 631 facit

103 642 247 680 imprimis.
266 646 475 681 asscntiturqne
487 646 651 679 Maldonato,
669 646 715 681 qui
728 646 762 673 ad
779 646 872 673 Matth.
888 653 953 679 xvu,
968 646 984 673 8
999 645 1174 682 Euthymiutn
1192 647 1219 674 in
1239 647 1383 674 verborum
1404 648 1621 684 proprietatibus
1640 650 1736 677 obser-

102 695 201 721 vandis
217 695 459 730 diligentissimum
482 703 544 722 esse
565 694 734 722 observavit.
753 693 826 721 lnter
853 693 1014 729 scriptorcs,
1030 701 1045 721 c
1064 694 1165 728 quibus
1192 702 1275 722 aurea
1292 694 1405 723 Thema:
1423 695 1568 731 Aquinatis
1596 702 1692 724 catena
1708 698 1734 724 in

102 742 248 775 Evangelia
278 742 391 770 collecta
404 747 457 774 est,
494 741 632 778 Euthymii
666 750 766 770 nomen
805 744 832 770 in
859 742 1062 770 recentioribus
1081 743 1246 776 quihusdam
1264 743 1432 771 editionibus
1451 744 1587 777 additum,
1611 746 1638 772 in
1656 745 1729 772 auti-

101 790 245 825 quioribus
262 797 289 818 et
307 791 335 819 in
352 791 474 819 Romana
490 791 555 818 anni
575 791 656 824 1670,
677 792 864 820 desideratur.
885 791 952 819 Vide
971 791 1093 819 Simonis
1108 791 1173 820 hist.
1185 792 1310 819 criticam
1329 792 1396 820 Novi
1415 792 1490 820 Test.
1511 793 1558 821 lib.
1578 802 1617 823 In.
1636 802 1662 828 p.
1678 795 1730 822 409

99 843 128 867 et
151 839 214 866 673.

139 887 185 914 IX.
206 887 422 915 Commentarios
437 889 464 915 in
479 889 606 921 epistolas
629 888 719 920 Pauli,
737 887 831 914 itidem
856 895 887 914 ex
906 886 1105 923 Chrysostomo
1135 892 1160 915 et
1183 887 1244 914 aliis
1277 887 1404 915 Patribus
1436 888 1560 915 studiose
1593 889 1736 921 collectus.

99 941 183 966 quem
199 933 355 961 Romanus.
375 933 470 961 Graece
483 934 588 961 servari
615 934 721 968 pridem
736 934 878 961 Gcsnerus
907 934 1030 968 Scripsit.
1045 933 1090 969 [V.
1105 933 1138 961 ad
1156 942 1183 961 ιι.
1201 933 1242 968 8.]
1262 933 1298 961 Ex
1315 935 1518 962 commentario
1547 935 1686 971 Euthymii
1706 937 1733 963 iu

98 980 184 1014 cpist.
204 979 237 1006 ad
252 979 427 1006 Timotheum
444 981 575 1007 nonnulla
591 981 670 1006 ali'ert
685 981 801 1007 Albutius
819 988 846 1013 p.
861 980 922 1011 196,
942 980 977 1007 De
995 980 1146 1006 intersliliis
1163 980 1286 1007 ordinant
1301 980 1371 1012 apud
1389 979 1505 1007 ercos.
1523 981 1552 1007 lu
1567 981 1663 1009 codice
1681 990 1735 1010 Ius.

102 1027 312 1055 Viudohonensi
328 1028 390 1054 libri
408 1028 488 1062 primi
504 1028 642 1061 Panoplim
663 1028 852 1062 Eulhymianm
870 1028 995 1062 sequitur
1011 1027 1178 1063 llypothesis
1194 1027 1318 1062 epistolae
1333 1028 1367 1055 ad
1394 1029 1546 1060 ltomanos,
1565 1029 1635 1057 forte
1651 1038 1735 1065 qualn

101 1074 266 1109 Euthymius
280 1075 338 1102 suis
359 1076 383 1101 in
403 1075 515 1102 Paulum
531 1075 736 1102 commentariis~
753 1076 932 1109 praerniserat.

138 1122 172 1149 Χ.
189 1123 403 1150 Conuuentarius
414 1124 444 1149 in
460 1124 585 1156 epistolas
601 1124 758 1155 catholicas,
771 1131 852 1158 quem
868 1122 962 1150 Gra‘ce
976 1131 1027 1151 ms.
1047 1123 1073 1150 in
1091 1123 1156 1151 bibl.
1173 1123 1289 1151 Joannis
1304 1123 1433 1150 Sambuci
1447 1124 1598 1153 exstitisse,
1615 1132 1646 1150 ex
1666 1123 1738 1150 Sim-

102 1170 164 1197 lcru
183 1170 288 1197 Caveas
304 1170 454 1198 adnotavit.

101 1260 292 1288 collectionem
326 1261 400 1287 illam
422 1260 493 1286 male
510 1260 563 1286 dici
592 1265 716 1286 catenam
747 1260 781 1286 ab
811 1259 895 1286 Millio

947 1259 1004 1294 jam
1022 1260 1142 1296 secundo
1156 1260 1232 1296 typis
1245 1267 1377 1287 excusum
1391 1259 1546 1287 certissimo
1562 1260 1665 1286 certius
1679 1260 1738 1286 ausi

103 1296 232 1328 aliisque,
251 1295 298 1322 sed
327 1296 430 1321 rectius
449 1297 539 1321 vocari
571 1294 708 1330 Euthymii
728 1299 895 1321 commenta-

951 1302 1047 1322 sumns
1065 1294 1136 1322 ferre
1150 1294 1297 1328 judicium.
1321 1295 1418 1322 horum
1436 1300 1584 1321 comment.
1597 1299 1738 1321 auctorem

104 1332 189 1363 rium,
218 1331 349 1363 quoniam
368 1332 394 1357 in
411 1331 570 1365 Eutltymio,
587 1330 633 1364 qui
647 1329 680 1356 ex
699 1329 825 1364 pluribus
838 1338 896 1363 par-

105 1367 180 1394 tibus
197 1374 265 1396 opus
284 1366 393 1393 fecisset
418 1371 578 1400 perpetuum
591 1386 598 1396 ,
617 1367 653 1392 sit
677 1374 776 1396 nexus.
803 1370 896 1392 [uouet

105 1403 143 1430 (ιι,
157 1401 274 1428 Μειιιιιτιιί
293 1401 319 1427 in
336 1402 439 1434 pruriat.
459 1409 518 1435 pag.
540 1401 602 1431 19.5,
628 1405 686 1427 not.
704 1409 729 1434 g,
762 1400 826 1427 add.
843 1400 895 1426 Fa-

106 1437 176 1463 bric.
193 1435 263 1462 infra
282 1437 308 1462 in
328 1436 379 1462 hoc
399 1437 452 1462 vol.
485 1445 511 1468 p.
527 1435 588 1466 787.
618 1435 652 1462 ίϐ
675 1440 730 1461 vol.
759 1436 824 1462 edit.
846 1435 892 1468 qui

105 1476 176 1498 sect.
195 1471 227 1498 l7
246 1471 301 1505 agit
317 1479 428 1505 quoque
453 1471 487 1498 de
508 1471 621 1498 Thomaz
636 1471 780 1504 Aquiualis
797 1475 893 1497 catena

107 1515 191 1533 aurea
219 1507 246 1533 in
275 1512 394 1538 quatuor
418 1506 574 1541 Evangelia.
594 1506 662 1533 Cum
685 1506 746 1532 cod.
782 1505 893 1541 Bari-cc.

106 1541 217 1568 XXVI"
235 1542 395 1574 conspirare.
416 1542 525 1568 videtur
544 1541 605 1568 cod.
631 1541 715 1567 Taur.
735 1549 791 1573 reg.
813 1540 894 1567 XLIll

107 1582 240 1605 quamum
260 1584 291 1603 cx
309 1577 387 1603 initio
406 1577 578 1610 singulorum
595 1575 807 1609 Evangeliorum
827 1583 894 1602 con-

105 1613 191 1646 jicere
205 1611 268 1639 licet
283 1619 290 1638 :
308 1611 402 1638 nullihi
425 1612 535 1646 quidem
558 1611 694 1645 adjectum
711 1615 753 1638 est
772 1611 896 1638 auctoris

109 1655 227 1679 nomen;
253 1647 300 1674 sed
321 1647 469 1681 Euthymio
486 1653 549 1674 eum
565 1650 714 1681 comment.
727 1654 790 1673 esse
807 1646 896 1673 ascri-

109 1683 229 1709 beudum
252 1681 333 1709 docet
363 1680 506 1709 coniector
520 1685 575 1708 cat.
589 1681 668 1709 codd.
685 1680 732 1708 Gr.
751 1681 835 1708 Taur.
850 1681 896 1716 qui

109 1725 172 1778 p'ag.
209 1716 260 1743 149
293 1724 336 1751 sq.
370 1717 482 1751 copiose
507 1721 635 1744 recenset
660 1716 737 1743 illum
759 1717 894 1744 codicem.

135 1760 195 1778 ¹ιιιι..

135 1760 195 1779 ΛΚΙ..

145 1786 183 1821 (d)
206 1787 234 1814 In
247 1794 316 1813 nova
332 1787 378 1814 ed.
393 1787 476 1815 Basil.
493 1787 578 1819 l'll5,
595 1791 663 1815 tom.
683 1787 716 1819 ll,
730 1795 757 1821 p.
775 1787 837 1819 199,
850 1787 896 1814 ubi

107 1821 216 1858 Caveus
230 1822 264 1858 de
280 1822 437 1858 Euthymio.
471 1823 594 1857 scriptis,
620 1823 703 1858 codd.
728 1827 811 1858 atque
830 1823 895 1850 edit.

108 1857 224 1883 uberius
238 1856 362 1888 disserit;
381 1857 407 1884 id
424 1856 580 1884 correctum
597 1862 648 1885 est.
668 1857 752 1884 ΙΙΑιιι..

145 1892 181 1927 (ε)
201 1891 278 1924 Quod
299 1892 451 1920 Hentenius
466 1893 493 1919 in
516 1893 705 1920 admonitione
723 1893 873 1927 scripserat
888 1901 894 1918 :

108 1926 207 1962 gCum
238 1927 289 1954 hos
316 1928 531 1955 commentarios
562 1931 625 1954 ante
659 1928 763 1962 aliquot
783 1926 898 1954 menses

106 1961 150 1998 {1-17.
160 1969 207 1998 an.
225 1962 306 1998 i345,
322 1968 400 1990 sexto
415 1963 451 1990 id.
469 1964 552 1997 Aug.,
567 1967 597 1989 ut
609 1970 642 1989 ex
657 1961 718 1998 ejus
734 1962 839 1997 pra‘lat.
853 1963 895 1990 in-

109 1996 265 2033 telligitur,]
281 1999 308 2024 in
323 1998 409 2033 lucem
427 1996 581 2029 ederemus,
598 2005 648 2024 nec
665 1996 897 2032 certiquidquam

110 2032 286 2064 haberemus,
303 2032 377 2066 quod
395 2032 428 2060 de
443 2037 555 2059 auctore
567 2032 767 2063 divinaremns.
783 2033 897 2059 aliorum

109 2069 206 2101 inagis,
225 2075 307 2102 quam
318 2073 443 2095 nostrum
460 2068 548 2095 secuti
560 2067 706 2100 judicium,
726 2067 831 2102 prmiali
851 2076 899 2093 su-

111 2109 186 2138 mus,
216 2103 390 2138 quibusdam.
405 2103 492 2130 videri
519 2107 660 2138 auctorem
683 2110 745 2138 esse
760 2102 900 2138 QEcume-

107 2137 196 2172 nium,
213 2136 249 2158 '—
267 2137 351 2172 [quod
372 2142 461 2165 tamen
485 2142 566 2172 negat
589 2136 708 2172 Matthtci
733 2137 766 2164 ad
784 2137 811 2163 1ι.
831 2138 849 2163 l.
872 2137 898 2163 in

106 2170 186 2206 prasl‘.
206 2180 233 2207 p.
255 2170 300 2205 τί,
319 2176 375 2199 not.
391 2172 428 2208 c].
445 2187 479 2192 —
494 2170 573 2208 Nunc
587 2170 652 2199 véro
678 2172 804 2208 eumdmn
826 2172 899 2198 nat-ti

107 2212 249 2235 auctorem
273 2208 301 2235 in
327 2207 451 2236 Psalnios
471 2207 618 2235 Davidicos
633 2211 661 2235 et
686 2207 712 2234 in
735 2207 848 2234 Cantica
865 2222 899 2226 —

163 2318 326 2325 *-

950 1337 1012 1357 esse
1026 1330 1202 1365 Euthymium
1227 1331 1397 1359 Ziaabonum
1415 1330 1478 1364 (sic)
1494 1345 1529 1350 ——
1547 1330 1693 1357 maluimus
1714 1331 1739 1357 in

951 1365 1004 1396 his,
1019 1373 1081 1398 qua:
1111 1366 1234 1393 nondum
1255 1365 1388 1392 distracta
1416 1372 1505 1396 eram,
1521 1365 1739 1399 exemplaribus.

950 1401 1077 1428 studioso
1103 1401 1197 1427 lectori
1215 1400 1241 1427 id
1266 1401 1406 1431 iudicare,
1437 1408 1518 1432 quam
1543 1409 1605 1427 eum
1635 1401 1741 1427 diutius

947 1443 1114 1469 suspensum
1133 1441 1236 1463 tenere.
1253 1451 1288 1456 ——
1305 1437 1382 1463 Anno
1400 1435 1479 1466 l5“.
1507 1435 1590 1462 Nonis
1616 1436 1741 1462 Februa-

947 1471 991 1500 rii,
1009 1480 1018 1495 ι
1049 1479 1081 1497 ex
1111 1471 1154 1498 his
1185 1471 1290 1503 colligit
1319 1471 1498 1505 llamherger.
1524 1471 1541 1496 Ι.
1560 1479 1585 1497 c.
1611 1478 1672 1504 pag.
1694 1470 1741 1503 85,

949 1506 1091 1540 probabile
1121 1514 1192 1537 esse,
1224 1506 1248 1539 l)
1274 1507 1399 1541 qumdam
1424 1506 1591 1539 exemplaria
1613 1507 1654 1532 vel
1676 1506 1738 1533 sine

949 1541 1003 1567 ulla
1021 1541 1141 1568 nominis
1157 1542 1278 1568 auctoris
1295 1542 1322 1568 in
1337 1542 1429 1569 fronte
1442 1541 1505 1568 libri
1524 1541 1740 1574 signiﬁcatione.

948 1576 989 1602 vel
1001 1576 1095 1603 addito
1108 1576 1269 1604 OEcumcnii
1288 1577 1400 1604 nomine
1413 1597 1420 1607 .
1435 1576 1507 1603 edita
1526 1583 1597 1607 esse,
1612 1576 1640 1609 Ξ)
1654 1583 1742 1608 eaque

948 1611 974 1638 in
994 1611 1172 1645 inscriptione
1186 1616 1279 1638 notata
1296 1619 1357 1639 esse
1381 1620 1428 1638 an.
1444 1611 1523 1638 1555.
1558 1611 1611 1638 Sed
1633 1611 1743 1638 dubitat

948 1647 982 1673 cl.
1010 1646 1139 1678 Matthazi,
1167 1648 1193 1674 in
1210 1651 1268 1674 not.
1285 1655 1298 1673 ο
1322 1648 1355 1674 ad
1378 1646 1505 1674 llentenii
1523 1646 1740 1673 admonitionem

948 1689 975 1715 p.
995 1681 1030 1709 75
1044 1682 1194 1714 arbitrans,
1214 1682 1379 1710 vocabulum
1403 1681 1560 1716 ambiguum
1574 1702 1581 1712 ,
1598 1689 1742 1713 excusant.

948 1717 982 1744 ad
999 1721 1149 1753 comment.
1167 1717 1193 1744 in
1209 1716 1334 1745 Psalmos
1346 1726 1407 1744 esse
1431 1717 1522 1753 potius
1540 1716 1740 1753 referendum;

948 1756 975 1778 et
987 1752 1059 1784 quod
1073 1752 1100 1779 in
1117 1752 1160 1781 ed.
1177 1760 1278 1779 comm.
1297 1753 1324 1780 in
1341 1757 1460 1787 quatuor
1469 1751 1573 1783 Evang.
1591 1751 1637 1779 a'n.
1657 1751 1740 1783 1544,

949 1787 976 1813 in
999 1787 1089 1814 indice
1101 1788 1244 1818 scribitur.
1270 1797 1278 1813 ε
1293 1786 1360 1815 liber
1376 1789 1420 1815 hic
1433 1794 1522 1822 neque
1539 1786 1634 1814 Graece
1651 1794 1740 1821 neque

951 1822 1048 1849 Latine
1065 1828 1145 1850 antea
1163 1823 1234 1858 typis
1249 1830 1368 1857 unquam
1387 1830 1508 1858 excusus
1537 1826 1578 1849 est
1592 1831 1601 1848 ι
1615 1827 1699 1858 atque
1715 1822 1742 1847 in

950 1858 1003 1884 ﬁne
1021 1856 1229 1890 admonitionis,
1260 1856 1356 1889 inibis.
1384 1866 1445 1892 qua:
1469 1856 1590 1885 nondum
1605 1857 1742 1885 distracta

949 1897 1038 1924 erant,
1065 1897 1156 1927 putat,
1186 1894 1257 1920 hanc
1274 1901 1337 1922 esse
1355 1894 1421 1921 edit.
1443 1893 1609 1929 principem3
1635 1896 1743 1929 mutato

950 1932 1056 1954 tantum
1073 1929 1173 1955 indice.
1189 1945 1223 1949 —
1240 1929 1269 1955 in
1290 1930 1352 1956 cod.
1365 1927 1453 1956 Vatic'.
1470 1927 1619 1958 DCCCXX.
1635 1936 1662 1962 p.
1677 1927 1743 1958 501,

950 1963 1071 1989 occurrit
1090 1963 1230 1998 Euthymii
1256 1963 1395 1998 ἐγκώμιον
1418 1965 1459 1994 εἰς
1480 1965 1531 1998 τὴν
1552 1963 1744 1998 προσκύνησιν

950 1998 998 2031 τῆς
1016 1997 1172 2032 ὑπεραγίαξ
1188 1997 1339 2031 Θεοτόκου.
1362 2000 1410 2025 καὶ
1427 1999 1468 2028 εἰς
1490 1999 1524 2024 τὰ
1544 1997 1672 2032 ὲγκαίνια
1693 1997 1744 2030 τῆς

951 2033 1032 2069 ligio;
1059 2034 1146 2068 αὐτῆς
1171 2034 1251 2069 copo?)
1280 2034 1329 2068 τῆς
1353 2035 1382 2060 ἐν
1408 2033 1652 2069 Χαλκοπρατιοιςὶλ
1672 2035 1744 2069 teste

951 2067 1082 2102 Foggiuio
1098 2067 1159 2096 l.'c.
1177 2067 1209 2102 p.‘
1222 2069 1250 2100 7,
1272 2067 1314 2102 sq.
1335 2069 1380 2095 ubi
1396 2069 1499 2095 inultus
1517 2071 1559 2095 est
1576 2068 1608 2094 de
1623 2067 1744 2094 Chalce-

951 2103 1046 2135 pratiis
1067 2108 1094 2129 et
1117 2104 1224 2130 sanctis
1249 2103 1332 2135 soris,
1349 2111 1396 2130 seu
1415 2103 1514 2130 thecis.
1534 2103 1582 2129 Sic
1599 2102 1672 2129 enim
1696 2109 1745 2136 ap-

954 2137 1126 2170 pcliahantur
1152 2143 1209 2164 tum
1237 2146 1319 2173 capsa
1332 2159 1339 2170 ,
1356 2146 1410 2173 qua
1431 2139 1516 2166 vestis
1529 2144 1556 2165 et
1572 2137 1683 2164 codices
1699 2145 1744 2164 sc-

954 2173 1092 2206 pulcrales
1123 2173 1150 2198 li.
1167 2173 1258 2200 Maria:
1283 2174 1507 2204 euutioebantur,
1538 2179 1595 2200 tum
1614 2173 1697 2203 mdes,
1717 2173 1742 2197 in

955 2215 1008 2240 qua
1026 2207 1156 2241 deposito
1183 2209 1235 2234 illa:
1261 2209 1383 2243 rcliqnia:
1411 2210 1638 2236 asservabantur.
1658 2208 1744 2235 llinL.

545 2392 619 2422 10A
626 2392 701 2423 ΝΝΙ
731 2390 1051 2422 CllIllSTOPIIORO
1082 2393 1106 2422 Λ
1115 2393 1169 2423 ΜΛ
1179 2392 1305 2423 DUTIO

642 2469 848 2500 NICOLAUS
879 2468 1106 2499 FOGGINIUS
1124 2469 1157 2499 S.
1178 2470 1215 2498 D.

446 2544 577 2575 (.lncrdola
590 2543 708 2569 litterario
720 2550 801 2569 clusa,
817 2542 939 2567 rodit-ibus
951 2545 1029 2567 crum.
1054 2543 1123 2567 Tom.
1148 2541 1188 2571 iV,
1212 2543 1303 2570 Romm,
1330 2542 1408 2572 1785.)

153 2680 174 2706 Ι.
189 2679 240 2710 Ειι.
258 2679 300 2706 vir
323 2678 489 2710 clarissime,
515 2677 680 2712 opuseulum
700 2676 826 2704 Grmcum
852 2677 901 2711 (ai.

111 2725 185 2760 quod
201 2726 273 2753 inter
291 2725 406 2752 schedas
429 2732 504 2752 meas
519 2732 551 2751 ex
578 2725 643 2751 cod.
665 2731 717 2750 ms.
735 2722 901 2757 descriptas,
918 2719 920 2721 ’

111 2773 164 2800 etsi
176 2772 314 2802 mutilum,
328 2772 464 2798 visumcst
476 2775 565 2798 tamen
579 2770 625 2797 tibi
635 2774 729 2804 aptum
741 2773 772 2796 ut
784 2770 902 2796 interse-

112 2825 192 2846 reres
210 2821 285 2845 tomo
310 2817 343 2844 IV
372 2816 588 2848 Anccdotorum,
616 2823 734 2850 quorum
753 2815 901 2841 editionem

955 2677 1114 2711 reipubliczu
1130 2675 1271 2702 litterariae
1295 2675 1366 2702 bono
1382 2674 1528 2706 diligenter
1554 2680 1647 2699 curas.
1675 2671 1743 2698 Illud

954 2728 1017 2749 ante
1038 2723 1087 2749 hos
1103 2722 1198 2756 plures
1218 2729 1306 2748 annos
1322 2720 1457 2754 descripsi
1486 2727 1519 2746 cx
1547 2718 1642 2746 codii-e
1671 2716 1744 2743 Vati-

954 2776 1025 2796 cano
1039 2767 1102 2798 8w,
1124 2767 1169 2801 qui
1189 2767 1254 2793 olim
1275 2766 1324 2793 fuit
1349 2766 1460 2793 Antonii
1483 2763 1628 2799 Augustini
1658 2762 1744 2788 archi-

953 2814 1075 2849 episcopi
1097 2812 1316 2840 Tarraconensis
1332 2821 1340 2844 ;
1355 2816 1382 2840 et
1398 2813 1462 2847 quia
1477 2811 1543 2839 dum
1567 2810 1593 2837 in
1615 2807 1742 2835 Latinum

145 2902 182 2933 (ﬂ)
196 2901 245 2926 llcc
262 2904 308 2931 est,
327 2900 415 2925 librum
433 2902 515 2925 contra
534 2898 677 2931 Boyoiuilos,
689 2905 762 2929 quem
779 2898 802 2922 in
816 2898 859 2923 hac
875 2898 984 2923 editione
1001 2897 1149 2922 rccudimus.
1160 2895 1202 2920 En.
1213 2894 1291 2919 Pn‘ru.
