1893 3068
106 197 143 229 25
772 196 1058 228 PROLEGOMENA
1702 196 1740 226 26

109 253 190 281 habet
206 252 319 281 Graecus
344 253 494 283 Vaticanus
511 255 593 282 codex
611 254 664 282 952
684 254 740 290 (11)
767 260 795 282 et
821 262 892 289 qum,

108 303 179 325 teste
198 298 344 326 Lambecio
372 299 441 334 (12).
468 304 626 327 asservatur
643 300 725 327 etiam
749 300 775 327 in
799 300 895 327 Graeco

107 344 203 372 codice
227 345 400 373 bibliotheca!
418 345 652 374 Vindobonensis.
682 346 816 374 Praeterea
846 347 897 374 sub

107 391 231 425 ejusdem
249 393 362 419 nomine
378 392 501 419 occurrit
518 392 545 418 in
564 391 697 419 Vaticano
725 393 818 420 codice
845 393 897 419 825)

108 437 166 471 (13)
180 438 280 467 oratio.
297 437 377 472 cujus
392 438 475 465 etiam
495 438 618 465 meminit
642 438 757 465 Allatius
781 439 837 472 (14)
853 439 894 465 in-

106 483 211 517 scripta
228 491 234 510 :
259 483 415 518 Ἐγκώμιον
431 484 470 516 εἰς
483 483 533 518 τὴν
549 485 735 518 προσκύνησιν
745 484 794 518 τῆς
812 485 897 520 ὑπερ-

106 530 190 563 αγίας
220 529 367 561 Θεοτόκου,
397 530 445 557 καὶ
476 531 516 561 εἰς
539 530 575 557 τὰ
595 531 720 564 ὲγκαίνια
744 531 794 565 τῆς
818 531 898 565 ἁγίας

106 576 193 611 αὐτῆς
215 576 297 611 σοροῦ
318 577 368 610 τῆς
386 577 416 603 ἐν
435 577 667 611 Χαλκοπρατίοις.
694 576 850 603 Encmnium
867 578 899 604 de

106 621 180 648 cultu
199 621 362 648 beatissima:
381 622 504 657 Deiparw
523 623 686 656 prwatando,
701 628 725 650 et
741 623 774 650 de
789 623 898 650 dedica-

106 667 177 694 tione
201 672 301 695 sanctae
320 669 377 702 ejus
397 669 462 699 sori,
487 677 546 703 quo:
573 674 611 696 est
642 671 668 696 in
693 669 898 703 Chalcoproiiis.

107 713 210 740 ΒΑΗ-ιιι
233 722 315 742 sorus
337 715 376 741 vel
405 721 499 742 sancta
529 715 607 742 theca
636 715 826 750 appellabatur
843 721 898 743 tum

107 768 191 794 capsa
223 761 302 795 ipsa,
336 769 389 796 qua
426 762 511 788 vestis
541 767 567 788 ct
597 761 698 789 lodices
733 762 900 797 sepulcrales

108 803 138 830 15.
173 803 263 831 Maria:
297 803 419 840 Virginis
448 806 680 839 continebantur,
721 811 778 834 tum
816 807 899 840 a‘dcs,

108 849 136 876 in
155 858 208 884 qua
226 851 358 885 deposita:
381 851 435 878 illa:
459 852 581 886 reliquiae
596 853 819 880 asscrvabantur.
836 854 900 881 Duae

105 902 198 922 autem
212 901 291 923 erant
305 897 345 924 ha:
357 897 454 929 thecae,
472 898 558 924 altera
574 898 600 924 in
616 899 672 925 aede
690 898 894 932 Blacherncnsi,

105 943 322 977 'l’heophanonis
341 944 470 978 Augusta:
486 944 616 979 religione
639 945 738 980 inclyta
762 945 831 980 (15),
854 946 899 974 ubi

105 990 314 1023 omophorium,
345 997 393 1017 seu
416 991 506 1016 velum
524 991 648 1025 Deiparaa
677 993 898 1024 custodiebatur,

107 1036 195 1063 altera
219 1036 245 1062 in
277 1036 335 1063 mle
365 1037 453 1063 beata:
483 1035 602 1071 Virginis
631 1036 898 1072 Chalcopratiorum,

106 1081 154 1108 ubi
172 1085 277 1109 ctcterte
290 1086 381 1109 vestes
406 1086 433 1109 et
447 1081 539 1110 fasciaa
562 1083 690 1117 religiose
709 1085 901 1112 cusmdiehau-

104 1129 162 1152 tur.
179 1125 239 1152 Jam
255 1126 373 1160 quisque
391 1126 528 1161 intelligit,
557 1131 614 1154 tum
642 1127 817 1160 Blachernas,
842 1135 898 1156 tum

104 1172 315 1206 Cbalcopratios
330 1173 442 1199 nomina
459 1180 520 1200 esse
531 1173 654 1200 locorum
672 1174 749 1201 urbis
761 1175 899 1202 Constan-

105 1218 275 1251 tinopoleos,
300 1218 327 1244 in
347 1219 448 1252 quibus
465 1226 544 1245 saera
572 1219 630 1247 lucc
654 1221 752 1254 templa
777 1221 899 1256 Deiparm

106 1263 235 1291 dedicata
263 1265 457 1299 assurgebant.
498 1264 644 1300 Disputant
673 1267 775 1294 eruditi
807 1275 842 1294 an
872 1268 899 1296 hi

106 1310 292 1345 Chalcopratii
319 1311 395 1338 vicus
412 1311 536 1345 quidam,
553 1319 602 1339 seu
620 1313 707 1347 platea
733 1313 847 1346 fuerint,
871 1315 898 1342 in

106 1357 208 1392 quibus
224 1357 326 1384 aeraria:
351 1358 467 1385 ollicinaa
489 1360 549 1386 sitae
563 1363 666 1390 essent,
693 1367 726 1387 an
746 1361 838 1395 potius
863 1362 900 1389 le—

107 1404 226 1438 gendum
243 1403 279 1430 sit
293 1402 492 1437 Chartopratii,
508 1404 600 1439 ibique
611 1405 766 1433 chartarias
776 1406 899 1434 ollicinas

106 1449 250 1476 exstitisse
276 1449 453 1476 arbitremur.
481 1448 580 1476 Verum
610 1451 788 1484 quaestionem
817 1452 898 1484 hanc,

106 1500 204 1530 utpote
218 1495 281 1522 huic
298 1495 359 1523 loco
379 1495 472 1523 minus
500 1502 696 1531 opportunam,
722 1497 809 1525 libens
829 1507 897 1533 pra:-

107 1542 269 1568 termittam.
286 1541 342 1569 Nec
360 1542 465 1570 diutius
482 1543 686 1571 immorandum
710 1552 819 1580 quoque
836 1545 897 1580 opi-

107 1595 162 1615 nor
178 1587 203 1615 in
221 1587 404 1622 perquirendo
417 1589 485 1617 redis
511 1589 594 1624 hujus
619 1591 773 1625 conditore,
795 1593 829 1619 de
845 1600 900 1628 quo

109 1641 165 1660 non
179 1633 248 1660 bene
263 1633 335 1661 inter
350 1641 380 1661 se
392 1635 561 1662 conveniunt
581 1636 722 1671 Byzantini
739 1638 899 1672 scriptores:

106 1679 139 1705 1d
160 1687 244 1706 unum
263 1679 343 1706 modo
361 1679 428 1707 satis
451 1681 487 1708 sit
509 1681 668 1714 adnotasse,
694 1691 790 1710 omnes
819 1684 844 1710 in
868 1692 900 1712 co

107 1725 276 1757 convenire,
315 1726 447 1760 templum
486 1727 539 1754 hoc
571 1727 715 1762 antiquius
746 1728 901 1757 Theodosio

109 1769 228 1798 Juniore
251 1779 305 1798 non
322 1771 418 1799 fuisse.
438 1772 497 1799 Hoc
514 1777 605 1800 autem
622 1775 736 1802 omnino
762 1777 901 1809 prieterire

107 1823 166 1842 non
181 1816 255 1847 licet,
267 1816 394 1844 Alexium
407 1816 417 1843 Ι
431 1817 612 1851 Comnenum,
642 1827 717 1853 cum,
737 1822 835 1848 :crario
852 1830 901 1849 ex-

109 1862 224 1895 hausto,
237 1862 446 1891 itnminentibus
465 1864 574 1899 imperii
589 1867 801 1894 necessitatibus
817 1869 901 1896 satis-

110 1908 205 1936 facere
232 1917 285 1936 non
304 1915 409 1944 posset,
431 1916 574 1946 argenteas
595 1912 700 1945 valvas,
728 1922 761 1941 ac
780 1922 843 1941 vasa
858 1916 902 1942 in-

109 1963 194 1990 super
210 1956 342 1982 nonnulla
369 1964 401 1984 ex
431 1957 483 1984 hoc
512 1957 615 1992 templo
642 1959 812 1988 abstulisse:
829 1963 901 1996 quod

74 2003 81 2008 '
109 2008 175 2027 cum
186 2008 257 2035 egre
272 2002 401 2029 tulissent
418 2002 548 2034 cives,’ac
563 2003 590 2030 in
603 2004 794 2038 imperatorem
812 2014 901 2034 rumo-

109 2055 156 2075 res
167 2047 275 2082 iniquos
284 2052 456 2082 spargerent,
469 2049 527 2083 ipse
536 2050 693 2077 convocatis
701 2052 859 2085 proceribus
868 2053 903 2080 ab

109 2094 166 2121 hoc
178 2094 292 2121 crimine
305 2101 420 2128 purgare
435 2101 465 2121 se
479 2094 595 2126 studuit,
610 2095 758 2130 iussitque,
772 2102 800 2124 ut
811 2098 836 2124 in
853 2106 904 2133 po.

109 2145 217 2166 sterum
229 2147 264 2167 ex
277 2141 377 2167 aerario
390 2141 465 2175 regio
476 2148 598 2168 annuum
608 2142 723 2176 vectigal
736 2144 904 2177 persolvere-

111 2191 168 2218 tur,
182 2190 211 2213 ut
230 2187 247 2213 ii
264 2186 414 2218 alerentur,
433 2186 480 2221 qui
497 2187 524 2213 in
539 2187 589 2214 hac
599 2185 722 2222 Deiparat
735 2189 907 2218 mdedivinas

110 2232 208 2260 laudes
224 2232 348 2267 quotidie
362 2233 541 2260 celebrabant
568 2233 636 2268 (16).
656 2234 698 2261 Ad
723 2235 804 2269 hujus
816 2237 909 2272 itaque

109 2279 205 2312 templi
220 2278 420 2306 dedicationem
434 2279 551 2313 pertinet
564 2280 740 2314 panegyrica,
751 2281 785 2308 de
800 2289 852 2316 qua
867 2283 910 2310 lo-

110 2325 237 2358 quimur,
253 2324 392 2359 Euthymii
410 2324 510 2357 oratio,
522 2325 549 2351 in
562 2333 626 2359 qua,
639 2330 669 2351 ut
684 2333 716 2353 ex
731 2326 791 2361 ejus
807 2327 909 2356 inscri-

113 2371 208 2405 ptione
230 2374 350 2401 constat.
371 2370 449 2405 plura
460 2371 542 2398 etiam
556 2371 590 2398 de
605 2371 680 2398 cultu
700 2373 821 2408 Deiparac
839 2382 909 2408 pra:-

112 2417 212 2445 stando
228 2416 392 2452 disputavit.
406 2416 460 2444 Nec
474 2417 543 2444 male
563 2417 701 2449 fortassis,
726 2426 787 2446 meo
798 2420 908 2454 quidem

109 2464 227 2498 judicio,
238 2463 376 2497 conjicere
391 2464 453 2498 quis
477 2467 579 2498 posset,
596 2463 630 2491 ad
642 2465 693 2491 hoc
710 2464 780 2492 idem
792 2466 910 2495 Chalco-

112 2510 266 2544 pratiorum
282 2509 405 2544 Deiparae
421 2510 551 2544 templum
573 2517 634 2537 esse
645 2510 820 2538 referendum
833 2512 906 2539 aliud

112 2554 254 2590 Euthymii
280 2554 435 2581 Encomium
460 2554 488 2581 in
507 2563 602 2581 zonam
616 2553 648 2581 Β.
659 2554 755 2582 Merita
779 2555 905 2590 Virginis,

111 2599 186 2634 quod
197 2599 268 2626 inter
278 2607 328 2627 ms.
339 2599 495 2626 Bodleianaa
505 2599 676 2627 bibliothecae
685 2599 795 2628 codices
810 2609 906 2629 recen-

100 2650 200 2674 setur.
216 2645 245 2673 In
261 2653 293 2673 eo
306 2653 426 2682 namque
442 2646 554 2681 templo,
569 2648 734 2682 utsuperius
751 2648 902 2683 innuimus,

113 2696 206 2720 vestes
220 2699 316 2718 omnes
330 2699 362 2718 ac
375 2692 466 2719 fascia:
475 2692 562 2719 beatae
575 2691 695 2726 Virginis
704 2693 899 2723 servabantur.

153 2784 210 2818 (11)
226 2784 293 2818 l‘ag.
315 2783 376 2818 M7.

153 2819 209 2854 (l2)
224 2817 300 2845 Tom.
320 2817 351 2848 V.
370 2827 431 2854 pag.
448 2817 510 2844 206.

166 2855 209 2886 ιδ)
228 2852 393 2888 Pag.301."

167 2890 209 2922 Μ)
226 2889 266 2925 De
281 2889 438 2925 Squwomun
454 2890 569 2923 scriptis,
585 2898 645 2925 pag.
664 2890 721 2917 lOS.

152 2924 208 2961 (15)
225 2924 284 2952 Vid.
300 2924 422 2960 Thcoph.
437 2933 498 2960 pag.
517 2926 579 2953 “2‘23.

991 255 1021 282 V.
1045 254 1142 282 Utrum
1156 261 1221 281 vero
1243 253 1406 281 ascriheuda
1435 253 1580 290 Euthymio
1595 259 1689 282 nostro
1704 256 1739 282 sit

948 302 1029 328 etiam
1051 301 1187 333 Monodiu,
1201 301 1258 328 sive
1274 302 1358 328 oratio
1381 300 1498 334 funebris
1518 310 1526 326 ‹
1546 301 1579 328 ad
1604 302 1738 328 tumulum

949 347 1115 373 sanctissimi
1134 347 1393 375 Thessalonicensis
1414 347 1615 380 archiepiscopi
1631 348 1737 374 domini

949 392 1093 424 Eustathii.
1112 393 1205 428 paucis
1227 393 1261 420 ab
1285 392 1345 427 ejus
1362 392 1437 419 obitu
1466 392 1563 419 diebus
1579 393 1703 425 recitata,
1727 403 1736 418 ι

949 447 1009 472 qua:
1026 439 1077 465 sub
1093 439 1152 472 ejus
1167 440 1276 465 nomine
1293 439 1318 465 in
1342 438 1437 465 codice
1451 437 1604 464 Bodleiano
1634 438 1741 465 descri-

951 483 1038 514 bitur.
1059 491 1149 517 neque
1167 491 1229 510 cum
1243 484 1304 511 aliis
1320 483 1456 510 allirmarc
1470 483 1570 514 ausim,
1588 491 1637 510 nec
1665 484 1742 511 solus

950 529 1076 556 inliciari.
1098 528 1125 555 Si
1143 536 1206 555 vere
1225 529 1256 554 ad
1282 537 1343 555 eum
1376 528 1506 562 pertinet,
1532 537 1564 555 ex
1586 536 1616 555 ca
1639 529 1742 555 intelli-

949 575 1023 610 gitur
1039 581 1143 602 exactae.
1163 575 1311 602 admodum
1325 575 1414 602 u‘tatis
1428 574 1605 610 Eutnymium
1622 575 1738 602 obiissc.

949 622 1017 649 Cum
1033 622 1104 649 enim
1120 622 1205 648 Alexii
1224 621 1324 655 ljussu
1350 621 1508 656 Pauopliam
1535 621 1657 648 scribere
1675 629 1740 648 sus~

950 667 1053 701 ceperit
1068 674 1139 694 anno
1161 667 1241 700 1118,
1262 667 1341 694 facile
1351 672 1393 694 est
1409 667 1459 694 sibi
1477 667 1739 701 persnadereipsum

951 719 1014 740 tum-
1027 713 1053 740 in
1080 714 1168 749 primo
1180 715 1275 740 saltem
1302 714 1424 749 juventae
1450 713 1516 740 ﬂore
1545 713 1640 741 fuisse.
1671 713 1742 746 Quia

951 768 1017 787 vero
1042 760 1208 788 Eustathius
1226 768 1300 787 anno
1326 760 1405 793 1194,
1430 760 1456 786 1η
1483 759 1584 793 templo
1599 759 1628 786 S.
1647 759 1743 786 Dente-

952 807 997 833 lrii
1014 807 1143 842 martyris
1160 807 1308 842 Miroblyta:
1334 807 1496 833 concionem
1517 806 1612 832 habuit
1629 806 1663 832 ad
1690 814 1739 840 po-

953 853 1058 888 pulum,
1072 853 1270 888 {concedamus
1297 853 1371 885 licet,
1398 852 1470 886 quod
1503 852 1556 879 hoc
1583 852 1642 886 ipso
1670 860 1742 878 anno

950 904 1064 927 mortem
1080 899 1189 931 obierit,
1205 899 1263 934 ejus
1280 899 1419 926 funebrem
1433 898 1617 925 laudationem
1634 897 1740 932 Euthy~~

953 945 1025 972 mius
1041 945 1094 972 nisi
1110 950 1223 972 centum
1239 945 1296 972 fere
1310 953 1396 972 annos
1414 951 1497 971 natus
1509 944 1647 985 coniicere
1667 943 1740 970 haud

953 992 1126 1026 potuit.Qnin
1156 993 1237 1019 etiam
1270 995 1381 1018 centum
1419 998 1506 1018 annos
1529 994 1741 1024 praztergressus

952 1038 1076 1073 profecto
1088 1038 1264 1070 confecisset,
1279 1039 1301 1065 si
1317 1037 1443 1064 habenda
1457 1041 1530 1064 esset
1543 1037 1609 1064 ﬁdes
1622 1037 1741 1063 Alexan-

952 1085 1002 1112 dro
1020 1085 1120 1112 Politio
1137 1085 1206 1120 (l7),
1230 1085 1276 1118 qui
1300 1084 1473 1111 Eustalhium
1504 1083 1646 1119 Xiphilino
1670 1091 1743 1110 anno

953 1131 1021 1158 1198
1039 1139 1053 1158 e
1071 1131 1141 1158 vivis
1155 1135 1283 1164 exempto
1302 1130 1478 1164 superstitem
1494 1133 1581 1164 putat,
1608 1128 1672 1163 quia
1685 1129 1744 1162 ipse

952 1181 1122 1204 memoratur
1137 1176 1171 1202 ab
1180 1175 1285 1203 Joanne
1295 1175 1361 1202 Citri
1376 1175 1506 1209 episcopo
1519 1175 1545 1201 in
1554 1173 1743 1208 responsione,

952 1230 1034 1258 quam
1050 1222 1125 1249 dedit
1137 1222 1322 1249 Constantino
1337 1221 1473 1248 Cabasilre
1485 1221 1558 1248 circa
1573 1221 1697 1247 ordinem
1715 1220 1742 1246 in

951 1268 1149 1296 ecclesiasticis
1167 1268 1270 1295 Oﬂiciis
1282 1268 1459 1295 servandum.
1479 1266 1546 1294 Nam
1561 1274 1623 1293 cum
1635 1270 1744 1300 protec-

951 1317 1028 1344 dicus
1041 1324 1089 1344 seu
1101 1317 1198 1351 judcx,
1224 1316 1251 1343 in
1269 1315 1460 1342 criminalibus
1471 1313 1564 1341 causis
1578 1312 1743 1340 clericorum

952 1363 1022 1390 inter
1038 1363 1142 1389 minora
1160 1361 1246 1388 ollicia
1261 1362 1337 1396 prius
1353 1363 1568 1387 connumeratus
1580 1378 1587 1390 ,
1603 1358 1636 1385 ad
1657 1357 1743 1392 tnajoo

954 1416 1009 1435 rcm
1025 1408 1139 1442 gradum
1163 1407 1196 1433 ab
1209 1407 1314 1433 Joanne
1330 1405 1471 1440 Xiphilinn
1501 1403 1597 1431 fuisset
1621 1408 1743 1434 erectus,

953 1455 1035 1489 idque
1047 1455 1200 1487 aliquorum
1210 1460 1353 1480 censuram
1365 1451 1540 1482 suscitassct,
1551 1450 1577 1476 in
1588 1457 1620 1476 ea
1631 1456 1746 1483 respon-

952 1502 1030 1528 sione
1058 1499 1179 1527 Joannes
1194 1499 1262 1526 Citri
1277 1498 1424 1533 cpiscopus
1439 1497 1540 1531 inquit,
1559 1495 1585 1522 id
1610 1495 1711 1529 optime
1729 1502 1744 1520 a

952 1546 1090 1581 Xiphilino
1098 1546 1182 1573 fuisse
1195 1545 1385 1575 constitutum,
1395 1547 1476 1578 atque
1486 1543 1518 1569 ad
1526 1549 1584 1569 eant
1593 1541 1746 1568 innovatio-

951 1601 1013 1619 nem
1029 1591 1162 1618 Enstathii
1175 1590 1366 1617 auctoritatem
1382 1587 1542 1618 accessisse,
1559 1587 1606 1621 qui
1624 1585 1650 1612 id
1667 1593 1743 1612 sum—

952 1646 1065 1672 mopere
1084 1636 1338 1664 commendaverat.
1356 1634 1456 1661 Verum
1474 1634 1525 1660 hoc
1548 1640 1601 1659 non
1629 1631 1743 1664 evincit,

952 1687 982 1710 ut
996 1683 1100 1710 Pulitus
1116 1682 1235 1714 censuit,
1253 1679 1431 1708 Eustathium
1445 1678 1586 1713 Xiphilino
1599 1676 1684 1704 fuisse
1697 1684 1744 1703 su-

953 1729 1106 1764 perstitem,
1128 1733 1157 1755 et
1177 1735 1263 1762 usque
1279 1727 1312 1753 ad
1327 1725 1443 1753 Joannis
1456 1725 1529 1752 illius
1545 1723 1664 1758 episcopi
1677 1726 1746 1749 tem—

956 1783 1023 1810 pora
1041 1774 1216 1809 pervenisse;
1248 1773 1295 1800 scd
1320 1773 1413 1807 potius
1446 1770 1590 1805 Xiphilino
1617 1769 1681 1796 dum
1707 1768 1744 1794 ita

953 1821 1110 1848 faciendum
1129 1820 1265 1850 dcerevit,
1295 1827 1375 1846 suum
1411 1817 1563 1852 prtcbuissc
1587 1823 1744 1843 assensum.

953 1869 1032 1901 Quod
1048 1868 1162 1901 quidem
1181 1875 1211 1894 ex
1225 1867 1314 1901 ipsius
1330 1864 1562 1900 quoqueJoannis
1579 1862 1670 1889 verbis
1685 1862 1745 1888 erui

954 1922 1032 1950 posse
1041 1914 1147 1940 videtur
1159 1922 1166 1944 ;
1178 1913 1242 1939 dum
1253 1913 1325 1939 cnim
1341 1910 1477 1938 Eustathii
1493 1909 1626 1940 meminit,
1636 1917 1666 1935 ca
1680 1915 1748 1942 pra}-

954 1961 1037 1988 mittit
1047 1960 1129 1987 verba
1142 1958 1190 1985 τοῦ
1211 1960 1239 1985 ἐν
1254 1958 1356 1991 ἁγίοις,
1371 1965 1431 1992 quo:
1445 1964 1506 1983 eum
1519 1955 1576 1989 jam
1594 1954 1747 1981 decessisse

956 2007 1088 2037 indicant,
1104 2005 1236 2040 quoniam
1260 2004 1360 2038 probos
1374 2005 1540 2036 sanctosque
1552 2001 1627 2027 viros
1644 1999 1670 2026 in
1681 2007 1747 2034 pace

955 2051 1056 2078 Christi
1073 2051 1246 2086 quiescentes
1262 2050 1299 2076 ita
1313 2048 1479 2083 compellare
1501 2048 1710 2074 consueverant.

991 2142 1037 2169 VI.
1055 2141 1192 2169 Hactenus
1209 2139 1345 2175 Euthymii
1360 2139 1454 2166 laudes
1472 2136 1610 2172 prosecuti
1638 2143 1747 2165 sumus.

959 2189 1004 2216 sed
1020 2187 1213 2222 faterioportet
1229 2186 1387 2213 Graecorum
1410 2183 1556 2212 schismati
1578 2181 1746 2209 adhaesisse:

958 2235 1030 2270 quod
1042 2234 1215 2269 potissimum
1225 2236 1372 2260 constatex
1385 2231 1478 2258 libello
1487 2230 1530 2257 cui
1543 2229 1656 2256 titulus:
1671 2228 1749 2254 Κατὰ

957 2281 1013 2308 τῶν
1039 2281 1089 2316 τῆς
1120 2280 1240 2312 παλαιᾶς
1262 2279 1384 2314 Ῥώμης,
1405 2279 1465 2313 ἦτοι
1487 2277 1541 2303 τῶν
1560 2275 1681 2306 Ἰταλῶν,
1707 2275 1748 2301 ὅτι

958 2327 1009 2353 οὐκ
1029 2328 1061 2353 ὲκ
1082 2326 1132 2352 τοῦ
1157 2325 1223 2352 Υἱοῦ
1248 2325 1433 2359 ἐκπορεύεται
1464 2324 1494 2349 τὸ
1520 2323 1597 2356 ἅγιον
1626 2321 1747 2355 Πνεῦμα.

959 2372 1090 2400 Adversus
1105 2371 1195 2398 Romae
1216 2372 1309 2398 veteris
1326 2371 1406 2403 cives,
1423 2371 1475 2396 rice
1490 2369 1586 2400 Italos,
1613 2367 1682 2403 quod
1696 2375 1748 2394 non

957 2427 990 2446 ea:
1007 2417 1078 2444 Filio
1090 2417 1208 2452 procedit
1221 2417 1338 2451 Spiri'us
1355 2421 1475 2443 sanctus.
1492 2415 1547 2442 Leo
1561 2414 1677 2456 Allal‘ius
1691 2413 1746 2447 (18)

958 2465 1083 2500 pluribus
1099 2462 1483 2491 contenderatorthodoxiam
1511 2459 1649 2496 Euthymii
1668 2466 1746 2486 com-

958 2512 1085 2546 probare,
1098 2510 1144 2537 sed
1159 2508 1306 2536 abJoanne
1317 2508 1440 2535 Aubcrto
1455 2507 1586 2539 monitus,
1603 2513 1633 2533 se
1648 2505 1748 2540 hujus-

961 2558 1033 2585 tnodi
1055 2557 1177 2584 libellum
1197 2556 1224 2582 in
1239 2555 1406 2583 bibliotheca
1419 2554 1567 2581 Parisiensi
1597 2552 1746 2583 invenisse,

961 2611 1015 2631 non
1030 2611 1092 2631 esse
1111 2603 1229 2638 amplius
1241 2601 1394 2629 delensioni
1413 2601 1502 2627 locum
1516 2599 1607 2626 fassus
1636 2602 1688 2625 est.
1718 2597 1746 2624 In

958 2657 1016 2677 eam
1026 2649 1190 2677 sententiam
1205 2649 1322 2676 Allatius
1332 2645 1524 2678 descenderat,
1535 2644 1607 2684 quod
1617 2644 1643 2671 in
1673 2643 1746 2670 edita

958 2695 1096 2730 Panopliae
1110 2695 1170 2722 Zini
1189 2695 1315 2722 versione
1328 2693 1396 2721 nihil
1407 2693 1548 2720 invenerat
1567 2691 1639 2727 quod
1652 2689 1747 2718 catho-

995 2786 1052 2821 (l6)
1068 2785 1126 2812 Vill.
1138 2786 1244 2812 Annam
1260 2783 1664 2821 Coimncn.Aleriad.ii_b.xv,p_.
1680 2782 1741 2808 157.

994 2819 1051 2854 (17)
1071 2821 1102 2847 In
1118 2821 1276 2855 Prmfatmd
1285 2820 1431 2847 Comment.
1446 2819 1580 2846 [instat/iii
1595 2820 1622 2844 in
1633 2819 1743 2845 Homer.

959 2864 1019 2892 pag.
1035 2857 1067 2882 16
1082 2861 1108 2882 et
1128 2857 1168 2882 l7.

959 2891 1101 2955 Μὲδὲίζὲε
1117 2893 1227 2927 utrius/1.
1250 2890 1350 2918 Κυδίας.
1370 2899 1488 2917 consutis.
1502 2889 1549 2916 lib.
1565 2889 1610 2922 at;
1621 2895 1682 2922 cap.
1702 2888 1744 2922 10,

957 2935 1018 2963 pag.
1036 2931 1100 2955 (im.
