1893 3068
151 180 186 210 27
584 165 586 167 ’
811 177 1090 212 ΡΠΟῙ,1;.]Ο’>ῘῈΝΑ
1732 178 1768 208 23

150 238 209 265 lica:
231 236 291 263 fidei
308 239 334 263 et
353 236 456 264 Latim‘e
473 237 603 265 Ecclesia:
619 237 831 272 adversaretur;
847 240 876 266 at
907 235 937 265 in

151 283 244 309 codice
271 281 376 314 Graeco,
393 291 474 317 quem
502 291 584 318 supra
617 284 798 316 laudavimus,
816 283 938 312 Michae-

152 329 183 356 lis
198 329 329 361 Encman,
343 333 433 356 exstat
451 330 546 357 titulus
584 338 651 361 xm,
665 330 711 365 qui
732 339 764 358 ex
781 331 878 360 Photio
888 330 938 358 dc-

152 379 264 410 ccrptus
278 380 330 405 est.
346 380 474 410 totusque
494 380 590 403 contra
619 377 759 404 Romanos
783 378 939 411 processio-

153 428 213 447 nem
230 421 349 455 Spiritus
366 422 452 449 sancti
465 429 480 449 a
493 421 573 449 Patre
581 427 607 449 et.
622 421 690 449 Filio
702 427 858 450 asserentes
869 430 937 449 con-

153 466 284 500 scriptus.
316 466 434 500 ldipsum
450 467 587 494 invenitur
604 466 630 494 in
649 467 703 494 alio
731 467 814 494 etiam
842 467 937 494 codice

152 518 204 537 ms.
224 510 370 545 Pauoplizr,
387 511 432 545 qui
448 516 536 538 exstat
550 512 576 538 in
593 511 757 540 bibliotheca
774 511 857 546 Regia
886 511 937 537 Pa-

154 555 276 588 risiensi,
291 564 366 583 num.
379 556 463 590 1251;
479 561 505 584 et
518 557 583 584 hinc
598 563 717 590 constat.
731 558 893 592 prazdictmn
904 557 938 583 li-

152 601 252 628 bellum
281 602 346 628 nihil
372 610 432 629 esse
458 602 543 636 aliud,
557 604 608 630 nisi
634 604 744 630 titulum
770 611 816 630 xui
846 602 937 629 Pano—

152 646 214 679 plire
229 647 376 681 separatim
400 647 579 682 descriptum,
598 651 656 675 tum
674 650 700 675 in
719 648 828 675 duobus
862 647 938 675 codi-

153 690 232 717 cibus
250 691 332 725 regiis
349 692 416 726 (19),
443 699 560 725 quorum
589 700 662 720 unus
684 692 717 720 ad
740 700 839 720 manUs
863 691 939 719 venit

153 735 276 767 Auberti,
289 741 343 763 tum
361 736 388 764 in
419 737 506 765 tribus
535 737 674 765 Vaticanis
690 737 758 772 (20).
776 738 821 772 qui
843 745 938 765 omnes

153 781 290 808 Inisccllas
302 783 435 816 quasdam
448 784 586 810 variorum
603 787 798 818 excerptorum
811 784 934 818 comple-

153 833 274 855 ctuntur.
306 828 362 856 lloc
394 829 528 864 Bigotium
555 830 620 856 olim
648 829 876 857 animadvertisse
894 834 939 857 te-

154 879 243 900 statur
258 875 385 908 cpistola,
401 883 482 909 quam
510 875 536 902 in
566 875 735 903 Bibliotheca
763 875 856 902 critica
881 875 937 910 (2i)

154 919 239 947 edidit
258 919 441 956 Saingiorius.
456 920 592 947 Pra'terea
612 921 695 948 alium
712 928 820 955 quoque
834 920 938 956 Euthy-

154 965 200 991 niii
218 965 338 992 libellum
355 965 487 993 habemus
503 966 529 992 in
547 974 598 993 nis.
612 966 706 994 coclice
733 966 866 995 Vaticano
887 967 939 994 Pa-

154 1011 240 1039 latino
254 1012 316 1043 56f.
336 1013 363 1039 in
382 1020 436 1047 quo
454 1013 499 1040 ille
512 1013 664 1045 contendit,
691 1013 828 1041 Christum
841 1020 939 1048 magna

153 1057 250 1091 quinta
276 1057 342 1085 feria
363 1066 425 1085 cum
443 1058 586 1092 discipulis
601 1059 658 1086 suis
677 1059 761 1094 legale
775 1059 880 1086 Pascha
892 1066 938 1086 ce-

155 1103 297 1136 lebrasse;
325 1107 351 1130 et
363 1103 612 1139 biucintelligitur,
631 1111 686 1131 non
699 1106 782 1132 modo
799 1104 939 1132 defensio-

154 1157 216 1176 nem
235 1150 390 1184 suscepisse
402 1158 525 1178 err0rum
537 1150 637 1182 Pliotii,
651 1151 700 1178 sed
713 1151 796 1178 etiam
811 1158 939 1178 errorum

156 1194 183 1220 in
199 1202 268 1228 quos
282 1195 377 1222 incidit
387 1195 502 1222 Michael
518 1196 698 1224 Carrularius.
717 1199 758 1223 An
774 1197 818 1223 hic
831 1203 942 1231 quoque

156 1240 263 1267 libellus
281 1248 313 1267 ex
331 1240 460 1274 Pauoplia
478 1247 622 1277 excerptas
639 1243 686 1273 sit,
704 1246 780 1269 certo
806 1241 942 1268 affirmare

157 1293 211 1311 non
226 1286 325 1317 audeo,
342 1294 403 1314 cum
419 1288 555 1322 integrum
572 1287 605 1314 ad
633 1296 732 1315 manus
745 1296 799 1315 non
826 1288 941 1314 habeam

156 1330 281 1358 llru'cum
302 1337 405 1359 textum
422 1333 567 1367 Pauopliaa.
590 1333 716 1361 Attamen
737 1334 773 1360 ita
789 1341 850 1360 esse
861 1333 943 1360 i‘ehe—

156 1382 263 1404 menter
278 1379 403 1411 suspicor
428 1386 460 1406 ex
481 1386 514 1405 eo
546 1379 618 1413 quod
642 1380 759 1413 scriptor
788 1379 900 1407 Gracus
923 1386 938 1405 a

158 1422 248 1450 Leone
262 1424 362 1450 Allalio
379 1424 436 1459 (22)
455 1425 554 1451 citatus
571 1430 675 1458 narrat,
689 1425 812 1452 Alexium
826 1425 943 1453 Comne-

156 1476 220 1495 num
235 1469 373 1502 Zigabcuo
389 1469 543 1504 Joauniqne
570 1469 662 1497 Furno
684 1471 804 1505 jussisse
824 1472 856 1497 ὲκ
872 1471 940 1498 πὰν-

156 1523 211 1541 των
225 1515 278 1541 τῶν
295 1515 374 1542 Θείων
399 1516 498 1551 βίὸλων
521 1516 620 1550 λόγους
654 1517 845 1551 ὲρανισάμενοι
870 1517 941 1544 κατὰ

156 1561 211 1587 τῶν
222 1562 354 1596 αἱρέσεων
371 1562 420 1597 τὴν
431 1562 598 1598 διγματικὴυ
610 1563 764 1590 Πανοπλῖαν
778 1563 941 1596 συνέταξαν

157 1608 204 1633 καὶ
215 1609 275 1634 κατ’
291 1607 381 1634 αὐτῶν
397 1609 428 1643 δὴ
450 1608 560 1635 Ἰταλῶν
573 1609 617 1636 διὰ
632 1609 682 1644 τὴν
709 1610 870 1645 προσθήκην
895 1610 943 1637 τοῦ

158 1653 237 1686 ἁγίου
249 1653 389 1689 Συμϐόλου
402 1655 448 1680 καὶ
463 1655 498 1680 τὰ
513 1655 615 1689 ἄζυμα,
629 1660 656 1682 ut
668 1664 700 1682 ea:
713 1656 832 1683 omnibus
848 1657 944 1683 divinis

156 1691 355 1725 commentariis
389 1700 531 1726 sententias
562 1701 712 1735 colligentes
726 1707 819 1727 contra
835 1701 944 1729 Increscit

159 1743 336 1775 dogmaticam
349 1742 506 1776 I'anoplt'am
523 1750 724 1778 componerent;
742 1750 766 1772 et
782 1751 874 1772 contra
889 1754 946 1772 eos-

158 1788 218 1814 dem
238 1788 322 1815 Italas
333 1794 438 1823 propter
450 1790 611 1817 adtlitionem
623 1791 649 1817 in
667 1800 745 1818 sacro
778 1791 904 1825 Symbola
920 1797 944 1818 et

160 1843 266 1869 azyma.
285 1835 362 1868 Quod
377 1836 399 1863 si
414 1835 448 1864 de
461 1838 566 1871 azymis
580 1837 744 1873 Eutliymius
761 1839 788 1864 in
815 1838 945 1873 l’anoplia

161 1881 283 1916 scripsit,
299 1881 402 1908 frustra
417 1890 483 1909 sane
495 1883 550 1910 Leo
564 1884 681 1911 Allatius
695 1884 752 1918 (25)
773 1885 893 1912 asseruit
913 1892 947 1912 ex

162 1927 215 1953 hoc
228 1927 318 1962 capite
335 1928 436 1954 erroris
457 1928 532 1962 argui
570 1928 745 1964 Euthymium
775 1936 827 1955 non
855 1937 946 1963 posse,

161 1974 225 2008 quia
237 1973 413 2008 adiaphoram
423 1975 602 2008 quaestionem
615 1979 777 2009 prosecutus
788 1975 947 2002 csset.Cum

162 2019 235 2047 enim
251 2019 410 2054 Panopliam
425 2020 459 2047 ad
469 2019 652 2047 confutandas
661 2020 803 2047 baereticas
819 2021 949 2055 quaestio-

161 2075 211 2095 nes
231 2067 398 2098 exaraverit.
414 2066 562 2095 manifesto
576 2067 669 2094 statim
689 2068 766 2102 argui
781 2073 882 2102 potest,
895 2068 948 2094 La-

162 2112 282 2139 tinorum
303 2111 480 2144 sententiam,
498 2116 525 2139 et
538 2112 620 2139 ritum
636 2112 674 2138 ita
702 2120 887 2148 oppugnasse.
919 2117 948 2140 ut

162 2158 236 2187 illam
248 2158 385 2186 hereseos
405 2157 617 2190 insimulaverit,
633 2162 660 2184 et
691 2158 761 2185 hunc
784 2158 864 2185 modo
892 2166 946 2185 non

162 2204 302 2237 illicitum,
318 2204 367 2232 sed
384 2205 469 2231 etiam
488 2204 528 2231 uti
547 2203 697 2230 invalidum
713 2209 739 2230 et
756 2204 860 2231 nullum
877 2203 948 2237 reie-

162 2251 252 2282 cerit;
268 2250 296 2276 in
311 2258 366 2284 quo
384 2250 521 2284 praecipue
555 2248 668 2276 Michael
686 2249 853 2277 Caarularius
875 2249 950 2284 ejus-

163 2302 216 2328 que
231 2299 383 2322 sectatores
393 2301 407 2321 a
420 2299 496 2322 recta
512 2293 563 2321 fide
578 2294 753 2328 aberrabant,
773 2299 800 2322 et
813 2295 847 2322 ob
867 2301 950 2329 quam

163 2340 338 2376 potissimum
352 2347 461 2368 causam
477 2347 524 2368 eos
537 2339 591 2369 Leo
610 2339 647 2368 IX
660 2341 787 2369 Pontifex
813 2340 951 2368 refutave-

163 2390 206 2414 rat
233 2389 316 2421 atque
335 2385 522 2414 damnaverat.

198 2456 257 2484 Vll.
272 2456 332 2484 Jam
346 2464 422 2490 vero,
437 2461 468 2484 ut
479 2457 512 2484 ad
527 2455 704 2492 opusculum,
716 2455 789 2489 quod
803 2455 883 2481 modo
893 2453 954 2480 vui-

165 2503 284 2538 gandum
302 2503 507 2540 est,‘proprius‘
523 2503 666 2534 accedam,
685 2500 847 2535 Euthymius
856 2505 952 2527 contra

203 2619 258 2652 (l9)
270 2619 338 2646 Cod.
358 2619 437 2650 l37l,
449 2627 477 2646 n.
492 2618 538 2649 2!,
556 2621 583 2643 et
596 2616 665 2643 Cod.
687 2615 769 2652 2782,
787 2614 906 2652 Humili.

203 2649 259 2688 (20)
278 2654 426 2689 (κώ-5⁵19,
446 2661 508 2689 pag.
525 2651 680 2684 189.,Cod.
695 2649 902 2685 680,pag.438,
926 2654 954 2676 et

168 2683 237 2718 coli.
260 2690 321 2721 717.
341 2683 402 2723 patr.
416 2683 478 2716 19'9.

204 2725 260 2758 (⁵211
281 2721 361 2752 Tom.
374 2723 417 2755 Ill,
434 2731 493 2758 cap.
510 2722 555 2753 21,
569 2729 630 2757 pag.
649 2721 693 2749 97.

202 2755 259 2795 (2'2)
274 2759 310 2786 De
321 2760 459 2793 utriusque
469 2755 576 2785 Eccles.
585 2765 705 2784 causeris.
718 2756 768 2788 lib,
780 2763 819 2789 si,
833 2762 893 2790 cap.
909 2755 953 2787 10,

189 2803 230 2827 ait.
248 2795 312 2822 645.

168 2804 230 2831 pag.
248 2804 312 2822 oao.

205 2830 261 2865 (23)
278 2829 314 2865 [ξε
326 2837 460 2861 comens.,
471 2837 499 2864 p.
515 2828 576 2856 562.

208 2862 264 2899 (Ἡ)
280 2864 408 2900 λιιιὶςιηὶίι
432 2862 552 2891 ὶιὶιὶρναν.
571 2864 659 2892 Italic.
683 2871 744 2900 pag.
764 2862 815 2890 106
831 2865 858 2890 et
876 2868 952 2896 seqq.

209 2900 267 2934 (25)
279 2899 358 2927 Tom.
373 2899 417 2933 Ill,
430 2907 491 2935 pag.
510 2900 556 2929 71.

988 237 1142 272 Βοεοηιὶίοε
1164 238 1230 265 illud
1245 237 1421 265 concinnavit
1435 243 1550 272 quorum
1579 235 1703 262 lizcrcsim
1716 236 1770 261 alio

984 292 1096 320 quoque
1115 285 1247 319 singulari
1264 283 1397 318 opusculo
1429 283 1581 310 insectatus
1611 286 1663 311 est.
1695 282 1769 315 quod

983 329 1120 366 integrum
1138 329 1231 357 Graece
1246 335 1274 356 et
1295 328 1392 356 Latine
1414 328 1586 360 eruditisque
1619 326 1691 352 notis
1719 333 1771 350 an-

985 379 1059 404 ctum
1071 380 1098 404 et
1114 376 1280 403 illustratum
1298 383 1330 401 cx
1344 374 1439 401 codice
1453 371 1661 399 Vindoboncnsi
1674 372 1700 397 in
1714 379 1770 404 quo

985 422 1062 450 velut
1086 421 1220 457 appendix
1247 421 1382 455 Panopliaa
1411 420 1522 454 legitur,
1544 418 1630 445 edidit
1651 417 1772 443 lacubus

986 468 1090 496 Tollius
1109 468 1180 503 (21).
1200 467 1366 502 lnscriptuin
1383 471 1441 494 est:
1462 465 1593 496 Victoria,
1608 472 1656 490 seu
1676 464 1775 489 trium-

985 514 1052 548 phus
1067 514 1099 541 de
1113 514 1194 548 impia
1214 513 1439 540 Massalianorum
1451 516 1534 543 secta,
1553 511 1615 545 quia
1632 511 1658 536 in
1671 517 1704 536 co
1717 516 1772 535 non

988 561 1127 588 rationum
1143 560 1290 587 momentis
1307 559 1512 594 Bogomilorum
1540 564 1649 584 errores
1681 555 1776 582 disru-

988 607 1095 634 tiuntur
1115 614 1146 633 ac
1160 606 1325 637 refutantur.
1342 606 1389 633 sed
1403 605 1516 639 singuli,
1527 604 1566 631 uti
1580 604 1636 638 jam
1651 601 1775 632 refutati,

990 652 1268 679 anathematizantur.
1285 652 1415 678 (Iudicem
1436 651 1512 677 illum
1530 649 1774 677 Vindobonenscm

986 696 1042 731 jam
1055 696 1240 732 descripserat
1250 696 1412 723 Lambecius
1425 695 1494 730 (‘25),
1508 700 1535 722 et
1545 693 1702 728 speciminis
1715 693 1778 719 loco

988 744 1095 778 primos
1125 748 1182 770 tres
1216 742 1461 770 anathematismoa
1489 741 1659 775 vulgaverat.
1701 738 1776 765 ldcm

989 789 1154 817 Lambecius
1168 789 1225 823 (26)
1242 797 1292 816 nos
1307 788 1387 816 docet
1409 787 1436 814 iu
1454 787 1623 814 bibliotheca
1637 785 1778 812 Vindobo-

993 834 1070 862 nensi
1098 834 1204 869 aliquas
1237 834 1320 861 ctiam
1352 832 1501 868 rcperiisse
1531 831 1663 866 epistolas
1681 835 1779 858 contra

990 880 1232 916 Phundagiagitas,
1246 889 1294 908 seu
1308 880 1463 914 Bogomilos
1471 879 1653 915 conscriptas.
1664 878 1779 905 missas-

989 934 1042 961 que
1052 934 1066 953 a
1081 927 1246 954 monasterio
1263 926 1422 960 Periblepta:
1435 926 1462 952 in
1477 925 1592 960 patriam
1607 933 1697 955 suam,
1710 932 1780 957 qua-

991 980 1050 999 rum
1065 973 1241 1006 epigraphem
1259 972 1363 999 Tollius
1380 971 1473 999 Graece
1490 972 1588 999 recitat
1606 978 1668 998 cum
1683 971 1779 998 Latina

990 1018 1126 1050 versione,
1149 1018 1176 1044 iu
1200 1025 1254 1052 qua
1279 1018 1363 1045 verba
1393 1018 1441 1052 τῆς
1466 1017 1551 1052 μονῆς
1573 1018 1624 1052 τῆς
1651 1017 1781 1052 Περιῆλὲ-

991 1072 1059 1090 πτου
1076 1063 1192 1090 illustris
1210 1063 1322 1090 cenobii
1337 1063 1433 1090 Latine
1448 1063 1568 1090 reddidit
1582 1071 1589 1095 ς
1605 1062 1652 1090 sed
1676 1063 1780 1090 rectius

991 1116 1056 1136 sane
1072 1108 1235 1135 reddidisset
1252 1108 1360 1135 ccenobii
1382 1107 1548 1142 Periblcptm,
1561 1109 1632 1135 hanc
1659 1108 1780 1135 Grazcam

991 1162 1084 1181 vocem
1093 1154 1222 1181 intactam
1235 1153 1404 1188 relinquens,
1415 1154 1476 1188 quia
1489 1157 1530 1180 est
1539 1154 1621 1181 veluti
1631 1161 1780 1188 cognomen

992 1200 1066 1226 illitis
1088 1199 1217 1231 ccenobii.
1238 1207 1295 1233 quo
1327 1200 1474 1228 utebantur
1502 1205 1632 1235 tanquam
1661 1201 1782 1235 epitheto

994 1243 1114 1279 Virginis
1127 1244 1261 1278 Deiparae,
1274 1245 1318 1272 cui
1333 1245 1489 1272 cceuobium
1504 1245 1557 1272 hoc
1583 1250 1643 1272 erat
1669 1245 1781 1272 dedica-

993 1292 1062 1319 tlnn,
1078 1292 1107 1314 ut
1122 1288 1156 1314 ab
1169 1288 1230 1314 aliis
1244 1296 1304 1321 qua:
1317 1293 1397 1315 erant
1423 1289 1675 1322 Constantinopoli.
1687 1296 1784 1316 cmno-

993 1333 1046 1361 biis
1062 1341 1092 1360 ac
1101 1333 1209 1368 templis
1222 1333 1438 1368 eideniDeipara:
1452 1335 1540 1361 sacris
1554 1333 1782 1368 distingueretur.

1028 1399 1096 1428 Vill.
1113 1401 1163 1434 Qui
1177 1401 1278 1428 fuerint
1290 1401 1494 1435 Bogomilorum
1507 1409 1628 1433 errores.
1645 1410 1779 1429 necessa-

993 1447 1064 1474 rium
1097 1455 1151 1474 non
1180 1453 1219 1474 est
1251 1448 1295 1474 hic
1325 1456 1474 1482 exponere,
1492 1448 1622 1482 quoniam
1636 1449 1676 1475 vel
1696 1449 1782 1477 exiis

995 1493 1094 1524 solum,
1108 1500 1168 1527 qua!
1179 1493 1206 1520 in
1222 1493 1272 1520 hoc
1286 1493 1377 1520 libello
1392 1497 1486 1520 narrat
1510 1493 1686 1528 Euthymius.
1713 1495 1782 1521 satis

995 1539 1184 1566 innotescunt.
1214 1539 1430 1574 Appellabantur
1460 1542 1552 1566 autem
1588 1539 1720 1573 Bagmnili
1751 1548 1783 1566 ex

996 1592 1061 1611 voce
1081 1584 1144 1620 Bog,
1160 1593 1221 1619 quae
1238 1585 1416 1620 Bulgarornm
1431 1585 1524 1620 lingua
1538 1585 1675 1620 significat
1690 1585 1783 1617 Deum,

995 1634 1022 1656 et
1037 1637 1103 1657 voce
1121 1630 1223 1662 amilui,
1239 1638 1293 1665 quo
1306 1631 1391 1657 verbo
1406 1630 1476 1665 apud
1493 1630 1604 1657 eosdem
1617 1630 1782 1663 exprimitur

997 1678 1128 1708 miserere.
1157 1677 1235 1711 quasi
1254 1676 1293 1703 illi
1315 1681 1408 1703 essent
1424 1677 1471 1711 qui
1499 1676 1544 1702 Dei
1563 1675 1783 1703 miscricordiam

997 1722 1180 1756 implorabant
1197 1721 1265 1757 (27).
1285 1721 1367 1748 Iidem
1382 1720 1516 1755 Bogomili
1533 1720 1599 1748 dicti
1615 1726 1679 1748 sunt
1697 1720 1780 1746 etiam

997 1766 1202 1802 Pbundagiatm.
1231 1767 1273 1793 vel
1303 1766 1465 1793 Phunilaitm
1494 1774 1527 1793 ex
1555 1774 1597 1798 eo,
1628 1766 1788 1799 uteonjicit

997 1813 1148 1840 Cotelcrius
1179 1813 1256 1846 (28),
1282 1812 1356 1847 quod
1392 1812 1531 1847 ruarsnpia
1558 1812 1591 1839 ad
1620 1811 1788 1845 colligendas

999 1859 1190 1893 eleemosynas
1213 1859 1362 1892 gerebant:
1378 1858 1480 1892 φοῦνδα
1495 1858 1569 1884 enim
1587 1858 1658 1893 apud
1675 1857 1788 1884 Grrccos

999 1905 1134 1940 sequioris
1159 1905 1208 1931 aevi
1225 1905 1374 1939 scriptores
1395 1912 1444 1939 pro
1471 1904 1613 1938 marsupii)
1637 1904 1788 1930 indicando

999 1952 1147 1986 reperitur.
1162 1951 1299 1978 Prmterea
1322 1951 1385 1978 aliis
1403 1951 1485 1978 etiam
1508 1950 1667 1977 nominibus
1685 1950 1790 1976 distin-

1000 1997 1167 2032 guebantur,
1189 2003 1253 2023 nam
1268 2000 1295 2023 et
1314 1995 1484 2026 Massaliaui,
1500 1999 1527 2022 et
1546 1995 1680 2026 Eucbitze,
1693 1998 1720 2022 et
1735 1993 1792 2020 Eu-

1001 2043 1153 2074 tbusiastzc,
1172 2046 1199 2070 et
1217 2042 1375 2073 Encratitm,
1393 2046 1421 2069 et
1433 2041 1605 2068 Marcionita
1616 2040 1791 2071 dicebantur,

1001 2094 1034 2117 ut
1048 2097 1080 2116 cx
1092 2088 1186 2116 eodem
1205 2087 1351 2123 Euthymio
1366 2091 1474 2115 constat
1490 2096 1496 2114 :
1512 2094 1572 2121 qua:
1589 2086 1680 2113 omnia
1701 2085 1792 2120 Bogu-

1003 2136 1130 2163 milorum
1161 2134 1273 2161 nomina
1299 2133 1405 2168 prolixe
1423 2133 1570 2160 admodum
1597 2136 1624 2159 et
1641 2132 1749 2160 erudite
1765 2132 1792 2158 in

1003 2180 1228 2209 adnotationibus
1240 2180 1299 2207 suis
1319 2179 1425 2206 Tollius
1443 2179 1502 2215 (29)
1520 2178 1659 2213 exposuit.
1686 2177 1720 2205 At
1736 2184 1794 2212 prze

1003 2227 1109 2254 caeteris
1129 2229 1225 2253 notatu
1245 2225 1358 2260 dignum
1374 2230 1418 2252 est
1442 2232 1562 2256 nomen,
1588 2223 1662 2259 quod
1689 2223 1794 2258 Euthy-

1004 2273 1077 2300 mius
1094 2272 1121 2299 in
1136 2272 1187 2299 hoc
1221 2271 1358 2306 opusculo
1374 2270 1474 2298 asserit
1497 2270 1655 2304 Bogomilos
1668 2269 1722 2297 sibi
1744 2269 1795 2296 tri-

1004 2319 1108 2350 buisse,
1141 2325 1238 2352 nempe
1264 2317 1481 2351 Christopolitas,
1498 2325 1546 2344 seu
1577 2316 1676 2344 Christi
1704 2316 1795 2347 cives;

1007 2365 1060 2392 hoc
1073 2365 1146 2392 enim
1165 2364 1286 2394 nomine.
1302 2371 1358 2398 quo
1374 2363 1520 2398 specialem
1543 2369 1606 2397 erga
1631 2369 1679 2389 eos
1690 2361 1794 2389 Christi

1006 2409 1180 2436 dilectionem
1208 2408 1398 2439 ostentabant.
1426 2407 1559 2442 appellari
1572 2406 1742 2442 gaudebant.
1763 2409 1795 2432 ut

1006 2455 1115 2482 facilius
1147 2454 1330 2489 simpliciores
1350 2454 1377 2481 in
1394 2460 1491 2481 eorum
1511 2459 1620 2480 errores
1649 2451 1795 2486 pertrahe-

1006 2504 1068 2528 rent
1084 2500 1151 2535 (50).
1169 2499 1258 2534 Atque
1278 2499 1402 2527 eamdem
1415 2499 1498 2526 ctiam
1512 2498 1547 2525 ob
1570 2504 1683 2525 causam
1701 2504 1798 2524 mona-

1042 2615 1177 2650 (‘26)Torn.
1195 2615 1226 2644 ν,
1242 2622 1292 2650 pag
1316 2614 1362 2646 58,
1380 2613 1521 2650 iamsi.

1039 2651 1096 2684 (27)
1112 2649 1173 2676 Vid.
1195 2646 1404 2684 cl.'Pr:csulcm
1431 2647 1599 2684 Stephanum
1620 2646 1794 2684 [iurgiam‘in

1005 2681 1151 2713 Contnicnl.
1171 2685 1202 2711 tle
1217 2684 1301 2711 Cruci:
1321 2681 1411 2710 Vatia.
1423 2681 1487 2717 cap.
1504 2683 1529 2711 7.
1544 2691 1605 2717 pag.
1620 2682 1664 2708 79.
1683 2681 1795 2715 'adu.(b)

1041 2721 1086 2752 (23
1111 2720 1139 2746 lu
1167 2721 1238 2746 uotis
1264 2720 1296 2746 ad
1320 2727 1382 2754 pag.
1400 2718 1462 2749 144,
1491 2722 1555 2745 tom.
1580 2718 1599 2750 l,
1627 2717 1796 2744 Monument.

1006 2755 1093 2782 Graec.

1046 2790 1102 2825 (9.9)
1119 2789 1240 2823 Insignia
1260 2789 1348 2825 itiner.
1363 2788 1429 2815 Ital.
1448 2795 1508 2823 pag.
1525 2789 1585 2820 110,
1603 2791 1634 2825 et
1648 2794 1723 2820 seqq.

1045 2823 1101 2860 (30i
1119 2825 1238 2860 Cogisule
1249 2823 1463 2860 adnotatmneui,
1481 2831 1567 2860 quam
1576 2823 1609 2850 ad
1629 2823 1679 2849 hoc
1697 2828 1799 2848 nomen

1011 2852 1139 2897 apposuit
1154 2852 1270 2891 Tollius,
1287 2866 1348 2895 pag.
1365 2858 1427 2892 l22,
1445 2852 1520 2886 num.
1540 2858 1581 2885 l2.
