1893 3068
97 177 132 210 29
756 185 1048 216 PROLEGOMENA.
1674 186 1710 215 30

97 238 191 265 sticam
211 236 291 263 vitam
307 237 517 271 proﬁtebantur,
535 242 693 276 tantarrque
719 242 876 269 sanctitatis

97 283 211 316 speciem
225 283 344 310 exterius
360 283 536 314 simulabant,
556 289 583 312 ut
603 288 682 321 quasi
708 288 798 315 omnis
814 296 875 322 pcr-

96 327 219 354 fectiouis
235 327 354 354 cultores
367 327 533 354 viderentur.
549 328 623 356 llanc
642 339 736 359 eorum
755 332 815 358 \itm
830 340 874 358 ra-

96 374 194 400 tionem
223 373 255 399 ad
285 373 374 399 vivum
395 379 422 400 et
452 374 590 408 eleganter
607 376 740 404 describit
767 379 875 404 oculata

97 418 174 444 testis
198 417 275 444 Anna
311 418 447 444 Comnena
481 419 547 454 (3|),
569 421 649 456 cujus
671 427 762 450 tamen
794 423 875 450 verba

97 463 229 490 modohic
249 463 347 490 afferre
365 472 416 490 non
436 470 525 492 vacat.

132 508 173 535 IX.
189 509 383 543 Inqnirendum
398 514 439 537 est
451 511 541 545 potius
562 513 698 546 quomodo
722 513 803 548 impia
826 512 877 539 Bo-

96 555 256 587 gotnilornm
285 556 410 589 dogmata
438 557 597 592 Peribieplm
614 559 878 587 monachosiufece-

96 601 158 627 rint.
180 601 311 635 Equidem
338 603 364 628 in
383 610 413 629 ea
427 610 487 630 sum
507 604 653 634 sententia,
678 604 834 639 Bogomilos
849 606 876 632 in

96 655 177 673 unum
191 648 329 681 quoddam
359 648 500 683 collegium
530 650 676 681 coaluisse,
701 652 726 677 in
747 660 802 685 quo
819 659 877 678 Ino-

96 694 228 720 nastinum
260 694 322 720 vitae
357 695 513 722 institutum
553 697 673 730 profiteri
703 698 875 726 simularent.

95 739 209 766 Causam
227 748 277 767 cur
296 741 332 767 ita
362 742 536 768 sentiendum
550 743 678 777 suspicor
693 744 794 777 pra'bet
810 744 876 770 mihi

96 785 210 819 primum
226 786 482 821 Christopolitantm
504 797 612 820 nomen,
630 789 702 824 quod
723 798 816 817 mrum
831 797 877 817 sn-

95 830 186 857 eietati
214 832 354 866 fecerunt;
380 842 410 860 ac
440 835 539 861 deinde
562 836 645 862 Amne
661 835 875 870 Comueuo:(52)

95 877 226 908 narratio,
256 879 402 905 scribentis
434 879 565 906 Bisilium
590 889 664 908 novzc
692 881 772 913 huius
795 887 876 909 set-tm

95 926 234 948 auctorem
263 923 406 951 duodecim
434 925 485 952 sibi
513 925 665 960 discipulos
695 927 875 961 adiunxisse.

84 974 162 1010 _quos
173 972 200 994 ct
212 968 362 1001 apostolos,
380 970 411 996 all
427 970 541 997 alanetis
564 972 731 1006 exemplum,
751 973 878 998 nomina-

94 1016 181 1038 verat.
199 1012 300 1039 Exhac
335 1015 408 1041 enim
435 1016 592 1042 narratione
609 1017 702 1043 statim
719 1017 793 1043 subit
817 1018 876 1051 opi-

94 1059 152 1089 nio,
163 1066 209 1086 eos
222 1067 275 1086 non
292 1067 464 1088 communem
479 1069 540 1088 cum
555 1062 616 1088 aliis
633 1062 775 1089 monachis
795 1062 877 1088 vitam

95 1104 195 1138 egisse,
211 1106 257 1131 sed
276 1105 346 1132 inter
363 1114 392 1132 se
410 1110 516 1133 tantum
533 1107 628 1134 iniisse
643 1108 821 1140 societatem;
846 1115 878 1134 eo

96 1150 183 1184 ntagis
214 1151 286 1185 quod
313 1153 446 1186 quasdam
466 1155 546 1179 etiam
569 1153 722 1187 discipulus
743 1154 777 1181 iis
793 1154 878 1181 fui<se

96 1195 231 1224 immistas
248 1197 283 1224 ab
300 1198 393 1225 eadem
421 1198 496 1226 Anna
520 1198 680 1226 affirmatur.
700 1199 734 1226 At
748 1207 811 1226 vero
828 1207 877 1233 pa-

97 1241 194 1268 tefacta
210 1242 319 1269 demum
334 1243 536 1277 Ilogomilorum
562 1245 658 1272 ha-resi
680 1253 711 1272 ac
727 1245 877 1280 hypocrisi,

95 1292 123 1315 et
143 1287 252 1320 Basilio,
270 1289 349 1323 jussu
373 1289 461 1316 ΔιειῙὶ
479 1290 623 1323 Comueni,
646 1291 672 1318 in
691 1291 878 1325 llippodromo

95 1334 176 1369 regire
204 1335 280 1362 urbis
303 1340 412 1368 exusto,
439 1336 521 1371 impia
538 1337 594 1364 haec
611 1338 730 1365 societas
745 1338 878 1365 dissoluta

96 1385 138 1407 est
155 1381 330 1415 acdispersa.
348 1382 462 1416 ejusque
480 1391 587 1411 errores
604 1384 736 1411 damnati.
751 1386 878 1413 Attamen

96 1427 177 1453 sicuti
188 1427 310 1460 quotidie
325 1428 471 1455 usuvenire
480 1429 678 1464 conspicimus.
693 1436 721 1457 ut
733 1431 755 1458 si
769 1432 879 1466 quando

96 1480 174 1498 error
189 1472 285 1504 aliquis
305 1475 387 1500 menti
404 1474 555 1508 cujuspiam
575 1475 714 1507 insederit,
731 1485 783 1503 non
802 1477 880 1505 facile

97 1518 206 1545 animus
222 1519 254 1544 ab
271 1526 303 1545 eo
320 1519 486 1549 retrahitur.
501 1520 536 1547 ita
555 1519 588 1547 de
603 1519 749 1556 Bogomilis
771 1523 879 1550 accidit.

95 1562 162 1590 Nam
181 1571 226 1590 sex
250 1569 276 1590 et
291 1564 385 1597 viginti
403 1571 488 1590 annos
512 1569 655 1599 postquam
672 1574 766 1593 eorum
794 1568 881 1595 luere-

96 1609 137 1635 sis
152 1609 280 1636 damnata
296 1610 395 1640 fuerat.
413 1610 501 1644 Nipho
516 1611 624 1645 quidam
639 1613 791 1640 monachus
804 1614 877 1641 illam

96 1662 194 1682 rursus
214 1655 344 1682 innovare
358 1655 414 1688 jam
431 1659 562 1690 cmperat,
582 1664 635 1684 non
653 1659 746 1692 paucis
761 1659 787 1686 in
802 1667 880 1686 suam

96 1701 260 1728 sententiam
276 1702 430 1736 pertractis.
448 1702 526 1735 Quod
552 1711 613 1729 cum
627 1703 746 1731 delatum
762 1711 834 1733 esset
848 1706 880 1732 ad

95 1744 247 1773 Manueletn
277 1746 444 1773 Cornnenuzn
462 1766 471 1779 ,
490 1747 577 1774 Alexii
611 1748 620 1774 1
644 1757 675 1774 ex
703 1748 756 1775 filio
777 1749 881 1777 Joanne

96 1795 236 1825 nepotem,
253 1792 299 1825 qui
324 1796 389 1818 tunc
412 1792 575 1826 imperabat,
592 1793 726 1828 synodum
744 1794 879 1823 Constan-

95 1836 208 1870 tinopoli
240 1837 299 1871 cogi
328 1836 421 1871 jussit,
439 1841 467 1863 nt
480 1837 616 1872 Nipltonis
630 1846 711 1865 causa
729 1839 881 1866 discutere-

97 1886 154 1908 tur.
173 1881 340 1915 Congrcgata
355 1890 386 1909 ea
403 1882 522 1917 synodus
539 1882 590 1909 fuit
610 1890 681 1910 anno
701 1883 776 1914 ll“,
793 1883 880 1916 pridie

95 1926 162 1953 ldus
177 1925 313 1956 Octobris,
338 1926 364 1952 in
390 1926 533 1953 Thomaitc
557 1934 604 1953 sou
629 1927 802 1962 palriarchali
833 1928 882 1954 tri-

95 1971 191 2002 clinio,
219 1971 383 2005 pra-sidente
414 1970 544 1998 Michaele
558 1970 637 1998 Oxita
661 1973 831 2007 patriarcha,
850 1982 880 2001 ac

95 2017 220 2044 Manneia
247 2017 388 2043 Comneno
413 2017 588 2051 imperatore,
619 2019 798 2054 pluribusque
823 2020 882 2053 epi-

94 2062 188 2096 snopis
208 2067 234 2088 et
260 2062 439 2096 optimatibus
460 2062 656 2095 “sidentibus,
684 2065 730 2098 qui
747 2066 881 2092 accersito

95 2107 230 2141 Niphone,
256 2112 282 2135 et
307 2108 338 2134 de
366 2107 427 2142 ejus
455 2108 600 2135 sententiis
626 2110 788 2143 perquisito,
819 2118 881 2137 cum

93 2153 167 2180 male
179 2161 241 2180 eum
263 2153 288 2180 in
318 2153 370 2180 fide
397 2153 498 2180 sentire
514 2153 769 2187 deprehendissent,
784 2155 810 2182 in
827 2163 880 2182 iuo-

93 2199 247 2226 nasterium
274 2199 434 2234 Peribleptaz
462 2199 571 2227 interim
603 2200 778 2235 relegandum
814 2209 880 2228 cen-

93 2253 186 2277 suere,
203 2250 345 2272 monentes
367 2245 502 2276 abbatem,
522 2249 692 2280 ueteresque
717 2247 880 2279 monachos,

94 2292 124 2314 ιιι
139 2296 226 2322 neque
242 2288 293 2322 ipsi
311 2296 372 2315 cum
386 2296 418 2316 eo
441 2289 673 2323 colloquerentur,
690 2298 779 2325 neque
793 2292 880 2322 cuiuis

92 2338 172 2360 extra
189 2334 384 2361 monasterium
401 2335 506 2370 degenti
528 2335 561 2362 ad
575 2343 636 2362 eum
656 2336 747 2363 aditus
766 2339 881 2372 permit-

94 2384 194 2406 tercnt.
211 2380 263 2407 lies
280 2385 369 2407 tamen
388 2388 441 2407 non
456 2381 539 2408 cessit
553 2389 585 2408 ex
602 2386 677 2409 voto.
696 2382 782 2417 Nipho
795 2384 880 2416 enim,

91 2431 203 2459 arrepta
216 2427 370 2459 occasione,
387 2434 447 2453 cum
459 2428 626 2461 quibusdam
643 2427 804 2464 l’cribleptaz
825 2439 882 2459 mo-

93 2471 194 2497 nachis
206 2471 334 2505 paulatim
351 2472 434 2505 erepit
460 2472 606 2500 instituere
621 2473 769 2507 colloquia,
784 2479 810 2501 et
826 2475 881 2502 hrc-

92 2523 190 2543 reseos
207 2523 262 2543 suae
276 2516 351 2542 virus
367 2517 406 2543 eis
423 2517 588 2551 propinare;
603 2518 637 2544 oh
652 2526 734 2552 quam
764 2526 875 2546 causam

91 2562 219 2595 ejusdem
231 2562 327 2597 synodi
340 2561 444 2594 Patres,
461 2570 493 2589 ne
514 2563 598 2596 pestis
614 2562 658 2589 illa
680 2563 878 2590 monachorum

93 2612 204 2635 mentes
222 2609 390 2642 depasceret,
420 2608 577 2644 Niphoucm'
593 2610 761 2637 monasterio
790 2615 881 2638 extra-

90 2659 182 2687 ctuzn,
194 2662 226 2682 ac
237 2656 298 2689 igne
315 2658 342 2681 et
353 2663 423 2690 aqua
435 2655 611 2682 interdictum
625 2656 731 2691 l0ngins
756 2658 882 2684 exsulare

129 2743 188 2777 (51)
207 2744 328 2771 Alexiad.
348 2745 393 2771 lib.
406 2753 447 2776 xv,
467 2752 527 2779 pag.
543 2745 605 2772 486.

131 2780 189 2811 ιῖῑξ)
208 2779 293 2810 Ibirl.,
312 2787 371 2813 pag,
385 2780 445 2806 847.

128 2814 240 2851 (ὅῦλυε
252 2814 365 2848 utriusq.
386 2814 484 2843 [ζει-ια.
500 2824 618 2843 consuls.
630 2815 677 2843 lib.
712 2825 740 2848 ll,
756 2824 815 2851 cap.
837 2817 876 2847 l2,

88 2857 156 2884 pag.
173 2849 235 2880 68f).
244 2854 271 2876 ct
282 2856 357 2883 seqq.

127 2884 186 2919 (53)
204 2884 262 2911 Vid.
276 2884 484 2913 AunamComn.
499 2886 618 2915 Alcziad.
629 2887 674 2915 lib.
688 2895 730 2918 xv,
745 2894 803 2922 pag.
820 2887 877 2915 i87-

927 247 1083 276 t-ocgerunt.
1109 241 1257 274 Utrumque
1271 240 1401 275 synodale
1414 240 1564 271 decretum,
1581 247 1635 273 quo
1651 239 1709 267 haec

927 293 985 315 acta
1003 288 1208 320 constitutaque
1222 285 1345 317 fuerunt,
1358 285 1452 312 Grteee
1466 290 1493 312 et
1507 285 1602 312 Latine
1626 286 1711 312 edidit

928 333 981 360 Leo
1003 334 1118 360 Allatius
1132 333 1198 367 (55).
1211 332 1393 365 Quamobrem
1414 338 1467 357 non
1492 331 1570 361 male,
1590 337 1618 356 ut
1633 331 1708 358 arbi-

928 384 996 412 tror,
1013 380 1149 414 conjicere
1163 379 1224 412 quis
1239 378 1348 413 poterit,
1360 383 1416 404 tum
1431 377 1547 411 primum
1562 385 1593 402 ex
1609 376 1710 410 Nipho-

928 426 971 453 nis
999 425 1198 452 consuetudine
1220 424 1353 459 quosdam
1380 423 1543 456 Peribleptze
1562 422 1711 449 monathos

928 472 1129 505 ltogomilornm
1145 478 1252 498 errores
1266 470 1349 497 fuisse
1365 473 1516 504 amplexos.

962 518 995 545 X.
1011 517 1135 550 Quanam
1147 525 1212 544 vero
1227 516 1334 543 ratione
1347 515 1512 550 Euthymius
1533 515 1631 541 horum
1653 521 1711 540 Iro-

928 563 1076 591 nachorum
1090 563 1250 598 pravitatem
1273 561 1420 592 delcxerit,
1434 568 1585 594 eorttmque
1614 559 1713 586 delira-

929 613 1019 636 menta
1044 608 1183 636 didicerit,
1201 607 1257 641 ipse
1279 606 1306 633 in
1331 606 1383 633 hoc
1396 605 1489 632 libello
1507 605 1615 638 longius
1627 612 1711 630 enar-

929 655 1043 680 randum
1081 653 1247 688 aggreditur.
1275 653 1363 686 Atque
1394 652 1439 678 hic
1471 651 1587 678 adnotes
1621 649 1713 680 velim,

927 699 1115 734 Euthymium,
1149 702 1178 725 ut
1200 698 1298 725 melius
1323 705 1380 724 rem
1409 701 1494 723 totam
1521 699 1712 730 cognosceret.

928 745 1062 772 imitatum
1081 744 1164 771 fuisse
1177 743 1301 771 Alexium
1322 743 1502 775 Comnenum,
1520 741 1566 776 qui
1583 741 1712 767 Basilium

928 791 1042 818 Comiter
1057 791 1084 818 in
1106 791 1206 826 palatio
1224 790 1331 825 excepit
1344 790 1476 817 simulans
1489 789 1566 815 cordi
1583 788 1633 814 sibi
1651 795 1713 815 esse

928 837 986 872 ejus
999 826 1126 871 dogmata
1152 836 1283 868 cdisrere,
1314 839 1343 861 ιιι
1365 835 1410 861 ille
1427 833 1576 867 impietatis
1592 840 1648 859 snzc
1666 839 1712 858 ve-

930 891 1029 909 nenum
1053 882 1237 909 confidentius
1261 885 1400 908 evomeret
1419 880 1487 913 (54).
1513 879 1599 906 Porro
1617 877 1714 911 pra-ci-

929 936 1013 964 pnum
1031 929 1232 962 Bogomilorum
1255 927 1353 962 dogma
1372 931 1458 954 totum
1486 933 1518 952 ex
1538 925 1653 951 Manetis
1666 924 1714 949 do-

930 974 1017 1001 ctrina
1030 974 1203 1007 desnmptum
1220 977 1295 1004 erat;
1312 973 1365 998 duo
1382 971 1453 998 enim
1481 970 1627 1005 principia,
1644 976 1713 1002 quo-

931 1027 989 1046 rum
1006 1027 1088 1046 unum
1107 1023 1181 1045 esset
1209 1019 1322 1049 bonum,
1350 1017 1465 1043 alterum
1482 1016 1593 1047 malum,
1610 1019 1715 1041 astrue-

930 1066 1006 1092 bant.
1023 1065 1189 1098 Principium
1214 1063 1314 1090 malum
1340 1062 1384 1088 Dei
1404 1062 1514 1088 nomine
1535 1061 1713 1091 decorabant,

931 1119 962 1138 ac
974 1111 1074 1137 divinis
1092 1109 1270 1144 percolebant
1285 1108 1445 1139 honoribus,
1467 1111 1496 1133 ut
1511 1105 1537 1133 in
1556 1106 1606 1132 hoc
1624 1105 1716 1132 libello

930 1156 1018 1183 innuit
1036 1156 1207 1190 Euthymius,
1222 1162 1253 1182 ac
1267 1154 1433 1181 luculentius
1449 1152 1566 1179 allirtnat
1580 1152 1605 1178 in
1621 1152 1712 1178 Pano-

930 1201 984 1234 plia
1010 1201 1076 1232 (35).
1110 1199 1154 1226 ubi
1175 1198 1264 1232 inquit
1291 1197 1446 1232 Bogomilos
1476 1196 1620 1222 demanem
1645 1195 1716 1221 Filio

933 1245 1017 1272 Verbo
1052 1250 1117 1271 natu
1147 1244 1297 1275 maiorem,
1324 1244 1597 1278 prmtantioremqne,
1627 1246 1717 1274 utpote

932 1291 1157 1325 Primoycnitum,
1182 1290 1344 1317 credidisse.
1367 1289 1487 1324 ln~urgit
1510 1289 1553 1316 hic
1582 1288 1715 1316 adversus

930 1336 1106 1371 Euthymium
1137 1335 1320 1362 Beausobrius
1353 1335 1379 1362 in
1406 1343 1466 1365 sua,
1493 1343 1575 1370 quam
1601 1335 1717 1369 digesst

932 1381 1144 1408 blanichreorum
1161 1381 1275 1408 historia
1293 1380 1362 1414 (36),
1389 1381 1525 1414 nimisque
1545 1380 1718 1414 impudenter

931 1427 1042 1458 asserit,
1057 1434 1118 1453 eum
1135 1426 1197 1452 dolo
1212 1425 1283 1452 malo
1304 1429 1406 1452 tantatn
1422 1425 1572 1459 Bogomilis
1595 1425 1718 1458 impieta-

934 1477 988 1501 tem
1018 1473 1156 1500 tribuisse.
1184 1471 1290 1499 Nemini
1313 1472 1397 1502 enim,
1413 1475 1442 1498 ut
1470 1472 1526 1506 ipse
1548 1471 1648 1505 inquit,
1665 1470 1717 1497 erit

932 1526 1106 1553 persuasum,
1131 1518 1316 1545 Christianam
1350 1521 1470 1549 sectam,
1494 1525 1555 1552 qua:
1584 1517 1660 1544 cruci
1691 1521 1719 1543 et

933 1565 1098 1598 imaginibus
1113 1571 1222 1590 onmem
1243 1563 1347 1590 cultmn
1365 1569 1496 1598 prwslare
1508 1563 1649 1594 renuebat,
1666 1562 1717 1589 Sa-

932 1616 1022 1637 tanam
1051 1609 1141 1637 Verbo
1169 1610 1384 1644 prtestantiorem
1413 1609 1572 1636 credidisse.
1603 1610 1636 1634 At
1654 1616 1719 1635 vero

932 1660 1019 1682 totunt
1041 1654 1200 1682 Beausobrii
1214 1654 1356 1688 sophisma
1376 1654 1490 1685 corruit,
1507 1653 1529 1681 si
1545 1654 1719 1680 atlvcrtamus

933 1701 1109 1733 Maniclnros,
1125 1708 1241 1735 quarum
1257 1708 1367 1732 germen
1386 1705 1463 1727 erant
1477 1700 1619 1735 Bogotnili,
1632 1700 1719 1730 cruci,

933 1745 1066 1778 lleiparaa,
1092 1750 1118 1771 ct
1146 1744 1310 1780 imaginibus
1337 1744 1442 1772 cultum
1469 1745 1529 1771 ideo
1555 1745 1718 1780 denegasse,

932 1792 995 1825 quia
1024 1792 1100 1818 illum
1128 1795 1258 1825 tanquam
1283 1790 1466 1818 idololatriam
1496 1791 1579 1825 impie
1605 1799 1718 1825 respue-

933 1838 1007 1864 bant.
1034 1838 1141 1865 Etenim
1170 1838 1304 1872 sacrilcga
1336 1838 1393 1865 haec
1418 1842 1494 1865 secta
1523 1838 1662 1864 Christum
1687 1845 1720 1863 ex

933 1883 1016 1909 Maria
1032 1883 1143 1918 Virgine
1159 1890 1209 1909 nec
1225 1883 1310 1917 gigni,
1333 1890 1383 1910 nec
1399 1883 1474 1909 nasci
1497 1883 1621 1916 polui~se
1650 1882 1722 1908 atii:-

933 1929 1034 1960 mabat,
1056 1929 1118 1962 quia
1139 1929 1161 1955 si
1180 1936 1243 1954 vere
1254 1928 1374 1962 genitus,
1390 1933 1526 1961 natusque
1541 1928 1649 1959 fuisset,
1664 1936 1717 1954 non

933 1973 984 2000 nisi
1001 1981 1048 2007 per
1059 1973 1166 1999 Salaria:
1183 1973 1291 1999 vincula
1310 1972 1386 1999 carni
1404 1972 1500 2007 illigari
1516 1972 1661 2005 potuisset.
1682 1972 1720 1998 Ex

933 2026 986 2052 quo
1000 2018 1095 2045 eodem
1124 2017 1261 2052 principio
1293 2016 1452 2044 statuebant
1477 2023 1596 2050 quoque,
1618 2015 1720 2042 Chriin

934 2066 1049 2089 mortem
1069 2070 1121 2089 non
1140 2069 1243 2093 veram,
1270 2061 1317 2088 sed
1354 2061 1491 2092 fallacem,
1508 2065 1534 2087 ct
1563 2061 1720 2087 simulatam

936 2108 1031 2135 fuisse.
1046 2108 1127 2134 Plura
1145 2108 1215 2134 hanc
1238 2108 1264 2133 in
1292 2115 1348 2133 rem
1365 2107 1505 2140 congessit
1520 2113 1616 2133 contra
1635 2106 1722 2131 Boau-

935 2154 1057 2181 sobrium
1081 2155 1169 2188 ipsum
1197 2154 1222 2180 in
1248 2153 1400 2187 Alphabeto
1428 2153 1562 2179 Tibctano
1584 2153 1624 2180 vir
1643 2154 1722 2186 longe

934 2200 1112 2228 doctissimus
1132 2200 1303 2234 Augustinus
1328 2199 1466 2227 Antonius
1493 2198 1626 2234 Georgius
1652 2199 1720 2234 (57).

934 2247 971 2273 Ex
996 2246 1039 2274 his
1055 2250 1146 2273 autem
1179 2245 1259 2272 facile
1288 2245 1407 2280 quisque
1431 2245 1574 2280 intelligit,
1605 2247 1722 2280 pseudo-

933 2291 1112 2319 christianam
1125 2291 1197 2317 illam
1208 2295 1309 2317 sectam
1323 2297 1373 2317 nec
1383 2289 1536 2324 Deiparam,
1549 2297 1598 2316 nec
1609 2297 1719 2317 crucem

935 2337 1058 2364 venerari
1073 2336 1128 2363 ullo
1143 2337 1224 2363 modo
1238 2336 1379 2365 debuisse.
1404 2335 1468 2370 quia
1483 2335 1613 2362 Christus
1631 2343 1679 2362 nec
1694 2335 1720 2361 in

935 2383 1045 2418 Virgine
1059 2391 1170 2410 carnem
1211 2387 1381 2417 susceperat.
1409 2390 1459 2408 nec
1480 2382 1507 2408 in
1524 2382 1618 2408 crucis
1646 2382 1721 2416 ligno

933 2437 996 2456 vere
1010 2429 1125 2456 obierat.
1145 2429 1264 2463 ldipsum
1288 2427 1443 2455 sentiebant
1459 2429 1540 2455 etiam
1563 2428 1596 2454 de
1616 2429 1723 2454 sanctis

933 2483 994 2502 cum
1010 2475 1121 2503 Christo
1133 2475 1158 2502 in
1174 2475 1252 2505 ctelis
1270 2474 1457 2509 regnantibus.
1477 2481 1546 2508 quos
1572 2473 1635 2500 item
1660 2479 1721 2499 tau-

936 2530 1017 2556 quam
1037 2522 1244 2549 idololatrarum
1263 2522 1371 2547 inventa
1387 2520 1595 2547 aversabantur.
1619 2519 1718 2546 Contra

935 2575 999 2594 vero
1012 2567 1074 2602 quis
1087 2575 1140 2594 non
1155 2567 1239 2599 videt,
1251 2567 1312 2593 ideo
1329 2570 1431 2592 tantam
1447 2574 1510 2600 erga
1527 2565 1656 2592 Satanam
1675 2565 1721 2592 ha-

935 2613 1028 2641 buisse
1039 2613 1233 2645 reverentiam,
1249 2611 1320 2647 quod
1334 2613 1357 2639 is
1374 2617 1500 2646 tanquam
1519 2611 1588 2638 Deus
1608 2611 1717 2639 habitus

936 2661 1007 2694 apud
1024 2660 1084 2686 illos
1099 2659 1191 2691 fuerit,
1216 2662 1349 2693 tantaque
1375 2658 1504 2692 prmditus
1530 2657 1662 2694 potentia,
1692 2663 1720 2685 ut

973 2747 1028 2779 (553i
1040 2747 1124 2774 Titul.
1140 2756 1217 2774 \‘XIH.
1233 2748 1245 2781 ᾗ
1258 2749 1283 2775 6.

968 2783 1147 2816 (3‘i)IIistoire
1163 2784 1313 2818 critiqttcdc
1328 2782 1472 2815 Manic’n‘c,
1486 2785 1528 2810 (ιε
1552 2782 1647 2815 Ιὶιι,ιιι,
1659 2787 1722 2816 capo

932 2817 958 2847 5.
976 2818 1016 2852 §ti
1031 2825 1090 2852 pag.
1112 2818 1174 2844 52L

968 2843 1102 2888 (ξιγιιίῖέ.
1115 2843 1171 2880 ξξο7
1194 2853 1256 2880 208.
