1893 3068
139 175 174 206 21
570 159 573 161 ’
798 171 1077 205 PROLEJO‘JENA
1719 170 1754 200 as

137 234 197 261 licro
219 231 278 259 fidei
295 235 321 258 et
340 231 444 259 Latinae
461 231 590 259 Ecclesia:
607 231 819 265 adversaretur;
835 233 864 259 at
895 228 925 258 in

138 279 232 304 codice
258 277 363 308 Grrcco,
380 285 461 312 quem
489 285 571 312 supra
603 277 786 310 laudavimus,
804 276 926 305 Michae-

139 325 171 351 lis
185 325 316 355 Eneman,
330 328 420 351 exstat
438 324 533 350 titulus
571 332 639 355 xm,
653 324 699 359 qui
720 332 752 351 ex
769 324 866 353 Photio
877 324 926 352 dc-

140 375 252 405 ccrptus
265 375 317 399 est.
333 374 462 404 totusque
481 374 578 397 contra
607 370 746 397 Romanos
772 371 927 404 prum-asia-

141 423 201 442 nem
218 416 336 450 Spiritus
353 416 440 443 sancti
453 423 468 443 a
482 415 560 443 Patre
569 421 595 443 et
610 415 679 443 Filio
690 420 847 444 asserentes
858 423 926 443 con-

141 461 272 495 scriptus.
303 460 422 494 ldipstlm
437 461 575 488 invenitur
593 460 619 487 in
638 460 691 487 alio
720 460 803 488 etiam
831 460 926 487 codice

140 513 192 532 ms.
211 505 358 539 Pauoplim,
375 506 421 539 qui
437 510 525 532 exstat
539 506 565 532 in
582 505 746 533 bibliotheca
763 505 846 540 Regia
874 505 925 530 Pa-

142 550 263 582 risiensi,
279 559 355 577 num.
368 550 431 577 1231
444 559 452 584 ;
468 555 494 578 ct
508 551 572 578 hinc
587 556 706 584 constat,
720 552 882 586 przedictum
893 550 926 577 li-

141 596 240 623 bellum
269 597 335 623 nihil
361 604 422 624 esse
447 596 532 630 aliud,
547 597 598 624 nisi
623 597 733 624 titulum
759 605 806 624 xm
835 596 926 623 Pano-

141 641 203 674 plim
218 642 365 676 separatim
389 642 568 676 descriptum,
587 645 645 669 tum
663 643 690 669 in
708 642 818 669 duobus
851 641 928 668 codi-

141 685 221 712 cibus
239 685 321 720 regiis
338 686 405 720 (19),
433 693 550 720 quorum
579 694 652 714 unus
673 686 706 713 ad
730 694 828 714 manus
852 685 928 712 venit

142 731 265 762 Aubcrti,
279 737 334 758 tum
351 731 378 758 in
409 731 496 759 tribus
524 731 664 759 Vaticanis
680 731 748 766 (20),
765 732 811 766 qui
832 738 928 758 omnes

142 775 280 803 tniscellas
293 777 425 810 quasdam
437 778 576 805 variorum
593 781 787 812 excerptorum
801 777 923 812 comple-

143 827 264 850 ctuotur.
296 823 353 851 lloc
384 823 518 859 Bigotium
545 824 610 851 olim
638 823 866 851 animadvertisse
884 827 928 850 te-

144 873 233 896 statur
249 869 472 904 cpistola,quam
500 870 527 896 in
556 870 724 897 Bibliotheca
752 869 846 896 critica
871 869 927 904 (21)

145 914 230 942 edidit
249 915 431 950 Saingiorius.
446 915 582 942 Pra-lerca
602 915 685 942 alium
702 922 810 949 quoque
824 914 928 949 Euthy-

145 960 190 986 mii
209 959 328 987 libellum
346 960 477 988 habemus
493 961 519 988 in
537 969 587 988 ms.
602 961 696 988 codice
723 960 856 988 Vaticano
876 960 929 986 Pa-

145 1006 230 1033 lzuino
244 1007 306 1038 561,
327 1007 353 1034 in
372 1015 426 1042 quo
444 1008 488 1034 ille
502 1008 654 1039 contendit,
681 1007 818 1034 Christum
831 1013 930 1042 magna

144 1051 238 1086 quinta
265 1052 331 1080 feria
353 1061 414 1080 cum
432 1053 576 1087 discipulis
590 1053 649 1081 suis
667 1053 751 1087 legale
765 1053 871 1080 Pascha
882 1059 928 1078 ce-

144 1098 286 1131 lebrasse;
314 1102 340 1125 ct
352 1099 417 1126 hinc
428 1099 603 1133 intelligitur,
622 1106 676 1125 non
690 1099 772 1125 modo
789 1097 930 1125 defensio-

144 1151 206 1170 nem
224 1145 380 1179 suscepisse
391 1153 515 1173 errorum
528 1145 628 1176 Photii,
642 1144 690 1172 sed
704 1145 786 1172 etiam
802 1150 929 1171 errorum

145 1189 173 1215 in
189 1197 258 1223 quos
272 1190 367 1216 incidit
377 1190 492 1217 Michael
508 1190 690 1218 Czcrularius.
708 1191 750 1217 An
765 1190 809 1216 hic
822 1197 932 1224 quoque

147 1235 253 1262 libellus
271 1243 304 1262 ex
322 1235 451 1268 Panoplia
469 1241 614 1271 excerptus
630 1236 677 1267 sit,
696 1239 771 1262 certo
797 1234 933 1261 affirmare

148 1288 202 1306 nou
217 1281 316 1311 audeo,
333 1288 394 1307 cum
411 1282 546 1316 integrum
563 1281 597 1308 ad
625 1289 724 1308 manus
735 1289 790 1308 non
817 1281 932 1308 habeam

147 1326 272 1352 Crmcum
294 1331 396 1353 textum
414 1327 559 1361 Panoplite.
581 1327 708 1354 Altamen
728 1328 764 1354 ita
780 1335 841 1354 esse
852 1327 934 1353 i'cheo

148 1376 254 1398 "tenter
270 1373 394 1406 suspicor
420 1380 452 1399 ex
473 1379 506 1399 eo
538 1372 610 1406 quod
634 1373 750 1407 scriptor
779 1372 891 1400 Graecus
914 1379 930 1398 a

148 1417 239 1444 Leone
253 1418 354 1444 Allatio
371 1418 427 1452 ('22)
447 1418 546 1445 citatus
562 1424 666 1451 narrat,
680 1419 804 1445 Alexium
817 1419 934 1446 (Somne-

148 1471 212 1489 nmn
227 1463 365 1496 Zigabcno
381 1463 535 1498 Joannique
562 1463 654 1491 Furno
676 1464 795 1498 iussisse
816 1465 847 1490 ὲκ
863 1464 931 1490 πάν-

148 1517 203 1535 των
216 1509 270 1535 τῶν
287 1509 366 1535 θείων
391 1509 490 1544 βίϐλων
513 1510 612 1543 λόγους
646 1510 837 1545 ὲρανισάμενοι
862 1510 933 1537 κατὰ

148 1555 202 1581 τῶν
214 1555 346 1590 αἱρέσεων
362 1556 411 1590 τὴν
422 1556 590 1591 δυγματικὴν
601 1556 756 1583 Πανηπλίαν
769 1556 932 1589 συνέτιξιν·

149 1602 196 1627 καὶ
206 1602 267 1628 κατ’
283 1602 373 1628 αὐτῶν
389 1603 420 1637 δὴ
441 1602 552 1629 Ἰταλῶν
565 1603 608 1630 διὰ
624 1603 673 1638 τὴν
701 1603 861 1638 πρησθήκην
887 1603 934 1630 τοῦ

150 1647 229 1680 ἁγίου
241 1647 380 1683 Συμϐόλου
393 1648 439 1674 καὶ
455 1648 489 1674 τὰ
504 1649 606 1683 ἄζυμα,
620 1653 647 1675 ut
659 1657 691 1676 ea:
704 1650 824 1676 omnibus
840 1650 935 1676 divinis

148 1694 346 1719 commentariis
381 1694 523 1720 sententias
553 1694 703 1729 colligentes
718 1700 810 1720 contra
826 1695 936 1722 lut'reacs

151 1737 327 1769 rtogmalicam
340 1736 498 1770 I’anoptiam
515 1744 716 1771 componerent;
734 1744 758 1765 et
773 1744 866 1765 contra
880 1747 937 1766 eos-

150 1782 210 1808 dem
230 1782 313 1809 Italos
325 1788 430 1817 propter
442 1784 604 1811 additiouem
615 1785 641 1810 iu
659 1794 737 1811 sacro
770 1784 896 1819 Symbolo
912 1790 936 1812 et

152 1837 259 1863 azyma.
277 1829 354 1862 Quod
369 1830 391 1857 si
406 1829 441 1857 de
453 1831 558 1865 azymis
573 1830 736 1866 Euthymius
752 1832 780 1858 in
806 1831 938 1866 Panoplia

153 1875 275 1910 scripsit,
291 1875 394 1902 frustra
409 1883 476 1903 sane
487 1876 543 1903 Leo
556 1877 673 1905 Allatius
687 1877 744 1911 (25)
764 1878 884 1905 asseruit
905 1885 939 1905 ex

155 1921 207 1948 hoc
220 1921 310 1956 capite
327 1922 429 1948 erroris
449 1921 525 1956 argui
562 1921 737 1957 Eutbytnium
766 1930 819 1949 non
847 1929 939 1957 posse,

153 1968 217 2002 quia
229 1967 405 2002 adiaphomm
416 1969 594 2002 quaestionem
607 1972 769 2002 prosecutus
780 1967 940 1995 esset.Cum

153 2013 227 2041 enim
243 2013 402 2048 Panopliam
417 2013 450 2040 ad
461 2013 795 2040 confutandashaareticas
811 2013 942 2048 quaestio-

153 2069 203 2089 nes
223 2061 390 2092 exaraverit.
407 2060 553 2088 manifesto
568 2061 661 2088 statim
681 2061 759 2095 argui
773 2065 875 2095 potest,
888 2060 940 2087 La-

154 2106 275 2133 tinorum
295 2105 473 2138 sententiam,
491 2109 517 2132 et
530 2106 612 2132 ritum
628 2106 665 2132 ita
694 2113 880 2140 oppugnasse,
912 2110 941 2133 ut

154 2151 228 2181 illam
240 2151 378 2180 haereseos
398 2151 609 2184 insimulaverit,
625 2156 652 2178 et
682 2151 754 2178 hunc
777 2151 857 2178 modo
885 2158 939 2178 non

155 2198 295 2230 illicitum,
311 2197 360 2225 sed
377 2198 461 2225 etiam
481 2197 521 2225 uti
539 2197 690 2225 invalidum
706 2202 732 2224 et
750 2197 853 2224 nullum
871 2196 941 2230 reje-

155 2245 245 2276 cerit;
261 2244 288 2270 in
304 2251 359 2278 quo
377 2244 513 2278 praecipue
547 2242 660 2270 Michael
679 2243 846 2270 Caerularius
867 2241 943 2277 ejus-

155 2296 209 2322 que
225 2292 400 2316 sectatoresa
413 2293 489 2316 recta
504 2288 555 2316 tide
571 2288 746 2320 aberrabant,
767 2292 794 2315 et
806 2288 841 2315 ob
860 2294 942 2322 quam

156 2335 330 2370 potissimum
344 2342 453 2362 causam
469 2341 517 2362 eos
529 2333 585 2362 Leo
603 2332 641 2360 lx
654 2333 781 2361 Pontifex
806 2333 944 2361 refutave-

156 2385 199 2408 rat
226 2383 309 2416 atque
327 2380 515 2408 damnaverat.

192 2451 250 2479 νη.
265 2450 325 2478 Jam
339 2459 416 2484 vero,
431 2455 462 2478 ut
473 2449 506 2477 ad
522 2448 698 2484 opusculum,
710 2447 783 2482 quod
797 2447 876 2474 modo
887 2447 947 2473 vul-

158 2498 277 2532 gandum
296 2498 502 2533 cst,'proprins'
518 2495 661 2527 accedam,
679 2493 841 2528 Euthymius
850 2498 945 2520 contra

196 2613 252 2646 (19)
265 2612 333 2641 Cod.
353 2612 472 2643 157t,n.
487 2611 533 2641 2t,
551 2614 578 2636 et
591 2610 661 2646 Cod.
682 2609 764 2646 sese.
782 2607 900 2646 nimus.

197 2613 254 2678 (l9)
265 2613 333 2641 Cod.
353 2613 432 2643 1571,
444 2620 472 2639 n.
487 2613 533 2641 2t,
551 2614 578 2636 et
591 2613 659 2636 tiod.
682 2613 764 2640 2782,
782 2615 858 2634 num.
873 2613 900 2634 5.

197 2649 243 2683 (20
255 2648 421 2685 7C9d..579,
431 2654 503 2685 pag.
521 2646 595 2677 l89.,
607 2645 674 2672 Cod.
689 2644 822 2679 680,pag.
833 2643 896 2675 438,
921 2647 949 2670 et

162 2682 232 2712 Cod.
255 2683 317 2714 717,
336 2682 397 2716 pas.
411 2682 473 2710 199.

199 2718 255 2752 (~21)
277 2715 355 2744 Tom.
369 2716 412 2748 lll,
429 2725 488 2751 cap.
504 2715 550 2747 2|,
564 2723 625 2750 pag.
643 2715 688 2742 97.

198 2748 258 2815 (2225
266 2753 306 2815 ge
316 2753 454 2787 utriusque
464 2748 571 2778 Eccles.
580 2748 699 2778 conserta.
713 2749 762 2782 lib,
774 2756 814 2782 ιι,
827 2755 888 2784 cap.
904 2748 948 2780 l0,

201 2797 225 2815 ςι.
261 2805 266 2811 ρ
300 2808 307 2815 .

184 2797 225 2822 ag.
243 2789 307 2816 615.

163 2798 225 2825 pag.
243 2798 307 2816 oao.

201 2824 256 2859 (25)
273 2824 309 2859 De
321 2831 455 2855 conserta,
467 2830 494 2858 p.
510 2822 572 2849 462.

203 2855 259 2894 (Μ)
281 2858 402 2894 Imignin
428 2855 548 2894 iiitieror.
567 2857 654 2885 Italic.
678 2865 740 2893 pag.
760 2855 811 2884 l06
826 2859 853 2884 ct
871 2861 947 2889 seqq.

204 2895 261 2931 (i5)
273 2893 351 2923 Tom.
368 2893 412 2928 lli,
425 2902 486 2929 pag.
505 2893 551 2921 7|.

976 230 1130 265 Bogomilos
1152 231 1218 258 illud
1232 229 1409 258 concinnavit
1423 235 1538 264 quorum
1567 227 1692 254 haeresim
1704 227 1757 252 alio

973 285 1084 312 quoque
1103 277 1235 312 singulari
1252 276 1386 311 opusculo
1417 275 1569 302 insectatus
1599 278 1652 304 est,
1684 273 1755 306 quod

971 323 1108 359 integrum
1126 322 1219 350 Grtece
1235 328 1261 349 et
1283 321 1380 348 Latine
1402 320 1575 352 cruditisque
1607 318 1679 344 notis
1707 325 1756 342 au-

973 372 1047 397 ctum
1059 373 1086 396 et
1103 369 1269 396 illustratum
1287 375 1319 394 ex
1333 366 1428 394 codice
1441 363 1649 391 Vindoboncnsi
1662 363 1689 388 in
1703 371 1757 396 quo

973 416 1050 443 velut
1074 415 1208 450 appendix
1236 413 1372 448 Panopiia:
1400 412 1511 447 legitur.
1532 409 1618 437 edidit
1639 408 1758 435 Jacolms

974 461 1078 489 Tullius
1098 461 1169 496 (21).
1189 460 1356 494 lnsrriptum
1372 463 1430 486 est:
1451 457 1582 489 Victoria,
1597 464 1645 482 seu
1665 455 1762 481 trium-

974 508 1040 541 pltua
1055 508 1088 534 de
1102 507 1183 541 impia
1204 506 1428 533 Massalianorum
1441 508 1523 535 secta,
1542 502 1604 537 quia
1621 502 1647 527 in
1661 509 1693 527 eo
1705 508 1759 527 non

976 554 1116 581 rationutn
1133 553 1279 580 momentis
1297 551 1501 586 Bogomilorutn
1529 556 1639 576 errores
1670 547 1763 574 distu-

977 600 1084 628 tiuntur
1104 607 1135 626 ac
1150 599 1314 630 refutantur,
1332 598 1378 626 sed
1393 597 1505 631 singuli,
1517 596 1556 623 uti
1569 595 1626 630 jam
1641 593 1762 623 refutati,

978 645 1256 672 anathematizantur.
1274 644 1404 671 Codicent
1425 643 1501 670 illum
1519 641 1761 669 Vindobonenscm

976 689 1031 725 jam
1045 689 1230 724 descripserat
1239 688 1401 716 Lambecius
1415 688 1483 722 (‘25),
1497 692 1524 714 et
1534 685 1692 720 spcciminis
1704 684 1765 710 loco

977 737 1084 772 primos
1115 741 1171 763 tres
1205 734 1450 762 anathematismos
1478 733 1649 767 vulgaverat.
1691 729 1764 756 Idem

979 782 1144 810 Lambecius
1157 781 1214 816 (26)
1231 789 1281 808 nos
1297 780 1377 808 docet
1399 779 1425 806 in
1443 779 1613 806 bibliotheca
1627 777 1766 804 Vindobo-

983 827 1060 855 nensi
1088 827 1194 862 aliquas
1227 826 1310 854 etiam
1342 825 1491 860 rcperiisse
1521 824 1654 858 epistolas
1671 827 1767 849 contra

980 873 1222 909 Phundagiagitas.
1236 881 1284 900 seu
1299 872 1453 907 Bogomilos
1461 871 1643 907 conscriptas.
1653 869 1768 896 missas-

979 927 1032 954 que
1042 927 1057 946 a
1071 919 1236 947 monasterio
1253 918 1412 952 Periblcptzc
1425 918 1452 944 in
1467 917 1582 952 patriam
1598 924 1687 947 suam.
1700 924 1769 948 qua-

981 973 1040 991 rum
1055 965 1232 999 epigraphem
1249 963 1353 991 Tollius
1370 963 1463 991 Graece
1480 964 1578 990 recitat
1596 970 1658 989 cum
1673 962 1768 989 Latina

980 1011 1116 1042 versione,
1141 1010 1166 1036 in
1191 1017 1245 1044 qua
1270 1010 1354 1037 verba
1383 1010 1432 1044 τῆς
1456 1009 1541 1044 μονῆς
1563 1009 1614 1044 τῆς
1641 1009 1771 1043 Περιϐλέ-

981 1065 1050 1082 mou
1066 1055 1182 1082 illustria
1201 1054 1313 1082 cteuobii
1328 1055 1423 1082 Latine
1439 1054 1559 1082 reddidit
1573 1063 1580 1086 ;
1595 1054 1642 1081 sed
1666 1055 1770 1081 rectius

982 1109 1047 1129 sane
1063 1100 1226 1128 reddidisset
1243 1100 1351 1127 caenain
1372 1099 1538 1134 Pcriblcptm,
1551 1101 1622 1126 hanc
1650 1099 1770 1127 Gmcam

981 1155 1075 1173 Vocem
1085 1147 1213 1173 intactam
1226 1146 1394 1181 relinquens,
1405 1146 1467 1180 quia
1479 1149 1520 1172 est
1529 1146 1612 1172 veluti
1621 1153 1771 1180 cognomen

983 1193 1057 1219 illius
1079 1192 1208 1223 cmnohii,
1229 1199 1285 1226 quo
1317 1193 1465 1220 utebantur
1493 1197 1623 1227 tanquam
1652 1192 1773 1226 epitheto

984 1236 1105 1272 Virginis
1119 1236 1252 1271 Deiparae,
1265 1237 1309 1264 cui
1324 1237 1481 1264 coenobium
1495 1237 1548 1264 hoc
1575 1241 1634 1264 erat
1661 1237 1772 1264 dedica-

985 1285 1052 1312 tum,
1068 1285 1098 1308 ut
1113 1281 1147 1307 ab
1160 1281 1220 1307 aliis
1235 1289 1295 1314 quae
1308 1285 1389 1307 erant
1415 1281 1667 1314 Constantinopoli,
1679 1287 1775 1307 emno-

983 1326 1037 1354 biis
1052 1334 1083 1353 ac
1092 1326 1200 1360 templis
1213 1326 1430 1361 eidechiparaa
1444 1326 1531 1353 sacris
1546 1326 1774 1359 distingueretur.

1019 1392 1088 1420 Vlll.
1104 1393 1154 1426 Qui
1169 1393 1270 1420 fuerint
1281 1394 1486 1428 Bogomilorum
1499 1401 1620 1425 errores,
1638 1401 1770 1420 necessa-

985 1440 1055 1466 rium
1088 1447 1142 1467 non
1171 1445 1211 1467 est
1243 1440 1287 1466 hic
1317 1448 1466 1474 exponere,
1483 1441 1614 1474 quoniam
1628 1441 1669 1467 vel
1689 1440 1774 1468 exiis

986 1486 1086 1517 solum,
1099 1493 1160 1519 qua!
1171 1485 1197 1512 in
1213 1485 1264 1512 hoc
1278 1485 1369 1512 libello
1385 1489 1478 1512 narrat
1502 1485 1678 1520 Euthymius.
1705 1487 1774 1513 satis

987 1532 1176 1559 innotescunt.
1205 1531 1423 1566 Appellabantur
1453 1535 1544 1558 autem
1581 1531 1713 1566 Bngomili
1743 1540 1776 1559 cx

987 1585 1052 1604 voce
1072 1577 1135 1612 Bog.
1152 1585 1213 1612 quae
1230 1577 1408 1612 Bulgarorum
1423 1577 1517 1612 lingua
1531 1577 1667 1612 significat
1682 1577 1776 1609 Deum,

987 1627 1013 1649 et
1029 1630 1095 1649 voce
1113 1623 1215 1654 omilni,
1232 1630 1286 1657 quo
1298 1623 1384 1649 verbo
1398 1622 1469 1656 apud
1485 1623 1596 1649 eosdem
1610 1622 1775 1656 exprimitur

988 1671 1121 1700 miserere,
1149 1669 1227 1703 quasi
1247 1668 1285 1695 illi
1308 1673 1400 1695 essent
1416 1668 1463 1702 qui
1491 1668 1536 1694 Dei
1556 1668 1776 1695 miscricordiam

988 1714 1172 1748 implorabant
1189 1713 1258 1749 (27).
1278 1713 1360 1740 Iidem
1374 1712 1508 1746 Bogomili
1525 1712 1591 1739 dicti
1607 1718 1671 1739 sunt
1690 1712 1773 1738 etiam

989 1759 1194 1794 Phundagialaa.
1224 1758 1266 1785 vel
1295 1757 1457 1784 Phnndaitat
1486 1765 1518 1784 ex
1546 1765 1589 1788 eo,
1620 1758 1782 1790 utconjicit

989 1806 1140 1832 Cotelcrius
1172 1805 1248 1838 (‘28),
1274 1803 1348 1837 quod
1383 1803 1523 1837 marsupia
1549 1802 1583 1829 ad
1611 1803 1782 1835 colligendas

991 1852 1182 1885 eleemosynas
1205 1850 1354 1884 gerebant:
1370 1848 1472 1883 φοῠνδα
1487 1849 1561 1875 enim
1579 1847 1650 1883 apud
1667 1847 1781 1875 Grrecos

991 1898 1127 1932 sequioris
1151 1896 1200 1923 :‘evi
1217 1896 1366 1930 scriptores
1387 1902 1437 1930 pro
1463 1895 1605 1929 marsupio
1629 1894 1780 1921 indicando

992 1945 1140 1979 reperitur.
1155 1943 1291 1970 Prteterea
1314 1941 1377 1969 aliis
1395 1942 1477 1968 ctiam
1501 1941 1660 1968 nominibus
1678 1940 1782 1966 distin-

993 1990 1160 2024 guebantur,
1181 1995 1245 2014 nam
1260 1991 1288 2015 et
1306 1987 1477 2017 Massaliani.
1492 1989 1520 2013 et
1539 1985 1674 2016 Euchitte,
1686 1989 1713 2012 et
1727 1983 1786 2010 Eu-

994 2036 1146 2067 thusiastre,
1165 2037 1191 2062 et
1209 2033 1369 2064 Encratitte,
1386 2037 1414 2060 et
1426 2032 1598 2059 Marcionita:
1609 2031 1784 2062 dicebantur,

993 2087 1026 2110 ut
1041 2089 1073 2109 ex
1084 2081 1179 2108 eodem
1197 2079 1344 2115 Euthymio
1359 2082 1467 2106 constat
1483 2087 1489 2104 :
1505 2085 1566 2112 quae
1582 2077 1673 2103 omnia
1694 2075 1785 2111 Bego-

996 2128 1123 2155 milorum
1153 2127 1266 2153 nomina
1291 2125 1398 2160 prolixe
1416 2123 1563 2151 admodum
1590 2127 1617 2150 et
1633 2122 1742 2150 erudite
1757 2122 1785 2148 in

996 2172 1221 2202 adnotationibus
1233 2171 1292 2198 suis
1312 2170 1418 2197 Tollius
1436 2169 1495 2205 (29)
1513 2169 1652 2202 exposuit.
1679 2168 1713 2195 At
1729 2174 1787 2202 pra!

996 2219 1102 2247 caeteris
1122 2221 1218 2244 notatu
1238 2216 1351 2251 dignum
1367 2220 1411 2243 est
1435 2222 1555 2246 nomen,
1581 2213 1655 2249 quod
1682 2213 1788 2247 Euthy-

997 2265 1070 2292 mius
1087 2264 1114 2291 in
1129 2263 1180 2290 hoc
1215 2262 1351 2298 opusculo
1367 2261 1468 2289 asserit
1491 2260 1648 2294 Bogomilos
1661 2259 1714 2286 sibi
1737 2259 1790 2286 tri—

997 2311 1101 2342 buisse,
1135 2317 1231 2344 nempe
1258 2308 1474 2342 ϐἡήδιυροιὶιαε,
1491 2315 1539 2335 seu
1569 2306 1670 2334 Christi
1698 2306 1788 2336 cives,-

1001 2357 1053 2385 hoc
1067 2357 1140 2384 enim
1158 2356 1279 2386 nomine,
1296 2363 1351 2390 quo
1367 2354 1513 2390 specialem
1536 2359 1599 2387 erga
1625 2359 1672 2379 eos
1683 2351 1788 2378 Christi

1000 2401 1174 2429 dilectionem
1201 2400 1392 2431 ostentabant.
1420 2397 1552 2434 appellari
1566 2396 1735 2432 gaudebant.
1756 2399 1789 2422 ut

1001 2448 1108 2476 facilius
1141 2447 1324 2481 simpliciores
1344 2446 1371 2473 in
1387 2452 1485 2472 eorum
1505 2449 1613 2470 errores
1642 2441 1789 2476 pertrahe-

1000 2497 1062 2521 rent
1078 2492 1145 2527 ('50).
1162 2491 1251 2526 Atque
1272 2490 1396 2519 eamdem
1409 2490 1492 2517 etiam
1506 2488 1541 2514 ob
1564 2494 1677 2514 causam
1694 2493 1792 2514 mona-

1036 2607 1171 2640 (96)Totn.
1190 2607 1221 2635 V.
1237 2613 1286 2641 pag
1311 2605 1356 2636 58,
1375 2603 1516 2641 127λ151.
1615 2636 1633 2641 ﬁ
1689 2636 1697 2641 θ
1760 2635 1765 2641 .

1034 2636 1091 2677 (27)
1106 2642 1168 2668 Vul.
1190 2636 1398 2677 cli'l’rzcsulcm
1426 2637 1593 2677 Stephanum
1615 2636 1788 2677 [litrgiamlin

1000 2671 1146 2705 Co‘nm'tent.
1166 2677 1197 2702 de
1212 2676 1295 2703 Crute
1316 2671 1405 2700 l’alt'c.
1418 2671 1483 2708 cap:
1499 2672 1524 2702 7.
1539 2681 1599 2707 pag.
1680 2671 1788 2704 adn.(b)

1035 2713 1081 2744 (‘28
1106 2712 1134 2738 lu
1162 2712 1234 2737 notis
1259 2711 1292 2737 ad
1315 2717 1377 2744 pag.
1394 2709 1456 2739 144,
1486 2713 1550 2735 tom.
1574 2707 1594 2739 1,
1622 2707 1789 2734 Monumeut.

1001 2747 1088 2775 Crmc.

1041 2781 1097 2817 (29)
1114 2781 1235 2817 Insignia
1255 2780 1343 2817 itiner.
1358 2778 1424 2817 Ital.
1442 2786 1503 2814 pag.
1519 2779 1580 2810 lto,
1597 2781 1629 2817 et
1643 2784 1718 2810 seqq.

1041 2812 1097 2851 (δυ’)
1114 2812 1233 2851 Ciuisttle
1244 2812 1458 2851 adnotationem,
1476 2812 1564 2851 quam
1571 2813 1604 2840 ad
1624 2812 1674 2839 hoc
1691 2817 1793 2838 nomen

1006 2844 1134 2889 apposuit
1149 2844 1264 2882 Tollius,
1282 2858 1343 2887 pag.
1360 2849 1422 2883 1‘22,
1440 2844 1515 2877 num.
1535 2848 1576 2875 l2.
