1893 3068
95 170 129 202 29
754 190 1046 223 enotnoonaxa.
1672 206 1708 234 30

93 230 188 257 sticam
209 230 288 258 vitam
305 234 514 268 proﬁtebantur,
533 241 691 277 tantatrque
716 247 873 274 sanctitatis

92 275 208 308 speciem
222 277 341 306 exterius
356 279 532 314 simulabant,
552 290 580 312 ut
600 275 678 322 quasi
705 291 794 318 omnis
810 300 872 326 per-

91 320 215 347 fectionis
231 322 350 350 cultores
362 324 529 354 viderentur.
545 320 619 358 Hanc
638 340 732 361 eorum
752 320 870 363 tinem-

91 366 189 392 tioucnt
218 367 250 393 ad
279 369 370 396 vivum
391 375 418 397 et
447 372 585 405 eleganter
602 377 735 406 deserit-it
763 383 870 410 oculata

91 411 168 437 testis
191 410 269 438 Anna
305 414 442 442 Comneua
475 417 541 453 (51),
563 422 643 457 cujus
666 429 756 453 tamen
789 428 869 454 verba

89 456 223 484 modohic
243 458 341 486 atl'crre
359 468 410 488 non
430 468 519 491 vacat.

124 501 166 527 IX.
181 502 376 537 lnquiremlum
391 510 534 543 estpotius
555 514 690 546 quomodo
715 515 796 550 impia
819 516 870 544 Bo-

87 548 248 579 gotuilorum
277 551 402 586 dogmata
431 554 588 591 Periblcptw
605 561 870 591 monachosiul'cce-

86 593 149 620 rint.
171 595 302 628 Equidem
329 599 356 624 in
374 607 405 626 ea
418 608 478 628 sum
498 605 644 635 sententia,
669 606 826 642 Bogomilos
841 611 867 637 in

85 647 168 665 unum
182 642 319 674 quoddam
349 645 490 681 collegium
521 650 666 682 coaluisse,
691 653 716 679 in
738 663 792 688 quo
809 664 867 682 mo-

84 687 218 713 nasticum
250 689 312 715 vim
347 691 503 721 institutum
543 697 662 730 profiteri
692 700 864 730 simularent.

83 731 198 759 Causatn
216 742 266 761 cur
285 735 321 762 ita
351 739 525 767 sentiendum
538 743 666 777 suspicor
682 746 782 779 pra‘bet
799 748 864 775 mihi

82 778 198 810 primum
214 780 470 817 Christopolitannn
492 796 600 821 nomen,
618 778 690 824 quod
711 800 804 819 eorum
819 802 865 821 so-

81 822 173 850 cietati
201 826 342 861 fecerunt;
367 838 398 857 ac
427 832 527 860 deinde
549 835 632 862 Anna:
649 836 862 875 Comnena:(52)

79 870 212 902 narratio,
243 874 388 902 scribentis
421 877 552 906 Bisilium
577 889 650 909 novm
678 883 758 915 huius
781 891 863 913 set-tte

78 919 220 942 auctorem
248 918 392 948 duodecim
419 923 470 950 sibi
498 924 651 960 discipulos
680 929 861 963 adjunxisse,

66 966 146 1001 kquos
159 965 184 987 ct
196 964 347 996 apostolos,
364 967 396 993 ad
412 967 525 996 Manetis
549 973 715 1007 exemplum,
735 977 862 1002 nomina-

76 1009 165 1031 verat.
183 1006 221 1033 Ex
234 1007 284 1035 hac
320 1011 392 1038 enim
418 1015 576 1042 narratione
593 1006 686 1044 statim
703 1019 777 1046 subit
801 1022 860 1055 opi-

74 1051 135 1081 nio.
147 1059 193 1079 eos
206 1061 259 1080 non
276 1063 447 1085 Comtlltllle'll
462 1067 524 1086 cum
538 1062 600 1089 aliis
617 1064 759 1092 monachis
779 1065 860 1093 vitam

75 1097 177 1130 egisse,
194 1100 240 1125 sed
259 1100 329 1128 inter
346 1110 375 1129 sc
393 1107 499 1131 tantum
516 1106 611 1134 iniisse
626 1110 804 1143 societatem;
828 1120 860 1139 eo

74 1143 164 1176 magis
195 1146 268 1179 quod
294 1149 427 1182 quasdam
447 1153 527 1178 etiam
551 1153 703 1188 discipulus
725 1157 758 1184 iis
774 1157 859 1185 fui<se

74 1187 212 1218 immistas
230 1192 264 1219 ab
280 1194 374 1221 eadem
402 1195 477 1224 Anna
501 1187 660 1227 atlirmatur.
681 1202 714 1228 At
729 1211 791 1230 vero
809 1211 858 1237 pa-

74 1234 174 1262 tefacta
190 1236 299 1264 demum
315 1239 516 1273 Bogomilorum
543 1244 639 1273 haeresi
660 1254 692 1273 ac
708 1247 857 1283 hypocrisi,

72 1284 100 1307 ct
122 1280 231 1315 Basilio,
249 1283 329 1317 jussu
352 1286 440 1314 Alexii
458 1288 602 1323 Comneni,
626 1292 652 1319 iu
671 1293 857 1328 llippodromo

72 1327 154 1361 regia:
183 1329 259 1356 urbis
282 1337 390 1365 exusto,
418 1334 500 1369 impia
516 1336 572 1364 luce
590 1339 708 1367 societas
723 1341 856 1370 dissoluta

70 1378 113 1399 est
132 1381 164 1401 ac
176 1375 308 1408 dispersa.
325 1379 440 1414 ejnSque
457 1390 565 1410 errores
582 1385 714 1414 damnati.
729 1389 855 1418 Attamen

70 1419 154 1445 sicuti
165 1422 287 1454 quotidie
302 1426 448 1453 usuvenire
457 1429 655 1463 conspicimus.
670 1438 698 1459 ut
710 1433 732 1460 si
746 1437 856 1470 quando

69 1471 149 1491 error
165 1466 262 1498 aliquis
281 1471 364 1496 menti
380 1471 531 1506 cujuspiam
551 1475 690 1509 insederit,
707 1487 760 1506 non
779 1481 856 1509 facile

69 1510 181 1538 animus
198 1513 230 1538 ab
247 1520 279 1540 eo
296 1516 461 1547 retrahitur.
476 1518 511 1546 ita
530 1519 563 1547 de
578 1520 725 1557 Bogomilis
747 1527 854 1555 accidit.

68 1553 136 1582 Nam
155 1564 202 1583 sex
225 1563 251 1585 et
266 1559 360 1593 viginti
378 1568 463 1589 annos
487 1569 630 1599 postquam
647 1576 741 1596 eorum
769 1571 855 1599 luere—

67 1600 107 1627 sis
123 1602 254 1630 damnata
270 1605 369 1637 fuerat.
387 1607 475 1642 Nipho
489 1611 598 1644 quidatn
613 1616 766 1644 monachus
778 1618 851 1645 illam

67 1653 168 1675 rursus
188 1649 318 1677 innovare
331 1651 386 1684 jam
404 1659 535 1690 cmperat,
555 1665 608 1684 non
626 1661 720 1693 paucis
735 1662 760 1689 in
775 1671 853 1691 suam

66 1695 232 1722 sententiam
244 1699 403 1731 ,pertractis.
421 1699 499 1733 Quod
524 1711 585 1730 cum
599 1704 718 1733 dclatntu
735 1715 807 1736 esset
820 1711 853 1737 ad

64 1736 219 1766 Mannelem
249 1741 416 1770 Comnenum
434 1763 442 1776 ,
462 1746 548 1773 Alexii
582 1748 592 1775 l
616 1758 647 1776 ex
675 1751 728 1777 lilio
749 1752 853 1782 Joanne

65 1788 207 1817 nepotem,
225 1787 270 1819 qui
295 1791 360 1815 tunc
383 1789 546 1824 imperabat,
563 1795 697 1829 synodum
715 1797 850 1826 Conslan-

63 1829 179 1863 tinopoli
211 1832 269 1866 cogi
299 1832 392 1866 jussit,
409 1839 437 1861 ut
452 1835 586 1870 Niphonis
600 1846 681 1866 causa
699 1841 851 1871 discutere-

64 1877 121 1900 tur.
140 1874 310 1910 Congregata
325 1886 356 1905 ea
372 1880 492 1914 synodus
509 1881 559 1908 I'nit.
579 1890 651 1911 anno
671 1885 746 1917 lli“,
762 1887 850 1920 pridie

61 1917 128 1945 ldus
143 1918 282 1951 Octobris,
308 1921 333 1948 in
359 1923 502 1951 Thomaite
526 1933 573 1952 seu
598 1917 770 1962 patriarchali
802 1932 851 1959 tri-

61 1963 159 1994 clinio,
188 1966 352 1998 pra-sidente
382 1967 512 1997 Michaele
526 1970 605 1998 Oxita
629 1975 799 2009 patriarcha,
818 1986 848 2005 ac

59 2008 188 2036 Manuele
215 2011 355 2039 Cumneno
381 2014 555 2048 imperatore,
586 2019 765 2055 pluribusque
789 2025 849 2057 epi-

59 2055 153 2088 scopis
175 2060 201 2082 et
227 2057 406 2090 optimatibus
426 2061 623 2095 assidentibus,
651 2067 696 2099 qui
714 2069 847 2096 accersito

58 2098 197 2133 Niphone,
221 2106 249 2129 et
274 2103 304 2130 de
332 2104 393 2138 ejus
421 2108 566 2135 sententiis
592 2098 753 2144 perquisito,
785 2122 847 2142 cum

56 2145 130 2173 male
143 2154 206 2173 eum
228 2147 254 2174 in
283 2148 335 2176 ﬁde
362 2151 463 2178 sentire
479 2152 734 2189 deprehendissent,
750 2158 775 2185 in
792 2167 845 2186 mo-

54 2193 211 2219 naslerium
239 2194 398 2230 Periblepta:
427 2197 535 2225 interim
567 2201 742 2235 relegandum
778 2213 844 2233 cen-

53 2245 148 2270 suere,
167 2245 308 2267 tuoncntes
330 2242 466 2274 abbatem.
485 2248 655 2281 cmterosque
681 2251 844 2284 monachos,

53 2285 83 2306 ιιι
97 2289 189 2316 neque
206 2282 256 2316 ipsi
274 2292 334 2311 cum
349 2293 381 2312 eo
404 2287 636 2323 colloquerentur,
653 2299 741 2327 neque
756 2296 843 2326 cuiuis

51 2331 130 2352 extra
150 2329 346 2357 monasterium
363 2331 468 2367 degenti
490 2334 523 2361 ad
537 2343 598 2363 eum
618 2337 709 2365 aditus
728 2343 843 2375 pertnit<

52 2377 154 2399 tet-ent.
172 2373 224 2401 Res
242 2379 330 2403 tamen
349 2385 403 2404 non
418 2380 500 2406 cessit
514 2389 546 2407 ex
563 2386 638 2410 voto.
657 2384 742 2419 Nipho
757 2388 841 2420 cuitu,

49 2424 163 2452 arrepta
176 2421 330 2455 occasione,
347 2430 408 2450 cum
420 2426 586 2458 quibusdatn
603 2428 764 2466 Perihleptte
785 2443 843 2462 mo-

49 2464 152 2490 nachis
165 2465 294 2498 paulatim
311 2468 393 2502 coepit
420 2469 566 2498 instituere
581 2464 728 2510 colloquia,
744 2483 770 2504 et
786 2479 841 2506 lue-

48 2515 147 2536 rcseos
165 2517 221 2536 sum
235 2511 311 2538 virus
326 2513 365 2540 eis
382 2515 547 2549 propinare;
562 2517 596 2544 ob
611 2527 693 2554 quam
723 2529 834 2550 causam

46 2553 177 2587 ejusdem
189 2557 285 2591 synodi
298 2557 401 2591 Patres,
419 2568 452 2587 ne
472 2562 556 2595 pestis
573 2563 616 2590 illa
639 2567 835 2595 monachorum

47 2605 161 2628 mentes
179 2603 348 2638 depasceret,
378 2605 535 2641 Niphouem'
550 2612 719 2639 monasterio
747 2619 838 2641 extra-

43 2652 135 2680 ctum,
149 2655 182 2675 ac
194 2649 255 2683 igne
271 2654 298 2677 et
309 2659 380 2686 aqua
393 2652 568 2699 interdictum
581 2656 688 2692 longius
712 2662 838 2689 exsulare

112 2736 141 2790 ιι
162 2738 403 2790 mare:
423 2750 482 2778 W-
499 2743 560 2772 “6-

92 2772 141 2805 3-2)
162 2772 246 2804 λιιι,
266 2776 400 2809 pag.8t7.
423 2772 430 2777 '
457 2772 471 2778 '

89 2807 195 2844 552112
206 2809 319 2844 utrium].
340 2810 438 2840 Evt-les.
454 2822 572 2843 consciis.
585 2815 631 2844 lib.

38 2849 104 2878 pag:
115 2841 189 2878 76879.
198 2848 224 2869 ct
235 2841 310 2878 seqq.

74 2877 104 2910 (5
112 2877 136 2910 i)
156 2877 215 2904 Vid.
228 2877 332 2907 Annam
343 2881 437 2910 Cumn.
452 2885 570 2914 .Allcxiatt.
582 2887 627 2916 lib.
640 2897 682 2921 xv,
698 2897 756 2924 pag.
768 2891 829 2919 587.

666 2827 694 2851 ιι,
710 2826 769 2855 cap.
791 2821 830 2852 l2,

923 255 1080 283 coegerunt.
1105 250 1254 285 Utrumque.
1267 254 1398 287 synodale
1411 255 1561 288 decretum,
1578 265 1632 291 quo
1649 257 1706 286 lucc

923 299 981 321 acta
999 296 1204 330 constitutaque
1218 297 1341 330 luerunt.
1354 299 1448 326 Grzece
1462 306 1489 327 et
1504 301 1601 332 Latine.
1622 304 1707 331 edidit

924 339 977 366 Leo
997 341 1113 368 Allatius
1127 343 1193 377 (55).
1207 343 1388 376 Quamobrem
1409 353 1462 372 non
1487 348 1566 378 male,
1586 354 1613 374 nt
1628 350 1703 376 arbi—

922 390 990 419 tror,
1007 388 1143 422 conjicere
1157 389 1218 423 quis
1234 391 1343 424 poterit,
1355 396 1411 417 tum
1426 392 1541 426 prilnum
1556 402 1588 419 ex
1604 394 1705 428 Nipha-

922 433 964 460 nis
993 435 1192 462 consuetudine
1214 436 1347 470 quosdam
1374 437 1537 472 Pcrihlcptze
1556 440 1705 468 monachos

921 478 1122 512 ltogmuilorum
1138 489 1245 508 errores
1259 482 1343 510 fuisse
1358 488 1508 518 amplexos.

955 524 987 552 X.
1004 524 1127 558 Quanam
1140 535 1204 554 vero
1220 528 1326 555 ratione
1340 529 1503 564 Enthymius
1525 531 1623 558 horum
1646 540 1704 559 tro-

920 570 1068 598 nachornm
1082 573 1242 606 pravitatem
1265 573 1412 606 detexerit,
1425 583 1576 610 eorumque
1605 577 1705 604 delira-

920 620 1010 642 menta
1035 616 1174 646 didicerit.
1192 618 1247 652 ipse
1271 618 1296 645 in
1322 619 1374 646 hoc
1387 619 1480 647 lihello
1498 621 1606 654 longius
1618 630 1702 649 enar-

919 661 1033 687 randum
1070 663 1237 697 aggreditur.
1265 664 1353 698 Atque
1385 666 1429 692 hic
1461 666 1577 694 adnotes
1611 668 1703 699 velim.

917 704 1105 741 Euthymium,
1138 713 1167 734 ut
1189 709 1287 737 melius
1312 718 1369 737 rem
1399 715 1483 738 totam
1510 718 1701 746 cognosceret.

917 751 1050 779 imitatum
1069 753 1153 780 fuisse
1165 754 1289 782 Alexinm
1310 756 1490 790 Conmennm,
1509 758 1554 793 qui
1572 758 1700 786 llasilium

916 798 1030 825 comiter
1044 799 1071 826 in
1094 800 1193 834 palatio
1212 802 1318 837 excepit
1331 803 1464 831 simulans
1477 805 1554 831 cordi
1570 805 1620 832 sibi
1638 814 1701 833 esse

915 843 972 878 ejus
987 844 1113 879 dogmata
1138 845 1270 879 ediscere,
1300 852 1330 873 ιιι
1351 847 1397 875 ille
1414 849 1563 882 impietatis
1579 857 1635 876 sua:
1653 857 1699 877 ve-

916 897 1015 916 uenunt
1039 891 1223 919 confidentius
1248 898 1386 922 evmneret
1405 895 1473 929 (5t).
1499 894 1585 922 Porro
1603 896 1700 929 putei-

915 943 999 970 pnum
1017 936 1217 971 Bogomilorum
1241 939 1338 974 dogma
1358 945 1443 967 totttm
1472 949 1503 968 ex
1524 941 1638 969 Manetis
1651 943 1700 968 do-

914 981 1002 1007 ctrina
1015 981 1187 1016 desumptum
1204 989 1280 1016 erat;
1297 985 1350 1011 duo
1366 986 1438 1012 enim
1466 986 1612 1020 principia,
1629 995 1698 1021 quo-

914 1034 973 1052 rum
990 1035 1072 1053 unum
1091 1032 1165 1054 esset
1193 1030 1306 1061 bonum,
1334 1031 1449 1057 alterum
1466 1032 1576 1063 malum,
1594 1037 1699 1059 astruo-

913 1071 990 1098 bant.
1007 1072 1173 1107 Principium
1197 1075 1298 1101 malum
1323 1075 1367 1102 Dei
1387 1077 1497 1103 nomine
1518 1077 1696 1110 decorabant,

913 1124 945 1144 ac
956 1118 1057 1144 divinis
1075 1119 1252 1152 pcreolebant
1268 1120 1428 1154 honoribus,
1450 1126 1479 1148 ut
1494 1122 1520 1148 in
1538 1122 1589 1149 hoc
1607 1123 1698 1151 libello

911 1162 1000 1190 innuit
1018 1164 1189 1199 Euthymius,
1204 1173 1235 1193 ae
1249 1166 1415 1195 luculentius
1431 1167 1547 1194 attirmat
1562 1169 1587 1195 in
1603 1169 1694 1196 l‘auo-

911 1207 964 1240 plia
991 1208 1058 1240 (53).
1091 1209 1135 1235 ubi
1157 1209 1245 1242 inquit
1273 1209 1427 1244 Bogomilos
1457 1211 1602 1239 damonem
1627 1213 1697 1240 Filio

914 1251 997 1278 Verbo
1032 1259 1097 1280 natu
1128 1254 1277 1287 maiorem,
1304 1259 1577 1294 prwslautioremque,
1608 1265 1698 1293 ulpote

911 1297 1136 1333 Primogcuilum,
1161 1301 1324 1329 credidisse.
1347 1302 1467 1338 ln~urgit
1489 1305 1532 1333 hic
1562 1306 1695 1333 adversus

908 1342 1085 1378 Enthyminm
1115 1345 1299 1374 Beansobrins
1331 1349 1358 1375 in
1385 1357 1445 1380 sua.
1472 1359 1553 1385 quam
1579 1352 1696 1387 digesst

909 1387 1121 1416 Manichaeorum
1139 1391 1252 1419 historia
1271 1393 1339 1427 (56),
1367 1395 1502 1430 nimisque
1523 1397 1696 1431 impudenter

908 1434 1020 1466 asserit,
1034 1442 1095 1461 eum
1112 1436 1174 1463 dolo
1190 1437 1260 1464 malo
1281 1442 1383 1465 tantam
1399 1439 1549 1474 ltogontilis
1571 1442 1696 1477 impieta-

911 1483 964 1507 tem
994 1481 1133 1509 trihuisse.
1161 1482 1266 1511 Nemini
1289 1485 1373 1516 enim.
1389 1490 1419 1513 ut
1446 1487 1503 1521 ipse
1525 1487 1625 1522 inquit,
1642 1489 1694 1516 erit

908 1533 1081 1559 persuasum.
1107 1527 1292 1556 Christianam
1326 1535 1445 1563 sectam,
1469 1541 1531 1568 quae
1560 1535 1636 1561 cruci
1667 1541 1694 1562 ct

908 1572 1072 1604 imaginibus
1089 1580 1197 1600 onmem
1219 1575 1322 1602 cultant
1340 1583 1470 1611 prazstare
1483 1580 1624 1612 renuebat,
1642 1581 1692 1608 Sa‘

907 1622 996 1644 lanam
1025 1617 1115 1645 Verbo
1143 1622 1358 1653 priestantiorem
1387 1625 1546 1652 credidisse.
1577 1627 1610 1652 At
1628 1635 1693 1654 vero

906 1666 993 1689 totum
1015 1662 1173 1691 Beansobrii
1188 1665 1329 1700 sophisma
1349 1669 1463 1700 corruit,
1480 1670 1503 1697 si
1518 1671 1692 1699 advertamus

906 1707 1082 1741 Maniclnros,
1097 1718 1214 1744 quorum
1229 1719 1340 1744 germen
1358 1719 1435 1741 erant
1450 1715 1591 1750 Bogotnili,
1604 1719 1691 1749 cruci,

905 1751 1037 1784 Deiparm,
1064 1758 1090 1780 et
1118 1754 1282 1790 imaginibus
1308 1757 1414 1785 cultum
1441 1760 1501 1786 ideo
1526 1761 1690 1797 denegasse,

903 1798 967 1831 quia
995 1799 1070 1826 illmn
1100 1804 1229 1835 tanquatn
1254 1802 1437 1832 idololatriam
1466 1807 1550 1841 impie
1575 1816 1689 1843 respue-

903 1844 977 1871 bant.
1005 1846 1111 1873 Etenim
1140 1849 1274 1883 sacrilega
1306 1850 1363 1878 [nec
1388 1857 1463 1879 secta
1493 1853 1631 1882 Christum
1657 1864 1689 1882 ex

903 1888 985 1916 Maria
1002 1890 1112 1926 Virgine
1128 1900 1178 1920 nec
1195 1894 1279 1929 gigni,
1302 1903 1352 1922 nec
1368 1897 1443 1924 nasci
1465 1899 1590 1932 potuisse
1618 1900 1691 1926 attit-

902 1935 1002 1967 mabat,
1025 1937 1087 1970 quia
1107 1938 1130 1964 si
1149 1946 1211 1965 vere
1223 1941 1342 1974 genitus,
1358 1947 1494 1976 natusque
1509 1945 1617 1977 fuisset,
1632 1954 1685 1973 non

901 1979 952 2006 nisi
969 1988 1016 2014 per
1027 1981 1134 2008 Satan.e
1151 1983 1259 2010 vincula
1278 1986 1353 2012 carni
1371 1986 1468 2022 illigari
1484 1989 1628 2021 potuisset.
1649 1991 1687 2017 lix

900 2025 1062 2058 quoeodem
1091 2027 1228 2062 principio
1260 2030 1419 2056 statuebant
1444 2039 1562 2066 quoque,
1585 2033 1687 2061 Citriin

901 2073 1016 2095 mortem
1035 2078 1088 2098 non
1106 2079 1209 2104 veram,
1236 2073 1284 2100 sed
1320 2074 1457 2108 fallacem,
1474 2081 1500 2102 et
1529 2077 1686 2105 sitnulalam

902 2114 997 2141 fuisse.
1013 2115 1092 2142 Plura
1111 2117 1181 2144 Italic
1203 2119 1229 2144 in
1257 2127 1314 2145 rem
1331 2122 1470 2155 congessit
1485 2129 1581 2149 contra
1601 2124 1687 2150 Βιιςιιι-

900 2160 1022 2187 sobrium
1047 2162 1134 2196 ipsum
1162 2164 1187 2190 in
1213 2164 1365 2199 Alpltabeto
1393 2167 1526 2195 'l'ibctano
1549 2170 1589 2196 vir
1607 2171 1686 2205 longe

898 2206 1076 2236 doctissimus
1096 2209 1267 2244 Augustinus
1293 2212 1429 2241 Autonitts
1456 2214 1590 2250 Georgius
1615 2218 1683 2253 (57).

897 2252 935 2279 Ex
960 2252 1002 2281 his
1018 2259 1110 2281 autem
1142 2255 1222 2284 facile
1252 2257 1370 2292 quisque
1393 2259 1537 2296 intelligit,
1568 2265 1684 2297 pseudo-

896 2299 1074 2326 christianam
1088 2300 1159 2327 illam
1170 2305 1272 2328 sectam
1285 2310 1335 2330 nec
1345 2302 1498 2337 Deiparam,
1511 2313 1560 2333 nec
1572 2315 1682 2334 erucem

897 2345 1020 2371 venerari
1035 2345 1090 2372 ullo
1105 2347 1185 2373 modo
1199 2347 1340 2378 debuisse.
1365 2350 1430 2384 quia
1445 2350 1574 2379 Christus
1591 2361 1640 2380 nec
1655 2354 1681 2380 in

896 2389 1006 2425 Virgine
1021 2399 1131 2419 carnem
1171 2399 1342 2429 susceperat,
1370 2404 1420 2423 nec
1441 2397 1467 2423 in
1485 2399 1578 2426 crucis
1607 2400 1681 2434 ligno

893 2443 957 2462 vere
971 2437 1085 2465 obierat.
1106 2439 1224 2473 ldipsnm
1248 2441 1403 2468 sentiebant
1418 2443 1500 2470 etiam
1523 2444 1556 2471 de
1576 2447 1682 2474 sanctis

892 2489 954 2508 eum
970 2483 1080 2511 Christo
1092 2484 1117 2511 in
1134 2486 1212 2515 caelis
1229 2488 1417 2522 regnantibus,
1436 2497 1505 2523 quos
1531 2490 1594 2517 item
1619 2497 1680 2518 tan-

895 2536 975 2562 quam
996 2529 1202 2558 idololatrarum
1221 2533 1329 2559 inventa
1346 2535 1553 2563 aversabantur.
1577 2537 1677 2564 Contra

893 2581 958 2601 vero
971 2574 1031 2609 quis
1045 2583 1098 2602 non
1113 2577 1196 2610 videt,
1209 2578 1270 2605 ideo
1286 2583 1389 2606 tantam
1405 2588 1468 2615 erga
1485 2581 1613 2610 Satanam
1632 2584 1679 2610 ha-

893 2619 986 2648 buisse
997 2623 1190 2655 reverentiam,
1205 2624 1277 2658 quod
1291 2625 1313 2652 is
1331 2630 1458 2660 tanquam
1475 2626 1545 2655 Deus
1564 2629 1673 2656 habitus

893 2668 964 2700 apud
980 2666 1040 2694 illos
1055 2667 1147 2700 fuerit,
1171 2674 1305 2705 tantaque
1332 2672 1460 2706 praeditus
1485 2675 1617 2709 potentia,
1647 2683 1676 2704 ut

928 2754 1078 2791 (§5lfl‘itnl.
1095 2766 1172 2784 unt.
1187 2758 1199 2791 ξ
1212 2760 1238 2786 6.

923 2789 976 2834 (Silii)
986 2789 1225 2834 ΙΙίειυζτςΙειὶιίᾲιιε
1236 2796 1267 2823 de
1281 2795 1426 2829 Mam‘c’u’e,
1440 2801 1482 2825 tlc
1506 2799 1552 2832 lilI,
1562 2807 1601 2832 ut,
1613 2806 1675 2834 cr-po

886 2823 912 2853 5.
984 2833 1044 2860 pag.
1066 2827 1127 2853 52L

921 2856 1055 2896 (styraig.
1071 2862 1133 2889 c207.
1147 2863 1209 2890 eos.
