  <div class='ocr_page' id='page_1' title='image "/cluster/home/n/w/nwhite01/storage/ocr_20150623/128/njp.32101077773057/027.png"; bbox 0 0 1893 3068; ppageno 0'>
   <div class='ocr_carea' id='block_1_1' title="bbox 155 182 1790 217">
    <p class='ocr_par' dir='ltr' id='par_1_1' title="bbox 155 182 1790 217">
     <span class='ocr_line' id='line_1_1' title="bbox 155 182 1790 217; baseline 0.001 -4"><span class='ocrx_word' id='word_1_1' title='bbox 155 182 188 214; x_wconf 84' lang='grc'><strong>31</strong></span> <span class='ocrx_word' id='word_1_2' title='bbox 822 183 1120 217; x_wconf 81' lang='lat' dir='ltr'><strong>PROLEGOMENA.</strong></span> <span class='ocrx_word' id='word_1_3' title='bbox 1752 183 1790 216; x_wconf 76' lang='lat'><strong>32</strong></span> 
     </span>
    </p>
   </div>
   <div class='ocr_carea' id='block_1_2' title="bbox 157 242 946 279">
    <p class='ocr_par' dir='ltr' id='par_1_2' title="bbox 157 242 946 279">
     <span class='ocr_line' id='line_1_2' title="bbox 157 242 946 279; baseline 0.001 -10"><span class='ocrx_word' id='word_1_4' title='bbox 157 242 243 269; x_wconf 84' lang='lat' dir='ltr'><strong>cidem</strong></span> <span class='ocrx_word' id='word_1_5' title='bbox 257 243 351 270; x_wconf 90' lang='lat' dir='ltr'><strong>mundi</strong></span> <span class='ocrx_word' id='word_1_6' title='bbox 368 243 451 277; x_wconf 84' lang='lat' dir='ltr'><strong>hujus</strong></span> <span class='ocrx_word' id='word_1_7' title='bbox 465 244 616 278; x_wconf 72' lang='lat' dir='ltr'><strong>opificium,</strong></span> <span class='ocrx_word' id='word_1_8' title='bbox 631 243 808 279; x_wconf 81' lang='lat' dir='ltr'><strong>hominisque</strong></span> <span class='ocrx_word' id='word_1_9' title='bbox 827 243 946 271; x_wconf 84' lang='lat' dir='ltr'><strong>creatio—</strong></span> 
     </span>
    </p>
   </div>
   <div class='ocr_carea' id='block_1_3' title="bbox 160 289 948 324">
    <p class='ocr_par' dir='ltr' id='par_1_3' title="bbox 160 289 948 324">
     <span class='ocr_line' id='line_1_3' title="bbox 160 289 948 324; baseline 0.005 -10"><span class='ocrx_word' id='word_1_10' title='bbox 160 296 220 315; x_wconf 84' lang='lat' dir='ltr'><strong>nem</strong></span> <span class='ocrx_word' id='word_1_11' title='bbox 239 289 408 316; x_wconf 83' lang='lat' dir='ltr'><strong>tribuerint?</strong></span> <span class='ocrx_word' id='word_1_12' title='bbox 423 289 538 324; x_wconf 78' lang='lat' dir='ltr'><strong>Negavit</strong></span> <span class='ocrx_word' id='word_1_13' title='bbox 555 294 629 317; x_wconf 85' lang='lat' dir='ltr'><strong>certe</strong></span> <span class='ocrx_word' id='word_1_14' title='bbox 661 291 777 318; x_wconf 88' lang='lat' dir='ltr'><strong>callidus</strong></span> <span class='ocrx_word' id='word_1_15' title='bbox 809 290 948 318; x_wconf 88' lang='lat' dir='ltr'><strong>Calvinia-</strong></span> 
     </span>
    </p>
   </div>
   <div class='ocr_carea' id='block_1_4' title="bbox 160 332 947 369">
    <p class='ocr_par' dir='ltr' id='par_1_4' title="bbox 160 332 947 369">
     <span class='ocr_line' id='line_1_4' title="bbox 160 332 947 369; baseline 0.006 -12"><span class='ocrx_word' id='word_1_16' title='bbox 160 339 221 364; x_wconf 88' lang='lat' dir='ltr'><strong>nns,</strong></span> <span class='ocrx_word' id='word_1_17' title='bbox 249 332 409 360; x_wconf 63' lang='lat' dir='ltr'><strong>Manichacus</strong></span> <span class='ocrx_word' id='word_1_18' title='bbox 437 341 554 368; x_wconf 87' lang='lat' dir='ltr'><strong>unquam</strong></span> <span class='ocrx_word' id='word_1_19' title='bbox 587 335 738 369; x_wconf 88' lang='lat' dir='ltr'><strong>principem</strong></span> <span class='ocrx_word' id='word_1_20' title='bbox 772 336 947 363; x_wconf 87' lang='lat' dir='ltr'><strong>tenebrarum</strong></span> 
     </span>
    </p>
   </div>
   <div class='ocr_carea' id='block_1_5' title="bbox 159 377 947 415">
    <p class='ocr_par' dir='ltr' id='par_1_5' title="bbox 159 377 947 415">
     <span class='ocr_line' id='line_1_5' title="bbox 159 377 947 415; baseline 0.009 -13"><span class='ocrx_word' id='word_1_21' title='bbox 159 377 206 404; x_wconf 86' lang='lat' dir='ltr'><strong>Dei</strong></span> <span class='ocrx_word' id='word_1_22' title='bbox 222 377 332 404; x_wconf 84' lang='lat' dir='ltr'><strong>nomine</strong></span> <span class='ocrx_word' id='word_1_23' title='bbox 347 377 507 409; x_wconf 80' lang='lat' dir='ltr'><strong>honorasse.</strong></span> <span class='ocrx_word' id='word_1_24' title='bbox 537 383 565 406; x_wconf 88' lang='lat' dir='ltr'><strong>at</strong></span> <span class='ocrx_word' id='word_1_25' title='bbox 595 388 676 415; x_wconf 86' lang='lat' dir='ltr'><strong>quam</strong></span> <span class='ocrx_word' id='word_1_26' title='bbox 701 382 838 409; x_wconf 88' lang='lat' dir='ltr'><strong>innnerito</strong></span> <span class='ocrx_word' id='word_1_27' title='bbox 860 382 886 408; x_wconf 97' lang='lat' dir='ltr'><strong>id</strong></span> <span class='ocrx_word' id='word_1_28' title='bbox 907 381 947 409; x_wconf 88' lang='lat' dir='ltr'><strong>fe-</strong></span> 
     </span>
    </p>
   </div>
   <div class='ocr_carea' id='block_1_6' title="bbox 160 423 830 461">
    <p class='ocr_par' dir='ltr' id='par_1_6' title="bbox 160 423 830 461">
     <span class='ocr_line' id='line_1_6' title="bbox 160 423 830 461; baseline 0.007 -12"><span class='ocrx_word' id='word_1_29' title='bbox 160 423 238 456; x_wconf 93' lang='lat' dir='ltr'><strong>ccrit,</strong></span> <span class='ocrx_word' id='word_1_30' title='bbox 255 423 382 450; x_wconf 86' lang='lat' dir='ltr'><strong>laudatus</strong></span> <span class='ocrx_word' id='word_1_31' title='bbox 398 424 532 460; x_wconf 77' lang='lat' dir='ltr'><strong>Georgius</strong></span> <span class='ocrx_word' id='word_1_32' title='bbox 551 426 605 461; x_wconf 83' lang='lat'><strong>(58)</strong></span> <span class='ocrx_word' id='word_1_33' title='bbox 623 428 691 454; x_wconf 82' lang='lat' dir='ltr'><strong>satis</strong></span> <span class='ocrx_word' id='word_1_34' title='bbox 708 427 830 455; x_wconf 79' lang='lat' dir='ltr'><strong>edoeuit.</strong></span> 
     </span>
    </p>
   </div>
   <div class='ocr_carea' id='block_1_7' title="bbox 195 467 948 510">
    <p class='ocr_par' dir='ltr' id='par_1_7' title="bbox 195 467 948 510">
     <span class='ocr_line' id='line_1_7' title="bbox 195 467 948 510; baseline 0.011 -16"><span class='ocrx_word' id='word_1_35' title='bbox 195 467 241 495; x_wconf 81' lang='lat' dir='ltr'><strong>XI.</strong></span> <span class='ocrx_word' id='word_1_36' title='bbox 258 468 372 497; x_wconf 63' lang='lat' dir='ltr'><strong>Praestat</strong></span> <span class='ocrx_word' id='word_1_37' title='bbox 395 471 476 498; x_wconf 92' lang='lat' dir='ltr'><strong>modo</strong></span> <span class='ocrx_word' id='word_1_38' title='bbox 494 473 659 507; x_wconf 68' lang='lat' dir='ltr'><strong>pra‘cipuum</strong></span> <span class='ocrx_word' id='word_1_39' title='bbox 687 474 844 502; x_wconf 83' lang='lat' dir='ltr'><strong>Beausohrii</strong></span> <span class='ocrx_word' id='word_1_40' title='bbox 867 483 948 510; x_wconf 76' lang='lat' dir='ltr'><strong>argu-</strong></span> 
     </span>
    </p>
   </div>
   <div class='ocr_carea' id='block_1_8' title="bbox 160 518 951 556">
    <p class='ocr_par' dir='ltr' id='par_1_8' title="bbox 160 518 951 556">
     <span class='ocr_line' id='line_1_8' title="bbox 160 518 951 556; baseline 0.011 -16"><span class='ocrx_word' id='word_1_41' title='bbox 160 518 282 541; x_wconf 81' lang='lat' dir='ltr'><strong>mentum</strong></span> <span class='ocrx_word' id='word_1_42' title='bbox 297 522 444 550; x_wconf 84' lang='lat' dir='ltr'><strong>exponere,</strong></span> <span class='ocrx_word' id='word_1_43' title='bbox 463 526 517 552; x_wconf 88' lang='lat' dir='ltr'><strong>quo</strong></span> <span class='ocrx_word' id='word_1_44' title='bbox 536 518 632 546; x_wconf 79' lang='lat' dir='ltr'><strong>nititur</strong></span> <span class='ocrx_word' id='word_1_45' title='bbox 647 521 846 552; x_wconf 84' lang='lat' dir='ltr'><strong>demonstrare.</strong></span> <span class='ocrx_word' id='word_1_46' title='bbox 864 521 951 556; x_wconf 77' lang='lat' dir='ltr'><strong>Bago-</strong></span> 
     </span>
    </p>
   </div>
   <div class='ocr_carea' id='block_1_9' title="bbox 160 559 950 600">
    <p class='ocr_par' dir='ltr' id='par_1_9' title="bbox 160 559 950 600">
     <span class='ocr_line' id='line_1_9' title="bbox 160 559 950 600; baseline 0.011 -15"><span class='ocrx_word' id='word_1_47' title='bbox 160 559 242 587; x_wconf 86' lang='lat' dir='ltr'><strong>milos</strong></span> <span class='ocrx_word' id='word_1_48' title='bbox 253 560 317 587; x_wconf 91' lang='lat' dir='ltr'><strong>dum</strong></span> <span class='ocrx_word' id='word_1_49' title='bbox 334 561 461 589; x_wconf 87' lang='lat' dir='ltr'><strong>Satanam</strong></span> <span class='ocrx_word' id='word_1_50' title='bbox 478 563 566 591; x_wconf 88' lang='lat' dir='ltr'><strong>Verbo</strong></span> <span class='ocrx_word' id='word_1_51' title='bbox 583 570 647 592; x_wconf 90' lang='lat' dir='ltr'><strong>natu</strong></span> <span class='ocrx_word' id='word_1_52' title='bbox 663 567 794 600; x_wconf 82' lang='lat' dir='ltr'><strong>majorem</strong></span> <span class='ocrx_word' id='word_1_53' title='bbox 813 567 950 600; x_wconf 87' lang='lat' dir='ltr'><strong>dixerunt,</strong></span> 
     </span>
    </p>
   </div>
   <div class='ocr_carea' id='block_1_10' title="bbox 159 606 952 646">
    <p class='ocr_par' dir='ltr' id='par_1_10' title="bbox 159 606 952 646">
     <span class='ocr_line' id='line_1_10' title="bbox 159 606 952 646; baseline 0.008 -14"><span class='ocrx_word' id='word_1_54' title='bbox 159 609 233 633; x_wconf 89' lang='lat' dir='ltr'><strong>recte</strong></span> <span class='ocrx_word' id='word_1_55' title='bbox 254 606 281 633; x_wconf 91' lang='lat' dir='ltr'><strong>in</strong></span> <span class='ocrx_word' id='word_1_56' title='bbox 299 606 351 634; x_wconf 84' lang='lat' dir='ltr'><strong>ﬁde</strong></span> <span class='ocrx_word' id='word_1_57' title='bbox 366 609 495 640; x_wconf 83' lang='lat' dir='ltr'><strong>sensisse,</strong></span> <span class='ocrx_word' id='word_1_58' title='bbox 520 609 751 646; x_wconf 81' lang='lat' dir='ltr'><strong>Euthymimnque</strong></span> <span class='ocrx_word' id='word_1_59' title='bbox 781 612 864 646; x_wconf 87' lang='lat' dir='ltr'><strong>hujus</strong></span> <span class='ocrx_word' id='word_1_60' title='bbox 888 620 952 640; x_wconf 86' lang='lat' dir='ltr'><strong>sen-</strong></span> 
     </span>
    </p>
   </div>
   <div class='ocr_carea' id='block_1_11' title="bbox 161 651 952 692">
    <p class='ocr_par' dir='ltr' id='par_1_11' title="bbox 161 651 952 692">
     <span class='ocr_line' id='line_1_11' title="bbox 161 651 952 692; baseline 0.009 -14"><span class='ocrx_word' id='word_1_61' title='bbox 161 651 257 678; x_wconf 64' lang='lat' dir='ltr'><strong>tentia:</strong></span> <span class='ocrx_word' id='word_1_62' title='bbox 274 659 384 680; x_wconf 90' lang='lat' dir='ltr'><strong>sensum</strong></span> <span class='ocrx_word' id='word_1_63' title='bbox 413 661 445 681; x_wconf 90' lang='lat' dir='ltr'><strong>ex</strong></span> <span class='ocrx_word' id='word_1_64' title='bbox 471 655 604 683; x_wconf 88' lang='lat' dir='ltr'><strong>industria</strong></span> <span class='ocrx_word' id='word_1_65' title='bbox 626 658 810 692; x_wconf 88' lang='lat' dir='ltr'><strong>pervertisse,</strong></span> <span class='ocrx_word' id='word_1_66' title='bbox 836 662 865 685; x_wconf 92' lang='lat' dir='ltr'><strong>ut</strong></span> <span class='ocrx_word' id='word_1_67' title='bbox 890 658 952 685; x_wconf 91' lang='lat' dir='ltr'><strong>inde</strong></span> 
     </span>
    </p>
   </div>
   <div class='ocr_carea' id='block_1_12' title="bbox 160 697 953 738">
    <p class='ocr_par' dir='ltr' id='par_1_12' title="bbox 160 697 953 738">
     <span class='ocr_line' id='line_1_12' title="bbox 160 697 953 738; baseline 0.011 -17"><span class='ocrx_word' id='word_1_68' title='bbox 160 700 264 724; x_wconf 91' lang='lat' dir='ltr'><strong>tantam</strong></span> <span class='ocrx_word' id='word_1_69' title='bbox 280 697 412 727; x_wconf 87' lang='lat' dir='ltr'><strong>adversus</strong></span> <span class='ocrx_word' id='word_1_70' title='bbox 429 707 478 728; x_wconf 89' lang='lat' dir='ltr'><strong>eos</strong></span> <span class='ocrx_word' id='word_1_71' title='bbox 501 702 667 729; x_wconf 82' lang='lat' dir='ltr'><strong>calumniam</strong></span> <span class='ocrx_word' id='word_1_72' title='bbox 690 703 869 738; x_wconf 71' lang='lat' dir='ltr'><strong>contingeret.</strong></span> <span class='ocrx_word' id='word_1_73' title='bbox 889 703 953 730; x_wconf 75' lang='lat' dir='ltr'><strong>Dua:</strong></span> 
     </span>
    </p>
   </div>
   <div class='ocr_carea' id='block_1_13' title="bbox 162 745 953 784">
    <p class='ocr_par' dir='ltr' id='par_1_13' title="bbox 162 745 953 784">
     <span class='ocr_line' id='line_1_13' title="bbox 162 745 953 784; baseline 0.006 -12"><span class='ocrx_word' id='word_1_74' title='bbox 162 751 238 778; x_wconf 83' lang='lat' dir='ltr'><strong>sunt,</strong></span> <span class='ocrx_word' id='word_1_75' title='bbox 254 745 353 781; x_wconf 91' lang='lat' dir='ltr'><strong>inquit,</strong></span> <span class='ocrx_word' id='word_1_76' title='bbox 376 749 529 779; x_wconf 70' lang='lat' dir='ltr'><strong>sententiae.</strong></span> <span class='ocrx_word' id='word_1_77' title='bbox 551 757 620 784; x_wconf 88' lang='lat' dir='ltr'><strong>quas</strong></span> <span class='ocrx_word' id='word_1_78' title='bbox 647 751 730 784; x_wconf 89' lang='lat' dir='ltr'><strong>aliqui</strong></span> <span class='ocrx_word' id='word_1_79' title='bbox 753 756 859 778; x_wconf 78' lang='lat' dir='ltr'><strong>veteres</strong></span> <span class='ocrx_word' id='word_1_80' title='bbox 885 751 953 778; x_wconf 89' lang='lat' dir='ltr'><strong>scri-</strong></span> 
     </span>
    </p>
   </div>
   <div class='ocr_carea' id='block_1_14' title="bbox 163 793 954 831">
    <p class='ocr_par' dir='ltr' id='par_1_14' title="bbox 163 793 954 831">
     <span class='ocr_line' id='line_1_14' title="bbox 163 793 954 831; baseline 0.009 -15"><span class='ocrx_word' id='word_1_81' title='bbox 163 794 257 824; x_wconf 84' lang='lat' dir='ltr'><strong>ptores</strong></span> <span class='ocrx_word' id='word_1_82' title='bbox 279 793 405 820; x_wconf 89' lang='lat' dir='ltr'><strong>catholici</strong></span> <span class='ocrx_word' id='word_1_83' title='bbox 422 795 509 821; x_wconf 85' lang='lat' dir='ltr'><strong>secuti</strong></span> <span class='ocrx_word' id='word_1_84' title='bbox 529 799 615 828; x_wconf 90' lang='lat' dir='ltr'><strong>sunt;</strong></span> <span class='ocrx_word' id='word_1_85' title='bbox 637 797 723 830; x_wconf 90' lang='lat' dir='ltr'><strong>prima</strong></span> <span class='ocrx_word' id='word_1_86' title='bbox 750 797 855 824; x_wconf 80' lang='lat' dir='ltr'><strong>scilicet</strong></span> <span class='ocrx_word' id='word_1_87' title='bbox 882 796 954 831; x_wconf 90' lang='lat' dir='ltr'><strong>quod</strong></span> 
     </span>
    </p>
   </div>
   <div class='ocr_carea' id='block_1_15' title="bbox 162 835 954 876">
    <p class='ocr_par' dir='ltr' id='par_1_15' title="bbox 162 835 954 876">
     <span class='ocr_line' id='line_1_15' title="bbox 162 835 954 876; baseline 0.009 -15"><span class='ocrx_word' id='word_1_88' title='bbox 162 835 286 863; x_wconf 89' lang='lat' dir='ltr'><strong>divinum</strong></span> <span class='ocrx_word' id='word_1_89' title='bbox 316 837 432 865; x_wconf 91' lang='lat' dir='ltr'><strong>Verbum</strong></span> <span class='ocrx_word' id='word_1_90' title='bbox 459 839 626 875; x_wconf 84' lang='lat' dir='ltr'><strong>hypostasim</strong></span> <span class='ocrx_word' id='word_1_91' title='bbox 663 842 801 876; x_wconf 80' lang='lat' dir='ltr'><strong>propriam</strong></span> <span class='ocrx_word' id='word_1_92' title='bbox 828 842 954 869; x_wconf 80' lang='lat' dir='ltr'><strong>habuerit</strong></span> 
     </span>
    </p>
   </div>
   <div class='ocr_carea' id='block_1_16' title="bbox 164 882 952 922">
    <p class='ocr_par' dir='ltr' id='par_1_16' title="bbox 164 882 952 922">
     <span class='ocr_line' id='line_1_16' title="bbox 164 882 952 922; baseline 0.009 -15"><span class='ocrx_word' id='word_1_93' title='bbox 164 882 282 916; x_wconf 91' lang='lat' dir='ltr'><strong>primum</strong></span> <span class='ocrx_word' id='word_1_94' title='bbox 300 889 314 908; x_wconf 84' lang='lat' dir='ltr'><strong>a</strong></span> <span class='ocrx_word' id='word_1_95' title='bbox 334 884 426 910; x_wconf 89' lang='lat' dir='ltr'><strong>mumli</strong></span> <span class='ocrx_word' id='word_1_96' title='bbox 441 886 580 913; x_wconf 82' lang='lat' dir='ltr'><strong>creatione</strong></span> <span class='ocrx_word' id='word_1_97' title='bbox 596 905 603 917; x_wconf 92' lang='lat'><strong>,</strong></span> <span class='ocrx_word' id='word_1_98' title='bbox 627 887 728 920; x_wconf 85' lang='lat' dir='ltr'><strong>altera,</strong></span> <span class='ocrx_word' id='word_1_99' title='bbox 749 888 821 922; x_wconf 92' lang='lat' dir='ltr'><strong>quod</strong></span> <span class='ocrx_word' id='word_1_100' title='bbox 837 887 952 914; x_wconf 88' lang='lat' dir='ltr'><strong>Satanas</strong></span> 
     </span>
    </p>
   </div>
   <div class='ocr_carea' id='block_1_17' title="bbox 163 928 949 962">
    <p class='ocr_par' dir='ltr' id='par_1_17' title="bbox 163 928 949 962">
     <span class='ocr_line' id='line_1_17' title="bbox 163 928 949 962; baseline 0.008 -8"><span class='ocrx_word' id='word_1_101' title='bbox 163 932 192 954; x_wconf 88' lang='lat' dir='ltr'><strong>et</strong></span> <span class='ocrx_word' id='word_1_102' title='bbox 215 928 302 962; x_wconf 84' lang='lat' dir='ltr'><strong>angeli</strong></span> <span class='ocrx_word' id='word_1_103' title='bbox 328 929 453 962; x_wconf 85' lang='lat' dir='ltr'><strong>pluribus</strong></span> <span class='ocrx_word' id='word_1_104' title='bbox 474 935 537 958; x_wconf 87' lang='lat' dir='ltr'><strong>ante</strong></span> <span class='ocrx_word' id='word_1_105' title='bbox 558 933 687 959; x_wconf 87' lang='lat' dir='ltr'><strong>mundum</strong></span> <span class='ocrx_word' id='word_1_106' title='bbox 716 933 790 960; x_wconf 89' lang='lat' dir='ltr'><strong>hunc</strong></span> <span class='ocrx_word' id='word_1_107' title='bbox 814 933 949 960; x_wconf 76' lang='lat' dir='ltr'><strong>visibilem</strong></span> 
     </span>
    </p>
   </div>
   <div class='ocr_carea' id='block_1_18' title="bbox 164 973 951 1014">
    <p class='ocr_par' dir='ltr' id='par_1_18' title="bbox 164 973 951 1014">
     <span class='ocr_line' id='line_1_18' title="bbox 164 973 951 1014; baseline 0.01 -16"><span class='ocrx_word' id='word_1_108' title='bbox 164 973 273 1000; x_wconf 76' lang='lat' dir='ltr'><strong>szeculis</strong></span> <span class='ocrx_word' id='word_1_109' title='bbox 290 974 456 1001; x_wconf 82' lang='lat' dir='ltr'><strong>exstiterint.</strong></span> <span class='ocrx_word' id='word_1_110' title='bbox 474 976 568 1011; x_wconf 89' lang='lat' dir='ltr'><strong>Itaque</strong></span> <span class='ocrx_word' id='word_1_111' title='bbox 587 977 806 1012; x_wconf 82' lang='lat' dir='ltr'><strong>cumBogomilis</strong></span> <span class='ocrx_word' id='word_1_112' title='bbox 818 979 951 1014; x_wconf 84' lang='lat' dir='ltr'><strong>placuerit</strong></span> 
     </span>
    </p>
   </div>
   <div class='ocr_carea' id='block_1_19' title="bbox 164 1018 952 1056">
    <p class='ocr_par' dir='ltr' id='par_1_19' title="bbox 164 1018 952 1056">
     <span class='ocr_line' id='line_1_19' title="bbox 164 1018 952 1056; baseline 0.009 -12"><span class='ocrx_word' id='word_1_113' title='bbox 164 1018 321 1053; x_wconf 78' lang='lat' dir='ltr'><strong>angelorum</strong></span> <span class='ocrx_word' id='word_1_114' title='bbox 338 1021 502 1048; x_wconf 81' lang='lat' dir='ltr'><strong>creationem</strong></span> <span class='ocrx_word' id='word_1_115' title='bbox 513 1027 576 1050; x_wconf 89' lang='lat' dir='ltr'><strong>ante</strong></span> <span class='ocrx_word' id='word_1_116' title='bbox 588 1024 720 1051; x_wconf 87' lang='lat' dir='ltr'><strong>mundum</strong></span> <span class='ocrx_word' id='word_1_117' title='bbox 734 1029 865 1056; x_wconf 79' lang='lat' dir='ltr'><strong>statuere,</strong></span> <span class='ocrx_word' id='word_1_118' title='bbox 876 1032 952 1051; x_wconf 93' lang='lat' dir='ltr'><strong>cum-</strong></span> 
     </span>
    </p>
   </div>
   <div class='ocr_carea' id='block_1_20' title="bbox 165 1064 952 1106">
    <p class='ocr_par' dir='ltr' id='par_1_20' title="bbox 165 1064 952 1106">
     <span class='ocr_line' id='line_1_20' title="bbox 165 1064 952 1106; baseline 0.009 -15"><span class='ocrx_word' id='word_1_119' title='bbox 165 1072 220 1098; x_wconf 80' lang='lat' dir='ltr'><strong>que</strong></span> <span class='ocrx_word' id='word_1_120' title='bbox 241 1064 359 1093; x_wconf 83' lang='lat' dir='ltr'><strong>Verbum</strong></span> <span class='ocrx_word' id='word_1_121' title='bbox 387 1067 508 1094; x_wconf 91' lang='lat' dir='ltr'><strong>divinum</strong></span> <span class='ocrx_word' id='word_1_122' title='bbox 531 1070 558 1096; x_wconf 92' lang='lat' dir='ltr'><strong>in</strong></span> <span class='ocrx_word' id='word_1_123' title='bbox 584 1070 677 1097; x_wconf 84' lang='lat' dir='ltr'><strong>mundi</strong></span> <span class='ocrx_word' id='word_1_124' title='bbox 699 1071 839 1098; x_wconf 86' lang='lat' dir='ltr'><strong>creatione</strong></span> <span class='ocrx_word' id='word_1_125' title='bbox 865 1072 952 1106; x_wconf 81' lang='lat' dir='ltr'><strong>hypo-</strong></span> 
     </span>
    </p>
   </div>
   <div class='ocr_carea' id='block_1_21' title="bbox 167 1109 950 1148">
    <p class='ocr_par' dir='ltr' id='par_1_21' title="bbox 167 1109 950 1148">
     <span class='ocr_line' id='line_1_21' title="bbox 167 1109 950 1148; baseline 0.01 -13"><span class='ocrx_word' id='word_1_126' title='bbox 167 1109 263 1137; x_wconf 88' lang='lat' dir='ltr'><strong>stasim</strong></span> <span class='ocrx_word' id='word_1_127' title='bbox 287 1111 423 1145; x_wconf 88' lang='lat' dir='ltr'><strong>propriam</strong></span> <span class='ocrx_word' id='word_1_128' title='bbox 439 1111 541 1140; x_wconf 86' lang='lat' dir='ltr'><strong>habere</strong></span> <span class='ocrx_word' id='word_1_129' title='bbox 553 1115 668 1148; x_wconf 87' lang='lat' dir='ltr'><strong>cceperit</strong></span> <span class='ocrx_word' id='word_1_130' title='bbox 682 1135 689 1147; x_wconf 85' lang='lat'><strong>,</strong></span> <span class='ocrx_word' id='word_1_131' title='bbox 710 1115 774 1142; x_wconf 88' lang='lat' dir='ltr'><strong>inde</strong></span> <span class='ocrx_word' id='word_1_132' title='bbox 790 1116 928 1143; x_wconf 88' lang='lat' dir='ltr'><strong>concludit</strong></span> <span class='ocrx_word' id='word_1_133' title='bbox 943 1135 950 1147; x_wconf 87' lang='lat'><strong>,</strong></span> 
     </span>
    </p>
   </div>
   <div class='ocr_carea' id='block_1_22' title="bbox 164 1154 951 1193">
    <p class='ocr_par' dir='ltr' id='par_1_22' title="bbox 164 1154 951 1193">
     <span class='ocr_line' id='line_1_22' title="bbox 164 1154 951 1193; baseline 0.009 -13"><span class='ocrx_word' id='word_1_134' title='bbox 164 1154 237 1188; x_wconf 90' lang='lat' dir='ltr'><strong>quod</strong></span> <span class='ocrx_word' id='word_1_135' title='bbox 253 1154 312 1182; x_wconf 82' lang='lat' dir='ltr'><strong>sine</strong></span> <span class='ocrx_word' id='word_1_136' title='bbox 327 1157 422 1183; x_wconf 69' lang='lat' dir='ltr'><strong>hasresi</strong></span> <span class='ocrx_word' id='word_1_137' title='bbox 441 1156 459 1183; x_wconf 89' lang='lat' dir='ltr'><strong>ii</strong></span> <span class='ocrx_word' id='word_1_138' title='bbox 478 1157 613 1185; x_wconf 84' lang='lat' dir='ltr'><strong>ailirmare</strong></span> <span class='ocrx_word' id='word_1_139' title='bbox 640 1164 787 1193; x_wconf 84' lang='lat' dir='ltr'><strong>potuerunt</strong></span> <span class='ocrx_word' id='word_1_140' title='bbox 799 1180 806 1192; x_wconf 88' lang='lat'><strong>,</strong></span> <span class='ocrx_word' id='word_1_141' title='bbox 823 1158 951 1187; x_wconf 81' lang='lat' dir='ltr'><strong>Satanam</strong></span> 
     </span>
    </p>
   </div>
   <div class='ocr_carea' id='block_1_23' title="bbox 167 1199 954 1236">
    <p class='ocr_par' dir='ltr' id='par_1_23' title="bbox 167 1199 954 1236">
     <span class='ocr_line' id='line_1_23' title="bbox 167 1199 954 1236; baseline 0.009 -11"><span class='ocrx_word' id='word_1_142' title='bbox 167 1199 254 1226; x_wconf 86' lang='lat' dir='ltr'><strong>Verbo</strong></span> <span class='ocrx_word' id='word_1_143' title='bbox 280 1205 344 1227; x_wconf 88' lang='lat' dir='ltr'><strong>natu</strong></span> <span class='ocrx_word' id='word_1_144' title='bbox 365 1201 498 1236; x_wconf 83' lang='lat' dir='ltr'><strong>majorem</strong></span> <span class='ocrx_word' id='word_1_145' title='bbox 515 1211 587 1230; x_wconf 82' lang='lat' dir='ltr'><strong>esse.</strong></span> <span class='ocrx_word' id='word_1_146' title='bbox 612 1204 671 1231; x_wconf 86' lang='lat' dir='ltr'><strong>Hoc</strong></span> <span class='ocrx_word' id='word_1_147' title='bbox 689 1208 778 1232; x_wconf 86' lang='lat' dir='ltr'><strong>tamen</strong></span> <span class='ocrx_word' id='word_1_148' title='bbox 803 1205 954 1232; x_wconf 85' lang='lat' dir='ltr'><strong>Calviniani</strong></span> 
     </span>
    </p>
   </div>
   <div class='ocr_carea' id='block_1_24' title="bbox 166 1245 951 1283">
    <p class='ocr_par' dir='ltr' id='par_1_24' title="bbox 166 1245 951 1283">
     <span class='ocr_line' id='line_1_24' title="bbox 166 1245 951 1283; baseline 0.008 -12"><span class='ocrx_word' id='word_1_149' title='bbox 166 1245 285 1272; x_wconf 85' lang='lat' dir='ltr'><strong>hominis</strong></span> <span class='ocrx_word' id='word_1_150' title='bbox 305 1246 533 1280; x_wconf 88' lang='lat' dir='ltr'><strong>deliramentum,</strong></span> <span class='ocrx_word' id='word_1_151' title='bbox 550 1249 623 1283; x_wconf 88' lang='lat' dir='ltr'><strong>quod</strong></span> <span class='ocrx_word' id='word_1_152' title='bbox 651 1250 738 1283; x_wconf 84' lang='lat' dir='ltr'><strong>prima</strong></span> <span class='ocrx_word' id='word_1_153' title='bbox 770 1250 858 1277; x_wconf 84' lang='lat' dir='ltr'><strong>fronte</strong></span> <span class='ocrx_word' id='word_1_154' title='bbox 883 1251 951 1277; x_wconf 91' lang='lat' dir='ltr'><strong>sim-</strong></span> 
     </span>
    </p>
   </div>
   <div class='ocr_carea' id='block_1_25' title="bbox 166 1291 954 1331">
    <p class='ocr_par' dir='ltr' id='par_1_25' title="bbox 166 1291 954 1331">
     <span class='ocr_line' id='line_1_25' title="bbox 166 1291 954 1331; baseline 0.01 -15"><span class='ocrx_word' id='word_1_155' title='bbox 166 1291 326 1324; x_wconf 89' lang='lat' dir='ltr'><strong>plicioribus</strong></span> <span class='ocrx_word' id='word_1_156' title='bbox 340 1292 458 1320; x_wconf 81' lang='lat' dir='ltr'><strong>fortasse</strong></span> <span class='ocrx_word' id='word_1_157' title='bbox 473 1299 565 1327; x_wconf 85' lang='lat' dir='ltr'><strong>posset</strong></span> <span class='ocrx_word' id='word_1_158' title='bbox 585 1293 677 1322; x_wconf 86' lang='lat' dir='ltr'><strong>fucum</strong></span> <span class='ocrx_word' id='word_1_159' title='bbox 695 1295 782 1323; x_wconf 88' lang='lat' dir='ltr'><strong>facere</strong></span> <span class='ocrx_word' id='word_1_160' title='bbox 796 1315 803 1327; x_wconf 85' lang='lat'><strong>,</strong></span> <span class='ocrx_word' id='word_1_161' title='bbox 829 1296 850 1323; x_wconf 74' lang='lat' dir='ltr'><strong>si</strong></span> <span class='ocrx_word' id='word_1_162' title='bbox 872 1297 954 1331; x_wconf 89' lang='lat' dir='ltr'><strong>paulo</strong></span> 
     </span>
    </p>
   </div>
   <div class='ocr_carea' id='block_1_26' title="bbox 166 1339 953 1377">
    <p class='ocr_par' dir='ltr' id='par_1_26' title="bbox 166 1339 953 1377">
     <span class='ocr_line' id='line_1_26' title="bbox 166 1339 953 1377; baseline 0.009 -14"><span class='ocrx_word' id='word_1_163' title='bbox 166 1339 377 1371; x_wconf 75' lang='lat' dir='ltr'><strong>perpendamus,</strong></span> <span class='ocrx_word' id='word_1_164' title='bbox 394 1339 496 1366; x_wconf 89' lang='lat' dir='ltr'><strong>nullius</strong></span> <span class='ocrx_word' id='word_1_165' title='bbox 516 1347 630 1374; x_wconf 87' lang='lat' dir='ltr'><strong>prorsus</strong></span> <span class='ocrx_word' id='word_1_166' title='bbox 650 1347 692 1369; x_wconf 89' lang='lat' dir='ltr'><strong>est</strong></span> <span class='ocrx_word' id='word_1_167' title='bbox 712 1342 828 1369; x_wconf 88' lang='lat' dir='ltr'><strong>roboris.</strong></span> <span class='ocrx_word' id='word_1_168' title='bbox 847 1343 953 1377; x_wconf 78' lang='lat' dir='ltr'><strong>Atque,</strong></span> 
     </span>
    </p>
   </div>
   <div class='ocr_carea' id='block_1_27' title="bbox 167 1383 955 1422">
    <p class='ocr_par' dir='ltr' id='par_1_27' title="bbox 167 1383 955 1422">
     <span class='ocr_line' id='line_1_27' title="bbox 167 1383 955 1422; baseline 0.009 -14"><span class='ocrx_word' id='word_1_169' title='bbox 167 1386 196 1408; x_wconf 86' lang='lat' dir='ltr'><strong>ut</strong></span> <span class='ocrx_word' id='word_1_170' title='bbox 211 1383 245 1410; x_wconf 85' lang='lat' dir='ltr'><strong>ab</strong></span> <span class='ocrx_word' id='word_1_171' title='bbox 258 1391 290 1410; x_wconf 87' lang='lat' dir='ltr'><strong>eo</strong></span> <span class='ocrx_word' id='word_1_172' title='bbox 307 1385 445 1417; x_wconf 80' lang='lat' dir='ltr'><strong>exordiar,</strong></span> <span class='ocrx_word' id='word_1_173' title='bbox 465 1385 537 1419; x_wconf 90' lang='lat' dir='ltr'><strong>quod</strong></span> <span class='ocrx_word' id='word_1_174' title='bbox 553 1387 657 1421; x_wconf 86' lang='lat' dir='ltr'><strong>absque</strong></span> <span class='ocrx_word' id='word_1_175' title='bbox 673 1387 725 1414; x_wconf 90' lang='lat' dir='ltr'><strong>ulla</strong></span> <span class='ocrx_word' id='word_1_176' title='bbox 750 1388 890 1422; x_wconf 83' lang='lat' dir='ltr'><strong>religionis</strong></span> <span class='ocrx_word' id='word_1_177' title='bbox 912 1388 955 1415; x_wconf 90' lang='lat' dir='ltr'><strong>in-</strong></span> 
     </span>
    </p>
   </div>
   <div class='ocr_carea' id='block_1_28' title="bbox 166 1431 956 1470">
    <p class='ocr_par' dir='ltr' id='par_1_28' title="bbox 166 1431 956 1470">
     <span class='ocr_line' id='line_1_28' title="bbox 166 1431 956 1470; baseline 0.008 -13"><span class='ocrx_word' id='word_1_178' title='bbox 166 1431 240 1464; x_wconf 89' lang='lat' dir='ltr'><strong>juria</strong></span> <span class='ocrx_word' id='word_1_179' title='bbox 258 1431 387 1459; x_wconf 79' lang='lat' dir='ltr'><strong>amnnari</strong></span> <span class='ocrx_word' id='word_1_180' title='bbox 404 1437 508 1467; x_wconf 81' lang='lat' dir='ltr'><strong>posset,</strong></span> <span class='ocrx_word' id='word_1_181' title='bbox 526 1435 638 1469; x_wconf 75' lang='lat' dir='ltr'><strong>angelos</strong></span> <span class='ocrx_word' id='word_1_182' title='bbox 650 1443 747 1470; x_wconf 88' lang='lat' dir='ltr'><strong>nempe</strong></span> <span class='ocrx_word' id='word_1_183' title='bbox 757 1436 881 1470; x_wconf 89' lang='lat' dir='ltr'><strong>pluribus</strong></span> <span class='ocrx_word' id='word_1_184' title='bbox 893 1441 956 1464; x_wconf 86' lang='lat' dir='ltr'><strong>ante</strong></span> 
     </span>
    </p>
   </div>
   <div class='ocr_carea' id='block_1_29' title="bbox 167 1477 955 1513">
    <p class='ocr_par' dir='ltr' id='par_1_29' title="bbox 167 1477 955 1513">
     <span class='ocr_line' id='line_1_29' title="bbox 167 1477 955 1513; baseline 0.008 -11"><span class='ocrx_word' id='word_1_185' title='bbox 167 1477 298 1503; x_wconf 89' lang='lat' dir='ltr'><strong>mundtnu</strong></span> <span class='ocrx_word' id='word_1_186' title='bbox 315 1478 387 1505; x_wconf 88' lang='lat' dir='ltr'><strong>htmc</strong></span> <span class='ocrx_word' id='word_1_187' title='bbox 405 1478 539 1505; x_wconf 79' lang='lat' dir='ltr'><strong>visibilem</strong></span> <span class='ocrx_word' id='word_1_188' title='bbox 555 1480 661 1507; x_wconf 68' lang='lat' dir='ltr'><strong>smculis</strong></span> <span class='ocrx_word' id='word_1_189' title='bbox 683 1480 768 1508; x_wconf 79' lang='lat' dir='ltr'><strong>fuisse</strong></span> <span class='ocrx_word' id='word_1_190' title='bbox 787 1487 894 1508; x_wconf 86' lang='lat' dir='ltr'><strong>creatos</strong></span> <span class='ocrx_word' id='word_1_191' title='bbox 906 1502 913 1513; x_wconf 85' lang='lat'><strong>,</strong></span> <span class='ocrx_word' id='word_1_192' title='bbox 931 1481 955 1508; x_wconf 87' lang='lat' dir='ltr'><strong>ei</strong></span> 
     </span>
    </p>
   </div>
   <div class='ocr_carea' id='block_1_30' title="bbox 169 1515 954 1556">
    <p class='ocr_par' dir='ltr' id='par_1_30' title="bbox 169 1515 954 1556">
     <span class='ocr_line' id='line_1_30' title="bbox 169 1515 954 1556; baseline 0.008 -8"><span class='ocrx_word' id='word_1_193' title='bbox 169 1523 240 1549; x_wconf 92' lang='lat' dir='ltr'><strong>ultro</strong></span> <span class='ocrx_word' id='word_1_194' title='bbox 259 1524 418 1550; x_wconf 85' lang='lat' dir='ltr'><strong>concedam.</strong></span> <span class='ocrx_word' id='word_1_195' title='bbox 434 1524 512 1556; x_wconf 87' lang='lat' dir='ltr'><strong>Quod</strong></span> <span class='ocrx_word' id='word_1_196' title='bbox 530 1533 594 1552; x_wconf 88' lang='lat' dir='ltr'><strong>vero</strong></span> <span class='ocrx_word' id='word_1_197' title='bbox 611 1527 643 1552; x_wconf 86' lang='lat' dir='ltr'><strong>ad</strong></span> <span class='ocrx_word' id='word_1_198' title='bbox 662 1527 774 1553; x_wconf 85' lang='lat' dir='ltr'><strong>alteram</strong></span> <span class='ocrx_word' id='word_1_199' title='bbox 789 1515 954 1554; x_wconf 78' lang='lat' dir='ltr'><strong>sententiam</strong></span> 
     </span>
    </p>
   </div>
   <div class='ocr_carea' id='block_1_31' title="bbox 168 1570 956 1607">
    <p class='ocr_par' dir='ltr' id='par_1_31' title="bbox 168 1570 956 1607">
     <span class='ocr_line' id='line_1_31' title="bbox 168 1570 956 1607; baseline 0.006 -12"><span class='ocrx_word' id='word_1_200' title='bbox 168 1570 277 1602; x_wconf 86' lang='lat' dir='ltr'><strong>attinet,</strong></span> <span class='ocrx_word' id='word_1_201' title='bbox 296 1578 378 1606; x_wconf 90' lang='lat' dir='ltr'><strong>quam</strong></span> <span class='ocrx_word' id='word_1_202' title='bbox 395 1579 444 1605; x_wconf 87' lang='lat' dir='ltr'><strong>pro</strong></span> <span class='ocrx_word' id='word_1_203' title='bbox 459 1573 595 1600; x_wconf 88' lang='lat' dir='ltr'><strong>catholica</strong></span> <span class='ocrx_word' id='word_1_204' title='bbox 613 1573 782 1601; x_wconf 83' lang='lat' dir='ltr'><strong>conﬁdenter</strong></span> <span class='ocrx_word' id='word_1_205' title='bbox 807 1573 932 1600; x_wconf 84' lang='lat' dir='ltr'><strong>obtrudit</strong></span> <span class='ocrx_word' id='word_1_206' title='bbox 948 1593 956 1607; x_wconf 90' lang='lat'><strong>,</strong></span> 
     </span>
    </p>
   </div>
   <div class='ocr_carea' id='block_1_32' title="bbox 169 1616 959 1653">
    <p class='ocr_par' dir='ltr' id='par_1_32' title="bbox 169 1616 959 1653">
     <span class='ocr_line' id='line_1_32' title="bbox 169 1616 959 1653; baseline 0.008 -13"><span class='ocrx_word' id='word_1_207' title='bbox 169 1616 318 1642; x_wconf 88' lang='lat' dir='ltr'><strong>notandmn</strong></span> <span class='ocrx_word' id='word_1_208' title='bbox 335 1621 376 1643; x_wconf 89' lang='lat' dir='ltr'><strong>est</strong></span> <span class='ocrx_word' id='word_1_209' title='bbox 395 1624 443 1651; x_wconf 89' lang='lat' dir='ltr'><strong>per</strong></span> <span class='ocrx_word' id='word_1_210' title='bbox 461 1621 568 1645; x_wconf 86' lang='lat' dir='ltr'><strong>veteres</strong></span> <span class='ocrx_word' id='word_1_211' title='bbox 584 1618 645 1646; x_wconf 85' lang='lat' dir='ltr'><strong>illos</strong></span> <span class='ocrx_word' id='word_1_212' title='bbox 670 1619 818 1653; x_wconf 83' lang='lat' dir='ltr'><strong>scriptores</strong></span> <span class='ocrx_word' id='word_1_213' title='bbox 842 1619 959 1646; x_wconf 84' lang='lat' dir='ltr'><strong>catholi-</strong></span> 
     </span>
    </p>
   </div>
   <div class='ocr_carea' id='block_1_33' title="bbox 170 1661 959 1699">
    <p class='ocr_par' dir='ltr' id='par_1_33' title="bbox 170 1661 959 1699">
     <span class='ocr_line' id='line_1_33' title="bbox 170 1661 959 1699; baseline 0.003 -11"><span class='ocrx_word' id='word_1_214' title='bbox 170 1669 218 1689; x_wconf 74' lang='lat' dir='ltr'><strong>cos</strong></span> <span class='ocrx_word' id='word_1_215' title='bbox 247 1661 393 1689; x_wconf 86' lang='lat' dir='ltr'><strong>Tatianum</strong></span> <span class='ocrx_word' id='word_1_216' title='bbox 424 1664 595 1698; x_wconf 89' lang='lat' dir='ltr'><strong>potissimum</strong></span> <span class='ocrx_word' id='word_1_217' title='bbox 619 1668 645 1691; x_wconf 89' lang='lat' dir='ltr'><strong>et</strong></span> <span class='ocrx_word' id='word_1_218' title='bbox 664 1664 863 1699; x_wconf 81' lang='lat' dir='ltr'><strong>Athenagoram</strong></span> <span class='ocrx_word' id='word_1_219' title='bbox 884 1664 959 1692; x_wconf 88' lang='lat' dir='ltr'><strong>desi-</strong></span> 
     </span>
    </p>
   </div>
   <div class='ocr_carea' id='block_1_34' title="bbox 170 1709 959 1745">
    <p class='ocr_par' dir='ltr' id='par_1_34' title="bbox 170 1709 959 1745">
     <span class='ocr_line' id='line_1_34' title="bbox 170 1709 959 1745; baseline 0.004 -11"><span class='ocrx_word' id='word_1_220' title='bbox 170 1716 254 1741; x_wconf 78' lang='lat' dir='ltr'><strong>gnare</strong></span> <span class='ocrx_word' id='word_1_221' title='bbox 277 1709 398 1737; x_wconf 86' lang='lat' dir='ltr'><strong>voluisse</strong></span> <span class='ocrx_word' id='word_1_222' title='bbox 413 1729 420 1742; x_wconf 91' lang='lat'><strong>,</strong></span> <span class='ocrx_word' id='word_1_223' title='bbox 443 1711 521 1744; x_wconf 90' lang='lat' dir='ltr'><strong>quasi</strong></span> <span class='ocrx_word' id='word_1_224' title='bbox 551 1718 645 1737; x_wconf 89' lang='lat' dir='ltr'><strong>eorum</strong></span> <span class='ocrx_word' id='word_1_225' title='bbox 677 1710 760 1737; x_wconf 91' lang='lat' dir='ltr'><strong>fuerit</strong></span> <span class='ocrx_word' id='word_1_226' title='bbox 786 1710 879 1745; x_wconf 91' lang='lat' dir='ltr'><strong>opinio</strong></span> <span class='ocrx_word' id='word_1_227' title='bbox 895 1731 902 1743; x_wconf 90' lang='lat'><strong>,</strong></span> <span class='ocrx_word' id='word_1_228' title='bbox 929 1715 959 1737; x_wconf 92' lang='lat' dir='ltr'><strong>ut</strong></span> 
     </span>
    </p>
   </div>
   <div class='ocr_carea' id='block_1_35' title="bbox 170 1754 956 1791">
    <p class='ocr_par' dir='ltr' id='par_1_35' title="bbox 170 1754 956 1791">
     <span class='ocr_line' id='line_1_35' title="bbox 170 1754 956 1791; baseline 0.003 -10"><span class='ocrx_word' id='word_1_229' title='bbox 170 1754 288 1782; x_wconf 87' lang='lat' dir='ltr'><strong>credidit</strong></span> <span class='ocrx_word' id='word_1_230' title='bbox 301 1756 383 1782; x_wconf 87' lang='lat' dir='ltr'><strong>etiam</strong></span> <span class='ocrx_word' id='word_1_231' title='bbox 401 1755 528 1783; x_wconf 81' lang='lat' dir='ltr'><strong>Petavius</strong></span> <span class='ocrx_word' id='word_1_232' title='bbox 546 1756 613 1791; x_wconf 74' lang='lat'><strong>(59),</strong></span> <span class='ocrx_word' id='word_1_233' title='bbox 629 1756 746 1783; x_wconf 87' lang='lat' dir='ltr'><strong>Verbum</strong></span> <span class='ocrx_word' id='word_1_234' title='bbox 761 1756 886 1783; x_wconf 90' lang='lat' dir='ltr'><strong>divinum</strong></span> <span class='ocrx_word' id='word_1_235' title='bbox 902 1764 956 1783; x_wconf 90' lang='lat' dir='ltr'><strong>non</strong></span> 
     </span>
    </p>
   </div>
   <div class='ocr_carea' id='block_1_36' title="bbox 170 1802 958 1839">
    <p class='ocr_par' dir='ltr' id='par_1_36' title="bbox 170 1802 958 1839">
     <span class='ocr_line' id='line_1_36' title="bbox 170 1802 958 1839; baseline 0.001 -10"><span class='ocrx_word' id='word_1_236' title='bbox 170 1807 233 1830; x_wconf 81' lang='lat' dir='ltr'><strong>ante</strong></span> <span class='ocrx_word' id='word_1_237' title='bbox 248 1802 341 1830; x_wconf 92' lang='lat' dir='ltr'><strong>mundi</strong></span> <span class='ocrx_word' id='word_1_238' title='bbox 357 1803 523 1830; x_wconf 85' lang='lat' dir='ltr'><strong>creationem</strong></span> <span class='ocrx_word' id='word_1_239' title='bbox 548 1804 685 1838; x_wconf 87' lang='lat' dir='ltr'><strong>propriam</strong></span> <span class='ocrx_word' id='word_1_240' title='bbox 710 1804 878 1839; x_wconf 89' lang='lat' dir='ltr'><strong>hypostasim</strong></span> <span class='ocrx_word' id='word_1_241' title='bbox 909 1804 958 1831; x_wconf 92' lang='lat' dir='ltr'><strong>ha-</strong></span> 
     </span>
    </p>
   </div>
   <div class='ocr_carea' id='block_1_37' title="bbox 173 1849 961 1880">
    <p class='ocr_par' dir='ltr' id='par_1_37' title="bbox 173 1849 961 1880">
     <span class='ocr_line' id='line_1_37' title="bbox 173 1849 961 1880; baseline 0.003 -5"><span class='ocrx_word' id='word_1_242' title='bbox 173 1849 274 1877; x_wconf 86' lang='lat' dir='ltr'><strong>buisse.</strong></span> <span class='ocrx_word' id='word_1_243' title='bbox 291 1851 345 1880; x_wconf 78' lang='lat' dir='ltr'><strong>At.</strong></span> <span class='ocrx_word' id='word_1_244' title='bbox 362 1849 425 1876; x_wconf 92' lang='lat' dir='ltr'><strong>licet</strong></span> <span class='ocrx_word' id='word_1_245' title='bbox 449 1850 595 1877; x_wconf 85' lang='lat' dir='ltr'><strong>obscurius</strong></span> <span class='ocrx_word' id='word_1_246' title='bbox 619 1854 724 1878; x_wconf 88' lang='lat' dir='ltr'><strong>veteres</strong></span> <span class='ocrx_word' id='word_1_247' title='bbox 750 1850 776 1876; x_wconf 91' lang='lat' dir='ltr'><strong>hi</strong></span> <span class='ocrx_word' id='word_1_248' title='bbox 805 1849 902 1878; x_wconf 87' lang='lat' dir='ltr'><strong>Patres</strong></span> <span class='ocrx_word' id='word_1_249' title='bbox 927 1850 961 1877; x_wconf 92' lang='lat' dir='ltr'><strong>dc</strong></span> 
     </span>
    </p>
   </div>
   <div class='ocr_carea' id='block_1_38' title="bbox 173 1894 961 1931">
    <p class='ocr_par' dir='ltr' id='par_1_38' title="bbox 173 1894 961 1931">
     <span class='ocr_line' id='line_1_38' title="bbox 173 1894 961 1931; baseline 0.004 -11"><span class='ocrx_word' id='word_1_250' title='bbox 173 1894 253 1922; x_wconf 84' lang='lat' dir='ltr'><strong>Verbi</strong></span> <span class='ocrx_word' id='word_1_251' title='bbox 267 1895 441 1929; x_wconf 82' lang='lat' dir='ltr'><strong>generatione</strong></span> <span class='ocrx_word' id='word_1_252' title='bbox 454 1896 536 1922; x_wconf 88' lang='lat' dir='ltr'><strong>locuti</strong></span> <span class='ocrx_word' id='word_1_253' title='bbox 545 1896 610 1927; x_wconf 87' lang='lat' dir='ltr'><strong>sint,</strong></span> <span class='ocrx_word' id='word_1_254' title='bbox 623 1904 762 1930; x_wconf 90' lang='lat' dir='ltr'><strong>nunquam</strong></span> <span class='ocrx_word' id='word_1_255' title='bbox 773 1900 864 1923; x_wconf 75' lang='lat' dir='ltr'><strong>tamen</strong></span> <span class='ocrx_word' id='word_1_256' title='bbox 879 1897 961 1931; x_wconf 52' lang='lat' dir='ltr'><strong>quid‘</strong></span> 
     </span>
    </p>
   </div>
   <div class='ocr_carea' id='block_1_39' title="bbox 172 1941 961 1976">
    <p class='ocr_par' dir='ltr' id='par_1_39' title="bbox 172 1941 961 1976">
     <span class='ocr_line' id='line_1_39' title="bbox 172 1941 961 1976; baseline 0.003 -9"><span class='ocrx_word' id='word_1_257' title='bbox 172 1949 253 1975; x_wconf 86' lang='lat' dir='ltr'><strong>quam</strong></span> <span class='ocrx_word' id='word_1_258' title='bbox 269 1941 397 1968; x_wconf 83' lang='lat' dir='ltr'><strong>dixerunt</strong></span> <span class='ocrx_word' id='word_1_259' title='bbox 411 1961 419 1972; x_wconf 85' lang='lat'><strong>.</strong></span> <span class='ocrx_word' id='word_1_260' title='bbox 434 1941 507 1976; x_wconf 88' lang='lat' dir='ltr'><strong>quod</strong></span> <span class='ocrx_word' id='word_1_261' title='bbox 521 1941 580 1976; x_wconf 89' lang='lat' dir='ltr'><strong>ejus</strong></span> <span class='ocrx_word' id='word_1_262' title='bbox 595 1941 731 1969; x_wconf 85' lang='lat' dir='ltr'><strong>divinitati</strong></span> <span class='ocrx_word' id='word_1_263' title='bbox 746 1961 753 1974; x_wconf 88' lang='lat'><strong>,</strong></span> <span class='ocrx_word' id='word_1_264' title='bbox 774 1941 918 1969; x_wconf 67' lang='lat' dir='ltr'><strong>aeternitati</strong></span> <span class='ocrx_word' id='word_1_265' title='bbox 935 1947 961 1969; x_wconf 88' lang='lat' dir='ltr'><strong>et</strong></span> 
     </span>
    </p>
   </div>
   <div class='ocr_carea' id='block_1_40' title="bbox 174 1987 962 2022">
    <p class='ocr_par' dir='ltr' id='par_1_40' title="bbox 174 1987 962 2022">
     <span class='ocr_line' id='line_1_40' title="bbox 174 1987 962 2022; baseline 0.001 -8"><span class='ocrx_word' id='word_1_266' title='bbox 174 1987 363 2021; x_wconf 85' lang='lat' dir='ltr'><strong>pcrsonalitati</strong></span> <span class='ocrx_word' id='word_1_267' title='bbox 392 1988 478 2021; x_wconf 80' lang='lat' dir='ltr'><strong>possit</strong></span> <span class='ocrx_word' id='word_1_268' title='bbox 503 1987 621 2015; x_wconf 78' lang='lat' dir='ltr'><strong>odicere.</strong></span> <span class='ocrx_word' id='word_1_269' title='bbox 648 1988 687 2015; x_wconf 80' lang='lat' dir='ltr'><strong>Ac</strong></span> <span class='ocrx_word' id='word_1_270' title='bbox 708 1995 801 2015; x_wconf 86' lang='lat' dir='ltr'><strong>revera</strong></span> <span class='ocrx_word' id='word_1_271' title='bbox 827 1988 900 2022; x_wconf 90' lang='lat' dir='ltr'><strong>quod</strong></span> <span class='ocrx_word' id='word_1_272' title='bbox 928 1988 962 2015; x_wconf 89' lang='lat' dir='ltr'><strong>ad</strong></span> 
     </span>
    </p>
   </div>
   <div class='ocr_carea' id='block_1_41' title="bbox 173 2032 961 2068">
    <p class='ocr_par' dir='ltr' id='par_1_41' title="bbox 173 2032 961 2068">
     <span class='ocr_line' id='line_1_41' title="bbox 173 2032 961 2068; baseline 0.003 -10"><span class='ocrx_word' id='word_1_273' title='bbox 173 2032 316 2060; x_wconf 87' lang='lat' dir='ltr'><strong>Tatianum</strong></span> <span class='ocrx_word' id='word_1_274' title='bbox 336 2033 463 2067; x_wconf 84' lang='lat' dir='ltr'><strong>pertinet,</strong></span> <span class='ocrx_word' id='word_1_275' title='bbox 479 2033 517 2059; x_wconf 87' lang='lat' dir='ltr'><strong>ait</strong></span> <span class='ocrx_word' id='word_1_276' title='bbox 532 2041 608 2064; x_wconf 86' lang='lat' dir='ltr'><strong>sane,</strong></span> <span class='ocrx_word' id='word_1_277' title='bbox 635 2033 662 2060; x_wconf 92' lang='lat' dir='ltr'><strong>in</strong></span> <span class='ocrx_word' id='word_1_278' title='bbox 688 2033 823 2068; x_wconf 86' lang='lat' dir='ltr'><strong>principio</strong></span> <span class='ocrx_word' id='word_1_279' title='bbox 843 2033 961 2060; x_wconf 87' lang='lat' dir='ltr'><strong>Verbum</strong></span> 
     </span>
    </p>
   </div>
   <div class='ocr_carea' id='block_1_42' title="bbox 174 2078 963 2118">
    <p class='ocr_par' dir='ltr' id='par_1_42' title="bbox 174 2078 963 2118">
     <span class='ocr_line' id='line_1_42' title="bbox 174 2078 963 2118; baseline 0.003 -14"><span class='ocrx_word' id='word_1_280' title='bbox 174 2079 258 2106; x_wconf 87' lang='lat' dir='ltr'><strong>fuisse</strong></span> <span class='ocrx_word' id='word_1_281' title='bbox 275 2078 302 2106; x_wconf 95' lang='lat' dir='ltr'><strong>in</strong></span> <span class='ocrx_word' id='word_1_282' title='bbox 317 2078 397 2105; x_wconf 81' lang='lat' dir='ltr'><strong>Patre</strong></span> <span class='ocrx_word' id='word_1_283' title='bbox 410 2099 417 2112; x_wconf 95' lang='lat'><strong>,</strong></span> <span class='ocrx_word' id='word_1_284' title='bbox 434 2079 529 2113; x_wconf 89' lang='lat' dir='ltr'><strong>utique</strong></span> <span class='ocrx_word' id='word_1_285' title='bbox 544 2083 572 2106; x_wconf 93' lang='lat' dir='ltr'><strong>ut</strong></span> <span class='ocrx_word' id='word_1_286' title='bbox 598 2079 624 2105; x_wconf 92' lang='lat' dir='ltr'><strong>in</strong></span> <span class='ocrx_word' id='word_1_287' title='bbox 642 2086 758 2113; x_wconf 87' lang='lat' dir='ltr'><strong>persona</strong></span> <span class='ocrx_word' id='word_1_288' title='bbox 778 2079 963 2118; x_wconf 79' lang='lat' dir='ltr'><strong>consubstan-</strong></span> 
     </span>
    </p>
   </div>
   <div class='ocr_carea' id='block_1_43' title="bbox 174 2125 963 2160">
    <p class='ocr_par' dir='ltr' id='par_1_43' title="bbox 174 2125 963 2160">
     <span class='ocr_line' id='line_1_43' title="bbox 174 2125 963 2160; baseline 0 -8"><span class='ocrx_word' id='word_1_289' title='bbox 174 2126 242 2158; x_wconf 87' lang='lat' dir='ltr'><strong>tiali,</strong></span> <span class='ocrx_word' id='word_1_290' title='bbox 259 2133 320 2153; x_wconf 86' lang='lat' dir='ltr'><strong>cum</strong></span> <span class='ocrx_word' id='word_1_291' title='bbox 335 2133 390 2160; x_wconf 92' lang='lat' dir='ltr'><strong>quo</strong></span> <span class='ocrx_word' id='word_1_292' title='bbox 403 2126 495 2152; x_wconf 90' lang='lat' dir='ltr'><strong>omnia</strong></span> <span class='ocrx_word' id='word_1_293' title='bbox 511 2125 704 2158; x_wconf 85' lang='lat' dir='ltr'><strong>sustentabat;</strong></span> <span class='ocrx_word' id='word_1_294' title='bbox 719 2125 819 2160; x_wconf 91' lang='lat' dir='ltr'><strong>quibus</strong></span> <span class='ocrx_word' id='word_1_295' title='bbox 832 2125 859 2152; x_wconf 89' lang='lat' dir='ltr'><strong>in</strong></span> <span class='ocrx_word' id='word_1_296' title='bbox 872 2126 963 2152; x_wconf 89' lang='lat' dir='ltr'><strong>verbis</strong></span> 
     </span>
    </p>
   </div>
   <div class='ocr_carea' id='block_1_44' title="bbox 175 2172 966 2206">
    <p class='ocr_par' dir='ltr' id='par_1_44' title="bbox 175 2172 966 2206">
     <span class='ocr_line' id='line_1_44' title="bbox 175 2172 966 2206; baseline -0.001 -7"><span class='ocrx_word' id='word_1_297' title='bbox 175 2173 322 2200; x_wconf 84' lang='lat' dir='ltr'><strong>manifesto</strong></span> <span class='ocrx_word' id='word_1_298' title='bbox 333 2172 391 2206; x_wconf 87' lang='lat' dir='ltr'><strong>ejus</strong></span> <span class='ocrx_word' id='word_1_299' title='bbox 401 2172 570 2199; x_wconf 89' lang='lat' dir='ltr'><strong>divinitatem</strong></span> <span class='ocrx_word' id='word_1_300' title='bbox 583 2176 664 2206; x_wconf 84' lang='lat' dir='ltr'><strong>atque</strong></span> <span class='ocrx_word' id='word_1_301' title='bbox 676 2172 857 2199; x_wconf 77' lang='lat' dir='ltr'><strong>aeternitatem</strong></span> <span class='ocrx_word' id='word_1_302' title='bbox 870 2176 966 2198; x_wconf 88' lang='lat' dir='ltr'><strong>osten—</strong></span> 
     </span>
    </p>
   </div>
   <div class='ocr_carea' id='block_1_45' title="bbox 175 2206 967 2251">
    <p class='ocr_par' dir='ltr' id='par_1_45' title="bbox 175 2206 967 2251">
     <span class='ocr_line' id='line_1_45' title="bbox 175 2206 967 2251; baseline -0.003 -7"><span class='ocrx_word' id='word_1_303' title='bbox 175 2219 222 2245; x_wconf 88' lang='lat' dir='ltr'><strong>dit.</strong></span> <span class='ocrx_word' id='word_1_304' title='bbox 240 2218 307 2244; x_wconf 88' lang='lat' dir='ltr'><strong>Dum</strong></span> <span class='ocrx_word' id='word_1_305' title='bbox 326 2224 390 2244; x_wconf 86' lang='lat' dir='ltr'><strong>\&#39;ero</strong></span> <span class='ocrx_word' id='word_1_306' title='bbox 406 2217 482 2244; x_wconf 85' lang='lat' dir='ltr'><strong>addit</strong></span> <span class='ocrx_word' id='word_1_307' title='bbox 494 2236 500 2247; x_wconf 85' lang='lat'><strong>,</strong></span> <span class='ocrx_word' id='word_1_308' title='bbox 516 2216 588 2251; x_wconf 90' lang='lat' dir='ltr'><strong>quod</strong></span> <span class='ocrx_word' id='word_1_309' title='bbox 606 2217 722 2243; x_wconf 83' lang='lat' dir='ltr'><strong>Verbum</strong></span> <span class='ocrx_word' id='word_1_310' title='bbox 743 2223 776 2243; x_wconf 83' lang='lat' dir='ltr'><strong>ex</strong></span> <span class='ocrx_word' id='word_1_311' title='bbox 800 2206 882 2244; x_wconf 81' lang='lat' dir='ltr'><strong>Patre</strong></span> <span class='ocrx_word' id='word_1_312' title='bbox 904 2224 967 2251; x_wconf 88' lang='lat' dir='ltr'><strong>pro-</strong></span> 
     </span>
    </p>
   </div>
   <div class='ocr_carea' id='block_1_46' title="bbox 175 2262 964 2298">
    <p class='ocr_par' dir='ltr' id='par_1_46' title="bbox 175 2262 964 2298">
     <span class='ocr_line' id='line_1_46' title="bbox 175 2262 964 2298; baseline -0.003 -8"><span class='ocrx_word' id='word_1_313' title='bbox 175 2263 257 2291; x_wconf 89' lang='lat' dir='ltr'><strong>dierit</strong></span> <span class='ocrx_word' id='word_1_314' title='bbox 270 2263 378 2298; x_wconf 83' lang='lat' dir='ltr'><strong>quando</strong></span> <span class='ocrx_word' id='word_1_315' title='bbox 407 2264 440 2289; x_wconf 89' lang='lat' dir='ltr'><strong>ad</strong></span> <span class='ocrx_word' id='word_1_316' title='bbox 467 2262 562 2289; x_wconf 87' lang='lat' dir='ltr'><strong>mumli</strong></span> <span class='ocrx_word' id='word_1_317' title='bbox 588 2262 755 2289; x_wconf 82' lang='lat' dir='ltr'><strong>creationem</strong></span> <span class='ocrx_word' id='word_1_318' title='bbox 780 2269 964 2297; x_wconf 81' lang='lat' dir='ltr'><strong>progressum</strong></span> 
     </span>
    </p>
   </div>
   <div class='ocr_carea' id='block_1_47' title="bbox 174 2309 967 2345">
    <p class='ocr_par' dir='ltr' id='par_1_47' title="bbox 174 2309 967 2345">
     <span class='ocr_line' id='line_1_47' title="bbox 174 2309 967 2345; baseline -0.003 -7"><span class='ocrx_word' id='word_1_319' title='bbox 174 2315 228 2343; x_wconf 74' lang='lat' dir='ltr'><strong>est,</strong></span> <span class='ocrx_word' id='word_1_320' title='bbox 245 2310 383 2345; x_wconf 78' lang='lat' dir='ltr'><strong>intelligit,</strong></span> <span class='ocrx_word' id='word_1_321' title='bbox 405 2309 476 2344; x_wconf 87' lang='lat' dir='ltr'><strong>quod</strong></span> <span class='ocrx_word' id='word_1_322' title='bbox 497 2310 566 2337; x_wconf 89' lang='lat' dir='ltr'><strong>Deus</strong></span> <span class='ocrx_word' id='word_1_323' title='bbox 582 2317 629 2345; x_wconf 88' lang='lat' dir='ltr'><strong>per</strong></span> <span class='ocrx_word' id='word_1_324' title='bbox 647 2310 743 2337; x_wconf 85' lang='lat' dir='ltr'><strong>Filiqu</strong></span> <span class='ocrx_word' id='word_1_325' title='bbox 771 2311 902 2337; x_wconf 85' lang='lat' dir='ltr'><strong>omnibus</strong></span> <span class='ocrx_word' id='word_1_326' title='bbox 917 2318 967 2345; x_wconf 88' lang='lat' dir='ltr'><strong>pa-</strong></span> 
     </span>
    </p>
   </div>
   <div class='ocr_carea' id='block_1_48' title="bbox 177 2357 966 2391">
    <p class='ocr_par' dir='ltr' id='par_1_48' title="bbox 177 2357 966 2391">
     <span class='ocr_line' id='line_1_48' title="bbox 177 2357 966 2391; baseline -0.003 -6"><span class='ocrx_word' id='word_1_327' title='bbox 177 2358 262 2386; x_wconf 79' lang='lat' dir='ltr'><strong>ternis</strong></span> <span class='ocrx_word' id='word_1_328' title='bbox 279 2357 347 2384; x_wconf 84' lang='lat' dir='ltr'><strong>ideis</strong></span> <span class='ocrx_word' id='word_1_329' title='bbox 357 2357 529 2391; x_wconf 70' lang='lat' dir='ltr'><strong>etjattributis</strong></span> <span class='ocrx_word' id='word_1_330' title='bbox 543 2358 706 2384; x_wconf 84' lang='lat' dir='ltr'><strong>instructum</strong></span> <span class='ocrx_word' id='word_1_331' title='bbox 718 2357 809 2385; x_wconf 90' lang='lat' dir='ltr'><strong>omnia</strong></span> <span class='ocrx_word' id='word_1_332' title='bbox 821 2357 966 2383; x_wconf 83' lang='lat' dir='ltr'><strong>creaverit.</strong></span> 
     </span>
    </p>
   </div>
   <div class='ocr_carea' id='block_1_49' title="bbox 177 2402 967 2438">
    <p class='ocr_par' dir='ltr' id='par_1_49' title="bbox 177 2402 967 2438">
     <span class='ocr_line' id='line_1_49' title="bbox 177 2402 967 2438; baseline -0.001 -8"><span class='ocrx_word' id='word_1_333' title='bbox 177 2405 217 2431; x_wconf 82' lang='lat' dir='ltr'><strong>Ac</strong></span> <span class='ocrx_word' id='word_1_334' title='bbox 232 2403 359 2438; x_wconf 85' lang='lat' dir='ltr'><strong>quamvis</strong></span> <span class='ocrx_word' id='word_1_335' title='bbox 377 2402 449 2429; x_wconf 89' lang='lat' dir='ltr'><strong>inter</strong></span> <span class='ocrx_word' id='word_1_336' title='bbox 472 2403 550 2430; x_wconf 79' lang='lat' dir='ltr'><strong>Verbi</strong></span> <span class='ocrx_word' id='word_1_337' title='bbox 576 2404 795 2438; x_wconf 80' lang='lat' dir='ltr'><strong>progressionem</strong></span> <span class='ocrx_word' id='word_1_338' title='bbox 820 2409 967 2435; x_wconf 88' lang='lat' dir='ltr'><strong>rermnqne</strong></span> 
     </span>
    </p>
   </div>
   <div class='ocr_carea' id='block_1_50' title="bbox 176 2447 966 2483">
    <p class='ocr_par' dir='ltr' id='par_1_50' title="bbox 176 2447 966 2483">
     <span class='ocr_line' id='line_1_50' title="bbox 176 2447 966 2483; baseline -0.003 -7"><span class='ocrx_word' id='word_1_339' title='bbox 176 2449 343 2477; x_wconf 85' lang='lat' dir='ltr'><strong>creationem</strong></span> <span class='ocrx_word' id='word_1_340' title='bbox 359 2449 540 2475; x_wconf 76' lang='lat' dir='ltr'><strong>necessariam</strong></span> <span class='ocrx_word' id='word_1_341' title='bbox 555 2453 636 2483; x_wconf 87' lang='lat' dir='ltr'><strong>ponat</strong></span> <span class='ocrx_word' id='word_1_342' title='bbox 652 2447 862 2478; x_wconf 72' lang='lat' dir='ltr'><strong>connexionem,</strong></span> <span class='ocrx_word' id='word_1_343' title='bbox 875 2451 966 2474; x_wconf 86' lang='lat' dir='ltr'><strong>tamen</strong></span> 
     </span>
    </p>
   </div>
   <div class='ocr_carea' id='block_1_51' title="bbox 175 2492 967 2527">
    <p class='ocr_par' dir='ltr' id='par_1_51' title="bbox 175 2492 967 2527">
     <span class='ocr_line' id='line_1_51' title="bbox 175 2492 967 2527; baseline -0.005 -5"><span class='ocrx_word' id='word_1_344' title='bbox 175 2495 253 2527; x_wconf 85' lang='lat' dir='ltr'><strong>juxta</strong></span> <span class='ocrx_word' id='word_1_345' title='bbox 265 2494 390 2522; x_wconf 86' lang='lat' dir='ltr'><strong>eumdem</strong></span> <span class='ocrx_word' id='word_1_346' title='bbox 408 2493 552 2520; x_wconf 87' lang='lat' dir='ltr'><strong>Tatianum</strong></span> <span class='ocrx_word' id='word_1_347' title='bbox 584 2494 619 2520; x_wconf 87' lang='lat' dir='ltr'><strong>ita</strong></span> <span class='ocrx_word' id='word_1_348' title='bbox 647 2494 765 2520; x_wconf 84' lang='lat' dir='ltr'><strong>Verbum</strong></span> <span class='ocrx_word' id='word_1_349' title='bbox 790 2501 804 2519; x_wconf 89' lang='lat' dir='ltr'><strong>a</strong></span> <span class='ocrx_word' id='word_1_350' title='bbox 830 2492 909 2519; x_wconf 86' lang='lat' dir='ltr'><strong>Patre</strong></span> <span class='ocrx_word' id='word_1_351' title='bbox 940 2493 967 2519; x_wconf 90' lang='lat' dir='ltr'><strong>in</strong></span> 
     </span>
    </p>
   </div>
   <div class='ocr_carea' id='block_1_52' title="bbox 176 2538 965 2575">
    <p class='ocr_par' dir='ltr' id='par_1_52' title="bbox 176 2538 965 2575">
     <span class='ocr_line' id='line_1_52' title="bbox 176 2538 965 2575; baseline -0.005 -7"><span class='ocrx_word' id='word_1_352' title='bbox 176 2549 266 2568; x_wconf 90' lang='lat' dir='ltr'><strong>rerum</strong></span> <span class='ocrx_word' id='word_1_353' title='bbox 280 2540 419 2568; x_wconf 87' lang='lat' dir='ltr'><strong>creatione</strong></span> <span class='ocrx_word' id='word_1_354' title='bbox 431 2547 604 2575; x_wconf 78' lang='lat' dir='ltr'><strong>progressum</strong></span> <span class='ocrx_word' id='word_1_355' title='bbox 616 2543 671 2570; x_wconf 88' lang='lat' dir='ltr'><strong>est,</strong></span> <span class='ocrx_word' id='word_1_356' title='bbox 683 2543 712 2565; x_wconf 91' lang='lat' dir='ltr'><strong>ut</strong></span> <span class='ocrx_word' id='word_1_357' title='bbox 724 2538 757 2565; x_wconf 87' lang='lat' dir='ltr'><strong>ab</strong></span> <span class='ocrx_word' id='word_1_358' title='bbox 769 2546 800 2565; x_wconf 87' lang='lat' dir='ltr'><strong>eo</strong></span> <span class='ocrx_word' id='word_1_359' title='bbox 812 2538 965 2565; x_wconf 86' lang='lat' dir='ltr'><strong>abscissum</strong></span> 
     </span>
    </p>
   </div>
   <div class='ocr_carea' id='block_1_53' title="bbox 177 2583 966 2622">
    <p class='ocr_par' dir='ltr' id='par_1_53' title="bbox 177 2583 966 2622">
     <span class='ocr_line' id='line_1_53' title="bbox 177 2583 966 2622; baseline -0.005 -8"><span class='ocrx_word' id='word_1_360' title='bbox 177 2592 204 2614; x_wconf 87' lang='lat' dir='ltr'><strong>et</strong></span> <span class='ocrx_word' id='word_1_361' title='bbox 215 2592 370 2622; x_wconf 85' lang='lat' dir='ltr'><strong>separatum</strong></span> <span class='ocrx_word' id='word_1_362' title='bbox 384 2594 437 2613; x_wconf 94' lang='lat' dir='ltr'><strong>non</strong></span> <span class='ocrx_word' id='word_1_363' title='bbox 453 2587 546 2618; x_wconf 86' lang='lat' dir='ltr'><strong>fuerit,</strong></span> <span class='ocrx_word' id='word_1_364' title='bbox 563 2585 627 2620; x_wconf 87' lang='lat' dir='ltr'><strong>quia</strong></span> <span class='ocrx_word' id='word_1_365' title='bbox 641 2585 661 2612; x_wconf 92' lang='lat' dir='ltr'><strong>si</strong></span> <span class='ocrx_word' id='word_1_366' title='bbox 676 2584 828 2611; x_wconf 79' lang='lat' dir='ltr'><strong>abseissum</strong></span> <span class='ocrx_word' id='word_1_367' title='bbox 857 2583 966 2618; x_wconf 78' lang='lat' dir='ltr'><strong>fuisset,</strong></span> 
     </span>
    </p>
   </div>
   <div class='ocr_carea' id='block_1_54' title="bbox 178 2631 967 2668">
    <p class='ocr_par' dir='ltr' id='par_1_54' title="bbox 178 2631 967 2668">
     <span class='ocr_line' id='line_1_54' title="bbox 178 2631 967 2668; baseline -0.004 -7"><span class='ocrx_word' id='word_1_368' title='bbox 178 2634 256 2661; x_wconf 75' lang='lat' dir='ltr'><strong>Pater</strong></span> <span class='ocrx_word' id='word_1_369' title='bbox 268 2635 364 2668; x_wconf 80' lang='grc' dir='ltr'><strong>ἄλογος</strong></span> <span class='ocrx_word' id='word_1_370' title='bbox 383 2633 463 2661; x_wconf 87' lang='lat' dir='ltr'><strong>foret.</strong></span> <span class='ocrx_word' id='word_1_371' title='bbox 486 2633 581 2668; x_wconf 86' lang='lat' dir='ltr'><strong>Itaque</strong></span> <span class='ocrx_word' id='word_1_372' title='bbox 599 2631 668 2658; x_wconf 88' lang='lat' dir='ltr'><strong>falso</strong></span> <span class='ocrx_word' id='word_1_373' title='bbox 690 2631 801 2658; x_wconf 85' lang='lat' dir='ltr'><strong>o‘nmino</strong></span> <span class='ocrx_word' id='word_1_374' title='bbox 823 2631 967 2663; x_wconf 80' lang='lat' dir='ltr'><strong>asseritur,</strong></span> 
     </span>
    </p>
   </div>
   <div class='ocr_carea' id='block_1_55' title="bbox 178 2676 967 2713">
    <p class='ocr_par' dir='ltr' id='par_1_55' title="bbox 178 2676 967 2713">
     <span class='ocr_line' id='line_1_55' title="bbox 178 2676 967 2713; baseline -0.004 -6"><span class='ocrx_word' id='word_1_375' title='bbox 178 2680 322 2707; x_wconf 89' lang='lat' dir='ltr'><strong>Tatianum</strong></span> <span class='ocrx_word' id='word_1_376' title='bbox 341 2679 475 2712; x_wconf 85' lang='lat' dir='ltr'><strong>sensisse,</strong></span> <span class='ocrx_word' id='word_1_377' title='bbox 499 2678 622 2705; x_wconf 87' lang='lat' dir='ltr'><strong>divinum</strong></span> <span class='ocrx_word' id='word_1_378' title='bbox 649 2676 768 2703; x_wconf 84' lang='lat' dir='ltr'><strong>Verbum</strong></span> <span class='ocrx_word' id='word_1_379' title='bbox 799 2677 967 2713; x_wconf 80' lang='lat' dir='ltr'><strong>hypostasim</strong></span> 
     </span>
    </p>
   </div>
   <div class='ocr_carea' id='block_1_56' title="bbox 180 2723 967 2762">
    <p class='ocr_par' dir='ltr' id='par_1_56' title="bbox 180 2723 967 2762">
     <span class='ocr_line' id='line_1_56' title="bbox 180 2723 967 2762; baseline -0.003 -10"><span class='ocrx_word' id='word_1_380' title='bbox 180 2728 315 2762; x_wconf 76' lang='lat' dir='ltr'><strong>propriam</strong></span> <span class='ocrx_word' id='word_1_381' title='bbox 331 2726 461 2753; x_wconf 80' lang='lat' dir='ltr'><strong>habuisse</strong></span> <span class='ocrx_word' id='word_1_382' title='bbox 490 2725 517 2751; x_wconf 89' lang='lat' dir='ltr'><strong>in</strong></span> <span class='ocrx_word' id='word_1_383' title='bbox 539 2723 634 2751; x_wconf 88' lang='lat' dir='ltr'><strong>mumli</strong></span> <span class='ocrx_word' id='word_1_384' title='bbox 662 2724 824 2751; x_wconf 86' lang='lat' dir='ltr'><strong>creatione:</strong></span> <span class='ocrx_word' id='word_1_385' title='bbox 851 2732 912 2750; x_wconf 90' lang='lat' dir='ltr'><strong>nam</strong></span> <span class='ocrx_word' id='word_1_386' title='bbox 943 2723 967 2750; x_wconf 84' lang='lat' dir='ltr'><strong>id</strong></span> 
     </span>
    </p>
   </div>
   <div class='ocr_carea' id='block_1_57' title="bbox 216 2833 973 2875">
    <p class='ocr_par' dir='ltr' id='par_1_57' title="bbox 216 2833 973 2875">
     <span class='ocr_line' id='line_1_57' title="bbox 216 2833 973 2875; baseline -0.009 -7"><span class='ocrx_word' id='word_1_387' title='bbox 216 2841 273 2875; x_wconf 77' lang='lat'><strong>(38)</strong></span> <span class='ocrx_word' id='word_1_388' title='bbox 290 2839 408 2875; x_wconf 58' lang='lat' dir='ltr'><strong>Histoire</strong></span> <span class='ocrx_word' id='word_1_389' title='bbox 421 2836 532 2875; x_wconf 70' lang='lat' dir='ltr'><strong>critique</strong></span> <span class='ocrx_word' id='word_1_390' title='bbox 545 2837 576 2864; x_wconf 83' lang='lat' dir='ltr'><strong>de</strong></span> <span class='ocrx_word' id='word_1_391' title='bbox 588 2836 725 2875; x_wconf 59' lang='lat' dir='ltr'><strong>Maaiclcée</strong></span> <span class='ocrx_word' id='word_1_392' title='bbox 738 2835 786 2864; x_wconf 88' lang='lat' dir='ltr'><strong>lib.</strong></span> <span class='ocrx_word' id='word_1_393' title='bbox 800 2843 840 2869; x_wconf 85' lang='lat' dir='ltr'><strong>In,</strong></span> <span class='ocrx_word' id='word_1_394' title='bbox 854 2841 915 2871; x_wconf 76' lang='lat' dir='ltr'><strong>pag.</strong></span> <span class='ocrx_word' id='word_1_395' title='bbox 928 2833 973 2861; x_wconf 66' lang='lat'><strong>25.</strong></span> 
     </span>
    </p>
   </div>
   <div class='ocr_carea' id='block_1_58' title="bbox 217 2872 668 2908">
    <p class='ocr_par' dir='ltr' id='par_1_58' title="bbox 217 2872 668 2908">
     <span class='ocr_line' id='line_1_58' title="bbox 217 2872 668 2908; baseline 0 -8"><span class='ocrx_word' id='word_1_396' title='bbox 217 2872 273 2908; x_wconf 63' lang='lat' dir='ltr'><strong>(sui</strong></span> <span class='ocrx_word' id='word_1_397' title='bbox 291 2875 326 2900; x_wconf 81' lang='lat' dir='ltr'><strong>De</strong></span> <span class='ocrx_word' id='word_1_398' title='bbox 348 2873 446 2900; x_wconf 82' lang='lat' dir='ltr'><strong>Triuit.</strong></span> <span class='ocrx_word' id='word_1_399' title='bbox 465 2872 511 2899; x_wconf 92' lang='lat' dir='ltr'><strong>lib.</strong></span> <span class='ocrx_word' id='word_1_400' title='bbox 527 2881 545 2907; x_wconf 81' lang='grc' dir='ltr'>ι,</span> <span class='ocrx_word' id='word_1_401' title='bbox 564 2880 624 2908; x_wconf 85' lang='lat' dir='ltr'><strong>cap.</strong></span> <span class='ocrx_word' id='word_1_402' title='bbox 640 2872 668 2900; x_wconf 79' lang='lat'><strong>5.</strong></span> 
     </span>
    </p>
   </div>
   <div class='ocr_carea' id='block_1_59' title="bbox 220 2909 464 2946">
    <p class='ocr_par' dir='ltr' id='par_1_59' title="bbox 220 2909 464 2946">
     <span class='ocr_line' id='line_1_59' title="bbox 220 2909 464 2946; baseline -0.012 -9"><span class='ocrx_word' id='word_1_403' title='bbox 220 2911 276 2946; x_wconf 56' lang='lat' dir='ltr'><strong>UO)</strong></span> <span class='ocrx_word' id='word_1_404' title='bbox 294 2911 397 2942; x_wconf 68' lang='lat' dir='ltr'><strong>th&#39;sl.</strong></span> <span class='ocrx_word' id='word_1_405' title='bbox 420 2909 464 2935; x_wconf 72' lang='lat'><strong>05.</strong></span> 
     </span>
    </p>
   </div>
   <div class='ocr_carea' id='block_1_60' title="bbox 1001 244 1790 279">
    <p class='ocr_par' dir='ltr' id='par_1_60' title="bbox 1001 244 1790 279">
     <span class='ocr_line' id='line_1_60' title="bbox 1001 244 1790 279; baseline 0 -9"><span class='ocrx_word' id='word_1_406' title='bbox 1001 248 1106 272; x_wconf 89' lang='lat' dir='ltr'><strong>tantum</strong></span> <span class='ocrx_word' id='word_1_407' title='bbox 1126 245 1246 278; x_wconf 90' lang='lat' dir='ltr'><strong>astruit,</strong></span> <span class='ocrx_word' id='word_1_408' title='bbox 1263 244 1383 272; x_wconf 83' lang='lat' dir='ltr'><strong>Verbum</strong></span> <span class='ocrx_word' id='word_1_409' title='bbox 1399 244 1476 274; x_wconf 83' lang='lat' dir='ltr'><strong>illud.</strong></span> <span class='ocrx_word' id='word_1_410' title='bbox 1495 245 1565 279; x_wconf 86' lang='lat' dir='ltr'><strong>quod</strong></span> <span class='ocrx_word' id='word_1_411' title='bbox 1583 244 1617 270; x_wconf 88' lang='lat' dir='ltr'><strong>ab</strong></span> <span class='ocrx_word' id='word_1_412' title='bbox 1633 250 1737 270; x_wconf 66' lang='lat' dir='ltr'><strong>aztcrno</strong></span> <span class='ocrx_word' id='word_1_413' title='bbox 1762 245 1790 270; x_wconf 91' lang='lat' dir='ltr'><strong>in</strong></span> 
     </span>
    </p>
   </div>
   <div class='ocr_carea' id='block_1_61' title="bbox 999 291 1792 324">
    <p class='ocr_par' dir='ltr' id='par_1_61' title="bbox 999 291 1792 324">
     <span class='ocr_line' id='line_1_61' title="bbox 999 291 1792 324; baseline 0 -7"><span class='ocrx_word' id='word_1_414' title='bbox 999 291 1080 319; x_wconf 79' lang='lat' dir='ltr'><strong>Patre</strong></span> <span class='ocrx_word' id='word_1_415' title='bbox 1096 291 1187 318; x_wconf 91' lang='lat' dir='ltr'><strong>omnia</strong></span> <span class='ocrx_word' id='word_1_416' title='bbox 1202 291 1376 319; x_wconf 87' lang='lat' dir='ltr'><strong>sustentabat</strong></span> <span class='ocrx_word' id='word_1_417' title='bbox 1391 313 1398 324; x_wconf 86' lang='grc'><em>,</em></span> <span class='ocrx_word' id='word_1_418' title='bbox 1420 295 1476 317; x_wconf 90' lang='lat' dir='ltr'><strong>tum</strong></span> <span class='ocrx_word' id='word_1_419' title='bbox 1494 291 1521 318; x_wconf 90' lang='lat' dir='ltr'><strong>in</strong></span> <span class='ocrx_word' id='word_1_420' title='bbox 1540 299 1631 318; x_wconf 88' lang='lat' dir='ltr'><strong>rerqu</strong></span> <span class='ocrx_word' id='word_1_421' title='bbox 1649 291 1792 317; x_wconf 82' lang='lat' dir='ltr'><strong>creatione</strong></span> 
     </span>
    </p>
   </div>
   <div class='ocr_carea' id='block_1_62' title="bbox 999 336 1792 372">
    <p class='ocr_par' dir='ltr' id='par_1_62' title="bbox 999 336 1792 372">
     <span class='ocr_line' id='line_1_62' title="bbox 999 336 1792 372; baseline -0.004 -7"><span class='ocrx_word' id='word_1_422' title='bbox 999 346 1032 366; x_wconf 86' lang='lat' dir='ltr'><strong>ex</strong></span> <span class='ocrx_word' id='word_1_423' title='bbox 1049 337 1128 365; x_wconf 82' lang='lat' dir='ltr'><strong>Patre</strong></span> <span class='ocrx_word' id='word_1_424' title='bbox 1140 337 1287 372; x_wconf 71' lang='lat' dir='ltr'><strong>prodiisse,</strong></span> <span class='ocrx_word' id='word_1_425' title='bbox 1300 337 1364 372; x_wconf 88' lang='lat' dir='ltr'><strong>quia</strong></span> <span class='ocrx_word' id='word_1_426' title='bbox 1376 337 1467 364; x_wconf 86' lang='lat' dir='ltr'><strong>omnia</strong></span> <span class='ocrx_word' id='word_1_427' title='bbox 1479 336 1620 371; x_wconf 84' lang='lat' dir='ltr'><strong>peripsum</strong></span> <span class='ocrx_word' id='word_1_428' title='bbox 1633 336 1703 363; x_wconf 89' lang='lat' dir='ltr'><strong>facta</strong></span> <span class='ocrx_word' id='word_1_429' title='bbox 1712 341 1792 362; x_wconf 85' lang='lat' dir='ltr'><strong>sunt.</strong></span> 
     </span>
    </p>
   </div>
   <div class='ocr_carea' id='block_1_63' title="bbox 1001 381 1793 417">
    <p class='ocr_par' dir='ltr' id='par_1_63' title="bbox 1001 381 1793 417">
     <span class='ocr_line' id='line_1_63' title="bbox 1001 381 1793 417; baseline -0.005 -7"><span class='ocrx_word' id='word_1_430' title='bbox 1001 383 1101 410; x_wconf 83' lang='lat' dir='ltr'><strong>Eadem</strong></span> <span class='ocrx_word' id='word_1_431' title='bbox 1118 383 1174 411; x_wconf 86' lang='lat' dir='ltr'><strong>fere</strong></span> <span class='ocrx_word' id='word_1_432' title='bbox 1192 386 1299 410; x_wconf 86' lang='lat' dir='ltr'><strong>ratione</strong></span> <span class='ocrx_word' id='word_1_433' title='bbox 1312 383 1502 417; x_wconf 80' lang='lat' dir='ltr'><strong>Athenagoras</strong></span> <span class='ocrx_word' id='word_1_434' title='bbox 1526 389 1635 417; x_wconf 86' lang='lat' dir='ltr'><strong>quoque</strong></span> <span class='ocrx_word' id='word_1_435' title='bbox 1658 383 1691 408; x_wconf 89' lang='lat' dir='ltr'><strong>de</strong></span> <span class='ocrx_word' id='word_1_436' title='bbox 1709 381 1793 408; x_wconf 79' lang='lat' dir='ltr'><strong>Verbi</strong></span> 
     </span>
    </p>
   </div>
   <div class='ocr_carea' id='block_1_64' title="bbox 1001 426 1794 462">
    <p class='ocr_par' dir='ltr' id='par_1_64' title="bbox 1001 426 1794 462">
     <span class='ocr_line' id='line_1_64' title="bbox 1001 426 1794 462; baseline -0.005 -7"><span class='ocrx_word' id='word_1_437' title='bbox 1001 429 1145 457; x_wconf 86' lang='lat' dir='ltr'><strong>divinitate</strong></span> <span class='ocrx_word' id='word_1_438' title='bbox 1170 429 1308 456; x_wconf 87' lang='lat' dir='ltr'><strong>disseruit.</strong></span> <span class='ocrx_word' id='word_1_439' title='bbox 1328 429 1399 455; x_wconf 91' lang='lat' dir='ltr'><strong>Dicit</strong></span> <span class='ocrx_word' id='word_1_440' title='bbox 1422 428 1494 455; x_wconf 85' lang='lat' dir='ltr'><strong>enim</strong></span> <span class='ocrx_word' id='word_1_441' title='bbox 1514 427 1586 462; x_wconf 86' lang='lat' dir='ltr'><strong>quod</strong></span> <span class='ocrx_word' id='word_1_442' title='bbox 1613 426 1702 458; x_wconf 79' lang='lat' dir='ltr'><strong>Deus,</strong></span> <span class='ocrx_word' id='word_1_443' title='bbox 1728 433 1794 452; x_wconf 88' lang='lat' dir='ltr'><strong>cum</strong></span> 
     </span>
    </p>
   </div>
   <div class='ocr_carea' id='block_1_65' title="bbox 1002 471 1795 507">
    <p class='ocr_par' dir='ltr' id='par_1_65' title="bbox 1002 471 1795 507">
     <span class='ocr_line' id='line_1_65' title="bbox 1002 471 1795 507; baseline -0.006 -5"><span class='ocrx_word' id='word_1_444' title='bbox 1002 475 1037 502; x_wconf 86' lang='lat' dir='ltr'><strong>sit</strong></span> <span class='ocrx_word' id='word_1_445' title='bbox 1051 482 1127 502; x_wconf 86' lang='lat' dir='ltr'><strong>mens</strong></span> <span class='ocrx_word' id='word_1_446' title='bbox 1144 479 1256 507; x_wconf 62' lang='lat' dir='ltr'><strong>aeterna,</strong></span> <span class='ocrx_word' id='word_1_447' title='bbox 1272 474 1368 501; x_wconf 84' lang='lat' dir='ltr'><strong>habuit</strong></span> <span class='ocrx_word' id='word_1_448' title='bbox 1384 474 1417 500; x_wconf 86' lang='lat' dir='ltr'><strong>ab</strong></span> <span class='ocrx_word' id='word_1_449' title='bbox 1430 478 1533 501; x_wconf 65' lang='lat' dir='ltr'><strong>azterno</strong></span> <span class='ocrx_word' id='word_1_450' title='bbox 1554 473 1581 500; x_wconf 95' lang='lat' dir='ltr'><strong>in</strong></span> <span class='ocrx_word' id='word_1_451' title='bbox 1609 473 1700 506; x_wconf 85' lang='lat' dir='ltr'><strong>seipso</strong></span> <span class='ocrx_word' id='word_1_452' title='bbox 1723 471 1795 498; x_wconf 78' lang='lat' dir='ltr'><strong>Ver-</strong></span> 
     </span>
    </p>
   </div>
   <div class='ocr_carea' id='block_1_66' title="bbox 1002 517 1795 555">
    <p class='ocr_par' dir='ltr' id='par_1_66' title="bbox 1002 517 1795 555">
     <span class='ocr_line' id='line_1_66' title="bbox 1002 517 1795 555; baseline -0.006 -7"><span class='ocrx_word' id='word_1_453' title='bbox 1002 521 1078 552; x_wconf 84' lang='lat' dir='ltr'><strong>bum,</strong></span> <span class='ocrx_word' id='word_1_454' title='bbox 1100 524 1194 555; x_wconf 85' lang='lat' dir='ltr'><strong>utpote</strong></span> <span class='ocrx_word' id='word_1_455' title='bbox 1215 520 1248 547; x_wconf 89' lang='lat' dir='ltr'><strong>ab</strong></span> <span class='ocrx_word' id='word_1_456' title='bbox 1269 524 1373 546; x_wconf 65' lang='lat' dir='ltr'><strong>aeterno</strong></span> <span class='ocrx_word' id='word_1_457' title='bbox 1398 519 1562 545; x_wconf 85' lang='lat' dir='ltr'><strong>rationalis:</strong></span> <span class='ocrx_word' id='word_1_458' title='bbox 1587 521 1614 544; x_wconf 87' lang='lat' dir='ltr'><strong>et</strong></span> <span class='ocrx_word' id='word_1_459' title='bbox 1638 517 1710 550; x_wconf 92' lang='lat' dir='ltr'><strong>quod</strong></span> <span class='ocrx_word' id='word_1_460' title='bbox 1739 517 1795 543; x_wconf 89' lang='lat' dir='ltr'><strong>hoc</strong></span> 
     </span>
    </p>
   </div>
   <div class='ocr_carea' id='block_1_67' title="bbox 1003 565 1796 601">
    <p class='ocr_par' dir='ltr' id='par_1_67' title="bbox 1003 565 1796 601">
     <span class='ocr_line' id='line_1_67' title="bbox 1003 565 1796 601; baseline -0.005 -8"><span class='ocrx_word' id='word_1_461' title='bbox 1003 566 1120 594; x_wconf 71' lang='lat' dir='ltr'><strong>Verbum</strong></span> <span class='ocrx_word' id='word_1_462' title='bbox 1139 566 1286 601; x_wconf 82' lang='lat' dir='ltr'><strong>prodierit,</strong></span> <span class='ocrx_word' id='word_1_463' title='bbox 1316 571 1345 592; x_wconf 90' lang='lat' dir='ltr'><strong>ut</strong></span> <span class='ocrx_word' id='word_1_464' title='bbox 1366 565 1489 593; x_wconf 89' lang='lat' dir='ltr'><strong>omnium</strong></span> <span class='ocrx_word' id='word_1_465' title='bbox 1513 569 1669 592; x_wconf 89' lang='lat' dir='ltr'><strong>creatarum</strong></span> <span class='ocrx_word' id='word_1_466' title='bbox 1697 570 1796 590; x_wconf 89' lang='lat' dir='ltr'><strong>rerum</strong></span> 
     </span>
    </p>
   </div>
   <div class='ocr_carea' id='block_1_68' title="bbox 1003 608 1798 644">
    <p class='ocr_par' dir='ltr' id='par_1_68' title="bbox 1003 608 1798 644">
     <span class='ocr_line' id='line_1_68' title="bbox 1003 608 1798 644; baseline -0.003 -7"><span class='ocrx_word' id='word_1_467' title='bbox 1003 610 1075 641; x_wconf 86' lang='lat' dir='ltr'><strong>idea.</strong></span> <span class='ocrx_word' id='word_1_468' title='bbox 1091 615 1118 637; x_wconf 85' lang='lat' dir='ltr'><strong>et</strong></span> <span class='ocrx_word' id='word_1_469' title='bbox 1133 609 1256 644; x_wconf 87' lang='lat' dir='ltr'><strong>operatio</strong></span> <span class='ocrx_word' id='word_1_470' title='bbox 1271 610 1427 637; x_wconf 86' lang='lat' dir='ltr'><strong>exsisteret.</strong></span> <span class='ocrx_word' id='word_1_471' title='bbox 1440 609 1555 637; x_wconf 83' lang='lat' dir='ltr'><strong>Constat</strong></span> <span class='ocrx_word' id='word_1_472' title='bbox 1567 613 1658 636; x_wconf 86' lang='lat' dir='ltr'><strong>autem</strong></span> <span class='ocrx_word' id='word_1_473' title='bbox 1674 608 1798 635; x_wconf 88' lang='lat' dir='ltr'><strong>voluisse</strong></span> 
     </span>
    </p>
   </div>
   <div class='ocr_carea' id='block_1_69' title="bbox 1003 654 1798 690">
    <p class='ocr_par' dir='ltr' id='par_1_69' title="bbox 1003 654 1798 690">
     <span class='ocr_line' id='line_1_69' title="bbox 1003 654 1798 690; baseline -0.004 -7"><span class='ocrx_word' id='word_1_474' title='bbox 1003 657 1204 690; x_wconf 76' lang='lat' dir='ltr'><strong>Athenagoram</strong></span> <span class='ocrx_word' id='word_1_475' title='bbox 1222 656 1298 684; x_wconf 88' lang='lat' dir='ltr'><strong>hisce</strong></span> <span class='ocrx_word' id='word_1_476' title='bbox 1313 657 1340 682; x_wconf 90' lang='lat' dir='ltr'><strong>in</strong></span> <span class='ocrx_word' id='word_1_477' title='bbox 1367 656 1457 683; x_wconf 85' lang='lat' dir='ltr'><strong>verbis</strong></span> <span class='ocrx_word' id='word_1_478' title='bbox 1479 656 1531 682; x_wconf 89' lang='lat' dir='ltr'><strong>hoc</strong></span> <span class='ocrx_word' id='word_1_479' title='bbox 1553 655 1641 682; x_wconf 89' lang='lat' dir='ltr'><strong>solum</strong></span> <span class='ocrx_word' id='word_1_480' title='bbox 1663 654 1764 681; x_wconf 83' lang='lat' dir='ltr'><strong>docere</strong></span> <span class='ocrx_word' id='word_1_481' title='bbox 1789 674 1798 686; x_wconf 86' lang='lat'><strong>,</strong></span> 
     </span>
    </p>
   </div>
   <div class='ocr_carea' id='block_1_70' title="bbox 1005 702 1799 737">
    <p class='ocr_par' dir='ltr' id='par_1_70' title="bbox 1005 702 1799 737">
     <span class='ocr_line' id='line_1_70' title="bbox 1005 702 1799 737; baseline -0.004 -7"><span class='ocrx_word' id='word_1_482' title='bbox 1005 711 1052 737; x_wconf 92' lang='lat' dir='ltr'><strong>per</strong></span> <span class='ocrx_word' id='word_1_483' title='bbox 1076 702 1194 730; x_wconf 86' lang='lat' dir='ltr'><strong>Verbum</strong></span> <span class='ocrx_word' id='word_1_484' title='bbox 1220 711 1264 730; x_wconf 89' lang='lat' dir='ltr'><strong>res</strong></span> <span class='ocrx_word' id='word_1_485' title='bbox 1293 710 1390 729; x_wconf 85' lang='lat' dir='ltr'><strong>omnes</strong></span> <span class='ocrx_word' id='word_1_486' title='bbox 1416 706 1522 729; x_wconf 87' lang='lat' dir='ltr'><strong>creatas</strong></span> <span class='ocrx_word' id='word_1_487' title='bbox 1549 709 1632 734; x_wconf 67' lang='lat' dir='ltr'><strong>esse,</strong></span> <span class='ocrx_word' id='word_1_488' title='bbox 1663 702 1799 736; x_wconf 83' lang='lat' dir='ltr'><strong>quoniam</strong></span> 
     </span>
    </p>
   </div>
   <div class='ocr_carea' id='block_1_71' title="bbox 1005 747 1800 784">
    <p class='ocr_par' dir='ltr' id='par_1_71' title="bbox 1005 747 1800 784">
     <span class='ocr_line' id='line_1_71' title="bbox 1005 747 1800 784; baseline -0.001 -8"><span class='ocrx_word' id='word_1_489' title='bbox 1005 749 1090 777; x_wconf 84' lang='lat' dir='ltr'><strong>Filius</strong></span> <span class='ocrx_word' id='word_1_490' title='bbox 1104 750 1195 784; x_wconf 89' lang='lat' dir='ltr'><strong>aliquo</strong></span> <span class='ocrx_word' id='word_1_491' title='bbox 1211 749 1292 776; x_wconf 91' lang='lat' dir='ltr'><strong>modo</strong></span> <span class='ocrx_word' id='word_1_492' title='bbox 1316 748 1369 776; x_wconf 91' lang='lat' dir='ltr'><strong>dici</strong></span> <span class='ocrx_word' id='word_1_493' title='bbox 1385 752 1474 782; x_wconf 87' lang='lat' dir='ltr'><strong>potest</strong></span> <span class='ocrx_word' id='word_1_494' title='bbox 1500 747 1546 774; x_wconf 84' lang='lat' dir='ltr'><strong>Dei</strong></span> <span class='ocrx_word' id='word_1_495' title='bbox 1574 748 1644 774; x_wconf 87' lang='lat' dir='ltr'><strong>ratio</strong></span> <span class='ocrx_word' id='word_1_496' title='bbox 1660 767 1668 778; x_wconf 85' lang='lat'>.</span> <span class='ocrx_word' id='word_1_497' title='bbox 1695 755 1776 775; x_wconf 90' lang='lat' dir='ltr'><strong>mens</strong></span> <span class='ocrx_word' id='word_1_498' title='bbox 1791 766 1800 779; x_wconf 84' lang='grc'><strong>,</strong></span> 
     </span>
    </p>
   </div>
   <div class='ocr_carea' id='block_1_72' title="bbox 1005 794 1799 830">
    <p class='ocr_par' dir='ltr' id='par_1_72' title="bbox 1005 794 1799 830">
     <span class='ocr_line' id='line_1_72' title="bbox 1005 794 1799 830; baseline -0.003 -7"><span class='ocrx_word' id='word_1_499' title='bbox 1005 796 1138 830; x_wconf 87' lang='lat' dir='ltr'><strong>sapientia</strong></span> <span class='ocrx_word' id='word_1_500' title='bbox 1152 816 1159 828; x_wconf 84' lang='lat'><strong>,</strong></span> <span class='ocrx_word' id='word_1_501' title='bbox 1173 800 1201 823; x_wconf 90' lang='lat' dir='ltr'><strong>et</strong></span> <span class='ocrx_word' id='word_1_502' title='bbox 1216 796 1356 830; x_wconf 80' lang='lat' dir='ltr'><strong>operativa</strong></span> <span class='ocrx_word' id='word_1_503' title='bbox 1386 795 1506 830; x_wconf 86' lang='lat' dir='ltr'><strong>potentia</strong></span> <span class='ocrx_word' id='word_1_504' title='bbox 1518 802 1605 829; x_wconf 40' lang='lat' dir='ltr'><strong>,‘qnaa</strong></span> <span class='ocrx_word' id='word_1_505' title='bbox 1629 795 1747 829; x_wconf 90' lang='lat' dir='ltr'><strong>primum</strong></span> <span class='ocrx_word' id='word_1_506' title='bbox 1767 794 1799 821; x_wconf 89' lang='lat' dir='ltr'><strong>in</strong></span> 
     </span>
    </p>
   </div>
   <div class='ocr_carea' id='block_1_73' title="bbox 1008 840 1800 875">
    <p class='ocr_par' dir='ltr' id='par_1_73' title="bbox 1008 840 1800 875">
     <span class='ocr_line' id='line_1_73' title="bbox 1008 840 1800 875; baseline -0.003 -7"><span class='ocrx_word' id='word_1_507' title='bbox 1008 849 1097 868; x_wconf 87' lang='lat' dir='ltr'><strong>rerum</strong></span> <span class='ocrx_word' id='word_1_508' title='bbox 1113 842 1251 869; x_wconf 86' lang='lat' dir='ltr'><strong>creatione</strong></span> <span class='ocrx_word' id='word_1_509' title='bbox 1269 841 1391 868; x_wconf 83' lang='lat' dir='ltr'><strong>exterius</strong></span> <span class='ocrx_word' id='word_1_510' title='bbox 1408 841 1520 875; x_wconf 87' lang='lat' dir='ltr'><strong>prodiit.</strong></span> <span class='ocrx_word' id='word_1_511' title='bbox 1536 840 1610 867; x_wconf 87' lang='lat' dir='ltr'><strong>Hanc</strong></span> <span class='ocrx_word' id='word_1_512' title='bbox 1628 840 1800 868; x_wconf 80' lang='lat' dir='ltr'><strong>sententiam</strong></span> 
     </span>
    </p>
   </div>
   <div class='ocr_carea' id='block_1_74' title="bbox 1006 884 1801 922">
    <p class='ocr_par' dir='ltr' id='par_1_74' title="bbox 1006 884 1801 922">
     <span class='ocr_line' id='line_1_74' title="bbox 1006 884 1801 922; baseline 0 -9"><span class='ocrx_word' id='word_1_513' title='bbox 1006 887 1132 922; x_wconf 86' lang='lat' dir='ltr'><strong>probavit</strong></span> <span class='ocrx_word' id='word_1_514' title='bbox 1144 894 1256 921; x_wconf 87' lang='lat' dir='ltr'><strong>quoque</strong></span> <span class='ocrx_word' id='word_1_515' title='bbox 1273 886 1301 914; x_wconf 91' lang='lat' dir='ltr'><strong>S.</strong></span> <span class='ocrx_word' id='word_1_516' title='bbox 1317 887 1501 921; x_wconf 77' lang='lat' dir='ltr'><strong>Augustinus.</strong></span> <span class='ocrx_word' id='word_1_517' title='bbox 1515 886 1560 913; x_wconf 90' lang='lat' dir='ltr'><strong>ubi</strong></span> <span class='ocrx_word' id='word_1_518' title='bbox 1587 885 1653 912; x_wconf 92' lang='lat' dir='ltr'><strong>illud</strong></span> <span class='ocrx_word' id='word_1_519' title='bbox 1676 884 1801 913; x_wconf 85' lang='lat' dir='ltr'><strong>Joannis</strong></span> 
     </span>
    </p>
   </div>
   <div class='ocr_carea' id='block_1_75' title="bbox 1007 931 1803 967">
    <p class='ocr_par' dir='ltr' id='par_1_75' title="bbox 1007 931 1803 967">
     <span class='ocr_line' id='line_1_75' title="bbox 1007 931 1803 967; baseline -0.004 -7"><span class='ocrx_word' id='word_1_520' title='bbox 1007 933 1039 960; x_wconf 83' lang='lat' dir='ltr'><strong>In</strong></span> <span class='ocrx_word' id='word_1_521' title='bbox 1051 934 1179 966; x_wconf 73' lang='lat' dir='ltr'><strong>principio</strong></span> <span class='ocrx_word' id='word_1_522' title='bbox 1197 939 1254 960; x_wconf 80' lang='lat' dir='ltr'><strong>erat</strong></span> <span class='ocrx_word' id='word_1_523' title='bbox 1276 933 1388 960; x_wconf 84' lang='lat' dir='ltr'><strong>Verbum</strong></span> <span class='ocrx_word' id='word_1_524' title='bbox 1403 940 1558 967; x_wconf 73' lang='lat' dir='ltr'><strong>exponens:</strong></span> <span class='ocrx_word' id='word_1_525' title='bbox 1575 931 1632 959; x_wconf 83' lang='lat' dir='ltr'><strong>Hoc</strong></span> <span class='ocrx_word' id='word_1_526' title='bbox 1648 931 1705 958; x_wconf 86' lang='lat' dir='ltr'><strong>loco</strong></span> <span class='ocrx_word' id='word_1_527' title='bbox 1719 951 1726 963; x_wconf 85' lang='grc'>,</span> <span class='ocrx_word' id='word_1_528' title='bbox 1754 931 1803 957; x_wconf 88' lang='lat' dir='ltr'><strong>in-</strong></span> 
     </span>
    </p>
   </div>
   <div class='ocr_carea' id='block_1_76' title="bbox 1006 978 1800 1013">
    <p class='ocr_par' dir='ltr' id='par_1_76' title="bbox 1006 978 1800 1013">
     <span class='ocr_line' id='line_1_76' title="bbox 1006 978 1800 1013; baseline -0.001 -8"><span class='ocrx_word' id='word_1_529' title='bbox 1006 980 1064 1013; x_wconf 88' lang='lat' dir='ltr'><strong>quit</strong></span> <span class='ocrx_word' id='word_1_530' title='bbox 1079 979 1147 1013; x_wconf 84' lang='grc' dir='ltr'><strong>(ιο),</strong></span> <span class='ocrx_word' id='word_1_531' title='bbox 1163 979 1258 1006; x_wconf 80' lang='lat' dir='ltr'><strong>ntelius</strong></span> <span class='ocrx_word' id='word_1_532' title='bbox 1278 978 1390 1006; x_wconf 84' lang='lat' dir='ltr'><strong>Verbum</strong></span> <span class='ocrx_word' id='word_1_533' title='bbox 1403 979 1609 1012; x_wconf 76' lang='lat' dir='ltr'><strong>interpretamur</strong></span> <span class='ocrx_word' id='word_1_534' title='bbox 1621 997 1628 1009; x_wconf 87' lang='lat'><strong>,</strong></span> <span class='ocrx_word' id='word_1_535' title='bbox 1646 982 1674 1004; x_wconf 90' lang='lat' dir='ltr'><strong>ut</strong></span> <span class='ocrx_word' id='word_1_536' title='bbox 1690 978 1800 1012; x_wconf 70' lang='lat' dir='ltr'><strong>signiﬁ-</strong></span> 
     </span>
    </p>
   </div>
   <div class='ocr_carea' id='block_1_77' title="bbox 1005 1024 1802 1057">
    <p class='ocr_par' dir='ltr' id='par_1_77' title="bbox 1005 1024 1802 1057">
     <span class='ocr_line' id='line_1_77' title="bbox 1005 1024 1802 1057; baseline -0.001 -6"><span class='ocrx_word' id='word_1_537' title='bbox 1005 1031 1078 1052; x_wconf 84' lang='lat' dir='ltr'><strong>cetur</strong></span> <span class='ocrx_word' id='word_1_538' title='bbox 1092 1034 1141 1051; x_wconf 84' lang='lat' dir='ltr'><strong>non</strong></span> <span class='ocrx_word' id='word_1_539' title='bbox 1160 1025 1246 1052; x_wconf 75' lang='lat' dir='ltr'><strong>solum</strong></span> <span class='ocrx_word' id='word_1_540' title='bbox 1262 1024 1298 1052; x_wconf 84' lang='lat' dir='ltr'><strong>ad</strong></span> <span class='ocrx_word' id='word_1_541' title='bbox 1311 1024 1419 1052; x_wconf 82' lang='lat' dir='ltr'><strong>Patrem</strong></span> <span class='ocrx_word' id='word_1_542' title='bbox 1436 1029 1568 1057; x_wconf 74' lang='lat' dir='ltr'><strong>respectus</strong></span> <span class='ocrx_word' id='word_1_543' title='bbox 1581 1044 1589 1056; x_wconf 87' lang='lat'><strong>,</strong></span> <span class='ocrx_word' id='word_1_544' title='bbox 1617 1024 1663 1051; x_wconf 77' lang='lat' dir='ltr'><strong>sed</strong></span> <span class='ocrx_word' id='word_1_545' title='bbox 1689 1024 1724 1051; x_wconf 77' lang='lat' dir='ltr'><strong>ad</strong></span> <span class='ocrx_word' id='word_1_546' title='bbox 1748 1024 1802 1050; x_wconf 83' lang='lat' dir='ltr'><strong>illa</strong></span> 
     </span>
    </p>
   </div>
   <div class='ocr_carea' id='block_1_78' title="bbox 1007 1071 1801 1105">
    <p class='ocr_par' dir='ltr' id='par_1_78' title="bbox 1007 1071 1801 1105">
     <span class='ocr_line' id='line_1_78' title="bbox 1007 1071 1801 1105; baseline -0.001 -8"><span class='ocrx_word' id='word_1_547' title='bbox 1007 1072 1096 1099; x_wconf 86' lang='lat' dir='ltr'><strong>etiam.</strong></span> <span class='ocrx_word' id='word_1_548' title='bbox 1108 1079 1166 1105; x_wconf 68' lang='lat' dir='ltr'><strong>qua:</strong></span> <span class='ocrx_word' id='word_1_549' title='bbox 1175 1079 1219 1103; x_wconf 82' lang='lat' dir='ltr'><strong>per</strong></span> <span class='ocrx_word' id='word_1_550' title='bbox 1233 1071 1345 1097; x_wconf 81' lang='lat' dir='ltr'><strong>Verbum</strong></span> <span class='ocrx_word' id='word_1_551' title='bbox 1357 1072 1429 1105; x_wconf 78' lang='lat' dir='ltr'><strong>facta</strong></span> <span class='ocrx_word' id='word_1_552' title='bbox 1441 1075 1513 1103; x_wconf 75' lang='lat' dir='ltr'><strong>sunt,</strong></span> <span class='ocrx_word' id='word_1_553' title='bbox 1523 1071 1657 1105; x_wconf 79' lang='lat' dir='ltr'><strong>operativu</strong></span> <span class='ocrx_word' id='word_1_554' title='bbox 1668 1071 1801 1104; x_wconf 82' lang='lat' dir='ltr'><strong>potentia.</strong></span> 
     </span>
    </p>
   </div>
   <div class='ocr_carea' id='block_1_79' title="bbox 1011 1116 1802 1151">
    <p class='ocr_par' dir='ltr' id='par_1_79' title="bbox 1011 1116 1802 1151">
     <span class='ocr_line' id='line_1_79' title="bbox 1011 1116 1802 1151; baseline -0.001 -8"><span class='ocrx_word' id='word_1_555' title='bbox 1011 1116 1112 1144; x_wconf 82' lang='lat' dir='ltr'><strong>Habuit</strong></span> <span class='ocrx_word' id='word_1_556' title='bbox 1134 1125 1199 1150; x_wconf 79' lang='lat' dir='ltr'><strong>ergo</strong></span> <span class='ocrx_word' id='word_1_557' title='bbox 1222 1116 1338 1144; x_wconf 89' lang='lat' dir='ltr'><strong>Verbum</strong></span> <span class='ocrx_word' id='word_1_558' title='bbox 1367 1117 1502 1151; x_wconf 87' lang='lat' dir='ltr'><strong>propriam</strong></span> <span class='ocrx_word' id='word_1_559' title='bbox 1521 1124 1552 1142; x_wconf 90' lang='lat' dir='ltr'><strong>ac</strong></span> <span class='ocrx_word' id='word_1_560' title='bbox 1574 1116 1729 1143; x_wconf 88' lang='lat' dir='ltr'><strong>distinctam</strong></span> <span class='ocrx_word' id='word_1_561' title='bbox 1747 1116 1802 1150; x_wconf 83' lang='lat' dir='ltr'><strong>by-</strong></span> 
     </span>
    </p>
   </div>
   <div class='ocr_carea' id='block_1_80' title="bbox 1010 1162 1801 1198">
    <p class='ocr_par' dir='ltr' id='par_1_80' title="bbox 1010 1162 1801 1198">
     <span class='ocr_line' id='line_1_80' title="bbox 1010 1162 1801 1198; baseline -0.004 -8"><span class='ocrx_word' id='word_1_562' title='bbox 1010 1164 1139 1198; x_wconf 83' lang='lat' dir='ltr'><strong>postasim</strong></span> <span class='ocrx_word' id='word_1_563' title='bbox 1163 1164 1197 1190; x_wconf 90' lang='lat' dir='ltr'><strong>ab</strong></span> <span class='ocrx_word' id='word_1_564' title='bbox 1217 1168 1318 1189; x_wconf 66' lang='lat' dir='ltr'><strong>aeterno</strong></span> <span class='ocrx_word' id='word_1_565' title='bbox 1344 1163 1408 1189; x_wconf 91' lang='lat' dir='ltr'><strong>dum</strong></span> <span class='ocrx_word' id='word_1_566' title='bbox 1439 1162 1528 1188; x_wconf 80' lang='lat' dir='ltr'><strong>omnia</strong></span> <span class='ocrx_word' id='word_1_567' title='bbox 1554 1169 1615 1188; x_wconf 94' lang='lat' dir='ltr'><strong>cum</strong></span> <span class='ocrx_word' id='word_1_568' title='bbox 1642 1162 1721 1188; x_wconf 85' lang='lat' dir='ltr'><strong>Patre</strong></span> <span class='ocrx_word' id='word_1_569' title='bbox 1747 1169 1801 1188; x_wconf 86' lang='lat' dir='ltr'><strong>su-</strong></span> 
     </span>
    </p>
   </div>
   <div class='ocr_carea' id='block_1_81' title="bbox 1009 1207 1802 1242">
    <p class='ocr_par' dir='ltr' id='par_1_81' title="bbox 1009 1207 1802 1242">
     <span class='ocr_line' id='line_1_81' title="bbox 1009 1207 1802 1242; baseline -0.004 -6"><span class='ocrx_word' id='word_1_570' title='bbox 1009 1209 1154 1240; x_wconf 82' lang='lat' dir='ltr'><strong>stentabat,</strong></span> <span class='ocrx_word' id='word_1_571' title='bbox 1177 1208 1224 1235; x_wconf 80' lang='lat' dir='ltr'><strong>sed</strong></span> <span class='ocrx_word' id='word_1_572' title='bbox 1239 1209 1266 1234; x_wconf 94' lang='lat' dir='ltr'><strong>in</strong></span> <span class='ocrx_word' id='word_1_573' title='bbox 1289 1216 1379 1235; x_wconf 90' lang='lat' dir='ltr'><strong>rermn</strong></span> <span class='ocrx_word' id='word_1_574' title='bbox 1396 1208 1533 1235; x_wconf 82' lang='lat' dir='ltr'><strong>creatione</strong></span> <span class='ocrx_word' id='word_1_575' title='bbox 1548 1208 1634 1242; x_wconf 90' lang='lat' dir='ltr'><strong>patuit</strong></span> <span class='ocrx_word' id='word_1_576' title='bbox 1662 1207 1802 1241; x_wconf 84' lang='lat' dir='ltr'><strong>quodam-</strong></span> 
     </span>
    </p>
   </div>
   <div class='ocr_carea' id='block_1_82' title="bbox 1010 1249 1800 1289">
    <p class='ocr_par' dir='ltr' id='par_1_82' title="bbox 1010 1249 1800 1289">
     <span class='ocr_line' id='line_1_82' title="bbox 1010 1249 1800 1289; baseline -0.004 -8"><span class='ocrx_word' id='word_1_577' title='bbox 1010 1255 1099 1287; x_wconf 91' lang='lat' dir='ltr'><strong>modo,</strong></span> <span class='ocrx_word' id='word_1_578' title='bbox 1121 1249 1183 1289; x_wconf 85' lang='lat' dir='ltr'><strong>quia</strong></span> <span class='ocrx_word' id='word_1_579' title='bbox 1199 1255 1290 1280; x_wconf 84' lang='lat' dir='ltr'><strong>omnia</strong></span> <span class='ocrx_word' id='word_1_580' title='bbox 1305 1261 1352 1288; x_wconf 86' lang='lat' dir='ltr'><strong>per</strong></span> <span class='ocrx_word' id='word_1_581' title='bbox 1369 1252 1485 1280; x_wconf 89' lang='lat' dir='ltr'><strong>Verbum</strong></span> <span class='ocrx_word' id='word_1_582' title='bbox 1504 1253 1572 1280; x_wconf 79' lang='lat' dir='ltr'><strong>facta</strong></span> <span class='ocrx_word' id='word_1_583' title='bbox 1590 1257 1663 1280; x_wconf 87' lang='lat' dir='ltr'><strong>sunt.</strong></span> <span class='ocrx_word' id='word_1_584' title='bbox 1678 1253 1716 1279; x_wconf 84' lang='lat' dir='ltr'><strong>Ad</strong></span> <span class='ocrx_word' id='word_1_585' title='bbox 1728 1253 1800 1283; x_wconf 56' lang='lat' dir='ltr'><strong>ham,</strong></span> 
     </span>
    </p>
   </div>
   <div class='ocr_carea' id='block_1_83' title="bbox 1013 1297 1802 1335">
    <p class='ocr_par' dir='ltr' id='par_1_83' title="bbox 1013 1297 1802 1335">
     <span class='ocr_line' id='line_1_83' title="bbox 1013 1297 1802 1335; baseline -0.005 -8"><span class='ocrx_word' id='word_1_586' title='bbox 1013 1305 1044 1327; x_wconf 92' lang='lat' dir='ltr'><strong>nt</strong></span> <span class='ocrx_word' id='word_1_587' title='bbox 1061 1301 1147 1335; x_wconf 80' lang='lat' dir='ltr'><strong>magis</strong></span> <span class='ocrx_word' id='word_1_588' title='bbox 1158 1300 1262 1327; x_wconf 78' lang='lat' dir='ltr'><strong>eluceat</strong></span> <span class='ocrx_word' id='word_1_589' title='bbox 1277 1299 1369 1326; x_wconf 87' lang='lat' dir='ltr'><strong>infelix</strong></span> <span class='ocrx_word' id='word_1_590' title='bbox 1386 1299 1545 1326; x_wconf 84' lang='lat' dir='ltr'><strong>Beattsobrii</strong></span> <span class='ocrx_word' id='word_1_591' title='bbox 1563 1297 1695 1330; x_wconf 75' lang='lat' dir='ltr'><strong>vafritirs,</strong></span> <span class='ocrx_word' id='word_1_592' title='bbox 1709 1298 1802 1324; x_wconf 81' lang='lat' dir='ltr'><strong>anim-</strong></span> 
     </span>
    </p>
   </div>
   <div class='ocr_carea' id='block_1_84' title="bbox 1010 1345 1802 1382">
    <p class='ocr_par' dir='ltr' id='par_1_84' title="bbox 1010 1345 1802 1382">
     <span class='ocr_line' id='line_1_84' title="bbox 1010 1345 1802 1382; baseline -0.005 -9"><span class='ocrx_word' id='word_1_593' title='bbox 1010 1347 1150 1374; x_wconf 86' lang='lat' dir='ltr'><strong>advertere</strong></span> <span class='ocrx_word' id='word_1_594' title='bbox 1174 1346 1262 1382; x_wconf 86' lang='lat' dir='ltr'><strong>jnvat,</strong></span> <span class='ocrx_word' id='word_1_595' title='bbox 1280 1347 1351 1382; x_wconf 91' lang='lat' dir='ltr'><strong>quod</strong></span> <span class='ocrx_word' id='word_1_596' title='bbox 1377 1346 1457 1373; x_wconf 89' lang='lat' dir='ltr'><strong>etiam</strong></span> <span class='ocrx_word' id='word_1_597' title='bbox 1477 1345 1599 1372; x_wconf 86' lang='lat' dir='ltr'><strong>admisso</strong></span> <span class='ocrx_word' id='word_1_598' title='bbox 1623 1345 1674 1371; x_wconf 90' lang='lat' dir='ltr'><strong>hoc</strong></span> <span class='ocrx_word' id='word_1_599' title='bbox 1692 1351 1802 1374; x_wconf 80' lang='lat' dir='ltr'><strong>errore,</strong></span> 
     </span>
    </p>
   </div>
   <div class='ocr_carea' id='block_1_85' title="bbox 1011 1390 1798 1426">
    <p class='ocr_par' dir='ltr' id='par_1_85' title="bbox 1011 1390 1798 1426">
     <span class='ocr_line' id='line_1_85' title="bbox 1011 1390 1798 1426; baseline -0.006 -7"><span class='ocrx_word' id='word_1_600' title='bbox 1011 1392 1128 1420; x_wconf 91' lang='lat' dir='ltr'><strong>Verbum</strong></span> <span class='ocrx_word' id='word_1_601' title='bbox 1147 1392 1283 1426; x_wconf 88' lang='lat' dir='ltr'><strong>propriam</strong></span> <span class='ocrx_word' id='word_1_602' title='bbox 1298 1391 1428 1418; x_wconf 83' lang='lat' dir='ltr'><strong>habuisse</strong></span> <span class='ocrx_word' id='word_1_603' title='bbox 1444 1390 1612 1425; x_wconf 81' lang='lat' dir='ltr'><strong>hypostasim</strong></span> <span class='ocrx_word' id='word_1_604' title='bbox 1638 1397 1671 1416; x_wconf 81' lang='lat' dir='ltr'><strong>ex</strong></span> <span class='ocrx_word' id='word_1_605' title='bbox 1699 1396 1798 1414; x_wconf 87' lang='lat' dir='ltr'><strong>rerum</strong></span> 
     </span>
    </p>
   </div>
   <div class='ocr_carea' id='block_1_86' title="bbox 1011 1436 1804 1471">
    <p class='ocr_par' dir='ltr' id='par_1_86' title="bbox 1011 1436 1804 1471">
     <span class='ocr_line' id='line_1_86' title="bbox 1011 1436 1804 1471; baseline -0.005 -6"><span class='ocrx_word' id='word_1_606' title='bbox 1011 1438 1159 1470; x_wconf 82' lang='lat' dir='ltr'><strong>creatione,</strong></span> <span class='ocrx_word' id='word_1_607' title='bbox 1179 1445 1284 1465; x_wconf 87' lang='lat' dir='ltr'><strong>necnon</strong></span> <span class='ocrx_word' id='word_1_608' title='bbox 1300 1438 1344 1464; x_wconf 92' lang='lat' dir='ltr'><strong>illa</strong></span> <span class='ocrx_word' id='word_1_609' title='bbox 1361 1438 1496 1464; x_wconf 88' lang='lat' dir='ltr'><strong>sententia</strong></span> <span class='ocrx_word' id='word_1_610' title='bbox 1513 1436 1624 1471; x_wconf 74' lang='lat' dir='ltr'><strong>angelos</strong></span> <span class='ocrx_word' id='word_1_611' title='bbox 1639 1439 1700 1462; x_wconf 89' lang='lat' dir='ltr'><strong>ante</strong></span> <span class='ocrx_word' id='word_1_612' title='bbox 1718 1442 1804 1462; x_wconf 82' lang='lat' dir='ltr'><strong>mun-</strong></span> 
     </span>
    </p>
   </div>
   <div class='ocr_carea' id='block_1_87' title="bbox 1012 1480 1801 1516">
    <p class='ocr_par' dir='ltr' id='par_1_87' title="bbox 1012 1480 1801 1516">
     <span class='ocr_line' id='line_1_87' title="bbox 1012 1480 1801 1516; baseline -0.006 -5"><span class='ocrx_word' id='word_1_613' title='bbox 1012 1484 1076 1511; x_wconf 93' lang='lat' dir='ltr'><strong>dum</strong></span> <span class='ocrx_word' id='word_1_614' title='bbox 1088 1488 1195 1511; x_wconf 88' lang='lat' dir='ltr'><strong>creatos</strong></span> <span class='ocrx_word' id='word_1_615' title='bbox 1204 1491 1274 1514; x_wconf 83' lang='lat' dir='ltr'><strong>esse,</strong></span> <span class='ocrx_word' id='word_1_616' title='bbox 1291 1483 1447 1509; x_wconf 88' lang='lat' dir='ltr'><strong>nullatenus</strong></span> <span class='ocrx_word' id='word_1_617' title='bbox 1462 1480 1801 1516; x_wconf 84' lang='lat' dir='ltr'><strong>sequereturanteriorcm</strong></span> 
     </span>
    </p>
   </div>
   <div class='ocr_carea' id='block_1_88' title="bbox 1010 1526 1802 1564">
    <p class='ocr_par' dir='ltr' id='par_1_88' title="bbox 1010 1526 1802 1564">
     <span class='ocr_line' id='line_1_88' title="bbox 1010 1526 1802 1564; baseline -0.006 -7"><span class='ocrx_word' id='word_1_618' title='bbox 1010 1529 1094 1558; x_wconf 80' lang='lat' dir='ltr'><strong>fuisse</strong></span> <span class='ocrx_word' id='word_1_619' title='bbox 1109 1530 1173 1557; x_wconf 86' lang='lat' dir='ltr'><strong>huic</strong></span> <span class='ocrx_word' id='word_1_620' title='bbox 1187 1529 1326 1564; x_wconf 84' lang='lat' dir='ltr'><strong>hypostasi</strong></span> <span class='ocrx_word' id='word_1_621' title='bbox 1344 1528 1494 1561; x_wconf 87' lang='lat' dir='ltr'><strong>Satanam;</strong></span> <span class='ocrx_word' id='word_1_622' title='bbox 1516 1533 1581 1554; x_wconf 89' lang='lat' dir='ltr'><strong>tunc</strong></span> <span class='ocrx_word' id='word_1_623' title='bbox 1596 1527 1669 1553; x_wconf 88' lang='lat' dir='ltr'><strong>enim</strong></span> <span class='ocrx_word' id='word_1_624' title='bbox 1679 1526 1802 1553; x_wconf 79' lang='lat' dir='ltr'><strong>Verbum</strong></span> 
     </span>
    </p>
   </div>
   <div class='ocr_carea' id='block_1_89' title="bbox 1009 1572 1802 1608">
    <p class='ocr_par' dir='ltr' id='par_1_89' title="bbox 1009 1572 1802 1608">
     <span class='ocr_line' id='line_1_89' title="bbox 1009 1572 1802 1608; baseline -0.009 -4"><span class='ocrx_word' id='word_1_625' title='bbox 1009 1585 1063 1604; x_wconf 90' lang='lat' dir='ltr'><strong>non</strong></span> <span class='ocrx_word' id='word_1_626' title='bbox 1079 1577 1106 1604; x_wconf 90' lang='lat' dir='ltr'><strong>in</strong></span> <span class='ocrx_word' id='word_1_627' title='bbox 1124 1576 1229 1608; x_wconf 89' lang='lat' dir='ltr'><strong>mundi,</strong></span> <span class='ocrx_word' id='word_1_628' title='bbox 1245 1576 1292 1603; x_wconf 88' lang='lat' dir='ltr'><strong>sed</strong></span> <span class='ocrx_word' id='word_1_629' title='bbox 1319 1576 1344 1602; x_wconf 91' lang='lat' dir='ltr'><strong>in</strong></span> <span class='ocrx_word' id='word_1_630' title='bbox 1370 1575 1528 1608; x_wconf 77' lang='lat' dir='ltr'><strong>angelorum</strong></span> <span class='ocrx_word' id='word_1_631' title='bbox 1549 1573 1690 1601; x_wconf 82' lang='lat' dir='ltr'><strong>creatione</strong></span> <span class='ocrx_word' id='word_1_632' title='bbox 1713 1572 1802 1607; x_wconf 82' lang='lat' dir='ltr'><strong>hypo-</strong></span> 
     </span>
    </p>
   </div>
   <div class='ocr_carea' id='block_1_90' title="bbox 1010 1618 1799 1656">
    <p class='ocr_par' dir='ltr' id='par_1_90' title="bbox 1010 1618 1799 1656">
     <span class='ocr_line' id='line_1_90' title="bbox 1010 1618 1799 1656; baseline -0.008 -6"><span class='ocrx_word' id='word_1_633' title='bbox 1010 1623 1104 1651; x_wconf 87' lang='lat' dir='ltr'><strong>stasim</strong></span> <span class='ocrx_word' id='word_1_634' title='bbox 1119 1623 1271 1654; x_wconf 82' lang='lat' dir='ltr'><strong>habuisset,</strong></span> <span class='ocrx_word' id='word_1_635' title='bbox 1286 1622 1348 1656; x_wconf 89' lang='lat' dir='ltr'><strong>quia</strong></span> <span class='ocrx_word' id='word_1_636' title='bbox 1361 1625 1425 1648; x_wconf 90' lang='lat' dir='ltr'><strong>tunc</strong></span> <span class='ocrx_word' id='word_1_637' title='bbox 1437 1626 1512 1648; x_wconf 87' lang='lat' dir='ltr'><strong>extra</strong></span> <span class='ocrx_word' id='word_1_638' title='bbox 1521 1619 1626 1646; x_wconf 82' lang='lat' dir='ltr'><strong>Patrem</strong></span> <span class='ocrx_word' id='word_1_639' title='bbox 1637 1618 1799 1654; x_wconf 67' lang='lat' dir='ltr'><strong>prodiissst:</strong></span> 
     </span>
    </p>
   </div>
   <div class='ocr_carea' id='block_1_91' title="bbox 1011 1665 1797 1703">
    <p class='ocr_par' dir='ltr' id='par_1_91' title="bbox 1011 1665 1797 1703">
     <span class='ocr_line' id='line_1_91' title="bbox 1011 1665 1797 1703; baseline -0.005 -8"><span class='ocrx_word' id='word_1_640' title='bbox 1011 1677 1042 1696; x_wconf 89' lang='lat' dir='ltr'><strong>ac</strong></span> <span class='ocrx_word' id='word_1_641' title='bbox 1070 1669 1183 1703; x_wconf 85' lang='lat' dir='ltr'><strong>proinde</strong></span> <span class='ocrx_word' id='word_1_642' title='bbox 1213 1675 1319 1702; x_wconf 74' lang='lat' dir='ltr'><strong>semper</strong></span> <span class='ocrx_word' id='word_1_643' title='bbox 1354 1666 1431 1694; x_wconf 85' lang='lat' dir='ltr'><strong>Verbi</strong></span> <span class='ocrx_word' id='word_1_644' title='bbox 1465 1666 1620 1701; x_wconf 78' lang='lat' dir='ltr'><strong>hypostasis</strong></span> <span class='ocrx_word' id='word_1_645' title='bbox 1636 1665 1797 1701; x_wconf 80' lang='lat' dir='ltr'><strong>angelorum</strong></span> 
     </span>
    </p>
   </div>
   <div class='ocr_carea' id='block_1_92' title="bbox 1011 1713 1389 1748">
    <p class='ocr_par' dir='ltr' id='par_1_92' title="bbox 1011 1713 1389 1748">
     <span class='ocr_line' id='line_1_92' title="bbox 1011 1713 1389 1748; baseline -0.011 -6"><span class='ocrx_word' id='word_1_646' title='bbox 1011 1716 1176 1742; x_wconf 72' lang='lat' dir='ltr'><strong>creationem</strong></span> <span class='ocrx_word' id='word_1_647' title='bbox 1195 1713 1389 1748; x_wconf 75' lang='lat' dir='ltr'><strong>przeeessisset.</strong></span> 
     </span>
    </p>
   </div>
   <div class='ocr_carea' id='block_1_93' title="bbox 1047 1757 1805 1793">
    <p class='ocr_par' dir='ltr' id='par_1_93' title="bbox 1047 1757 1805 1793">
     <span class='ocr_line' id='line_1_93' title="bbox 1047 1757 1805 1793; baseline -0.008 -6"><span class='ocrx_word' id='word_1_648' title='bbox 1047 1761 1104 1788; x_wconf 86' lang='lat' dir='ltr'><strong>Xll.</strong></span> <span class='ocrx_word' id='word_1_649' title='bbox 1122 1761 1226 1788; x_wconf 72' lang='lat' dir='ltr'><strong>Caetera</strong></span> <span class='ocrx_word' id='word_1_650' title='bbox 1243 1757 1416 1793; x_wconf 61' lang='lat' dir='ltr'><strong>Bogotnilica‘.</strong></span> <span class='ocrx_word' id='word_1_651' title='bbox 1430 1762 1511 1785; x_wconf 57' lang='lat' dir='ltr'><strong>sectae</strong></span> <span class='ocrx_word' id='word_1_652' title='bbox 1539 1757 1638 1791; x_wconf 85' lang='lat' dir='ltr'><strong>placita</strong></span> <span class='ocrx_word' id='word_1_653' title='bbox 1666 1759 1805 1782; x_wconf 90' lang='lat' dir='ltr'><strong>memorat</strong></span> 
     </span>
    </p>
   </div>
   <div class='ocr_carea' id='block_1_94' title="bbox 1013 1802 1807 1840">
    <p class='ocr_par' dir='ltr' id='par_1_94' title="bbox 1013 1802 1807 1840">
     <span class='ocr_line' id='line_1_94' title="bbox 1013 1802 1807 1840; baseline -0.01 -4"><span class='ocrx_word' id='word_1_654' title='bbox 1013 1809 1039 1835; x_wconf 93' lang='lat' dir='ltr'><strong>in</strong></span> <span class='ocrx_word' id='word_1_655' title='bbox 1054 1809 1105 1835; x_wconf 90' lang='lat' dir='ltr'><strong>hoc</strong></span> <span class='ocrx_word' id='word_1_656' title='bbox 1119 1807 1210 1834; x_wconf 81' lang='lat' dir='ltr'><strong>libello</strong></span> <span class='ocrx_word' id='word_1_657' title='bbox 1227 1805 1402 1840; x_wconf 84' lang='lat' dir='ltr'><strong>Enthymius,</strong></span> <span class='ocrx_word' id='word_1_658' title='bbox 1425 1811 1512 1838; x_wconf 85' lang='lat' dir='ltr'><strong>neque</strong></span> <span class='ocrx_word' id='word_1_659' title='bbox 1527 1807 1567 1831; x_wconf 90' lang='lat' dir='ltr'><strong>est</strong></span> <span class='ocrx_word' id='word_1_660' title='bbox 1593 1811 1661 1838; x_wconf 88' lang='lat' dir='ltr'><strong>opus</strong></span> <span class='ocrx_word' id='word_1_661' title='bbox 1685 1803 1717 1830; x_wconf 91' lang='lat' dir='ltr'><strong>de</strong></span> <span class='ocrx_word' id='word_1_662' title='bbox 1742 1802 1807 1829; x_wconf 83' lang='lat' dir='ltr'><strong>sin-</strong></span> 
     </span>
    </p>
   </div>
   <div class='ocr_carea' id='block_1_95' title="bbox 1012 1848 1807 1888">
    <p class='ocr_par' dir='ltr' id='par_1_95' title="bbox 1012 1848 1807 1888">
     <span class='ocr_line' id='line_1_95' title="bbox 1012 1848 1807 1888; baseline -0.008 -7"><span class='ocrx_word' id='word_1_663' title='bbox 1012 1854 1081 1888; x_wconf 68' lang='lat' dir='ltr'><strong>gulis</strong></span> <span class='ocrx_word' id='word_1_664' title='bbox 1096 1853 1240 1880; x_wconf 82' lang='lat' dir='ltr'><strong>disserere.</strong></span> <span class='ocrx_word' id='word_1_665' title='bbox 1260 1851 1394 1879; x_wconf 79' lang='lat' dir='ltr'><strong>Fortassis</strong></span> <span class='ocrx_word' id='word_1_666' title='bbox 1412 1849 1560 1876; x_wconf 85' lang='lat' dir='ltr'><strong>distinctim</strong></span> <span class='ocrx_word' id='word_1_667' title='bbox 1581 1849 1625 1875; x_wconf 86' lang='lat' dir='ltr'><strong>illa</strong></span> <span class='ocrx_word' id='word_1_668' title='bbox 1640 1848 1807 1882; x_wconf 71' lang='lat' dir='ltr'><strong>Eulhymius</strong></span> 
     </span>
    </p>
   </div>
   <div class='ocr_carea' id='block_1_96' title="bbox 1014 1895 1805 1931">
    <p class='ocr_par' dir='ltr' id='par_1_96' title="bbox 1014 1895 1805 1931">
     <span class='ocr_line' id='line_1_96' title="bbox 1014 1895 1805 1931; baseline -0.009 -4"><span class='ocrx_word' id='word_1_669' title='bbox 1014 1900 1189 1931; x_wconf 82' lang='lat' dir='ltr'><strong>refutavcrat,</strong></span> <span class='ocrx_word' id='word_1_670' title='bbox 1208 1898 1254 1926; x_wconf 87' lang='lat' dir='ltr'><strong>sed</strong></span> <span class='ocrx_word' id='word_1_671' title='bbox 1277 1898 1302 1924; x_wconf 95' lang='lat' dir='ltr'><strong>in</strong></span> <span class='ocrx_word' id='word_1_672' title='bbox 1322 1897 1418 1924; x_wconf 82' lang='lat' dir='ltr'><strong>codice</strong></span> <span class='ocrx_word' id='word_1_673' title='bbox 1435 1895 1568 1923; x_wconf 88' lang='lat' dir='ltr'><strong>Vaticano</strong></span> <span class='ocrx_word' id='word_1_674' title='bbox 1589 1895 1676 1922; x_wconf 87' lang='lat' dir='ltr'><strong>solum</strong></span> <span class='ocrx_word' id='word_1_675' title='bbox 1695 1902 1805 1928; x_wconf 77' lang='lat' dir='ltr'><strong>surper-</strong></span> 
     </span>
    </p>
   </div>
   <div class='ocr_carea' id='block_1_97' title="bbox 1014 1939 1807 1980">
    <p class='ocr_par' dir='ltr' id='par_1_97' title="bbox 1014 1939 1807 1980">
     <span class='ocr_line' id='line_1_97' title="bbox 1014 1939 1807 1980; baseline -0.011 -8"><span class='ocrx_word' id='word_1_676' title='bbox 1014 1951 1078 1973; x_wconf 81' lang='lat' dir='ltr'><strong>sunt</strong></span> <span class='ocrx_word' id='word_1_677' title='bbox 1098 1949 1256 1980; x_wconf 75' lang='lat' dir='ltr'><strong>argumenta</strong></span> <span class='ocrx_word' id='word_1_678' title='bbox 1271 1964 1278 1974; x_wconf 85' lang='lat'><strong>.</strong></span> <span class='ocrx_word' id='word_1_679' title='bbox 1300 1943 1399 1977; x_wconf 85' lang='lat' dir='ltr'><strong>quibus</strong></span> <span class='ocrx_word' id='word_1_680' title='bbox 1421 1945 1497 1976; x_wconf 74' lang='lat' dir='ltr'><strong>urget</strong></span> <span class='ocrx_word' id='word_1_681' title='bbox 1526 1940 1680 1974; x_wconf 79' lang='lat' dir='ltr'><strong>Bogomilos</strong></span> <span class='ocrx_word' id='word_1_682' title='bbox 1703 1939 1729 1965; x_wconf 90' lang='lat' dir='ltr'><strong>in</strong></span> <span class='ocrx_word' id='word_1_683' title='bbox 1747 1947 1780 1965; x_wconf 80' lang='lat' dir='ltr'><strong>eo</strong></span> <span class='ocrx_word' id='word_1_684' title='bbox 1799 1959 1807 1969; x_wconf 79' lang='lat'><strong>,</strong></span> 
     </span>
    </p>
   </div>
   <div class='ocr_carea' id='block_1_98' title="bbox 1014 1983 1807 2027">
    <p class='ocr_par' dir='ltr' id='par_1_98' title="bbox 1014 1983 1807 2027">
     <span class='ocr_line' id='line_1_98' title="bbox 1014 1983 1807 2027; baseline -0.01 -9"><span class='ocrx_word' id='word_1_685' title='bbox 1014 1991 1085 2027; x_wconf 88' lang='lat' dir='ltr'><strong>quod</strong></span> <span class='ocrx_word' id='word_1_686' title='bbox 1103 1990 1220 2026; x_wconf 81' lang='lat' dir='ltr'><strong>pertinet</strong></span> <span class='ocrx_word' id='word_1_687' title='bbox 1248 1989 1282 2016; x_wconf 88' lang='lat' dir='ltr'><strong>ad</strong></span> <span class='ocrx_word' id='word_1_688' title='bbox 1312 1992 1482 2015; x_wconf 90' lang='lat' dir='ltr'><strong>mortuorum</strong></span> <span class='ocrx_word' id='word_1_689' title='bbox 1509 1985 1746 2013; x_wconf 76' lang='lat' dir='ltr'><strong>resurrectionem.</strong></span> <span class='ocrx_word' id='word_1_690' title='bbox 1769 1983 1807 2010; x_wconf 91' lang='lat' dir='ltr'><strong>Ut</strong></span> 
     </span>
    </p>
   </div>
   <div class='ocr_carea' id='block_1_99' title="bbox 1015 2031 1807 2068">
    <p class='ocr_par' dir='ltr' id='par_1_99' title="bbox 1015 2031 1807 2068">
     <span class='ocr_line' id='line_1_99' title="bbox 1015 2031 1807 2068; baseline -0.013 -3"><span class='ocrx_word' id='word_1_691' title='bbox 1015 2043 1104 2065; x_wconf 88' lang='lat' dir='ltr'><strong>autem</strong></span> <span class='ocrx_word' id='word_1_692' title='bbox 1122 2044 1181 2063; x_wconf 86' lang='lat' dir='ltr'><strong>eam</strong></span> <span class='ocrx_word' id='word_1_693' title='bbox 1197 2038 1270 2062; x_wconf 85' lang='lat' dir='ltr'><strong>certe</strong></span> <span class='ocrx_word' id='word_1_694' title='bbox 1288 2034 1407 2061; x_wconf 85' lang='lat' dir='ltr'><strong>futuram</strong></span> <span class='ocrx_word' id='word_1_695' title='bbox 1425 2033 1541 2068; x_wconf 84' lang='lat' dir='ltr'><strong>probet,</strong></span> <span class='ocrx_word' id='word_1_696' title='bbox 1558 2032 1671 2066; x_wconf 92' lang='lat' dir='ltr'><strong>opponit</strong></span> <span class='ocrx_word' id='word_1_697' title='bbox 1686 2031 1807 2065; x_wconf 89' lang='lat' dir='ltr'><strong>primum</strong></span> 
     </span>
    </p>
   </div>
   <div class='ocr_carea' id='block_1_100' title="bbox 1015 2073 1807 2114">
    <p class='ocr_par' dir='ltr' id='par_1_100' title="bbox 1015 2073 1807 2114">
     <span class='ocr_line' id='line_1_100' title="bbox 1015 2073 1807 2114; baseline -0.013 -3"><span class='ocrx_word' id='word_1_698' title='bbox 1015 2083 1142 2111; x_wconf 72' lang='lat' dir='ltr'><strong>haeretica</strong></span> <span class='ocrx_word' id='word_1_699' title='bbox 1155 2073 1216 2108; x_wconf 80' lang='lat' dir='ltr'><strong>ﬁdei</strong></span> <span class='ocrx_word' id='word_1_700' title='bbox 1239 2081 1354 2108; x_wconf 76' lang='lat' dir='ltr'><strong>Nicaenze</strong></span> <span class='ocrx_word' id='word_1_701' title='bbox 1370 2078 1524 2114; x_wconf 90' lang='lat' dir='ltr'><strong>symbolum</strong></span> <span class='ocrx_word' id='word_1_702' title='bbox 1548 2080 1732 2103; x_wconf 87' lang='lat' dir='ltr'><strong>trecentorum</strong></span> <span class='ocrx_word' id='word_1_703' title='bbox 1754 2075 1807 2102; x_wconf 84' lang='lat' dir='ltr'><strong>de-</strong></span> 
     </span>
    </p>
   </div>
   <div class='ocr_carea' id='block_1_101' title="bbox 1016 2121 1809 2158">
    <p class='ocr_par' dir='ltr' id='par_1_101' title="bbox 1016 2121 1809 2158">
     <span class='ocr_line' id='line_1_101' title="bbox 1016 2121 1809 2158; baseline -0.01 -1"><span class='ocrx_word' id='word_1_704' title='bbox 1016 2137 1075 2158; x_wconf 89' lang='lat' dir='ltr'><strong>cem</strong></span> <span class='ocrx_word' id='word_1_705' title='bbox 1091 2132 1118 2156; x_wconf 89' lang='lat' dir='ltr'><strong>et</strong></span> <span class='ocrx_word' id='word_1_706' title='bbox 1140 2132 1203 2155; x_wconf 88' lang='lat' dir='ltr'><strong>octo</strong></span> <span class='ocrx_word' id='word_1_707' title='bbox 1219 2127 1329 2154; x_wconf 83' lang='lat' dir='ltr'><strong>Patrum</strong></span> <span class='ocrx_word' id='word_1_708' title='bbox 1347 2124 1511 2153; x_wconf 86' lang='lat' dir='ltr'><strong>auctoritate</strong></span> <span class='ocrx_word' id='word_1_709' title='bbox 1529 2123 1666 2150; x_wconf 83' lang='lat' dir='ltr'><strong>[innatum</strong></span> <span class='ocrx_word' id='word_1_710' title='bbox 1682 2131 1690 2155; x_wconf 87' lang='lat'><strong>;</strong></span> <span class='ocrx_word' id='word_1_711' title='bbox 1706 2121 1809 2149; x_wconf 86' lang='lat' dir='ltr'><strong>deinde</strong></span> 
     </span>
    </p>
   </div>
   <div class='ocr_carea' id='block_1_102' title="bbox 1016 2167 1810 2204">
    <p class='ocr_par' dir='ltr' id='par_1_102' title="bbox 1016 2167 1810 2204">
     <span class='ocr_line' id='line_1_102' title="bbox 1016 2167 1810 2204; baseline -0.011 -2"><span class='ocrx_word' id='word_1_712' title='bbox 1016 2183 1083 2202; x_wconf 89' lang='lat' dir='ltr'><strong>vero</strong></span> <span class='ocrx_word' id='word_1_713' title='bbox 1100 2174 1246 2201; x_wconf 91' lang='lat' dir='ltr'><strong>concilimn</strong></span> <span class='ocrx_word' id='word_1_714' title='bbox 1261 2171 1497 2200; x_wconf 87' lang='lat' dir='ltr'><strong>Chalcedonensc.</strong></span> <span class='ocrx_word' id='word_1_715' title='bbox 1513 2169 1592 2204; x_wconf 87' lang='lat' dir='ltr'><strong>cujus</strong></span> <span class='ocrx_word' id='word_1_716' title='bbox 1608 2167 1764 2196; x_wconf 87' lang='lat' dir='ltr'><strong>auctoritati</strong></span> <span class='ocrx_word' id='word_1_717' title='bbox 1777 2171 1810 2193; x_wconf 89' lang='lat' dir='ltr'><strong>ut</strong></span> 
     </span>
    </p>
   </div>
   <div class='ocr_carea' id='block_1_103' title="bbox 1017 2212 1808 2254">
    <p class='ocr_par' dir='ltr' id='par_1_103' title="bbox 1017 2212 1808 2254">
     <span class='ocr_line' id='line_1_103' title="bbox 1017 2212 1808 2254; baseline -0.01 -7"><span class='ocrx_word' id='word_1_718' title='bbox 1017 2220 1103 2254; x_wconf 80' lang='lat' dir='ltr'><strong>magis</strong></span> <span class='ocrx_word' id='word_1_719' title='bbox 1121 2220 1199 2245; x_wconf 89' lang='lat' dir='ltr'><strong>Iidem</strong></span> <span class='ocrx_word' id='word_1_720' title='bbox 1226 2217 1372 2247; x_wconf 82' lang='lat' dir='ltr'><strong>conciliet.</strong></span> <span class='ocrx_word' id='word_1_721' title='bbox 1397 2215 1558 2242; x_wconf 81' lang='lat' dir='ltr'><strong>miraculum</strong></span> <span class='ocrx_word' id='word_1_722' title='bbox 1587 2214 1724 2249; x_wconf 86' lang='lat' dir='ltr'><strong>quoddam</strong></span> <span class='ocrx_word' id='word_1_723' title='bbox 1755 2212 1808 2239; x_wconf 86' lang='lat' dir='ltr'><strong>de-</strong></span> 
     </span>
    </p>
   </div>
   <div class='ocr_carea' id='block_1_104' title="bbox 1017 2257 1797 2297">
    <p class='ocr_par' dir='ltr' id='par_1_104' title="bbox 1017 2257 1797 2297">
     <span class='ocr_line' id='line_1_104' title="bbox 1017 2257 1797 2297; baseline -0.012 -7"><span class='ocrx_word' id='word_1_724' title='bbox 1017 2264 1136 2291; x_wconf 87' lang='lat' dir='ltr'><strong>scribita</strong></span> <span class='ocrx_word' id='word_1_725' title='bbox 1148 2262 1200 2289; x_wconf 88' lang='lat' dir='ltr'><strong>Deo</strong></span> <span class='ocrx_word' id='word_1_726' title='bbox 1209 2266 1344 2297; x_wconf 86' lang='lat' dir='ltr'><strong>patratum</strong></span> <span class='ocrx_word' id='word_1_727' title='bbox 1357 2267 1404 2294; x_wconf 90' lang='lat' dir='ltr'><strong>per</strong></span> <span class='ocrx_word' id='word_1_728' title='bbox 1417 2259 1445 2286; x_wconf 90' lang='lat' dir='ltr'><strong>S.</strong></span> <span class='ocrx_word' id='word_1_729' title='bbox 1458 2257 1634 2292; x_wconf 81' lang='lat' dir='ltr'><strong>Euphemiam</strong></span> <span class='ocrx_word' id='word_1_730' title='bbox 1649 2261 1797 2290; x_wconf 81' lang='lat' dir='ltr'><strong>martyrem</strong></span> 
     </span>
    </p>
   </div>
   <div class='ocr_carea' id='block_1_105' title="bbox 1019 2302 1796 2342">
    <p class='ocr_par' dir='ltr' id='par_1_105' title="bbox 1019 2302 1796 2342">
     <span class='ocr_line' id='line_1_105' title="bbox 1019 2302 1796 2342; baseline -0.013 -5"><span class='ocrx_word' id='word_1_731' title='bbox 1019 2310 1046 2336; x_wconf 92' lang='lat' dir='ltr'><strong>in</strong></span> <span class='ocrx_word' id='word_1_732' title='bbox 1060 2309 1141 2342; x_wconf 86' lang='lat' dir='ltr'><strong>cujus</strong></span> <span class='ocrx_word' id='word_1_733' title='bbox 1158 2308 1271 2335; x_wconf 86' lang='lat' dir='ltr'><strong>basilica</strong></span> <span class='ocrx_word' id='word_1_734' title='bbox 1291 2306 1374 2340; x_wconf 88' lang='lat' dir='ltr'><strong>hujus</strong></span> <span class='ocrx_word' id='word_1_735' title='bbox 1391 2304 1500 2332; x_wconf 87' lang='lat' dir='ltr'><strong>concilii</strong></span> <span class='ocrx_word' id='word_1_736' title='bbox 1519 2304 1614 2330; x_wconf 80' lang='lat' dir='ltr'><strong>Patres</strong></span> <span class='ocrx_word' id='word_1_737' title='bbox 1632 2302 1664 2329; x_wconf 87' lang='lat' dir='ltr'><strong>ab</strong></span> <span class='ocrx_word' id='word_1_738' title='bbox 1691 2303 1796 2335; x_wconf 87' lang='lat' dir='ltr'><strong>impera</strong></span> 
     </span>
    </p>
   </div>
   <div class='ocr_carea' id='block_1_106' title="bbox 1019 2349 1793 2387">
    <p class='ocr_par' dir='ltr' id='par_1_106' title="bbox 1019 2349 1793 2387">
     <span class='ocr_line' id='line_1_106' title="bbox 1019 2349 1793 2387; baseline -0.01 -4"><span class='ocrx_word' id='word_1_739' title='bbox 1019 2361 1077 2383; x_wconf 92' lang='lat' dir='ltr'><strong>torc</strong></span> <span class='ocrx_word' id='word_1_740' title='bbox 1091 2355 1229 2383; x_wconf 85' lang='lat' dir='ltr'><strong>Marciano</strong></span> <span class='ocrx_word' id='word_1_741' title='bbox 1248 2354 1406 2387; x_wconf 78' lang='lat' dir='ltr'><strong>congregati</strong></span> <span class='ocrx_word' id='word_1_742' title='bbox 1421 2352 1542 2380; x_wconf 89' lang='lat' dir='ltr'><strong>fuerunt.</strong></span> <span class='ocrx_word' id='word_1_743' title='bbox 1557 2350 1720 2384; x_wconf 86' lang='lat' dir='ltr'><strong>Complures</strong></span> <span class='ocrx_word' id='word_1_744' title='bbox 1736 2349 1793 2376; x_wconf 88' lang='lat' dir='ltr'><strong>seri</strong></span> 
     </span>
    </p>
   </div>
   <div class='ocr_carea' id='block_1_107' title="bbox 1019 2395 1795 2437">
    <p class='ocr_par' dir='ltr' id='par_1_107' title="bbox 1019 2395 1795 2437">
     <span class='ocr_line' id='line_1_107' title="bbox 1019 2395 1795 2437; baseline -0.012 -8"><span class='ocrx_word' id='word_1_745' title='bbox 1019 2407 1111 2437; x_wconf 87' lang='lat' dir='ltr'><strong>ptores</strong></span> <span class='ocrx_word' id='word_1_746' title='bbox 1124 2401 1247 2436; x_wconf 81' lang='lat' dir='ltr'><strong>ejusdem</strong></span> <span class='ocrx_word' id='word_1_747' title='bbox 1269 2399 1395 2427; x_wconf 85' lang='lat' dir='ltr'><strong>miraculi</strong></span> <span class='ocrx_word' id='word_1_748' title='bbox 1413 2397 1572 2428; x_wconf 80' lang='lat' dir='ltr'><strong>meminere,</strong></span> <span class='ocrx_word' id='word_1_749' title='bbox 1593 2396 1640 2423; x_wconf 85' lang='lat' dir='ltr'><strong>sed</strong></span> <span class='ocrx_word' id='word_1_750' title='bbox 1653 2396 1697 2421; x_wconf 84' lang='lat' dir='ltr'><strong>alii</strong></span> <span class='ocrx_word' id='word_1_751' title='bbox 1722 2395 1795 2429; x_wconf 86' lang='lat' dir='ltr'><strong>ipsiu</strong></span> 
     </span>
    </p>
   </div>
   <div class='ocr_carea' id='block_1_108' title="bbox 1019 2441 1812 2481">
    <p class='ocr_par' dir='ltr' id='par_1_108' title="bbox 1019 2441 1812 2481">
     <span class='ocr_line' id='line_1_108' title="bbox 1019 2441 1812 2481; baseline -0.011 -5"><span class='ocrx_word' id='word_1_752' title='bbox 1019 2448 1125 2476; x_wconf 90' lang='lat' dir='ltr'><strong>concilii</strong></span> <span class='ocrx_word' id='word_1_753' title='bbox 1138 2453 1270 2481; x_wconf 86' lang='lat' dir='ltr'><strong>tempore,</strong></span> <span class='ocrx_word' id='word_1_754' title='bbox 1287 2445 1332 2472; x_wconf 90' lang='lat' dir='ltr'><strong>alii</strong></span> <span class='ocrx_word' id='word_1_755' title='bbox 1347 2445 1473 2472; x_wconf 89' lang='lat' dir='ltr'><strong>absoluto</strong></span> <span class='ocrx_word' id='word_1_756' title='bbox 1488 2444 1598 2470; x_wconf 89' lang='lat' dir='ltr'><strong>demum</strong></span> <span class='ocrx_word' id='word_1_757' title='bbox 1609 2442 1727 2468; x_wconf 80' lang='lat' dir='ltr'><strong>concilio</strong></span> <span class='ocrx_word' id='word_1_758' title='bbox 1744 2441 1812 2467; x_wconf 75' lang='lat' dir='ltr'><strong>illm‘.</strong></span> 
     </span>
    </p>
   </div>
   <div class='ocr_carea' id='block_1_109' title="bbox 1018 2487 1811 2522">
    <p class='ocr_par' dir='ltr' id='par_1_109' title="bbox 1018 2487 1811 2522">
     <span class='ocr_line' id='line_1_109' title="bbox 1018 2487 1811 2522; baseline -0.013 0"><span class='ocrx_word' id='word_1_759' title='bbox 1018 2495 1144 2522; x_wconf 83' lang='lat' dir='ltr'><strong>evenisse</strong></span> <span class='ocrx_word' id='word_1_760' title='bbox 1163 2496 1285 2519; x_wconf 89' lang='lat' dir='ltr'><strong>narrant.</strong></span> <span class='ocrx_word' id='word_1_761' title='bbox 1316 2490 1500 2518; x_wconf 86' lang='lat' dir='ltr'><strong>Posteriorcm</strong></span> <span class='ocrx_word' id='word_1_762' title='bbox 1528 2487 1691 2516; x_wconf 81' lang='lat' dir='ltr'><strong>sententiam</strong></span> <span class='ocrx_word' id='word_1_763' title='bbox 1724 2488 1811 2514; x_wconf 79' lang='lat' dir='ltr'><strong>secmi</strong></span> 
     </span>
    </p>
   </div>
   <div class='ocr_carea' id='block_1_110' title="bbox 1019 2531 1814 2573">
    <p class='ocr_par' dir='ltr' id='par_1_110' title="bbox 1019 2531 1814 2573">
     <span class='ocr_line' id='line_1_110' title="bbox 1019 2531 1814 2573; baseline -0.014 -5"><span class='ocrx_word' id='word_1_764' title='bbox 1019 2544 1084 2568; x_wconf 88' lang='lat' dir='ltr'><strong>sunt</strong></span> <span class='ocrx_word' id='word_1_765' title='bbox 1101 2538 1216 2567; x_wconf 82' lang='lat' dir='ltr'><strong>Michael</strong></span> <span class='ocrx_word' id='word_1_766' title='bbox 1232 2536 1437 2573; x_wconf 66' lang='lat' dir='ltr'><strong>Ulycas(4l)ac</strong></span> <span class='ocrx_word' id='word_1_767' title='bbox 1451 2534 1574 2562; x_wconf 82' lang='lat' dir='ltr'><strong>Zonaras</strong></span> <span class='ocrx_word' id='word_1_768' title='bbox 1589 2533 1645 2568; x_wconf 71' lang='grc'><strong>(42)</strong></span> <span class='ocrx_word' id='word_1_769' title='bbox 1660 2541 1666 2559; x_wconf 93' lang='lat'><strong>:</strong></span> <span class='ocrx_word' id='word_1_770' title='bbox 1686 2531 1814 2559; x_wconf 73' lang='lat' dir='ltr'><strong>scribunt</strong></span> 
     </span>
    </p>
   </div>
   <div class='ocr_carea' id='block_1_111' title="bbox 1023 2577 1814 2620">
    <p class='ocr_par' dir='ltr' id='par_1_111' title="bbox 1023 2577 1814 2620">
     <span class='ocr_line' id='line_1_111' title="bbox 1023 2577 1814 2620; baseline -0.018 -5"><span class='ocrx_word' id='word_1_771' title='bbox 1023 2587 1095 2615; x_wconf 88' lang='lat' dir='ltr'><strong>enim</strong></span> <span class='ocrx_word' id='word_1_772' title='bbox 1130 2585 1200 2620; x_wconf 91' lang='lat' dir='ltr'><strong>quod</strong></span> <span class='ocrx_word' id='word_1_773' title='bbox 1234 2591 1296 2611; x_wconf 87' lang='lat' dir='ltr'><strong>eum</strong></span> <span class='ocrx_word' id='word_1_774' title='bbox 1322 2581 1452 2617; x_wconf 79' lang='lat' dir='ltr'><strong>Eutychis</strong></span> <span class='ocrx_word' id='word_1_775' title='bbox 1479 2578 1657 2613; x_wconf 88' lang='lat' dir='ltr'><strong>Dioscorique</strong></span> <span class='ocrx_word' id='word_1_776' title='bbox 1689 2577 1814 2604; x_wconf 74' lang='lat' dir='ltr'><strong>fautores</strong></span> 
     </span>
    </p>
   </div>
   <div class='ocr_carea' id='block_1_112' title="bbox 1020 2622 1811 2659">
    <p class='ocr_par' dir='ltr' id='par_1_112' title="bbox 1020 2622 1811 2659">
     <span class='ocr_line' id='line_1_112' title="bbox 1020 2622 1811 2659; baseline -0.015 0"><span class='ocrx_word' id='word_1_777' title='bbox 1020 2631 1130 2659; x_wconf 82' lang='lat' dir='ltr'><strong>decreta</strong></span> <span class='ocrx_word' id='word_1_778' title='bbox 1147 2628 1256 2657; x_wconf 87' lang='lat' dir='ltr'><strong>concilii</strong></span> <span class='ocrx_word' id='word_1_779' title='bbox 1268 2627 1482 2657; x_wconf 84' lang='lat' dir='ltr'><strong>subsannarcnt,</strong></span> <span class='ocrx_word' id='word_1_780' title='bbox 1496 2624 1608 2658; x_wconf 84' lang='lat' dir='ltr'><strong>ejusque</strong></span> <span class='ocrx_word' id='word_1_781' title='bbox 1617 2622 1811 2650; x_wconf 85' lang='lat' dir='ltr'><strong>auctoritatem</strong></span> 
     </span>
    </p>
   </div>
   <div class='ocr_carea' id='block_1_113' title="bbox 1021 2667 1813 2708">
    <p class='ocr_par' dir='ltr' id='par_1_113' title="bbox 1021 2667 1813 2708">
     <span class='ocr_line' id='line_1_113' title="bbox 1021 2667 1813 2708; baseline -0.016 -3"><span class='ocrx_word' id='word_1_782' title='bbox 1021 2685 1074 2705; x_wconf 86' lang='lat' dir='ltr'><strong>non</strong></span> <span class='ocrx_word' id='word_1_783' title='bbox 1089 2676 1213 2706; x_wconf 82' lang='lat' dir='ltr'><strong>veritate,</strong></span> <span class='ocrx_word' id='word_1_784' title='bbox 1227 2674 1274 2702; x_wconf 88' lang='lat' dir='ltr'><strong>sed</strong></span> <span class='ocrx_word' id='word_1_785' title='bbox 1292 2673 1413 2708; x_wconf 86' lang='lat' dir='ltr'><strong>potentia</strong></span> <span class='ocrx_word' id='word_1_786' title='bbox 1424 2670 1598 2705; x_wconf 86' lang='lat' dir='ltr'><strong>imperatoris</strong></span> <span class='ocrx_word' id='word_1_787' title='bbox 1609 2668 1658 2696; x_wconf 89' lang='lat' dir='ltr'><strong>nili</strong></span> <span class='ocrx_word' id='word_1_788' title='bbox 1674 2667 1813 2697; x_wconf 78' lang='lat' dir='ltr'><strong>dicerent.</strong></span> 
     </span>
    </p>
   </div>
   <div class='ocr_carea' id='block_1_114' title="bbox 1022 2715 1812 2758">
    <p class='ocr_par' dir='ltr' id='par_1_114' title="bbox 1022 2715 1812 2758">
     <span class='ocr_line' id='line_1_114' title="bbox 1022 2715 1812 2758; baseline -0.014 -7"><span class='ocrx_word' id='word_1_789' title='bbox 1022 2729 1103 2758; x_wconf 87' lang='lat' dir='ltr'><strong>atque</strong></span> <span class='ocrx_word' id='word_1_790' title='bbox 1116 2723 1152 2750; x_wconf 83' lang='lat' dir='ltr'><strong>ita</strong></span> <span class='ocrx_word' id='word_1_791' title='bbox 1165 2720 1327 2757; x_wconf 84' lang='lat' dir='ltr'><strong>pravitatem</strong></span> <span class='ocrx_word' id='word_1_792' title='bbox 1343 2717 1484 2747; x_wconf 76' lang='lat' dir='ltr'><strong>sententiae</strong></span> <span class='ocrx_word' id='word_1_793' title='bbox 1496 2723 1553 2744; x_wconf 79' lang='lat' dir='ltr'><strong>sua:</strong></span> <span class='ocrx_word' id='word_1_794' title='bbox 1579 2715 1702 2743; x_wconf 88' lang='lat' dir='ltr'><strong>stabilire</strong></span> <span class='ocrx_word' id='word_1_795' title='bbox 1726 2721 1812 2741; x_wconf 87' lang='lat' dir='ltr'><strong>cona-</strong></span> 
     </span>
    </p>
   </div>
   <div class='ocr_carea' id='block_1_115' title="bbox 1066 2827 1529 2867">
    <p class='ocr_par' dir='ltr' id='par_1_115' title="bbox 1066 2827 1529 2867">
     <span class='ocr_line' id='line_1_115' title="bbox 1066 2827 1529 2867; baseline -0.015 -7"><span class='ocrx_word' id='word_1_796' title='bbox 1066 2833 1120 2867; x_wconf 79' lang='grc' dir='ltr'><strong>(Η)</strong></span> <span class='ocrx_word' id='word_1_797' title='bbox 1136 2831 1233 2860; x_wconf 75' lang='lat' dir='ltr'><strong>Annal.</strong></span> <span class='ocrx_word' id='word_1_798' title='bbox 1252 2831 1314 2867; x_wconf 78' lang='lat' dir='ltr'><strong>Par.</strong></span> <span class='ocrx_word' id='word_1_799' title='bbox 1329 2837 1367 2861; x_wconf 86' lang='lat' dir='ltr'><strong>Iv,</strong></span> <span class='ocrx_word' id='word_1_800' title='bbox 1385 2836 1445 2862; x_wconf 81' lang='lat' dir='ltr'><strong>pag.</strong></span> 
     </span>
    </p>
   </div>
   <div class='ocr_carea' id='block_1_116' title="bbox 1063 2863 1508 2904">
    <p class='ocr_par' dir='ltr' id='par_1_116' title="bbox 1063 2863 1508 2904">
     <span class='ocr_line' id='line_1_116' title="bbox 1063 2863 1508 2904; baseline -0.016 -8"><span class='ocrx_word' id='word_1_801' title='bbox 1063 2863 1118 2904; x_wconf 66' lang='grc'><strong>(42)</strong></span> <span class='ocrx_word' id='word_1_802' title='bbox 1134 2868 1232 2895; x_wconf 76' lang='lat' dir='ltr'><strong>Annal.</strong></span> <span class='ocrx_word' id='word_1_803' title='bbox 1248 2866 1295 2893; x_wconf 88' lang='lat' dir='ltr'><strong>lib.</strong></span> <span class='ocrx_word' id='word_1_804' title='bbox 1314 2872 1373 2898; x_wconf 86' lang='lat' dir='ltr'><strong>xm,</strong></span> <span class='ocrx_word' id='word_1_805' title='bbox 1391 2871 1450 2898; x_wconf 83' lang='lat' dir='ltr'><strong>cap.</strong></span> <span class='ocrx_word' id='word_1_806' title='bbox 1463 2863 1508 2890; x_wconf 70' lang='lat'><strong>25.</strong></span> 
     </span>
    </p>
   </div>
  </div>
