1893 3068
102 158 137 189 33
771 147 1069 187 metuemus“.
1700 156 1736 187 3t

100 220 204 247 rentur,
224 215 365 243 Anatolius
382 215 549 251 patriarcha,
566 216 730 245 adversariis
755 223 889 244 c0nvoca-

102 262 135 289 tis
150 281 157 293 ,
182 262 324 296 proposuit
345 266 375 288 ut
401 269 575 298 unaquaeque
602 270 666 297 pars
696 263 812 297 propria:
829 261 890 288 ﬁdei

101 307 254 342 symbolum
277 307 367 335 libello
394 308 576 341 inscriberet,
592 314 618 336 et
635 309 661 336 in
678 309 768 336 loculo
785 307 814 335 S.
836 308 890 334 Eu-

100 353 215 387 ptzemize
232 358 346 388 uterque
365 355 472 382 libellus
488 356 690 389 deponeretur,
716 359 745 382 ut
770 354 889 390 gloriosa

101 400 157 426 ba-c
173 403 277 434 martyr
292 399 324 427 de
338 401 453 428 veritate
468 406 548 428 rectae
565 401 626 428 ﬁdei
643 401 778 434 judicium
807 399 891 427 ferret

101 453 131 472 ae
159 446 356 473 testimonium.
393 446 449 473 Iloc
474 451 565 474 autem
597 447 743 474 consilium
773 454 835 473 cum
864 451 891 473 et

102 491 237 518 lucreticis
257 492 408 525 placuisset
422 512 429 523 ,
450 497 556 519 remoto
570 492 661 527 lapide
673 511 682 522 .
710 492 756 527 qui
773 492 890 519 loculum

100 537 255 568 claudebat,
267 537 321 564 duo
336 538 418 564 libelli
437 546 519 573 supra
535 543 637 566 sancta:
653 539 782 572 martyris
797 543 892 572 pectus

102 583 182 616 positi
198 587 282 614 sunt,
308 588 334 609 et
349 583 449 611 deinde
474 585 580 612 loculus
602 592 655 612 non
682 584 763 612 modo
793 585 890 611 iterum

100 631 223 662 clausus,
238 630 284 657 sed
299 631 381 657 etiam
399 631 542 665 utriusque
557 632 642 666 partis
658 631 756 666 sigillis
768 631 891 658 munitus

98 680 123 701 et
151 675 321 709 obsignatas.
349 676 414 702 Post
441 677 561 703 triduum
587 685 648 704 cum
673 677 864 704 convenissent
883 699 890 710 ,

98 720 264 754 imperatore
277 720 360 747 etiam
378 726 530 755 prtesente,
552 726 646 756 aperto
668 722 759 750 loculo
773 743 781 755 ,
802 723 890 750 luere-

99 768 215 794 ticorum
230 767 337 795 libellus
352 769 384 795 ad
409 769 490 803 petles
506 771 636 804 martyris
653 770 808 805 proiectus,
823 770 892 797 alter

97 821 163 840 vero
175 814 202 840 in
219 822 301 841 manu
317 815 378 848 ejus
393 815 488 842 dextra
506 816 634 844 inventus
659 821 712 844 est.
736 815 836 844 Vcrurn
855 825 889 844 ne

100 859 166 886 huic
193 859 306 888 Zonarze
326 860 471 896 Glyczeque
491 863 640 889 narrationi
667 863 792 897 protinus
811 862 890 890 fidem

99 911 219 933 nostram
237 913 399 940 praestemus
415 908 542 943 prohibet
558 909 664 942 Evagrii
681 929 689 940 ,
706 909 890 943 aliorumque,

98 953 146 985 qui
160 952 193 980 de
207 954 326 980 concilio
342 953 558 982 Chalcedonensi
574 955 720 989 scripsere,
733 954 890 988 silentium;

98 1005 162 1024 cum
177 998 268 1025 minus
280 1003 355 1026 certe
368 999 509 1033 probabile
522 998 648 1026 videatur
661 1006 716 1026 rem
727 999 795 1026 adeo
809 999 892 1025 mira-

99 1043 181 1070 bilem
198 1064 205 1076 ,
223 1051 254 1072 ac
275 1044 467 1072 recordatione
483 1045 672 1078 dignissimam
697 1048 753 1071 tum
782 1044 891 1072 demttm

102 1094 141 1116 tot
167 1098 182 1116 a
199 1090 317 1117 concilio
338 1091 441 1125 elapsis
458 1091 565 1118 seculis
581 1090 698 1124 prirnum
725 1091 890 1118 innotuisse.

99 1136 134 1161 At
164 1143 226 1162 vero
256 1136 342 1171 magis
360 1136 456 1170 procul
480 1136 565 1163 dubio
586 1143 600 1163 a
625 1137 738 1164 veritate
764 1137 892 1164 abhorret

99 1180 236 1208 Theodori
262 1182 334 1208 Βρειὶ
349 1202 356 1215 ,
385 1187 412 1209 et
441 1181 616 1209 Constantini
638 1181 681 1209 Tii
696 1182 818 1217 episcopi
835 1182 891 1218 (45)

99 1227 203 1260 opinio.
218 1235 302 1261 quant
319 1227 480 1262 Euthymius
496 1235 605 1262 quoque
621 1227 764 1262 amplexus
779 1232 832 1260 est,
844 1228 890 1263 qui

100 1272 152 1299 hoc
171 1273 334 1300 miraculum
354 1273 443 1308 ipsius
465 1274 575 1301 concilii
601 1278 724 1310 tempore
748 1278 889 1308 operatum

100 1317 187 1345 fuisse
223 1318 370 1346 aﬁirmant.
396 1319 432 1346 Ut
459 1319 532 1347 enim
560 1320 668 1355 egregie
699 1319 891 1347 animadvertit

101 1363 238 1391 Baronius
251 1364 321 1399 (Η),
338 1365 360 1392 si
375 1365 425 1392 hoc
441 1365 502 1392 ﬁdei
515 1366 733 1400 experimentum
750 1373 764 1393 a
778 1366 890 1394 concilii

100 1408 230 1438 Patribus
244 1415 377 1437 tentatum
395 1411 501 1444 fuisset,
516 1419 583 1439 sane
594 1415 654 1439 acta
670 1416 735 1439 tunc
747 1412 891 1447 diligenter

101 1455 257 1490 conscripta
271 1459 376 1483 tantum
392 1456 443 1483 hoc
461 1457 624 1485 miraculum
655 1458 730 1485 nullo
750 1458 831 1485 modo
845 1459 891 1486 si—

101 1500 230 1528 luissent.
244 1501 356 1530 Accedit
369 1502 492 1537 insuper,
509 1503 581 1537 quod
596 1511 736 1539 nunquam
754 1504 848 1532 Patres
864 1505 891 1532 in

102 1547 282 1575 tecumenicis
297 1548 423 1576 conciliis
447 1557 480 1576 ex
494 1550 636 1578 miraculis
660 1550 827 1585 quaesierunt
844 1551 894 1578 do-

101 1599 223 1628 gmatum
239 1595 393 1627 veritatem,
410 1602 491 1630 quam
511 1603 543 1622 ex
557 1596 658 1624 divinis
674 1597 807 1631 imprimis
819 1597 893 1624 Scri-

102 1639 202 1674 ptnris,
211 1644 239 1667 et
249 1639 368 1674 antiquis
379 1640 509 1669 Ecclesiae
524 1641 728 1674 traditionibus,
738 1649 770 1669 ac
781 1641 892 1670 demum

102 1692 134 1712 ex
155 1689 312 1712 sanctorum
330 1685 443 1712 Patrum
459 1687 661 1714 assertionibus
674 1695 809 1722 quarere,
829 1695 893 1722 pro-

103 1739 224 1766 ponere,
241 1732 374 1760 allirmare
388 1753 395 1765 ,
425 1738 508 1768 atque
533 1734 657 1762 stabilire
681 1739 891 1762 consueverunt.

103 1776 276 1812 Quapropter
296 1778 412 1806 eruditis
437 1778 504 1806 viris
522 1779 640 1807 libenter
661 1780 798 1807 asSentior
811 1800 818 1812 ,
846 1780 892 1815 qui

103 1823 206 1858 opinati
221 1827 286 1850 sunt
313 1824 364 1851 hoc
381 1825 545 1852 miraculum
563 1824 761 1859 posterioribus
785 1826 894 1853 mulis

105 1869 191 1896 fuisse
205 1870 317 1896 omnino
333 1870 479 1897 conllctum
495 1890 503 1902 ,
521 1871 649 1905 piamque
673 1870 744 1898 hanc
767 1870 894 1898 fabellam

104 1921 137 1941 ex
153 1914 219 1948 ipsis
231 1914 342 1942 concilii
374 1915 443 1942 actis
459 1923 515 1943 non
533 1916 603 1943 bene
618 1916 765 1944 intellectis
789 1916 894 1951 proﬁu-

105 1960 189 1987 xisse.
213 1959 307 1988 Patres
330 1968 450 1995 namque
477 1960 738 1994 Cbalcedonenses,
769 1962 895 1990 absoluto

107 2006 233 2038 concilio,
253 2011 281 2033 ut
293 2006 470 2034 ostenderent
492 2007 585 2034 omnia
601 2027 608 2039 ,
633 2015 694 2042 quae
722 2007 749 2034 in
777 2008 896 2035 concilio

106 2052 220 2079 feliciter
244 2058 320 2088 gesta
340 2054 447 2080 fuerant
461 2072 469 2085 ,
486 2053 640 2086 patrocinio
668 2058 695 2080 et
714 2053 849 2088 auspiciis
865 2053 894 2080 8.

105 2097 262 2131 Euphemitc
280 2105 340 2126 esse
357 2097 511 2130 referenda,
526 2098 563 2124 ita
578 2098 605 2124 in
622 2098 720 2125 litteris
731 2097 765 2124 ad
779 2097 808 2124 S.
821 2097 892 2125 Leo-

107 2151 170 2170 nem
189 2144 342 2177 pontiﬁcem
369 2143 441 2170 datis
463 2143 612 2178 loquuntur
641 2143 697 2178 (45)
712 2151 720 2170 :
735 2144 806 2170 Deus
824 2144 893 2170 enim

104 2193 164 2216 erat
180 2189 224 2224 qui
241 2189 397 2224 operabatur
408 2209 416 2222 ,
431 2194 455 2216 et
470 2197 528 2224 quia
553 2197 601 2216 suo
623 2189 739 2216 thalamo
757 2189 897 2216 concilium

105 2236 242 2262 coronavit
266 2240 361 2262 ornata
389 2235 481 2262 decore
501 2235 618 2262 victoriis:
646 2235 789 2268 Eupltemia
806 2242 816 2261 .°
840 2242 898 2270 qua:

106 2287 233 2316 tanquam
255 2272 390 2316 propriam
416 2282 608 2316 confessionem
631 2281 693 2315 ﬁdei
717 2281 897 2308 definitionem

107 2328 253 2361 suscipiens
269 2336 283 2354 α
296 2328 379 2358 nobis,
392 2335 439 2353 suo
459 2335 555 2361 sponso
579 2335 624 2360 per
646 2327 794 2359 piissimum
815 2328 898 2361 impe-

107 2379 234 2405 ratorem,
251 2379 274 2400 et
287 2374 400 2400 amicam
414 2373 515 2412 Christi
530 2373 674 2408 Augustam
682 2373 784 2405 obtulit,
797 2381 897 2400 onmem

107 2420 212 2454 quidem
222 2419 444 2452 perturbationem
458 2420 651 2446 contrariorum
663 2420 769 2451 sedans,
779 2420 897 2446 ueritatis

108 2469 197 2491 autent
208 2464 396 2499 confessionem
409 2463 549 2495 roborans,
567 2467 594 2488 ut
609 2463 722 2489 amicam
734 2482 742 2495 ,
765 2467 787 2489 et
804 2471 896 2496 ntanu,

108 2521 140 2539 ac
156 2512 247 2546 lingua
268 2513 449 2538 universorum
470 2511 581 2537 decretis
609 2519 655 2543 pro
678 2510 898 2538 demonstratione

107 2558 287 2586 subscribens.
313 2557 444 2584 Praeterea
470 2555 673 2584 observandum
701 2561 743 2583 est
765 2564 897 2591 quoque,

109 2607 228 2641 pictores
241 2609 358 2636 veteres,
375 2607 405 2631 ut
422 2604 472 2630 hoc
486 2604 574 2637 ipsum
595 2602 753 2637 Euphemiae
767 2603 897 2638 martyris

109 2660 173 2686 erga
203 2651 348 2678 concilium
378 2649 560 2686 patrocinium
594 2649 806 2683 exprimerent,
837 2655 897 2676 eam

109 2698 236 2725 volumen
251 2704 332 2724 manu
345 2701 480 2724 tenentem
502 2695 666 2730 quandoque
690 2694 717 2721 in
742 2694 842 2722 tabulis
858 2694 897 2722 ef-

111 2744 236 2777 ﬁnxisse,
249 2749 376 2777 tanquam
395 2742 456 2769 ﬁdei
471 2741 671 2776 professionem
687 2740 800 2768 Patrum
816 2740 897 2769 Chal-

148 2847 202 2881 (νιὸ)
221 2856 252 2873 .u
268 2846 379 2872 historia
395 2843 633 2881 inuentionisﬁtc.
647 2850 724 2870 num.
743 2849 782 2869 lx.

148 2879 203 2918 (44)
220 2882 258 2909 Ad
276 2889 377 2908 aunutn
394 2879 456 2914 451,
472 2887 546 2907 num.
563 2879 624 2905 ΗΞ.

942 213 1138 241 cedoucnsinm
1167 212 1222 240 Deo
1253 212 1434 246 oll‘crentem;
1456 213 1556 240 etenim
1593 213 1734 247 probabile

942 260 1022 287 valde
1034 259 1142 287 videtur
1153 259 1225 294 quod
1238 259 1393 292 huiusmodi
1411 260 1493 286 ctiatn
1505 260 1618 294 pictura:
1630 260 1733 289 Graecis

943 305 1080 340 sequioris
1093 305 1142 333 aevi
1155 305 1316 332 miraculum
1332 305 1398 332 illud
1411 306 1638 333 comtniniscehdi
1663 314 1733 342 prte-

943 352 1053 378 buerint
1067 356 1271 386 argumentum.

978 397 1048 424 XIII.
1061 397 1116 425 Nec
1135 397 1233 424 falsum
1249 401 1292 425 est
1309 399 1399 424 minus
1415 397 1500 429 aliud,
1520 397 1592 432 quod
1622 398 1727 434 Euthy-

944 443 1017 471 mius
1033 445 1124 471 statim
1145 444 1249 476 subdit,
1263 444 1292 471 S.
1310 443 1406 471 Basilii
1421 444 1596 476 miraculum,
1611 445 1663 472 etsi
1675 453 1736 472 ont-

946 492 1029 518 nibus
1043 491 1224 518 manifestum
1241 497 1360 518 asserat.
1379 491 1446 525 Ejus
1462 498 1569 518 summa
1598 491 1655 518 haec
1681 495 1735 518 est.

943 537 1013 564 Cum
1032 537 1127 565 Ariani
1144 537 1270 565 Valentis
1285 537 1461 572 imperatoris
1478 537 1540 564 freti
1553 537 1686 572 potentia,
1701 545 1736 564 ex

943 583 1051 611 Nicama
1082 584 1198 612 ecclesia
1225 583 1378 611 catholicos
1395 584 1508 610 militari
1525 591 1606 610 manu
1634 583 1735 618 ejecis-

944 635 1015 663 sent,
1032 630 1204 658 orlhodoxus
1227 630 1346 664 populus
1363 629 1397 657 ad
1419 629 1447 657 8.
1466 629 1597 657 Basiliam
1614 629 1736 657 accurrit

944 676 1034 703 mttlto
1049 675 1169 703 clamore
1185 675 1361 711 imperatoris
1391 675 1519 709 injuriam
1547 675 1735 710 cxpostulans,

943 721 978 749 ob
991 729 1073 756 quam
1094 729 1207 749 causam
1225 722 1419 756 imperatorem
1437 721 1579 748 Valentem
1594 721 1640 748 ille
1655 721 1735 752 adiit,

943 774 976 795 ac
991 772 1067 794 tanta
1076 775 1138 795 eutn
1153 768 1310 802 eloquentia
1326 772 1456 802 tanquam
1470 768 1563 794 violati
1575 767 1645 802 juris
1661 775 1736 795 reum

944 809 1031 837 libere
1052 812 1218 847 increpavit,
1235 817 1265 839 ut
1282 812 1432 846 imperator
1458 812 1496 838 rei
1520 811 1652 846 judicium
1685 811 1737 846 ipsi

943 855 972 884 S.
989 856 1090 885 Basilio
1108 859 1291 886 connniscrit.
1305 858 1445 886 Reversus
1458 859 1550 894 itaque
1561 858 1592 887 8.
1615 858 1736 886 Basilius

942 903 1059 930 Nicaeam
1075 909 1186 939 pactum
1203 913 1264 932 cum
1280 905 1392 932 Arianis
1417 905 1547 936 ﬁrmavit.
1579 909 1610 932 ut
1634 905 1738 932 clausis

943 950 1185 984 ecclesiaajanuis,
1198 951 1344 986 sigilloque
1363 945 1530 986 obsignalis,
1558 951 1612 978 utri
1633 951 1738 986 populo

943 1000 1006 1028 post
1023 995 1144 1022 tridtttnn
1157 1003 1196 1023 ea:
1210 1001 1309 1030 sponte
1323 998 1492 1031 patuissent,
1509 998 1534 1025 is
1556 999 1676 1026 ecclesia
1689 1006 1738 1033 po-

944 1041 1054 1068 tiretur.
1077 1040 1145 1068 Cum
1183 1046 1275 1069 autem
1305 1043 1400 1070 Ariani
1424 1049 1481 1071 tres
1503 1044 1561 1072 dies
1587 1050 1738 1081 noctesque

945 1087 1087 1121 precando
1116 1087 1344 1122 insumpsissent,
1364 1089 1412 1116 sed
1443 1090 1506 1118 inde
1537 1091 1674 1125 supplices
1702 1091 1737 1118 ad

943 1133 1090 1160 ecclesiam
1109 1133 1249 1161 ineassum
1266 1135 1403 1170 progressi
1428 1140 1532 1169 essent,
1562 1140 1629 1164 tunc
1658 1135 1738 1164 Basi-

943 1177 997 1205 lius
1024 1181 1155 1214 templum
1180 1180 1210 1208 S.
1240 1180 1378 1208 Diomedis
1407 1183 1537 1217 martyris
1564 1186 1644 1210 extra
1667 1183 1738 1210 civi-

944 1228 1026 1252 tatem
1061 1229 1194 1253 oraturus
1224 1226 1367 1262 ingressus
1393 1227 1449 1260 est,
1473 1231 1501 1255 et
1524 1228 1632 1263 expleta
1657 1233 1738 1256 nocte

945 1271 1070 1306 pervigili
1091 1273 1221 1306 populum
1238 1273 1270 1300 ad
1293 1273 1388 1300 urbem
1416 1274 1549 1308 reduxit;
1570 1279 1597 1302 et
1624 1282 1688 1302 cum
1703 1275 1737 1302 ad

941 1308 1086 1344 ecclesiam
1103 1318 1280 1351 accessisset,
1309 1319 1412 1346 clausa:
1440 1319 1647 1355 obsignatmque
1677 1320 1739 1355 ejus

943 1364 1016 1392 fores
1049 1364 1140 1392 statiua
1180 1370 1281 1399 aperta:
1316 1370 1382 1394 sunt
1420 1371 1550 1400 tanquam
1585 1366 1737 1395 vehementi

942 1417 1009 1436 aura
1027 1410 1121 1444 pulsae,
1137 1414 1164 1436 et
1177 1410 1210 1437 ad
1229 1419 1324 1438 muros
1338 1412 1428 1439 illisae.
1450 1411 1513 1440 Haec
1543 1417 1586 1440 cst
1601 1413 1735 1444 historia,

942 1462 1024 1490 quam
1042 1462 1091 1490 pro
1122 1460 1197 1483 certa
1225 1461 1253 1483 et
1271 1457 1434 1485 inconcussa
1452 1458 1479 1485 in
1494 1459 1614 1486 medium
1640 1459 1739 1487 aﬁerre

943 1509 998 1528 non
1014 1501 1123 1528 dubitat
1138 1501 1314 1536 Euthymius,
1340 1503 1388 1530 sed
1418 1511 1479 1538 qum
1503 1504 1628 1539 profecto
1655 1505 1738 1533 nimis

944 1547 1085 1574 imbecillo
1115 1548 1215 1574 nititur
1243 1548 1434 1577 fundamento.
1463 1549 1589 1585 Scriptor
1614 1549 1737 1583 Gracus,

944 1592 991 1627 qui
1004 1593 1108 1627 primus
1120 1593 1248 1620 miraculi
1263 1593 1346 1628 hujus
1358 1595 1495 1628 meminit,
1507 1600 1549 1623 est
1563 1601 1662 1623 auctor
1669 1596 1739 1624 Vita:

945 1638 974 1665 8.
992 1637 1096 1669 Basilii,
1115 1646 1177 1673 qua:
1190 1639 1294 1666 saeculo
1310 1647 1369 1670 vttt.
1383 1640 1425 1668 vel
1462 1641 1554 1676 potius
1569 1650 1597 1670 rx
1627 1642 1737 1677 prodiit.

945 1685 1034 1712 Fuere
1045 1685 1158 1720 quidem
1179 1686 1316 1719 nonnulli,
1329 1687 1376 1722 qui
1413 1688 1485 1715 hanc
1508 1689 1598 1716 Vitam
1624 1688 1654 1720 8.
1674 1689 1740 1717 Am-

945 1731 1090 1766 philochio
1101 1731 1241 1760 Iconiensi
1255 1732 1397 1767 episcopo,
1412 1733 1522 1769 ipsique
1539 1734 1643 1762 Basilio
1656 1735 1740 1763 fami-

946 1778 1097 1806 liarissime
1117 1780 1200 1807 facile
1221 1781 1392 1814 tribuerunt,
1413 1782 1478 1817 quia
1496 1783 1522 1809 in
1550 1791 1617 1810 mss.
1635 1783 1740 1811 codici-

947 1825 998 1853 bus
1015 1826 1068 1853 sub
1082 1826 1268 1861 Amphiloeliii
1286 1828 1400 1854 nomine
1428 1828 1567 1863 reperitur
1587 1828 1739 1864 descripta,

945 1875 974 1899 et
999 1871 1064 1906 quia
1080 1876 1158 1899 certo
1169 1873 1275 1900 scimus
1291 1872 1321 1900 8.
1335 1873 1559 1909 Amphilochium
1575 1874 1738 1909 episcopqu

946 1918 1118 1946 lconiensem
1131 1919 1271 1954 quoddam
1291 1920 1449 1947 encomium
1466 1919 1494 1947 S.
1512 1919 1606 1948 Basilii
1623 1921 1740 1956 posteris

947 1965 1106 2000 reliquisse.
1131 1964 1234 1993 Verum
1260 1966 1418 1994 encomium
1435 1966 1488 1993 hoc
1505 1966 1539 1993 ad
1572 1973 1621 1994 nos
1651 1958 1740 2000 usque

947 2010 1083 2046 pervenit,
1094 2014 1121 2038 et
1130 2010 1164 2038 ab
1175 2011 1228 2038 hac
1235 2012 1290 2038 vita
1302 2012 1375 2047 stylo
1390 2011 1491 2044 diﬁ‘ert,
1501 2015 1529 2039 et
1541 2011 1634 2039 rebus.
1648 2010 1740 2044 Quare

948 2057 1103 2085 communis
1117 2057 1278 2085 criticorum
1295 2062 1338 2085 est
1349 2057 1498 2090 sententia,
1517 2056 1738 2092 Amphilochium

949 2101 1017 2129 Viue
1033 2101 1065 2129 S.
1084 2102 1177 2130 Basilii
1207 2103 1371 2137 scriptorem
1405 2107 1468 2136 post
1497 2107 1620 2137 tempora
1657 2102 1739 2136 longa

949 2146 983 2173 ab
998 2151 1079 2174 aetate
1092 2147 1182 2174 sancti
1200 2146 1325 2174 doctoris
1354 2147 1469 2179 vixisse,
1498 2151 1526 2174 et
1540 2155 1585 2174 res
1615 2154 1668 2174 non
1684 2154 1739 2174 aee

948 2192 1034 2224 visas,
1049 2192 1097 2220 sed
1114 2192 1143 2218 in
1157 2192 1257 2228 vulgus
1271 2200 1384 2227 sparsas
1413 2193 1475 2220 sine
1504 2193 1611 2220 delectu
1633 2191 1739 2220 descri-

948 2239 1050 2274 psisse,
1066 2243 1093 2265 et
1114 2238 1233 2266 fortasse
1257 2239 1443 2274 Amphilocbii
1474 2247 1574 2266 nomen
1608 2239 1662 2267 sibi
1691 2246 1739 2267 as-

950 2284 1157 2318 sumpsisse,ut
1182 2285 1258 2319 operi
1276 2292 1327 2312 suo
1355 2285 1548 2312 auctoritatem
1576 2284 1739 2312 conciliaret

949 2328 1082 2355 etﬁdent.
1114 2328 1258 2356 Communi
1283 2325 1351 2356 huic
1373 2329 1479 2364 judicio
1508 2328 1670 2356 adversatus
1696 2332 1740 2356 est

950 2373 1115 2401 Franciscus
1128 2373 1322 2407 Combeﬁsius,
1336 2375 1380 2402 eui
1393 2375 1462 2401 hanc
1477 2381 1587 2409 quoque
1601 2373 1690 2400 Vitam
1707 2373 1738 2401 S.

948 2419 1044 2447 Basilii
1062 2419 1090 2447 8.
1101 2420 1295 2456 Amphiloehio
1311 2421 1441 2456 episeopo
1458 2421 1560 2455 placuit
1576 2419 1716 2447 vindicare
1730 2428 1738 2452 ;

949 2466 1107 2501 compulsus
1121 2471 1163 2494 est
1178 2471 1269 2494 tamen
1279 2471 1306 2494 et
1328 2467 1388 2501 ipse
1405 2465 1487 2493 fateri
1520 2465 1606 2493 fuisse
1633 2464 1707 2492 illam
1723 2472 1738 2491 a

950 2512 1106 2543 monachis,
1125 2519 1173 2547 per
1186 2519 1305 2546 quorum
1327 2519 1426 2538 tnanus
1443 2511 1561 2538 decursu
1581 2515 1737 2545 temporum

949 2558 1072 2590 transiit,
1090 2558 1294 2592 interpolatam,
1310 2564 1336 2584 et
1351 2557 1510 2592 vulgaribus
1529 2556 1738 2587 traditionibus,

949 2604 977 2631 ni
1009 2606 1096 2631 mavis
1128 2604 1211 2631 etiam
1243 2603 1368 2631 conﬁctis
1399 2604 1432 2630 ad
1459 2607 1586 2630 ornatum
1617 2602 1740 2629 miriﬁcis

950 2651 1157 2678 narrationibus
1191 2651 1376 2682 comtnistam,
1412 2653 1439 2677 et
1468 2653 1588 2676 auctam.
1615 2648 1738 2676 Griecum

950 2695 1032 2730 hujus
1048 2695 1114 2723 Vita:
1127 2700 1231 2723 textum
1253 2696 1349 2722 Latine
1360 2695 1476 2722 reddidit
1493 2694 1591 2728 Ursus,
1608 2694 1637 2722 8.
1653 2693 1684 2721 Β.
1707 2694 1738 2720 E.

949 2742 1149 2774 subdiaconus,
1161 2742 1308 2769 Anastasio
1332 2741 1543 2769 Bibliothecario
1568 2747 1698 2774 coaevus;
1713 2743 1741 2767 et

977 2842 1033 2879 (ἱῦ)
1046 2842 1119 2871 lutcr
1135 2842 1221 2878 Epist.
1239 2843 1269 2871 S.
1287 2842 1383 2871 Leonis
1399 2841 1557 2877 Μαρκίων.
1574 2840 1619 2874 98,
1637 2843 1704 2867 tom.
1717 2839 1740 2866 I.
