1893 3068
163 163 198 193 35
826 152 1122 182 PROLEGOMENA.
1747 149 1785 182 36

161 215 226 249 quia
240 212 317 245 plura
332 215 483 238 occurrunt
495 210 521 236 in
530 210 581 236 hac
593 207 720 235 versione
734 206 775 234 rel
788 207 942 238 immutata,
1031 207 1102 235 XIV.
1117 206 1179 234 Haec
1194 211 1270 237 sunt,
1299 205 1340 232 vir
1368 204 1415 237 cl.,
1431 211 1492 239 qua:
1524 205 1550 232 in
1581 205 1649 232 meis
1672 203 1789 232 sebedis

161 258 331 292 vcladjecta,
347 259 386 283 ναι
405 257 521 287 omissa,
541 261 656 281 necesse
685 258 729 281 est
755 253 846 280 dicere
871 252 944 286 quod
998 255 1196 281 adnotaveram
1215 253 1248 280 de
1265 251 1410 287 Euthymio
1426 250 1574 285 Zigabeno,
1597 255 1625 278 et
1659 250 1694 278 de
1721 251 1787 285 ejus

162 305 250 333 Ursus
263 309 310 331 aut
323 304 446 331 codicem
464 302 495 329 ad
527 308 624 328 manus
651 300 775 327 habuerit
797 298 946 333 puriorem.
999 300 1070 326 libro
1085 300 1224 326 invectivo
1238 305 1335 326 contra
1353 298 1522 332 Bogomilos,
1539 297 1617 332 cujus
1643 297 1790 332 fragmen-

162 356 210 379 aut
225 351 296 386 quod
306 355 422 384 'chuum
438 349 596 381 bonumque
607 346 718 373 duxerit
735 353 789 371 non
803 346 883 370 modo
907 344 950 369 in—
999 351 1056 372 tum
1072 345 1217 377 ineditum,
1232 352 1245 371 a
1261 352 1304 372 me
1317 351 1350 372 ex
1372 343 1505 371 Vaticano
1532 344 1626 370 codice
1645 343 1710 370 olim
1734 343 1789 370 de-

163 398 292 432 lt‘l‘pl't’lls
310 398 360 423 sibi
381 401 472 430 partes
496 404 615 427 sumere,
644 394 692 422 sed
726 395 807 421 etiam
835 393 948 427 judieis.
1000 392 1146 426 scriptum,
1165 390 1321 424 nuncjuris
1339 391 1379 416 tui
1397 390 1484 417 libens
1502 389 1584 416 facio.
1615 389 1697 416 Plura
1714 389 1790 422 adji-

162 444 248 470 Porro
262 443 325 476 quia
344 443 415 470 inter
431 443 533 469 omissa
550 442 600 468 hoc
617 442 706 476 ipsum
732 444 774 466 est
791 440 824 466 ab
844 439 948 473 Euthy-
999 446 1062 465 cere
1077 437 1228 471 potuissem
1245 445 1253 468 ;
1267 436 1314 463 sed
1327 441 1401 463 esset
1428 435 1552 469 profecto
1569 439 1668 469 praeter
1684 441 1789 468 propo-

163 490 218 515 mio
248 495 428 515 memoratum
473 489 647 518 miraculum,
681 485 826 513 manifesto
864 490 948 519 patet,
997 483 1081 510 situm
1098 487 1175 509 tuum
1194 482 1293 508 edendi
1314 486 1436 508 veterum
1454 481 1623 514 scriptorum
1636 479 1788 510 anecdota,

162 535 244 562 etiam
261 540 324 561 ante
338 535 476 570 Euthymil
494 539 601 561 :etntent
621 534 685 560 illud
703 532 743 559 vel
761 540 811 566 pro
833 533 946 565 penitus
998 530 1020 556 si
1030 529 1078 556 tibi
1095 529 1230 556 mitterent
1245 528 1380 562 prolixum
1407 526 1442 554 de
1457 526 1656 561 Bogomilorum
1669 525 1789 553 historia

164 580 243 612 falso,
256 581 297 608 vel
312 581 408 608 saltent
434 589 482 614 pro
500 580 578 608 valde
598 580 682 606 dubio
700 579 785 606 fuisse
811 577 946 604 habitum.
996 581 1154 603 tractatum.
1167 575 1243 602 Vale.

1255 657 1761 670 -τὲ-ᾉ-ε-ΞΞ

406 770 960 860 ΕΠΤΗΥΜΙΙ
1035 764 1548 856 ZIGABENI

761 959 1196 1007 COMMENTARIA

564 1114 702 1215 IN
773 1109 1385 1214 PSALMOS

470 1365 605 1407 ΑΝΤ.
661 1361 1084 1408 BONGIOVANNI
1136 1361 1473 1408 PBIEFATIO.

202 1543 230 1572 Si
257 1544 320 1580 quis
345 1544 415 1572 scire
426 1544 501 1578 cupit
531 1543 595 1578 quid
611 1543 639 1571 in
669 1551 751 1572 causa
769 1544 849 1572 nobis
865 1543 958 1576 fuerit,
984 1544 1163 1579 quamobrem
1181 1544 1248 1572 istos
1265 1543 1394 1580 Zigabeni
1408 1545 1629 1574 Commentarios
1643 1547 1669 1574 in
1688 1546 1784 1575 Theo-

168 1592 285 1626 phylacti
301 1598 413 1625 operum
429 1591 549 1618 editione
579 1591 734 1619 locaremus
752 1590 790 1626 (a)
806 1599 812 1623 ;
835 1592 857 1618 si
876 1591 985 1626 paulum
1002 1591 1026 1618 is
1046 1591 1192 1618 attenderit
1209 1591 1243 1618 ad
1258 1599 1288 1618 ea
1305 1599 1366 1626 quae
1382 1592 1408 1618 in
1427 1591 1592 1620 Praefatione
1609 1600 1692 1628 supra
1714 1594 1789 1621 (11πί-

170 1645 243 1669 mus,
263 1638 289 1666 id
303 1639 363 1673 ipse
379 1646 425 1672 per
442 1646 470 1665 se
490 1639 569 1665 facile
585 1637 728 1672 intelliget.
744 1637 811 1665 Cum
829 1638 902 1664 enim
915 1636 1244 1671 deessent'l‘heophylacti
1256 1636 1458 1664 Commentaria
1477 1638 1503 1664 in
1519 1642 1622 1673 septem
1636 1640 1788 1675 prophetas

172 1684 312 1716 minores;
329 1692 416 1718 eaque
428 1691 489 1718 quae
505 1684 532 1712 in
553 1684 649 1711 codice
662 1683 796 1710 Bavarico
812 1683 1029 1714 continerentur,
1045 1690 1098 1709 non
1120 1682 1326 1718 Theophylacti,
1343 1684 1393 1711 sed
1407 1683 1571 1712 Theodoreti
1587 1692 1650 1713 esse
1660 1693 1789 1722 comper-

167 1735 225 1757 tum
240 1731 428 1762 habuerimus.
453 1738 565 1758 necesse
583 1736 729 1766 propterea
744 1730 794 1757 fuit
807 1730 841 1756 ad
867 1729 940 1757 aliud
967 1729 1080 1757 alterius
1107 1729 1251 1764 scriptoris
1275 1737 1344 1764 opus
1360 1730 1518 1765 confugere,
1533 1739 1588 1766 quo
1613 1735 1729 1766 quartus
1741 1733 1789 1761 hic

167 1781 257 1805 tomus
273 1778 470 1812 compleretur.
487 1777 568 1804 Multa
586 1785 669 1812 porro
698 1778 778 1805 nobis
790 1785 824 1805 ex
841 1777 1036 1812 manuscriptis
1065 1777 1206 1804 codicibus
1229 1777 1413 1812 suppetebant
1431 1779 1619 1812 pra-stantium
1638 1783 1787 1807 auctorum

166 1831 261 1858 opera,
278 1825 399 1851 nondum
417 1825 539 1859 vulgata,
555 1825 647 1852 omnia
659 1831 726 1852 sane
737 1824 817 1859 digna
834 1831 895 1858 qua:
907 1823 935 1850 in
948 1824 1035 1850 lucem
1051 1823 1249 1858 proferrentur.
1267 1821 1305 1849 Ex
1319 1822 1363 1849 his
1376 1827 1466 1849 tamen
1481 1823 1631 1858 delegimus
1646 1823 1789 1859 Eutliymii

166 1872 297 1906 Zigabcni
309 1873 515 1900 (Iommentaria
532 1874 559 1900 in
575 1873 712 1904 Psalmos,
730 1872 838 1900 duabus
849 1873 883 1900 de
895 1872 1004 1899 causis:
1024 1872 1108 1898 altera
1122 1871 1193 1906 quod
1209 1870 1411 1906 Theophylacto
1424 1878 1474 1906 par
1486 1871 1594 1906 ingenio
1608 1876 1650 1899 est
1666 1872 1786 1906 Zigabe-

167 1925 239 1949 nus;
254 1919 350 1950 altera,
363 1919 434 1952 quod
450 1919 476 1946 id
491 1927 560 1954 opus
574 1919 699 1953 ejusdem
714 1918 794 1954 plane
806 1919 913 1954 generis
925 1923 979 1951 est,
994 1919 1074 1953 cujus
1089 1918 1287 1953 Theophylaeti
1313 1917 1428 1952 scripta,
1443 1925 1504 1953 qua:
1519 1920 1545 1946 in
1559 1919 1648 1948 sacris
1664 1919 1791 1955 Scriptu-

166 1966 204 1994 ris
220 1966 433 2001 interpretandis
448 1966 635 1995 versarentur.

203 2014 289 2042 Venio
305 2023 378 2043 nunc
392 2016 424 2043 ad
439 2016 563 2044 Latinam
579 2016 846 2051 interpretationem.
877 2015 914 2042 Ea
929 2020 972 2043 est
989 2015 1076 2048 Sauli,
1105 2014 1228 2049 episcopi
1245 2014 1450 2050 Brugnatensis,
1465 2015 1523 2050 qui,
1542 2021 1571 2042 ut
1583 2015 1638 2042 fere
1654 2015 1692 2047 fit,
1705 2016 1788 2051 plura

167 2058 258 2093 modo,
273 2063 354 2090 modo
369 2063 496 2097 pauciora
515 2063 543 2090 in
562 2062 659 2090 codice
680 2070 731 2090 suo
748 2063 859 2097 reperit,
872 2070 953 2097 quam
973 2063 999 2089 in
1033 2062 1127 2088 codice
1145 2062 1248 2088 Vencto
1261 2063 1443 2095 reperiantur.
1464 2061 1600 2088 Interdum
1617 2063 1699 2089 etiam
1714 2070 1790 2096 quaa-

164 2107 227 2134 dam
243 2116 276 2134 ex
292 2109 401 2144 ingenio
413 2117 464 2136 suo
479 2108 565 2140 addit,
578 2108 778 2143 explanationis
794 2108 892 2143 gratia.
908 2108 975 2140 Quae
986 2108 1077 2142 itaque
1090 2108 1198 2135 duobus
1210 2107 1288 2134 uncis
1305 2108 1364 2135 istis
1378 2108 1399 2141 ()
1415 2107 1591 2138 clauduntur,
1605 2115 1637 2135 ea
1652 2107 1678 2134 in
1692 2108 1791 2135 codice

166 2155 270 2182 Veni-to
294 2155 500 2188 desiderantur;
517 2163 578 2189 quae
589 2163 654 2182 vero
669 2156 756 2190 signis
770 2156 812 2183 his
824 2166 832 2182 ι
843 2165 852 2181 ι
872 2160 1013 2186 notantur,
1031 2163 1063 2182 ea
1090 2156 1189 2182 desunt
1207 2156 1233 2182 in
1249 2156 1353 2184 codice.
1367 2163 1422 2189 quo
1439 2163 1505 2182 usus
1525 2160 1566 2182 est
1580 2155 1692 2183 Latinus
1714 2157 1787 2184 idem

167 2201 306 2235 interpres
319 2208 327 2232 ;
342 2207 430 2234 eaque.
443 2207 477 2227 ex
493 2200 592 2228 codice
607 2199 711 2227 Veneto
726 2200 819 2228 Graace
833 2205 859 2228 ct
871 2200 969 2227 Latine
984 2199 1064 2234 pritni
1079 2201 1186 2226 damus.
1200 2201 1263 2228 Haec
1280 2200 1363 2228 semel
1380 2201 1431 2228 hoc
1441 2201 1501 2228 loco
1513 2202 1650 2229 monuisse
1660 2201 1787 2237 suﬂiciut,

165 2254 201 2273 ne
219 2247 313 2273 eadem
328 2246 444 2280 singulis
463 2246 519 2274 fere
538 2247 654 2282 paginis,
673 2247 754 2282 idque
770 2248 880 2282 saepius,
898 2247 1040 2277 iterantes,
1058 2245 1197 2273 fastidium
1212 2247 1364 2283 legentibus
1386 2255 1554 2275 moveatnus.

200 2291 261 2318 1am
275 2300 339 2318 vero
356 2292 388 2318 de
406 2292 496 2327 operis
510 2293 665 2328 prastantia
691 2299 924 2328 supervacaneum
940 2297 982 2319 est
999 2292 1101 2320 dicere.
1121 2292 1194 2320 Satis
1210 2294 1282 2320 enim
1296 2301 1325 2320 se
1344 2294 1431 2328 ipsum
1451 2293 1597 2327 legentibus
1611 2294 1790 2330 commendal

164 2337 420 2370 commcndavitquc
439 2345 545 2370 semper
557 2338 651 2366 merito
679 2347 731 2366 suo
760 2338 936 2372 auctorisque
947 2338 990 2365 sui
1011 2338 1190 2371 celebritate;
1210 2346 1264 2374 quo
1290 2339 1386 2365 merito
1398 2347 1484 2373 quave
1501 2339 1659 2366 celebritate
1682 2338 1787 2365 factum

165 2386 220 2413 est,
234 2386 263 2408 ut
279 2382 379 2415 sumius
395 2382 581 2410 recuderetur.
593 2383 689 2410 Plures
703 2384 774 2411 enim
787 2388 849 2409 ante
858 2382 928 2409 hanc
943 2383 1002 2418 ejus
1011 2383 1102 2417 operis
1117 2382 1251 2423 editipnes
1263 2383 1364 2410 Latinae
1374 2383 1549 2418 prodierunt;
1564 2383 1648 2410 altera
1660 2383 1788 2415 Veronae,

165 2427 252 2455 altera
264 2427 394 2460 Venetiis.
407 2429 518 2457 Parisiis
529 2430 599 2461 aliae,
613 2430 672 2457 alia:
686 2430 748 2457 aliis
764 2430 790 2456 in
803 2429 881 2459 locis,
902 2427 972 2461 Quid
987 2429 1038 2455 hoc
1054 2428 1105 2455 sibi
1121 2428 1195 2455 vult?
1210 2428 1235 2455 ld
1252 2436 1320 2464 opus
1338 2429 1465 2456 nimirum
1482 2436 1542 2456 eSse
1557 2429 1635 2463 longe
1652 2430 1789 2463 optimum

166 2480 248 2508 atque
260 2476 518 2508 pnestantissimum
531 2484 538 2503 :
551 2478 577 2504 ni
593 2477 666 2504 enim
685 2476 738 2503 tale
750 2480 834 2508 esset,
851 2475 959 2510 placere
975 2480 1118 2510 tantopere
1137 2483 1190 2502 non
1214 2477 1359 2511 potuisset,
1379 2477 1458 2511 idque
1471 2483 1589 2510 semper,
1604 2479 1630 2501 et
1647 2476 1790 2507 erunibus.

163 2525 194 2547 et
213 2521 325 2555 ubique.
342 2521 420 2555 Quod
445 2524 468 2550 si
497 2528 642 2558 tantopere
668 2522 770 2558 placuit
784 2522 880 2549 Latine
899 2527 1015 2553 tantum,
1041 2528 1135 2550 extera
1152 2523 1257 2558 lingua,
1274 2524 1378 2550 auctori
1399 2530 1449 2550 suo
1464 2523 1542 2557 plane
1561 2522 1663 2556 ignota,
1686 2527 1790 2555 quanto

165 2567 265 2602 magis,
285 2573 376 2602 putas.
395 2567 420 2595 id
440 2569 557 2603 placebit
574 2569 667 2596 Graeca
686 2569 788 2602 lingua,
803 2575 855 2602 qua
873 2572 969 2595 auctor
985 2568 1111 2603 egregius
1129 2569 1263 2604 scripsit?
1278 2569 1347 2596 Cum
1367 2568 1464 2595 Latina
1482 2567 1562 2595 verba
1580 2567 1657 2601 legis,
1675 2567 1789 2595 Sauluut

164 2613 264 2647 audis;
282 2622 342 2641 Cllllt
366 2615 459 2642 Graeca
471 2635 478 2647 ,
495 2615 673 2650 Zigabennm.
692 2614 808 2641 Tantum
836 2622 919 2649 porro
933 2614 1004 2641 inter
1023 2615 1074 2642 hoc
1095 2619 1176 2650 atque
1192 2616 1256 2643 illud
1281 2616 1404 2648 interest,
1422 2619 1551 2650 quantum
1565 2614 1634 2641 inter
1650 2615 1789 2642 hominem

166 2659 284 2691 intersit.
299 2665 326 2687 et
340 2661 399 2695 ejus
415 2661 573 2696 imaginem.
590 2669 650 2695 quae
665 2661 690 2687 in
705 2662 815 2695 speculo
830 2662 1054 2695 reprxes’cntatur.
1069 2663 1107 2689 Ex
1126 2663 1238 2697 optimis
1252 2671 1333 2698 porro
1348 2662 1470 2689 fontibus
1487 2661 1576 2688 hausit
1588 2666 1684 2689 auctor
1696 2667 1791 2689 noster

165 2708 303 2742 cgregius,
320 2714 348 2735 ut
363 2709 530 2743 experientia
545 2710 617 2736 docti
645 2713 815 2744 compertum
849 2709 990 2736 habemus.
1004 2710 1137 2738 Prieclare
1153 2711 1262 2745 quidem
1281 2711 1303 2737 is
1320 2709 1430 2737 disserit
1446 2709 1473 2736 in
1486 2709 1650 2737 versiculum
1668 2709 1790 2744 primum

165 2753 261 2786 psalmi
277 2753 356 2788 primi
374 2753 472 2779 Beatus
488 2754 537 2785 vir,
554 2753 655 2786 docens
675 2762 722 2789 per
742 2755 830 2782 virum
847 2761 900 2782 non
917 2755 1027 2782 excludi
1045 2755 1185 2783 mulierem
1199 2765 1206 2788 ;
1222 2761 1249 2782 at
1265 2755 1333 2788 haec,
1349 2760 1378 2782 ut
1395 2755 1523 2790 pleraque
1540 2755 1604 2789 alia,
1621 2755 1791 2790 deprompsit

193 2856 228 2885 (a)
247 2855 301 2884 Opp
328 2854 518 2885 Thcophyincti,
533 2855 620 2882 Vcnct.
637 2857 745 2881 lTZifI-fii.
765 2871 787 2874 -κ
802 2856 951 2886 Putroloqiw
967 2860 1025 2881 tom.
1041 2856 1249 2881 CXXlll-CXXVI.
