1893 3068
122 162 154 192 37
439 146 442 149 ’
791 158 1086 189 PROLEGUMENA.
1713 155 1749 187 33

123 226 155 243 es
179 217 279 245 Basilio
295 218 344 253 (η),
365 219 407 246 vel
433 218 617 245 Theodoreto.
632 217 706 245 Scite
723 217 793 244 idem
812 217 1009 250 interpretatur
1026 213 1191 241 versiculum
1208 215 1318 241 tertium
1341 219 1368 241 et
1386 221 1488 242 ncuum
1503 215 1600 250 psalmi
1619 214 1747 247 secundi,

124 261 316 298 liirumpamus
328 264 433 290 vincula
448 271 538 290 eorum
552 271 560 290 :
579 271 650 297 reges
669 270 712 289 eos
725 263 750 288 in
766 262 839 297 virga
850 262 947 296 ferrea,
968 268 1015 294 per
1030 260 1166 287 vinculum
1182 258 1324 286 .Iudaicam
1338 260 1435 294 legem,
1450 268 1498 295 per
1513 261 1616 295 virgam
1635 266 1747 287 crucem

125 308 281 344 intelligens
302 319 308 336 :
323 314 350 337 at
370 310 436 342 hcc,
456 315 484 338 ut
508 311 559 337 alia
577 311 645 337 bene
660 309 756 341 multa,
783 308 951 342 deprompsit
974 315 1006 334 ex
1033 314 1130 341 magno
1147 307 1296 333 Athanasio
1314 307 1361 340 (ὁ).
1379 307 1492 341 Egregie
1507 315 1616 342 quoque
1633 306 1748 334 disserit

125 357 159 384 dc
189 362 291 392 septem
320 366 460 385 sacrarum
481 359 685 393 Scripturarum
702 357 880 387 editionibus,
895 363 948 390 quo
968 363 1082 389 qumque
1099 359 1232 389 tempore,
1249 359 1275 381 et
1291 361 1305 380 a
1322 361 1376 388 quo
1393 354 1501 387 Scripta:
1517 354 1628 380 fuerint.
1643 353 1743 380 Verum

125 403 182 430 Inec
200 404 351 438 desumpsit
366 413 398 431 ex
416 409 531 432 auclore
544 404 706 439 Synopseos,
738 411 800 438 qua:
814 410 911 437 magno
925 401 1012 428 cidem
1029 401 1180 427 Athanasio
1194 400 1335 426 tribuitur.
1348 400 1413 441 Quae
1427 406 1490 426 vero
1503 399 1536 425 de
1553 397 1696 427 Psalterio.
1716 397 1751 424 de

125 451 187 483 ode,
212 452 245 479 de
265 452 459 486 diapsalmate.
493 453 525 478 de
552 453 658 479 caeteris
678 451 803 479 edisserit
818 451 844 477 in
865 449 998 484 promtnio
1019 448 1185 483 Zigabeuus,
1199 455 1242 478 ea.
1258 454 1287 474 ut
1303 449 1355 474 alia
1376 447 1529 481 complura,
1546 445 1688 476 αὺτολεξεὶ
1702 446 1751 471 dc-

127 497 262 531 prompsit
277 505 308 524 ex
324 497 434 525 Eusebii
448 497 581 531 Pamphili
592 501 764 532 argumento,
783 497 950 531 reliquisque
963 495 1168 521 commentariis
1186 494 1212 520 in
1228 494 1357 521 l’sahnos.
1377 493 1510 526 Quoniam
1527 497 1616 518 autem
1630 491 1657 517 in
1676 491 1751 517 hunc

124 543 213 570 locum
237 544 394 575 incidimus,
413 551 503 577 opera:
518 544 633 578 pretium
650 544 778 571 ducimus
798 543 840 569 hic
866 542 998 569 exhibere
1018 541 1171 576 argumenti
1203 541 1289 574 ipsius
1306 540 1425 571 initium,
1440 537 1513 573 quod
1529 537 1555 564 in
1572 537 1751 565 celeberrima

124 590 272 616 clarissimi
295 589 493 617 Montfauconii
517 589 638 616 editione
662 588 844 616 desideratur.
869 587 896 613 ld
924 591 1014 614 autem
1038 586 1235 620 exscripsimus
1249 593 1279 612 cx
1298 586 1484 626 vetustissimo
1497 587 1592 613 codice
1615 582 1750 612 Bcrttardi

124 634 315 666 Nani,.Veneti
330 636 477 666 senatoris,
491 643 578 670 nuper
603 634 681 669 (pl‘Oii
697 634 775 661 dolor
788 634 795 660 l
807 634 815 668 )
827 633 883 660 fato
903 633 1000 663 functi.
1033 633 1067 660 de
1085 640 1114 659 rc
1126 632 1257 659 litteraria
1277 632 1380 666 optime
1397 631 1497 663 meriti,
1513 633 1559 667 qui
1576 639 1636 659 cum
1651 631 1753 658 multos

125 680 246 714 undique
261 679 371 707 codices
390 679 584 714 conquisissct,
598 686 680 714 opera
699 677 792 705 Jacobi
806 678 910 709 fratris,
926 677 1029 704 strenui
1045 677 1106 710 viri,
1123 677 1230 704 navium
1247 677 1377 711 praefecti,
1391 684 1438 703 eos
1456 677 1532 710 mihi,
1552 682 1680 711 tanquam
1694 685 1749 704 rem

126 734 226 756 meam.
241 726 356 754 utendos
373 726 571 754 humanissime
584 727 730 754 concessit.
751 726 788 752 Ex
802 726 844 753 his
868 726 959 762 itaque
972 726 1123 759 codicibus,
1143 726 1188 760 qui
1200 732 1315 752 numero
1334 723 1430 751 XXXII
1445 729 1565 759 notatur,
1582 725 1622 753 sic
1640 724 1751 753 Eusebii

125 778 315 807 argumentum
331 773 356 799 in
370 772 491 801 Psalmos
504 773 614 801 exhibet
627 781 633 798 :

633 820 790 852 Ὑπόθεσις
807 819 954 846 Εὐσεσίου
969 820 1014 851 εἰς
1028 819 1059 846 τὸ
1075 819 1247 854 mdo-cauta.

161 863 295 896 Πολλάκις
309 864 430 900 ζητήσας
439 867 488 902 τὴν
499 867 589 893 αἰτίαν
599 866 645 893 τοῦ
659 867 859 901 ἐπιγράφεσθαι
877 866 979 902 μεταξύ
994 875 1075 893 τινων
1088 866 1205 900 ψαλμῶν
1217 865 1369 900 διάψαλμα,
1380 864 1493 900 ὕστερον
1508 866 1710 900 παρατηρήσας
1721 866 1751 892 ἐν

123 909 162 944 τῷ
181 909 329 945 Ἑϐραῖκῷ,
346 912 394 938 καὶ
412 912 594 944 συνεξετάης
610 913 684 947 αὐτῷ
697 913 727 938 τὸ
749 912 916 947 Ἑλληνικὸν,
930 910 1019 947 εὖρον,
1036 912 1152 938 ὃτιὸπου
1177 912 1317 947 Ἐϐραϊστὶ
1331 911 1386 943 σὲλ,
1412 911 1563 946 Ἑλληνιστὶ
1575 911 1603 937 δὲ
1619 911 1674 942 ἀεὶ,
1689 913 1751 946 ἦτοι

123 957 238 991 τοιούτῳ
252 958 442 993 ἰσοδυναμοῦν,
457 960 515 985 ἐκεῖ
525 960 549 985 οἱ
564 957 602 992 0',
615 959 662 986 καὶ
675 959 834 991 Θεοόοτιων,
845 960 892 985 καὶ
905 958 1053 994 Σύμμαχος
1064 959 1162 991 ἔταξαν
1176 959 1207 984 τὸ
1217 958 1369 993 ὁιάψαλμα.
1387 957 1530 992 Ἐγραψαν
1545 957 1635 984 τοίνυν
1648 958 1678 984 τὺ
1692 958 1752 985 διά-

123 1004 220 1038 ψαλμα
235 1013 262 1031 κ.
281 1014 308 1032 τ.
329 1006 354 1032 λ.

165 1050 228 1077 lltec
242 1051 323 1079 divus
341 1051 524 1088 Hieronymus
538 1052 574 1087 (ι)
593 1053 629 1080 ita
643 1052 740 1079 Latine
755 1052 884 1078 reddidit.

165 1105 173 1121 ι
194 1095 270 1130 Smpe
286 1105 410 1131 quaerens
426 1105 535 1130 causas,
554 1106 602 1124 cur
615 1098 641 1124 in
655 1097 819 1132 quibusdam
849 1097 960 1132 psalmis
983 1098 1172 1131 interponatur
1189 1097 1352 1131 diapsalma,
1384 1098 1525 1125 observavi
1545 1097 1750 1132 diligentissime

125 1141 152 1167 iu
189 1140 312 1174 llebrmo,
332 1147 358 1170 et
388 1150 450 1170 cum
477 1141 574 1170 Grmco
604 1144 718 1175 contuli,
751 1143 897 1177 iuvenique
920 1145 984 1178 quia
1009 1143 1054 1170 ubi
1072 1143 1162 1178 lingua
1182 1144 1294 1170 Hebraea
1316 1143 1378 1170 Scia
1393 1145 1454 1179 (ius.
1472 1144 1526 1177 Sel)
1554 1145 1643 1176 habet,
1658 1145 1753 1171 (ἱππί-,ι

126 1195 192 1213 vero
217 1196 328 1221 semper,
353 1193 399 1215 aut
427 1188 528 1223 aliquid
548 1188 713 1220 istiusmodi,
737 1188 772 1215 ibi
796 1188 985 1223 Septuaginta,
1004 1188 1222 1221 ctTheodutinn,
1240 1194 1267 1216 et
1283 1189 1464 1224 Symmachus
1479 1190 1676 1216 transtulerunt
1694 1191 1750 1215 dia-

125 1234 238 1267 psalmn.
251 1244 260 1260 ι
792 1256 796 1262 ι

164 1281 224 1308 Haec
243 1283 388 1312 Eusebius.
403 1283 436 1309 ab
452 1282 568 1318 Origene
583 1286 723 1310 mutuatus
737 1282 770 1308 ad
785 1281 909 1308 verbum.
923 1281 951 1308 id
968 1287 1058 1308 autem
1074 1281 1256 1310 libentissime
1279 1282 1388 1315 damus,
1408 1290 1495 1318 eoque
1515 1283 1595 1310 etiam
1614 1283 1752 1312 libentius,

127 1330 199 1362 quod
216 1328 323 1356 Eusebii
343 1330 452 1356 nomine
468 1329 738 1363 nondumvulgalum
759 1332 811 1360 est,
831 1328 958 1362 quodque
970 1332 1026 1354 tum
1049 1326 1178 1360 Eusebio,
1199 1332 1255 1354 ttmt
1279 1328 1438 1364 Euthymio,
1455 1333 1511 1356 tum
1528 1330 1609 1356 etiam
1632 1329 1753 1366 Origeni.

129 1373 202 1399 unde
215 1379 353 1407 sumptum
374 1378 426 1406 est,
447 1374 610 1401 illustrando
637 1374 783 1408 plurimum
800 1373 917 1400 confert.
931 1372 968 1399 Ex
985 1372 1027 1400 his
1044 1373 1127 1407 igitur
1153 1374 1281 1401 omnibus
1300 1374 1391 1401 hausit
1409 1374 1574 1408 Zigabeuus,
1601 1383 1650 1401 nec
1665 1384 1695 1402 ex
1711 1377 1754 1401 his

128 1419 228 1451 Solum,
246 1419 292 1446 sed
310 1419 391 1445 etiam
409 1427 441 1446 ex
463 1419 535 1450 aliis,
551 1425 668 1453 quorum
684 1425 766 1452 opera
784 1423 831 1444 aut
858 1418 1067 1449 interciderunt,
1084 1423 1130 1444 aut
1145 1418 1170 1444 in
1192 1418 1364 1446 bibliothecis
1380 1421 1566 1454 manuscripts
1579 1420 1754 1448 delitescit”.

133 1465 213 1500 Lege,
236 1465 257 1491 si
274 1466 373 1499 placet.
389 1464 515 1499 Origenis
528 1464 672 1499 Excgetiea
687 1465 713 1490 in
730 1463 864 1492 Psalmos.
882 1471 1012 1497 percurre
1028 1463 1365 1497 Basiliiﬁommentarios,
1382 1466 1492 1492 revolvc
1509 1465 1637 1501 llesychii
1657 1466 1754 1493 "it‘l‘ti-

129 1512 286 1547 solymitani
305 1511 433 1543 Scholia;
449 1511 492 1538 adi
508 1511 538 1538 S.
553 1511 687 1538 Joannem
703 1510 940 1545 Chrysostomum,
961 1509 988 1536 S.
1009 1509 1139 1545 Cyrillum
1156 1510 1383 1544 Alexandrinum,
1399 1515 1512 1538 caeteros
1525 1511 1551 1538 iu
1571 1513 1660 1539 aureis
1673 1513 1754 1539 (Zatc-

130 1560 173 1586 nis
191 1559 386 1593 manuscriptis
403 1559 503 1586 Graecae
518 1558 548 1585 D.
565 1558 647 1585 Marci
667 1557 848 1588 bibliothectc,
864 1564 896 1583 es
913 1556 1011 1591 quibus
1025 1557 1152 1584 omnibus
1169 1557 1252 1584 multa
1269 1557 1436 1593 Zigabeuuut
1454 1558 1660 1594 dcproutpsisse
1674 1568 1754 1586 com—

130 1605 229 1640 pcries.
244 1604 311 1631 Cum
329 1605 421 1639 itaque
430 1603 658 1638 praestantissimo
673 1603 783 1638 ingenio
795 1602 1001 1636 sitZigabenus,
1015 1609 1077 1628 cum
1092 1609 1123 1628 ex
1139 1603 1249 1636 optimis
1267 1603 1325 1638 ipse
1337 1603 1459 1631 fontibus
1478 1604 1610 1635 hauserit,
1627 1606 1755 1639 Origene,

128 1650 291 1682 Athanasio,
305 1650 414 1677 Basilio.
429 1649 637 1685 Chrysostomo.
653 1649 799 1684 llesychio,
817 1648 926 1675 caeteris
943 1656 951 1674 :
979 1655 1071 1678 nemo,
1087 1648 1196 1682 opinor,
1210 1649 1328 1683 amplius
1346 1650 1501 1683 mirabitur,
1518 1651 1591 1684 quod
1608 1656 1660 1678 tam
1675 1660 1753 1685 egre-

129 1695 173 1729 gia
191 1695 247 1721 sint
261 1696 322 1728 ejus
339 1694 542 1722 Commentaria
559 1694 586 1721 in
604 1694 739 1725 Psalmos,
756 1693 884 1729 quodque
905 1694 971 1721 viris
985 1696 1102 1723 eruditis
1131 1701 1273 1731 tantopere
1286 1704 1395 1731 semper
1408 1697 1572 1731 placuerint.
1589 1697 1665 1729 Quod
1692 1706 1753 1724 (‘Ilnt

128 1743 166 1769 ita
179 1743 224 1774 sit,
251 1747 422 1778 pergratum,
451 1742 560 1777 opinor,
579 1749 683 1777 perque
697 1743 848 1777 jucundum
865 1743 994 1771 omnibus
1009 1744 1062 1771 erit
1080 1744 1106 1771 id
1125 1751 1205 1778 opus,
1223 1744 1295 1778 quod
1312 1743 1364 1776 ipsi
1383 1745 1463 1778 primi
1480 1744 1575 1772 Graece
1590 1745 1699 1777 damus,
1716 1753 1747 1771 ea

130 1794 228 1822 nempe
246 1788 348 1823 lingua,
363 1795 415 1823 qtta
432 1792 529 1815 auctor
546 1788 591 1815 hic
605 1788 723 1815 eximius
741 1788 916 1822 conscripsit.
935 1788 1024 1823 [Equo
1039 1789 1124 1824 igitur
1143 1789 1235 1816 animo
1249 1789 1312 1820 viri.
1331 1793 1466 1824 quotquot
1490 1791 1557 1818 estis
1573 1791 1598 1817 in
1614 1791 1681 1818 orbe
1698 1796 1754 1818 ter-

129 1842 223 1862 rarum
240 1834 354 1866 eruditi,
366 1835 460 1862 isthmc
473 1834 581 1869 egregia
600 1838 655 1861 tum
669 1833 876 1869 Theophylacti,
894 1839 950 1862 tum
967 1835 1095 1870 Zigabeni
1112 1843 1205 1870 opera.
1219 1843 1279 1870 qua:
1293 1837 1413 1863 nondum
1426 1835 1667 1871 lucem_vidcrunt,
1680 1838 1755 1863 exci—

131 1882 199 1917 pile.

169 1927 265 1955 Verum
281 1932 425 1962 antequam
443 1926 551 1962 prmfari
567 1927 676 1960 desino,
693 1935 775 1954 unum
789 1927 880 1954 adhuc
895 1935 1003 1958 moneo,
1020 1936 1117 1963 nempe
1128 1928 1360 1956 Commentarium
1373 1929 1400 1955 in
1414 1928 1548 1961 Psalmos,
1561 1929 1608 1963 qui
1628 1928 1655 1955 in
1673 1929 1754 1956 Cata-

135 1975 197 2009 logo
215 1975 346 2002 librorum
372 1978 399 2002 et
414 1974 665 2009 tuanuscriptorum
681 1975 852 2002 bibliotltecm
865 1974 1133 2009 Regio-Parisieusis
1155 1974 1359 2011 Theophylacto
1378 1980 1474 2002 nostro
1489 1975 1663 2007 inscribitur,
1681 1975 1755 2002 hunc

130 2022 256 2048 eumdem
282 2028 354 2052 esse,
381 2027 461 2054 quem
490 2020 533 2047 hic
563 2020 682 2050 edimus.
700 2019 838 2054 Euthymii
857 2019 997 2054 Zigabcni,
1013 2027 1149 2055 quemque
1169 2027 1241 2054 stepe
1253 2019 1366 2047 Parisiis
1384 2019 1561 2054 promissum,
1578 2024 1604 2047 et
1620 2019 1755 2052 nondum,

128 2075 191 2095 cum
207 2067 304 2094 tertius
318 2066 446 2093 ederetur
457 2069 559 2098 tomus,
575 2073 588 2091 a
606 2065 685 2092 nobis
700 2069 842 2100 acceptum
860 2065 956 2097 fuisse,
972 2068 1078 2092 monuit
1092 2066 1139 2101 qui
1153 2066 1180 2092 in
1196 2066 1284 2100 ipsum
1300 2065 1430 2100 praefatus
1447 2069 1488 2092 est
1502 2069 1569 2092 sect.
1587 2064 1657 2092 Xlll.
1676 2064 1759 2092 Scili—

128 2118 173 2140 cet
188 2121 219 2140 ea
249 2112 391 2148 inscriptio
414 2119 463 2138 nos
482 2112 509 2138 in
525 2119 601 2146 spem
619 2115 754 2142 erexerat,
772 2115 880 2138 exstare
904 2112 1021 2146 aliquem
1039 2112 1237 2147 Theophylacti
1253 2112 1278 2138 in
1304 2111 1429 2139 Psahnos
1442 2111 1686 2142 Commentarium.
1701 2119 1758 2145 quo

129 2161 206 2186 istaec
231 2160 316 2186 editio
332 2163 428 2186 nostra
460 2162 554 2193 posset
579 2158 742 2192 locupletari
761 2163 843 2192 atque
869 2159 1012 2192 compleri.
1032 2158 1122 2191 Quare
1139 2159 1244 2185 nullum
1260 2166 1313 2185 non
1330 2159 1450 2193 lapidem
1467 2159 1614 2191 movimus,
1638 2163 1666 2185 ut
1679 2159 1756 2187 illius

128 2209 272 2240 compotes
284 2205 423 2233 lieremus.
443 2204 543 2232 Verum
560 2212 634 2238 cum,
651 2205 738 2232 multo
755 2205 895 2239 insmnpto
920 2208 1043 2237 tempore
1063 2213 1095 2232 ac
1124 2205 1228 2238 labore,
1242 2205 1351 2232 tandem
1368 2205 1442 2232 illius
1458 2205 1552 2240 primrc
1569 2206 1673 2240 pagina:
1689 2212 1756 2239 apo-

129 2253 263 2286 graphum
278 2251 311 2278 ad
333 2259 382 2278 nos
395 2251 528 2286 perlatum
543 2251 782 2284 esset,collatione
795 2250 865 2277 facta
883 2253 1079 2286 comperimus,
1095 2260 1127 2279 co
1140 2252 1233 2279 codice
1245 2259 1298 2278 non
1314 2252 1388 2280 aliud
1404 2253 1552 2283 contineri,
1571 2253 1624 2280 nisi
1647 2257 1755 2280 textum

128 2296 264 2329 Graecum,
281 2305 399 2332 eumque
412 2298 556 2330 iucditutn,
573 2297 769 2325 Counnentarii
787 2296 925 2333 Euthymii
949 2298 1048 2332 saepius
1064 2298 1120 2332 jam
1137 2297 1234 2325 Latine
1251 2299 1329 2326 editi.
1351 2298 1420 2331 Quid
1434 2299 1625 2326 doctissimum
1643 2300 1712 2326 alias
1728 2304 1759 2326 et

129 2345 340 2373 solertissimum
351 2346 473 2381 pradicti
493 2345 619 2381 Catalogi
635 2349 775 2373 auctorem
792 2345 819 2372 in
833 2353 954 2373 errorem
974 2346 1126 2378 induxerit,
1155 2351 1184 2373 ut
1201 2347 1274 2374 hunc
1299 2346 1534 2375 Commentarium
1547 2347 1758 2382 Thcophylnetu

129 2391 276 2424 tribueret,
293 2399 344 2420 nec
360 2391 486 2419 divinare
502 2399 660 2427 possunms,
674 2400 760 2427 neque
774 2392 799 2419 id
815 2393 968 2428 disquirere
983 2397 1077 2420 nostra
1090 2393 1212 2420 interest.
1229 2393 1284 2420 Hoc
1298 2400 1388 2420 tamen
1403 2402 1514 2421 monere
1528 2401 1618 2428 operm
1634 2394 1755 2427 pretium

128 2439 271 2470 duximus,
286 2447 319 2466 ne
334 2439 397 2474 quis
413 2439 539 2466 eumdem
553 2439 710 2475 (Iatalogum
727 2447 904 2475 percurrens,
929 2443 1014 2475 atque
1038 2440 1270 2467 Conniientarinm
1293 2441 1318 2467 in
1342 2440 1464 2468 l‘salntos
1487 2440 1695 2475 Thcophylaclo
1715 2441 1756 2467 iu-

129 2484 262 2519 scriptum
284 2485 467 2519 comperiens,
484 2493 600 2519 eumque
617 2485 642 2512 in
661 2486 783 2512 editione
813 2492 907 2512 nosua
926 2493 979 2512 non
1001 2486 1107 2519 videns,
1124 2491 1150 2513 et
1171 2487 1239 2513 hanc
1253 2491 1281 2513 ut
1301 2487 1489 2522 imperfectum
1516 2487 1622 2514 minore
1641 2487 1755 2514 haberet

128 2530 156 2556 in
175 2531 273 2564 pretio,
286 2535 312 2557 et
327 2538 375 2558 nos
389 2538 438 2557 ceu
457 2530 482 2557 in
501 2531 693 2566 perquirendis
708 2531 924 2566 colligendisque
955 2532 1077 2567 ejusdem
1094 2532 1292 2568 'l‘heuphyiacti
1312 2533 1440 2567 operibus
1459 2533 1550 2561 minus
1567 2538 1711 2560 accuratus
1723 2540 1756 2559 ac

128 2576 242 2604 desides
257 2577 471 2604 condemnaret.

167 2671 206 2708 (ᾳ)
220 2671 435 2708 AComainii’sal.
454 2671 488 2708 ad
502 2679 563 2708 cum
583 2672 685 2708 locum.
1003 2672 1038 2707 (c)
1055 2672 1104 2707 Ep.
1116 2672 1150 2699 ad
1166 2672 1274 2701 Marccl.
1291 2673 1322 2700 T.
1341 2672 1350 2699 Ι
1365 2673 1430 2700 edit.
1447 2672 1583 2707 Vallarsii,
1599 2681 1625 2708 p.
1642 2673 1703 2701 133.

163 2707 202 2742 (b)
215 2706 291 2733 Com.
308 2707 335 2733 in
350 2707 421 2734 Psal.
434 2706 468 2733 ad
485 2707 576 2734 eumd.
590 2707 688 2734 locum.
