1893 3068
162 153 196 182 39
845 150 1142 180 PROLEGOMENA.
1761 146 1799 178 40

704 295 952 340 PAULINI
993 295 1251 340 TUBCHII

341 394 538 425 EPISTOLA
572 393 883 424 NUNCUPATORIA
911 393 965 423 AD
988 393 1235 424 CLEMENTEM
1273 395 1479 425 SEPTIMUM
1519 397 1553 427 Ρ.
1575 397 1614 427 Μ.

737 472 883 507 Ιίᾶίιίοηί
905 476 1025 507 Latina:
1044 477 1218 517 prtemissa.

196 654 243 681 Illi
260 653 401 688 imprimis,
418 651 496 678 Pater
513 650 672 682 beatissime,
688 649 760 677 omni
775 650 871 676 honore
885 651 1136 685 suntprosequendi,
1149 650 1194 686 qui
1207 650 1293 676 divino
1307 649 1423 677 Numine
1438 644 1530 686 afflati,
1547 655 1572 677 et
1588 652 1688 685 proprii
1702 651 1805 687 ingenii

162 701 358 731 exercitatione,
376 699 465 725 divina
482 697 557 724 nobis
573 696 678 723 tradere
692 702 850 723 curaverunt
871 705 880 722 :
895 697 987 731 quales
1004 696 1118 731 Moyses,
1137 697 1234 729 David,
1252 695 1350 729 Isaias,
1371 695 1486 727 Paulus,
1507 705 1538 724 ac
1550 698 1639 724 ca’teri
1657 699 1803 725 canonico-

162 755 219 774 rum
237 745 366 772 librarum
380 744 521 777 scriptores
539 751 548 770 :
567 751 582 769 α
602 743 695 778 quibus
712 751 763 769 non
778 743 853 777 longe
871 742 966 769 absunt
982 742 1030 769 alii
1047 742 1248 776 quamplurimi,
1264 743 1308 776 qui
1323 742 1413 769 eodem
1434 743 1520 769 edocti
1547 742 1661 778 Spiritu,
1677 753 1737 779 quw
1752 753 1803 779 per

161 794 223 820 illos
242 792 343 818 tradita
374 795 446 822 sunt,
461 798 509 824 pro
521 790 637 817 hominis
655 795 733 824 captu
747 790 891 822 intellecta,
908 795 937 816 ut
949 790 1011 817 aliis
1027 799 1127 825 quoque
1144 795 1228 817 essent
1245 791 1345 824 pervia,
1366 799 1413 817 suo
1428 791 1531 825 ingenio
1546 796 1570 817 et
1589 790 1723 819 laboribus
1737 794 1804 827 effe-

169 847 228 866 cere
245 847 254 866 .'
272 847 317 865 cm
338 838 494 873 Dionysius,
508 838 682 868 Athanasius,
704 837 832 869 Basilius,
849 836 1062 872 Chrysostomus,
1079 836 1206 871 mullique
1221 837 1280 867 alii,
1296 838 1341 872 qui
1358 837 1418 864 vita:
1434 845 1465 863 ac
1481 846 1584 864 morum
1598 839 1742 865 sanctitate
1759 839 1805 865 in-

161 885 257 918 signes,
273 890 296 910 et
316 883 521 917 incomparabili
535 882 657 909 doctrina
675 881 823 916 conspicui,
842 882 947 908 eximiis
960 881 1122 913 actionibus,
1134 881 1322 908 eruditissimis
1342 881 1416 909 libris
1428 891 1444 908 a
1457 891 1483 909 se
1498 884 1655 916 conscriptis
1668 883 1805 911 Christia—

162 938 223 956 nam
247 938 330 964 retnp.
350 929 532 956 illustrarunt.
547 929 567 955 A
588 936 699 963 quorum
717 927 827 955 lectione
851 936 977 959 cessasse,
993 932 1017 954 et
1032 928 1138 954 monitis
1153 927 1299 959 recessisse,
1316 927 1448 954 malorum
1461 929 1577 955 omnium
1592 930 1699 956 occasio
1727 929 1805 956 nobis

163 979 228 1012 fuit.
247 978 317 1005 Hinc
333 978 402 1004 enim
431 978 563 1004 innumeri
583 985 686 1004 errores
701 980 725 1003 et
741 977 863 1009 lta'reses,
882 977 942 1003 hinc
958 977 1017 1003 vitcc
1036 976 1180 1011 neglectus,
1199 980 1362 1010 contemptus
1375 977 1514 1007 virtutum.
1526 979 1651 1005 vitiorum
1668 979 1805 1013 tyrannis,

163 1027 274 1053 initium
291 1026 394 1060 pariter
409 1029 434 1052 et
450 1026 639 1052 incrementum
653 1032 798 1058 sumpsere.
811 1024 876 1058 Quis
888 1025 959 1052 enim
974 1024 1067 1050 horum
1077 1024 1182 1050 lectioni
1198 1025 1450 1058 attentius.vacans,
1466 1025 1492 1051 in
1505 1025 1558 1058 ﬁde
1575 1031 1646 1053 recta
1660 1035 1692 1053 ac
1706 1027 1806 1059 pietate

163 1082 214 1101 non
242 1074 375 1109 proﬁciat,
399 1073 516 1100 animum
532 1075 613 1104 colat,
629 1074 791 1100 charitatem
807 1078 994 1108 prosequatur,
1015 1072 1241 1104 misericordiam,
1267 1073 1466 1106 liberalitatem,
1485 1074 1622 1108 justitiam
1639 1081 1806 1110 ceterasque

162 1124 271 1150 virtutes
290 1124 303 1150 7
317 1122 465 1149 Avaritiam
480 1130 550 1156 vero,
568 1122 708 1154 invidiam,
727 1121 875 1154 luxuriam,
891 1121 1073 1152 iracundiam,
1088 1120 1207 1155 aliosque
1217 1120 1376 1154 ~hujusmodi
1391 1123 1476 1149 animi
1497 1125 1603 1151 morbos
1619 1125 1702 1151 multo
1716 1125 1805 1160 magis

163 1176 243 1201 quam
258 1173 390 1202 serpentes
406 1176 436 1194 ac
448 1172 558 1195 mortem
576 1167 688 1203 fugiatl?
704 1167 761 1199 Quo
777 1167 818 1200 ﬁt,
836 1172 865 1193 ut
881 1167 989 1194 credam
1007 1166 1074 1193 nihil
1092 1168 1184 1195 utilius
1200 1167 1362 1196 Christiania
1380 1168 1446 1202 reip.
1464 1168 1556 1202 afferri
1575 1177 1661 1203 posse,
1677 1178 1758 1205 quam
1774 1175 1807 1197 ut

164 1207 183 1239 li
197 1213 272 1240 nobis
290 1214 448 1246 reddantur,
476 1221 522 1248 per
548 1221 613 1248 quos
627 1213 690 1240 olim
707 1213 755 1240 Dei
772 1212 998 1243 Ecclesia,etiam
1013 1212 1081 1240 inter
1101 1214 1243 1241 acerrimas
1262 1214 1440 1246 adversarios,
1458 1214 1566 1247 pietatis
1585 1215 1719 1248 doctrina,
1743 1215 1807 1242 vim

164 1259 266 1285 meritis
279 1263 303 1286 et
319 1267 427 1286 nutriere
448 1259 559 1285 crevisse
574 1258 752 1293 dignoscitur.
771 1257 848 1294 Quod
863 1266 926 1284 sane
939 1259 1042 1285 utinam
1059 1258 1223 1286 attenderem
1241 1259 1318 1286 multi
1340 1263 1491 1286 nostrorum
1508 1264 1665 1294 temporum,
1690 1261 1735 1296 qui
1753 1261 1805 1287 hoc

165 1305 248 1340 oﬂicio
267 1305 432 1332 commodius
453 1305 528 1340 fungi
543 1309 668 1338 possent:
683 1303 842 1338 mallentque
857 1304 950 1330 horum
963 1305 1090 1338 vertendo
1105 1305 1199 1338 libros,
1221 1305 1333 1339 publicw
1350 1305 1462 1332 utilitati
1483 1306 1630 1338 consulere,
1643 1315 1722 1342 quam
1738 1315 1806 1342 pro-

163 1361 224 1387 pria
236 1359 331 1380 temere
346 1352 517 1388 effundenda,
529 1353 641 1386 privata:
653 1352 746 1386 gloria:
762 1353 910 1379 deservire!
924 1353 944 1379 A
959 1361 1072 1387 quorum
1087 1354 1205 1388 profecto
1221 1353 1333 1381 consilio
1347 1353 1423 1388 longe
1435 1353 1525 1381 aberat
1535 1353 1672 1387 Philippus
1689 1354 1807 1387 Saulus,

164 1399 302 1434 episcopus
331 1398 536 1434 Brugnatensis,
553 1399 594 1425 vir
613 1405 678 1425 sane
693 1398 787 1431 priscis
801 1398 856 1424 illis
880 1399 1019 1430 Patribus,
1038 1400 1166 1426 rirtutum
1185 1404 1279 1426 ornatu
1295 1403 1319 1426 et
1344 1408 1483 1427 sacrarum
1512 1399 1676 1427 Litterarum
1702 1401 1809 1433 peritia

168 1447 374 1478 comparandus,
389 1446 435 1480 qui
455 1445 515 1472 huic
536 1445 713 1472 saluberrimo
725 1445 847 1472 instituto
861 1454 941 1481 quam
955 1447 1070 1474 maxime
1090 1447 1208 1474 intentus
1223 1451 1293 1474 erat.
1311 1446 1383 1474 Nam
1406 1447 1429 1474 si
1444 1455 1509 1482 quos
1529 1447 1590 1474 huic
1605 1448 1677 1481 operi
1693 1447 1808 1475 idoneus

167 1496 261 1518 nactus
285 1497 365 1524 esset,
383 1491 530 1524 excitabat,
548 1492 681 1524 monebat,
700 1492 822 1528 rogabat,
845 1497 869 1519 et
889 1493 983 1528 quibus
998 1498 1084 1527 posset
1105 1494 1190 1521 modis
1215 1494 1249 1520 ad
1268 1494 1317 1521 hoc
1337 1494 1493 1527 compellere
1509 1502 1560 1521 non
1575 1494 1726 1521 omittebat.
1741 1493 1808 1528 Ipse

165 1547 225 1566 vero
237 1543 312 1565 tanto
332 1538 412 1572 hujus
427 1538 465 1565 rei
480 1539 568 1565 studio
587 1538 738 1570 tenebatur,
755 1545 783 1565 ut
803 1539 859 1566 dies
876 1548 906 1565 ac
931 1544 1019 1566 noctes
1037 1548 1141 1567 summa
1156 1549 1214 1567 cum
1229 1541 1363 1574 voluptate
1389 1540 1416 1566 in
1438 1540 1486 1566 hoc
1511 1540 1666 1567 insumeret.
1687 1539 1726 1568 Ab
1755 1541 1809 1568 hoc

166 1585 282 1620 profecto
303 1584 402 1619 optimo
425 1585 480 1611 viro
504 1584 584 1619 plura
606 1589 631 1611 et
651 1585 756 1620 egregia
771 1592 878 1618 sperare
891 1589 1056 1619 poteramus,
1077 1585 1129 1613 nisi
1145 1586 1235 1613 diuina
1252 1585 1424 1613 Providentia
1437 1585 1513 1612 illum
1528 1594 1544 1612 a
1560 1586 1634 1612 nobis
1654 1592 1807 1620 avocasset,

167 1633 323 1666 felicitatem
338 1632 378 1659 illi
400 1632 409 1667 (
426 1637 454 1658 ut
470 1633 563 1659 merito
582 1640 721 1666 speramus
743 1632 752 1667 )
774 1638 841 1659 recte
858 1637 988 1660 anteactw
1000 1634 1059 1660 vitze
1074 1634 1212 1667 prtemium
1225 1634 1334 1669 benigne
1355 1633 1504 1667 conferens,
1522 1634 1597 1661 nobis
1614 1641 1674 1660 vero
1690 1638 1808 1668 paterna

165 1679 306 1706 clementia
328 1678 367 1713 (ut
384 1678 459 1713 puto)
476 1679 627 1714 indulgens,
639 1687 671 1705 ne
689 1679 805 1706 acriores
818 1679 883 1705 dare
896 1686 986 1713 poenas
1004 1685 1102 1707 nostra:
1122 1682 1234 1715 ignavia
1253 1690 1417 1718 cogeremur,
1434 1685 1479 1720 qui
1494 1683 1563 1710 tanti
1581 1683 1632 1710 viri
1647 1684 1767 1719 exemplo
1781 1687 1810 1710 et

166 1725 275 1753 monitis
292 1725 379 1752 minus
398 1725 595 1760 proﬁceremus.
620 1727 671 1752 Hic
686 1725 897 1760 elegantissimos
919 1727 1123 1754 commentarios
1152 1727 1288 1763 Eutltgmii
1315 1731 1447 1764 monachi,
1475 1731 1569 1758 Patris
1589 1732 1752 1759 sanctissimi
1780 1734 1810 1758 et

169 1770 359 1802 eruditissimi,
372 1779 456 1805 nuper
467 1770 578 1797 Latinas
592 1770 703 1804 fecerat,
719 1779 786 1804 puro
802 1770 908 1806 quidem
922 1779 954 1797 ac
966 1771 1083 1805 simplici
1098 1772 1202 1800 dicendi
1217 1782 1319 1809 genere,
1336 1784 1401 1810 quos
1419 1777 1566 1803 immatura
1588 1783 1672 1803 morte
1688 1784 1811 1810 preuen-

168 1823 221 1848 sus,
238 1817 266 1843 in
284 1816 368 1843 lucem
382 1815 457 1843 edere
472 1824 525 1843 non
541 1816 638 1850 potuit.
654 1815 709 1851 Ego
724 1824 794 1848 vero,
812 1817 856 1851 qui
874 1816 930 1851 ejus
946 1816 1076 1845 doctrinae
1094 1826 1124 1845 ac
1140 1820 1296 1847 sanctitatis
1314 1822 1387 1848 testis
1403 1821 1505 1848 diutius
1521 1821 1637 1856 fueram,
1653 1821 1811 1848 studiorum

167 1873 264 1897 comes,
285 1865 457 1892 consiliorum
473 1865 610 1897 conscius,
631 1865 716 1893 nimia
732 1865 815 1899 ipsius
831 1864 998 1893 humanitate
1010 1875 1115 1894 summa
1129 1867 1172 1894 illi
1188 1870 1379 1897 necessitudine
1391 1871 1545 1898 devinctus:
1562 1871 1624 1898 talis
1647 1871 1736 1902 amici,
1752 1879 1811 1905 quo

168 1912 301 1938 meliorem
320 1919 351 1938 ne
365 1910 517 1938 desiderare
529 1911 635 1946 quidem
652 1910 759 1951 licebat,
773 1916 827 1937 tam
843 1917 950 1938 sanctos
966 1911 1069 1939 labores
1086 1912 1216 1947 deperire,
1227 1923 1273 1941 nos
1291 1923 1351 1942 vero
1366 1920 1440 1943 tanto
1453 1916 1579 1944 thesauro
1591 1917 1717 1951 fraudari
1729 1924 1811 1951 aqua

168 1959 258 1986 animo
269 1958 338 1992 ferre
358 1966 410 1985 non
421 1963 552 1993 poteram.
577 1957 702 1985 Conveni
722 1961 761 1985 me
779 1958 862 1993 igitur
887 1958 921 1985 ad
943 1957 1075 1986 Joannem
1102 1960 1268 1994 Matt/neum,
1288 1963 1439 1997 episcopum
1461 1963 1643 1998 Veronensem,
1676 1965 1811 1991 bonorum

169 2005 286 2031 omnium
302 2011 340 2039 tut
358 2005 456 2039 optime
471 2004 552 2037 nosti)
570 2012 651 2039 quam
667 2005 782 2030 maxime
797 2004 958 2038 studiosum,
970 2005 1056 2038 ipsum
1069 2005 1192 2033 hortatus
1211 2008 1313 2042 pariter
1327 2014 1349 2035 et
1367 2014 1502 2042 precatus,
1516 2015 1544 2036 ut
1561 2011 1630 2037 tanti
1648 2010 1711 2037 boni
1727 2011 1808 2038 nobis

169 2056 263 2079 auctor
275 2052 350 2086 ﬁeret
365 2059 375 2078 .'
391 2056 467 2078 ratus
481 2051 550 2085 quod
568 2051 630 2083 erit,
651 2054 678 2076 ut
694 2050 742 2078 hoc
758 2055 836 2084 pacto
851 2051 930 2077 amici
946 2050 1065 2084 defuncti
1085 2057 1185 2079 sanctae
1205 2055 1351 2085 memorias,
1366 2059 1389 2080 et
1409 2055 1517 2082 viventis
1527 2055 1610 2090 justas
1629 2057 1752 2088 mercedi,
1781 2061 1811 2084 et

168 2099 303 2126 communi
319 2099 437 2124 omnium
456 2098 583 2124 bonorum
600 2096 714 2123 utilitati
730 2104 808 2130 quam
820 2097 916 2131 optime
930 2097 1095 2124 consulatur.
1114 2097 1229 2133 Benigne
1248 2100 1341 2126 annuit
1354 2102 1515 2127 venerandus
1527 2102 1657 2135 pontifex,
1672 2107 1699 2129 ut
1713 2107 1752 2129 est
1768 2102 1811 2129 ad

168 2147 240 2170 recta
254 2143 343 2169 omnia
353 2147 378 2169 et
391 2141 501 2168 honesta
515 2141 605 2168 studia
621 2149 701 2176 quam
715 2141 940 2175 promptissimus,
955 2149 1056 2177 suaque
1066 2143 1326 2178 auctoritate,jussu
1341 2150 1365 2171 et
1379 2145 1504 2177 impensis
1519 2147 1614 2180 effecit,
1629 2153 1657 2175 ut
1673 2148 1811 2182 egregium

168 2190 217 2217 hoc
236 2197 300 2225 opus
315 2196 394 2224 quam
410 2188 508 2223 optime
526 2187 687 2221 dispositum
701 2186 820 2220 prodiret
830 2187 856 2213 in
873 2186 1006 2221 publicum
1020 2195 1028 2213 :
1043 2194 1119 2221 opus,
1131 2188 1251 2222 inquam,
1266 2197 1282 2214 a
1293 2190 1396 2216 nemine
1411 2190 1477 2217 satis
1491 2198 1540 2223 pro
1553 2193 1679 2226 dignitate
1688 2193 1811 2220 laudan-

169 2237 243 2269 dum,
259 2237 282 2263 si
293 2236 385 2263 eximii
399 2235 466 2262 vatis
481 2233 598 2260 divinam
614 2237 726 2259 mentem
740 2238 765 2259 et
780 2232 983 2267 intelligentiam
999 2233 1129 2265 suspicias
1147 2241 1154 2259 :
1172 2234 1196 2260 si
1209 2233 1381 2269 interpretum
1391 2235 1566 2264 eruditionem
1575 2242 1600 2265 et
1608 2238 1700 2271 ﬁdem,
1712 2239 1734 2266 si
1747 2247 1814 2266 εον-

169 2283 279 2311 rectoris
294 2288 317 2309 et
337 2282 449 2316 artiﬁcis
463 2281 588 2316 peritiam
601 2285 626 2307 et
638 2279 803 2315 diligentiam
814 2278 1002 2308 attendas.Cui
1015 2287 1073 2306 vero
1083 2280 1170 2313 aptius
1179 2286 1342 2315 nuncupetur
1350 2290 1428 2316 quam
1443 2283 1525 2315 tibi,si
1541 2285 1580 2311 uel
1592 2286 1646 2319 ipse
1654 2286 1811 2319 respiciaris

170 2329 208 2356 vel
229 2329 271 2356 ille
287 2329 300 2356 2
325 2328 365 2355 Tu
396 2328 467 2355 enim
497 2326 645 2354 Christiani
660 2327 751 2362 populi
764 2331 844 2361 caput
856 2334 882 2354 ss
895 2330 920 2352 et
934 2330 1010 2360 pater
1026 2334 1035 2354 :
1051 2327 1094 2353 cui
1119 2331 1144 2353 et
1166 2327 1295 2362 dignitate
1311 2337 1363 2364 qua
1379 2330 1525 2365 insigniris,
1549 2335 1573 2358 et
1590 2332 1725 2366 probitate
1752 2340 1813 2366 qua

170 2378 267 2413 fulges,
283 2377 351 2403 bona
370 2380 465 2402 cuncta
480 2380 503 2402 et
523 2383 600 2402 sacra
618 2377 713 2403 merito
723 2376 777 2403 sint
792 2375 907 2402 dicanda
919 2382 929 2400 :
947 2382 1007 2400 cum
1023 2376 1155 2409 principue
1170 2375 1294 2403 humana:
1311 2381 1337 2403 et
1357 2377 1453 2404 divina:
1476 2378 1574 2406 litterae
1592 2380 1750 2408 clarissimi:
1763 2381 1814 2414 fa-

170 2426 253 2452 milia:
271 2429 322 2452 tua:
339 2423 465 2451 Mediccce
475 2425 620 2459 plurimum
632 2424 753 2455 debeant,
769 2422 844 2456 cujus
859 2422 992 2456 pram’puo
1007 2422 1094 2449 studio
1109 2428 1134 2450 et
1148 2431 1228 2458 opera
1248 2424 1411 2452 densissimis
1430 2432 1508 2453 antea
1532 2435 1632 2461 pressae
1647 2429 1760 2455 tenebris
1781 2435 1811 2456 et

171 2471 247 2507 quasi
264 2472 384 2506 sepultw,
403 2472 430 2498 in
442 2471 525 2498 lucem
537 2476 599 2498 sunt
614 2471 733 2497 redditm.
747 2468 797 2496 Ille
810 2476 870 2495 vero
886 2469 978 2496 domus
993 2474 1046 2496 tum
1059 2470 1183 2497 alumnus
1198 2475 1235 2497 tot
1249 2472 1380 2506 tantisque
1390 2472 1522 2505 beneﬁciis
1531 2473 1699 2507 esto/fectus,
1715 2479 1744 2501 ut
1759 2484 1813 2503 ne-

171 2507 256 2545 sciam
270 2518 389 2552 magisne
401 2518 435 2544 sit
449 2518 628 2552 perspicuum,
647 2521 692 2542 tua
711 2515 872 2550 benignitate
886 2515 971 2549 ipsum
984 2524 1040 2543 esse
1052 2515 1122 2551 quod
1138 2520 1176 2542 est
1189 2524 1199 2543 :
1215 2524 1248 2543 an
1264 2517 1366 2544 nullum
1379 2518 1497 2544 studium
1518 2518 1558 2544 illi
1574 2519 1728 2552 propensius
1748 2528 1813 2549 esse

171 2571 246 2597 posse
262 2572 339 2598 quam
356 2568 452 2590 cuncta
467 2563 571 2598 efﬁcere
582 2570 641 2597 qua:
656 2561 689 2587 ad
705 2560 818 2587 salutem
830 2564 854 2587 et
865 2560 980 2595 gloriam
994 2565 1068 2588 tuam
1081 2566 1202 2596 spectare
1219 2561 1368 2589 videantur.
1380 2562 1440 2589 Tibi
1450 2563 1533 2597 igitur
1545 2561 1674 2590 Pontilici
1686 2563 1812 2592 Maximo

170 2611 288 2638 divinum
306 2613 353 2638 hoc
370 2619 435 2646 opus
452 2613 572 2638 dicamus
586 2614 612 2637 et
628 2608 775 2641 mittimus,
791 2616 842 2643 quo
857 2614 902 2636 tuo
915 2609 1064 2644 patrocinio
1076 2609 1212 2644 etjudicio
1223 2610 1366 2644 munitum,
1385 2609 1503 2638 securius
1524 2614 1549 2636 et
1561 2609 1669 2638 liberius
1681 2609 1811 2639 omnibus

171 2667 198 2687 se
213 2648 351 2695 legendum
363 2659 495 2687 exhibeat.
524 2657 598 2684 Vale.
