1893 3068
206 101 241 133 ιτ

203 167 230 190 et
248 163 306 198 ipse
321 160 537 188 circumdantem
557 160 721 191 circumdat.
741 167 789 187 nec
806 165 896 187 tamen
910 168 990 188 oeca-
1003 165 1027 194 Α

205 210 310 236 sionem
329 208 436 242 arripit,
455 215 503 234 nec
520 207 584 233 belli
610 206 776 232 solutionem
795 205 921 238 attendit,
937 215 990 234 non

206 254 350 282 ulciscitur
382 254 525 281 initnieum
544 261 550 279 :
567 253 693 287 quinitno
723 252 798 278 illum
820 252 930 286 adjuvat
948 252 992 280 fu-

204 304 282 339 giens
295 310 326 330 ac
344 303 452 332 timens.
478 309 531 328 non
553 304 582 326 ut
596 300 654 333 ipse
671 299 742 326 male
758 300 898 334 quidpiam
914 305 992 334 pate-

207 353 294 380 retur,
327 348 374 375 sed
399 348 500 380 potius,
529 354 563 373 ne
589 346 722 373 adversus
751 346 860 372 Sauiem
889 345 991 380 aliquid

203 401 298 421 eorum
314 393 425 423 facerct.
442 399 502 426 quin
515 391 566 418 sibi
579 391 613 418 ab
629 391 675 418 illo
690 391 905 418 intentabantur.
919 392 991 418 Adeo

204 440 277 466 enim
298 438 436 465 contraria
451 437 509 464 hth
525 444 578 464 una
598 437 772 471 temperavit,
800 436 991 463 mansuetudi‘

207 493 268 511 nem
295 484 403 511 scilicet
418 489 444 510 et
466 483 668 515 fortitudinem,
691 487 720 509 ιιι
746 482 878 508 fortitudo
906 482 932 508 in
958 489 991 508 eo

205 531 294 565 major
314 537 394 565 quam
412 531 438 556 in
454 529 561 556 czetet'is
575 537 582 554 ι
598 533 624 556 et
638 527 818 555 mansuetudo
830 529 886 560 ipsa
903 529 986 554 etiam

206 577 368 604 fortitudine
392 577 481 610 major
503 576 720 610 conspiceretur.
742 574 812 607 Quid
832 574 910 601 tum?
939 573 990 600 lie-

205 627 270 657 qnat
285 631 292 648 :
309 622 466 657 propltetias
479 622 600 656 pne-dicit
615 629 621 647 :
640 621 740 647 fatetur
754 625 835 654 atque
846 623 992 646 attestatur

207 668 303 700 Deum,
323 672 349 694 et
367 667 556 694 testimonium
574 667 611 692 illi
631 666 792 700 perhibetur
806 673 820 692 a
845 665 910 695 Deo,
928 672 991 699 pro-

205 715 378 748 Inittiturque
404 714 450 744 ei,
475 713 548 747 quod
569 716 697 738 a'ternatn
727 711 818 738 sedent
848 712 990 738 habiturus

205 762 252 790 sit.
286 765 313 787 et
338 760 499 786 haereditate
530 763 615 785 tottttn
643 759 736 784 Ol‘llt‘ltl
769 762 988 784 consecuturus:

205 808 331 841 ipsaSque
347 806 451 838 stellas,
466 805 641 832 multitudine
655 812 686 831 ac
703 803 909 838 pulchritudine
923 803 991 829 ﬁlio~

205 860 265 879 rum
285 857 476 886 superatttrus.
505 850 607 878 Deinde
625 850 651 884 (ο
667 850 858 882 calamitatem,
878 857 894 875 ο
918 849 990 875 ecle-
1007 844 1028 872 Β

201 907 262 926 rem
281 898 500 932 mutationem!)
519 898 564 932 qui
582 900 660 924 antea
671 897 775 924 electus
788 899 858 928 erat,
879 899 989 930 repente

200 944 324 972 ~ellicitur
346 944 456 971 adulter
471 953 477 970 :
494 943 540 978 qui
569 942 713 978 propheta,
733 949 827 968 amt‘ns
844 941 910 975 :qui
935 941 988 967 Deo

207 990 315 1018 afﬂatus
340 993 409 1021 erat,
439 990 552 1016 insanus
570 997 576 1014 :
594 988 640 1022 qui
668 995 762 1018 verax,
795 987 906 1013 dolosus
920 994 927 1012 :
942 987 987 1020 qui

203 1043 307 1072 pastor,
331 1037 400 1063 latro
420 1045 425 1062 :
446 1037 492 1071 qui
519 1039 654 1067 servator,
671 1033 818 1060 homicida.
838 1031 910 1060 llinc
923 1040 989 1059 con-

203 1084 257 1111 silii
273 1083 386 1110 mutatio
399 1086 425 1109 et
440 1086 494 1109 tam
512 1081 630 1116 grandes
647 1088 732 1107 ausus
750 1089 756 1106 :
776 1080 852 1106 illine
869 1079 987 1106 musices

196 1129 333 1160 cessatio,
349 1132 376 1154 et
394 1127 549 1154 contractio
578 1126 697 1161 spiritus
715 1133 722 1152 :
740 1125 803 1152 hinc
816 1130 842 1152 et
860 1126 921 1152 \itte
938 1126 989 1151 im-

201 1174 330 1207 mutatio,
348 1178 375 1200 et
391 1173 571 1207 plurimorum
592 1172 725 1197 malorum
745 1178 819 1198 mare
837 1179 843 1196 :
865 1171 928 1197 hinc
941 1170 988 1204 qui

203 1220 320 1248 ttutnine
337 1224 396 1246 erat
414 1219 576 1250 instinctus,
592 1225 644 1244 non
659 1217 740 1244 modo
758 1217 882 1250 privatur
903 1217 988 1250 inspi-

204 1266 311 1292 ratione
325 1265 369 1292 illa
397 1271 516 1299 superna
537 1271 543 1288 :
561 1263 608 1290 scd
626 1267 652 1289 et
669 1263 715 1298 qui
733 1268 810 1297 pater
827 1267 894 1294 erat,
910 1262 990 1288 orba-

195 1316 248 1338 stur
263 1310 367 1337 liberis.
399 1309 431 1336 Et
457 1308 588 1340 ﬁliorutn,
618 1308 664 1334 alii
691 1308 800 1342 quidem
828 1307 937 1334 scelesti
962 1311 989 1333 et

200 1364 330 1383 sororum
348 1360 525 1390 corruptores
545 1364 552 1381 :
570 1355 615 1381 alii
635 1354 676 1381 his
692 1355 774 1380 etiattt
802 1353 988 1383 set-lestiores.

198 1402 350 1430 fratricida:
374 1402 479 1429 scilicet
499 1408 530 1428 ac
547 1400 691 1436 parricida:
713 1401 780 1427 ﬁunt
797 1409 804 1427 :
822 1406 848 1427 et
869 1401 916 1434 qtti
942 1407 987 1426 rex

204 1453 275 1480 erat,
293 1449 468 1475 errabundus
489 1447 517 1473 lit
531 1455 538 1472 :
554 1447 600 1480 qui
619 1451 756 1480 pugnator
771 1446 901 1480 optimus,
919 1446 989 1480 fugi-

194 1495 276 1522 ‘tivus
292 1503 298 1521 :
311 1494 359 1529 qui
373 1499 476 1529 pastor,
489 1497 671 1526 ntonttvagus.
687 1491 907 1525 Otnnisdenique
923 1499 990 1525 prte-

817 100 1011 131 EUTHYMII
1028 102 1214 133 ZIGABENI

1042 162 1109 188 ἀλλὰ
1127 163 1165 197 μή
1190 171 1216 188 τι
1237 163 1330 198 δράσοι
1344 162 1511 198 φοϐούμενος
1530 163 1583 190 τῶν
1598 160 1691 198 ὦνπερ
1707 163 1845 198 ἐφοϐεῖτο

1045 208 1151 234 παοεῖν.
1170 208 1303 235 Τοσοῦτον
1327 209 1442 244 ἐκέρασε
1470 210 1611 242 τάναντία,
1630 210 1774 244 πραότητα
1791 211 1842 235 καὶ

1044 253 1092 288 τὴν
1105 253 1227 288 ἁνῖρίαν,
1245 254 1283 285 ὡς
1303 252 1373 280 εἶναι
1397 255 1446 290 τὴν
1463 255 1512 290 μὲν
1533 256 1645 290 ἀνδρίαν
1660 255 1745 281 αὑτοῦ
1776 255 1829 288 psi

1044 298 1107 330 ζονα
1120 299 1174 325 τῶν
1191 300 1220 325 ὲν
1243 299 1333 331 ἄλλοις
1343 308 1350 314 ·
1365 300 1451 334 αὐτῆς
1473 300 1502 326 δέ
1515 309 1545 333 γε
1559 300 1662 334 ταύτης
1686 298 1764 331 αὖθις
1786 299 1844 334 τὴν

1043 344 1205 371 ἐπιείκειαν.
1219 345 1250 370 Τί
1263 345 1317 378 ἑτι;
1336 345 1489 377 Βασιλεύει,
1503 345 1682 381 προφητεύει,
1697 345 1845 381 μαρτυρεῖ

1042 390 1119 423 Θεὸν,
1146 392 1326 426 μαρτυρεῖται
1350 391 1425 426 παρὰ
1446 391 1524 423 Θεοῦ,
1550 390 1771 426 διαμαρτύρεται
1788 391 1842 416 τὸν

1043 436 1137 471 θρόνον
1167 438 1276 463 αἰώνιον
1300 437 1382 469 ἕξειν,
1399 437 1445 463 τὸν
1474 437 1576 472 κόσμον
1600 438 1841 473 κληρονομήσειν,

1042 483 1104 514 τοὺς
1119 483 1238 518 ἀστέρας
1256 483 1476 518 ὑπερϐάλλεσθαι
1490 483 1528 517 τῷ
1544 484 1642 519 πλήθει
1655 484 1702 511 καὶ
1715 484 1755 520 τῷ
1770 485 1844 511 κάλ·

1042 528 1082 554 λει
1097 529 1150 554 τῶν
1170 529 1282 555 παίδων.
1301 528 1378 561 Εἶτα,
1399 529 1481 564 βαϐαὶ
1498 531 1547 565 τῆς
1561 532 1723 566 σομφορᾱςί
1750 531 1842 566 βαϐαὶ

1042 575 1091 609 τῆς
1112 575 1282 609 μεταϐολῆςῐ
1310 577 1323 601 6
1349 576 1488 608 ἐκλεκτδς,
1507 577 1584 610 ἄφνω
1607 577 1710 612 μοιχός¹
1728 578 1742 602 6
1766 585 1841 611 προ-

1043 619 1143 654 φήτης,
1161 619 1280 655 ἔκφρων
1299 621 1312 646 6
1323 620 1499 656 θεοφόρητος,
1515 622 1649 656 ὲκμανής-
1663 622 1677 647 6
1692 621 1840 655 ἀληθινὸς,

1041 666 1160 701 δολερὸς·
1187 667 1200 692 6
1222 666 1334 701 ποιμὴν,
1361 667 1473 702 λῃστής·
1495 668 1508 693 6
1536 667 1636 702 σωτὴρ,
1657 668 1840 701 ἀνδροφόνος.

1048 712 1190 738 Ἐντεῦθεν
1203 712 1219 746 ἡ
1237 713 1373 747 μεταϐολή
1388 715 1445 740 ἐστι
1460 713 1508 748 τῆς
1520 714 1642 747 γνώμης,
1661 714 1708 739 καὶ
1723 715 1757 738 τὰ
1776 712 1840 738 τολ-

1042 757 1175 792 μήματα·
1192 759 1296 784 ἐκεῖθεν
1315 759 1331 793 ὴ
1356 759 1442 794 ὲποχὴ
1465 759 1518 785 τῶν
1545 760 1727 793 κρουμάτων,
1746 758 1799 784 καὶ
1822 759 1839 791 ἡ

1041 812 1088 830 του
1106 804 1262 838 πνεύματος
1292 805 1419 840 συστολὴν
1441 804 1565 831 ἐντεῦθεν
1591 805 1607 839 ἡ
1633 803 1771 838 ὲναλλαγὴ
1787 803 1839 829 τοῦ

1044 850 1115 885 βίου,
1131 851 1177 877 καὶ
1193 851 1208 883 ἡ
1228 850 1282 876 τῶν
1298 851 1390 876 κακῶν
1409 851 1542 876 θάλασςα·
1560 849 1684 876 ἐντεῦθεν
1698 849 1729 875 οὐ
1749 849 1839 883 μόνον

1042 897 1056 922 6
1071 896 1175 928 ἔνθους,
1191 897 1304 928 ἄπνους,
1331 897 1381 930 τὴν
1404 895 1508 922 ἀνωθεν
1523 895 1594 929 λέγω
1613 895 1735 927 πνεῦσιν,
1766 895 1840 921 ἀλλὰ

1043 943 1091 968 καὶ
1105 943 1119 968 ὁ
1135 942 1237 976 πατὴρ,
1262 942 1356 973 ἄπαις,
1383 943 1430 968 καὶ
1445 943 1470 968 (αἱ
1491 942 1596 974 παῖδες,
1612 942 1636 967 οἱ
1661 942 1712 976 μὲν
1738 943 1839 975 μιαροὶ

1043 987 1089 1013 καὶ
1104 987 1312 1022 ἁδελφοφθόροι”
1325 989 1348 1014 οί
1361 988 1400 1018 δὲ,
1412 988 1459 1014 καὶ
1475 987 1641 1022 μιαρώτεροι
1653 987 1770 1019 τούτων,
1788 988 1840 1013 καὶ

1043 1032 1244 1068 ἀδελφοκτόνοι,
1259 1034 1307 1060 καὶ
1319 1033 1493 1068 πατραλοῖαι·
1510 1033 1559 1059 καὶ
1572 1034 1709 1068 βασιλεὺς,
1724 1034 1839 1067 πλανή-

1041 1087 1090 1114 της
1103 1087 1110 1094 ο
1128 1079 1174 1105 καὶ
1187 1080 1201 1105 6
1217 1079 1354 1114 ἀριστεὺς,
1374 1079 1472 1112 φυγάν
1492 1079 1539 1105 καὶ
1563 1081 1578 1105 6
1601 1080 1715 1114 ποιμὴν,
1739 1080 1840 1114 ὀρειὰ-

1042 1125 1134 1156 λωτος¹
1155 1125 1204 1151 καὶ
1216 1126 1269 1156 πᾶς
1284 1126 1297 1151 6
1309 1125 1436 1160 λαμπρὸς
1451 1123 1524 1156 οἶκος
1541 1126 1645 1156 ἐκεῖνος
1662 1126 1709 1152 καὶ
1725 1125 1838 1160 θρόνος,

1042 1171 1081 1201 εἰς
1103 1171 1154 1205 γῆν
1173 1171 1407 1206 κατερραγμένος.
1433 1171 1573 1197 Ἐντεῦθεν
1598 1173 1612 1197 6
1638 1171 1716 1205 λιμὸς
1741 1172 1792 1198 καὶ
1821 1173 1838 1204 ἠ

1042 1217 1119 1250 ’πῆξις
1135 1217 1182 1242 καὶ
1203 1217 1217 1242 ὁ
1235 1217 1320 1248 δεινὸς
1340 1217 1494 1251 μετάμελος
1511 1226 1563 1244 των
1580 1218 1771 1252 πραχθέντων·
1790 1218 1839 1243 ὲν-

1041 1263 1136 1289 τεῡοεν
1150 1263 1166 1297 ὴ
1181 1262 1261 1297 καινὴ
1287 1263 1333 1288 καὶ
1355 1263 1455 1298 τριπλῆ
1479 1265 1527 1290 καὶ
1542 1263 1716 1298 καθημερινὴ
1730 1263 1816 1289 θυσία
1829 1270 1837 1276 ·

1041 1309 1096 1334 τῶν
1113 1309 1162 1343 μὲν
1192 1309 1339 1343 ὀφθαλμῶν
1365 1310 1390 1335 οί
1407 1310 1557 1344 νυκτερινοὶ
1576 1310 1685 1342 κρουνοὶ
1705 1310 1752 1334 καὶ
1769 1308 1839 1335 λου-

1042 1354 1136 1389 τῆρες·
1153 1354 1202 1388 τῆς
1213 1354 1240 1380 δὲ
1257 1354 1399 1389 καρδίαςή
1418 1355 1549 1389 συντριῧὴ
1567 1357 1615 1381 καὶ
1631 1355 1655 1380 ot
1669 1355 1838 1387 στεναγμοίο

1042 1400 1091 1434 τῆς
1107 1399 1136 1424 δὲ
1150 1398 1275 1433 γλώσσης
1289 1399 1304 1434 ὴ
1318 1399 1446 1434 διηνεκὴς
1460 1400 1526 1433 εὐχὴ
1551 1401 1597 1426 καὶ
1617 1400 1817 1434 ἐξομολόγησις
1829 1408 1838 1415 ο

1043 1445 1135 1470 ἐκεῖνα
1150 1446 1183 1470 1‘1
1195 1444 1351 1479 τραύματα,
1364 1445 1450 1472 ταῦτα
1467 1445 1501 1472 τὰ
1525 1446 1671 1480 φάρμακα,
1685 1445 1702 1479 ἦ
1719 1445 1744 1470 οι
1759 1453 1840 1471 καυ-

1042 1491 1136 1524 τῆρες,
1151 1490 1165 1515 ἦ
1183 1491 1211 1516 al.
1224 1490 1318 1525 τομαὶ.

203 1540 276 1566 clara
290 1539 335 1565 illa
357 1538 465 1568 domus.
482 1544 512 1564 ac
529 1537 619 1567 sedes,
641 1537 666 1563 in
694 1541 794 1563 terram
823 1537 978 1563 collabitur.
999 1533 1067 1561 lline
1092 1535 1173 1561 etiam
1203 1539 1230 1561 et
1246 1534 1343 1566 fames,
1360 1540 1387 1562 et
1403 1536 1560 1569 tabclactio,
1594 1539 1621 1563 et
1647 1536 1739 1571 gravis
1766 1544 1839 1570 pec-

195 1586 329 1614 catorum
345 1585 504 1620 pestilentia
523 1594 529 1612 :
551 1585 614 1611 hinc
647 1584 745 1618 triplex
770 1583 848 1616 illttd,
885 1587 912 1609 ct
938 1588 1098 1617 perpetuum
1136 1583 1330 1610 sacriﬁcium:

1353 1584 1514 1610 ‘oculorum
1548 1584 1672 1611 videlicet
1702 1586 1836 1611 nocturni

204 1634 295 1661 ﬂuxus
323 1639 355 1658 ac
383 1632 478 1658 latices
495 1641 502 1659 ;
520 1632 612 1659 cordis
637 1631 768 1658 contritio
793 1635 821 1658 et
849 1631 986 1665 gemitus:
1009 1630 1161 1664 linguaeque
1185 1630 1302 1657 assiduae
1332 1637 1437 1665 preces.
1452 1635 1479 1658 et
1503 1636 1634 1659 constans
1663 1631 1804 1659 confeSsio
1827 1644 1837 1662 ς

205 1682 251 1708 illa
267 1678 376 1712 quidem
393 1677 516 1709 \‘ulncra,
541 1677 594 1704 ista
609 1682 700 1704 autem
716 1677 908 1708 medicamina,
925 1675 1092 1706 adustiooes.
1109 1675 1270 1703 inrisiones.

239 1727 292 1754 Sed
308 1734 349 1752 me
367 1726 468 1752 interea
485 1724 542 1750 haec
558 1728 726 1755 narrantem,
744 1731 812 1758 pene
828 1722 901 1757 quod
918 1721 992 1748 inee-
1005 1724 1025 1752 C

206 1780 309 1808 peram,
323 1771 402 1806 fugit,
422 1771 557 1798 orationis
575 1769 760 1804 propositum,
772 1769 837 1796 dum
854 1768 988 1802 pluribus,

206 1827 266 1853 qute
286 1826 348 1846 sese
363 1817 492 1849 otl'crunt,
509 1823 618 1850 semper
641 1815 780 1842 detineor.
798 1815 877 1841 Astal
895 1821 991 1841 rursus

208 1869 268 1898 post
286 1868 438 1898 peccatum.
454 1861 585 1896 propheta
601 1860 750 1895 prophetat,
768 1859 852 1886 veluti
868 1858 991 1885 medicus

207 1910 312 1937 medico
331 1908 472 1943 aegrotanti
487 1915 519 1934 ac
532 1907 667 1934 dubitanti
687 1915 693 1933 :
719 1911 746 1933 et
760 1905 988 1940 quemadmodum

205 1962 283 1982 antea
305 1959 403 1982 unctor
418 1954 554 1985 astiterant,
580 1954 616 1980 ita
633 1957 659 1979 et
684 1959 757 1978 nunc
772 1959 824 1978 non
841 1951 921 1978 modo
949 1950 991 1977 di-

205 2003 348 2038 gnitatem.
366 2001 413 2029 sed
428 2001 556 2036 spiritum
572 2000 656 2027 etiam
673 1999 828 2030 ablaturus,
845 1998 868 2025 si
894 1998 920 2024 in
938 1998 990 2024 ali-

203 2057 261 2084 quo
288 2048 459 2082 deliquisset,
491 2046 564 2081 quod
595 2045 629 2072 ad
658 2045 796 2080 propriam
821 2044 989 2072 sanationem

204 2095 356 2131 pertineret
374 2103 380 2121 :
398 2094 420 2121 si
439 2093 538 2120 vulnus
562 2092 689 2123 celasset,
712 2091 734 2118 si
763 2090 924 2125 reprehendi
942 2097 990 2116 ne-

205 2140 346 2174 glexisset.
362 2139 476 2166 Astabat
493 2138 607 2172 pariter,
618 2136 743 2163 vindicta:
758 2135 841 2169 hujus
853 2135 989 2167 minister,

206 2186 277 2213 sicut
291 2189 370 2212 antea
387 2190 481 2211 custos
499 2189 525 2210 et
538 2183 649 2217 adjutor
666 2181 784 2213 validus,
809 2181 846 2208 ita
869 2185 896 2208 et
918 2188 991 2207 ttunc

205 2232 305 2258 vindex
322 2230 455 2257 terribilis
471 2229 595 2264 angelus,
613 2233 721 2256 exserto
741 2227 833 2262 gladio
848 2237 854 2254 :
869 2231 893 2254 et
907 2228 990 2253 ictutn

207 2275 311 2303 inferre
328 2274 528 2309 paratissimus,
543 2273 594 2299 nisi
612 2273 655 2299 ille
668 2276 763 2299 contra
780 2279 810 2299 se
830 2270 988 2304 suffragium

208 2321 329 2352 tulisset,
350 2327 383 2346 ac
411 2319 521 2354 propria
548 2319 682 2345 sententia
715 2318 835 2345 divinam
864 2315 991 2344 solvisset

206 2367 384 2394 sententiam.
400 2365 432 2392 Et
447 2365 509 2392 hinc
521 2364 630 2399 quidem
646 2364 760 2392 aderant
778 2372 784 2390 :
799 2363 843 2389 ille
856 2361 950 2397 judicii
965 2367 991 2388 et

203 2421 298 2441 causa;
321 2412 454 2439 conﬁctor
470 2410 587 2442 Nathan.
604 2415 632 2438 et
655 2410 755 2438 vindex
766 2408 878 2443 angelus
895 2419 901 2435 :
916 2408 990 2435 illinc
1007 2402 1029 2429 Β

205 2463 296 2486 autem
327 2458 384 2493 ipse
411 2458 493 2491 jltdex
512 2449 607 2490 David,
632 2462 810 2491 personarum
837 2461 891 2480 non
915 2461 994 2481 acce-

204 2508 280 2539 ptor.
297 2509 323 2530 et
334 2503 380 2537 qui
395 2504 526 2530 adversus
539 2510 568 2530 se
583 2503 645 2529 tulit
658 2499 834 2532 sententiam,
846 2507 900 2534 qua
915 2500 993 2534 jacu-

205 2549 259 2576 lutn
283 2549 365 2576 citius
392 2549 503 2581 evulsit,
533 2556 615 2583 quatn
645 2546 808 2580 suscepisset
834 2554 841 2573 z
866 2549 893 2573 et
922 2545 994 2573 Deus

203 2595 305 2630 pariter
321 2603 327 2621 ε
346 2595 392 2629 qui
408 2594 563 2622 cicatricem
581 2592 685 2620 vulneri
707 2599 762 2618 non
788 2596 894 2619 tantum
913 2592 993 2618 indu-

203 2641 257 2675 xit,
284 2642 331 2668 sed
362 2642 450 2676 ipsutu
484 2640 566 2667 etiam
596 2639 696 2665 vulnus
717 2645 828 2672 prorsus
855 2638 955 2664 delevit
980 2645 986 2664 :

206 2694 294 2721 neque
321 2687 394 2713 enim
415 2684 606 2712 tantummodo
624 2683 745 2718 pepercit
763 2691 770 2712 :
788 2684 833 2710 sed
851 2688 877 2711 ct
893 2683 988 2710 abstu-

198 2733 233 2760 ιιι
247 2737 398 2768 peccatum.
414 2730 520 2756 Rursus
537 2729 628 2763 itaque
641 2729 734 2756 divina
746 2729 834 2763 gratia
867 2735 893 2756 et
911 2736 1008 2756 rursus
1028 2730 1143 2764 Spiritus
1160 2739 1167 2757 ε

1084 1721 1154 1747 Ἀλλ’
1170 1722 1184 1747 6
1204 1721 1254 1756 μὲν
1270 1723 1316 1748 καὶ
1339 1723 1442 1757 μεταξὺ
1465 1724 1636 1759 παρέδραμε,
1655 1725 1703 1751 καὶ
1716 1725 1729 1751 6
1749 1723 1838 1758 λόγος

1043 1768 1210 1802 παρήνεγκε,
1228 1768 1283 1794 τῶν
1300 1768 1371 1794 κατὰ
1384 1769 1468 1800 πόδας
1481 1770 1524 1795 ἀεὶ
1539 1770 1679 1805 ἐχόμενος.
1701 1770 1837 1804 Ἑφίστα-

1041 1821 1086 1839 ται
1103 1814 1171 1848 μετὰ
1186 1813 1235 1847 τὴν
1252 1813 1355 1839 πτῶσιν
1373 1813 1454 1840 πάλιν
1468 1815 1508 1849 τῷ
1528 1816 1657 1852 προφήτῃ
1674 1817 1835 1851 προφήτης

1041 1858 1168 1893 καθάπερ
1185 1858 1277 1893 ίατρδς
1291 1858 1374 1893 [ατρῷ
1389 1859 1509 1885 νοσοῦντι
1528 1860 1575 1886 καὶ
1599 1859 1757 1895 ἀποροῦντι,
1780 1862 1834 1887 καὶ

1041 1904 1136 1939 ὥσπερ
1150 1904 1263 1939 χρίστης
1276 1905 1306 1930 τὸ
1322 1905 1464 1940 πρότερον,
1479 1905 1551 1932 οὕτω
1568 1906 1616 1933 νῦν
1634 1907 1785 1942 ἀφαιρέτης
1797 1909 1834 1934 οὐ

1041 1949 1088 1976 τοῦ
1103 1950 1256 1984 ὰξ.ώματος
1273 1950 1365 1984 μόνον,
1384 1951 1452 1977 ἀλλὰ
1472 1953 1519 1978 καὶ
1535 1952 1618 1979 αὐτοῦ
1635 1953 1681 1979 τοῦ
1704 1953 1834 1987 πνεύμα-

1041 2004 1098 2027 τος,
1110 1995 1136 2021 εἰ
1149 2004 1176 2021 τι
1191 1997 1375 2031 κακουργήσει
1395 1997 1459 2032 περὶ
1475 1997 1524 2032 τὴν
1543 1998 1676 2033 ἰατρείαν,
1698 1999 1745 2024 καὶ
1760 2000 1836 2025 ἁπο-

1042 2042 1141 2083 κριὶψει
1158 2042 1188 2068 16
1200 2042 1323 2077 τραῦμα,
1337 2044 1384 2069 καὶ
1404 2043 1624 2078 ἀποδυσπετήσει
1645 2045 1691 2072 τὸν
1705 2045 1832 2079 ἔλεγχον.

1043 2088 1240 2123 Συνεφίσταται
1264 2089 1293 2115 δὲ
1318 2090 1366 2115 καὶ
1382 2089 1518 2124 ὑπουργὸς
1532 2091 1614 2125 τῆσδε
1629 2091 1678 2125 τῆς
1694 2091 1833 2124 ἐκδικίας,

1043 2134 1170 2169 καθάπερ
1183 2134 1212 2161 16
1232 2136 1297 2169 πρὶν
1314 2133 1402 2168 φύλαξ
1423 2136 1472 2161 καὶ
1498 2135 1593 2170 βοηθὸς
1620 2137 1740 2172 ἰσχυρὸς,
1756 2137 1837 2165 οὓτω

1043 2180 1090 2206 καὶ
1099 2179 1146 2205 νῦν
1159 2180 1279 2214 τιμωρὸς
1294 2180 1418 2213 ἄγγελος,
1428 2182 1478 2215 τὴν
1494 2182 1629 2216 ῥομφαίαν
1641 2183 1689 2209 καὶ
1700 2191 1836 2217 κατενεγ-

1042 2227 1101 2252 κεῖν
1115 2225 1225 2260 ἕτοιμος
1249 2226 1298 2256 ὢν.
1325 2228 1349 2252 εἰ
1373 2228 1411 2261 μὴ
1439 2228 1565 2260 κάκεῖνος
1583 2229 1641 2255 καθ’
1660 2229 1757 2256 ἑαυτοῦ
1779 2231 1836 2266 τὴν

1042 2271 1132 2306 ψῆφον
1154 2271 1314 2304 ἐξενεγκὼν,
1342 2272 1415 2298 λύσει
1445 2274 1495 2307 τὴν
1519 2275 1654 2308 ἀπότρασιν
1679 2276 1834 2310 ἀποφάσει..

1050 2316 1190 2343 Ἐντεῦθεν
1205 2317 1219 2342 6
1235 2317 1385 2352 ὑποκριτὴς
1398 2318 1448 2352 τῆς
1467 2319 1557 2354 δίκης,
1577 2321 1624 2346 καὶ
1645 2321 1659 2346 6
1681 2321 1836 2357 ἐκδικητὴς

1044 2362 1169 2396 ἄγγελος·
1195 2362 1300 2389 ἐκεῖθεν
1319 2364 1332 2389 6
1357 2365 1609 2400 ἀπροσωπόληπτος
1626 2367 1767 2400 δικαστὴς,
1782 2370 1836 2395 καὶ

1044 2409 1105 2435 καθ’
1116 2409 1212 2435 ἑαυτοῦ
1226 2409 1275 2444 τὴν
1291 2410 1403 2445 γνώμην
1418 2411 1552 2446 ἐκφέρων,
1563 2414 1610 2439 καὶ
1623 2414 1836 2449 συντομώτερον

1043 2453 1142 2487 ἐξελὼν
1158 2455 1188 2481 τὸ
1201 2455 1290 2490 βέλος,
1301 2456 1373 2490 ἤπερ
1389 2455 1510 2490 ἐδέξατο,
1526 2458 1572 2484 καὶ
1588 2459 1602 2484 6
1613 2458 1679 2490 Θεὸς
1689 2460 1719 2485 οὐ
1736 2468 1837 2487 συνου-

1043 2499 1097 2526 λῶν
1116 2501 1206 2536 μόνον,
1226 2501 1294 2527 ἀλλὰ
1308 2502 1356 2528 καὶ
1373 2501 1522 2536 ὲξαλείφων
1531 2504 1562 2530 τὸ
1581 2505 1702 2539 τραῦμα..
1719 2506 1764 2541 Μὴ
1775 2508 1836 2543 γὰρ

1043 2547 1193 2581 συγχωρῶν
1210 2547 1300 2581 μόνον,
1321 2547 1390 2574 ἀλλά
1405 2548 1452 2574 καὶ
1469 2549 1596 2584 ἀφαιρῶν
1611 2550 1641 2576 16
1661 2551 1834 2587 ἁμάρτημα.

1042 2593 1128 2619 Πάλιν
1139 2592 1168 2618 τὸ
1182 2593 1314 2628 χάρισμα,
1330 2593 1409 2620 πάλιν
1424 2594 1453 2620 16
1468 2595 1587 2629 πνεῦμα,
1605 2597 1687 2623 πάλιν
1702 2598 1736 2624 τὰ
1749 2601 1837 2632 κρού-

1045 2646 1127 2672 ματα,
1149 2639 1230 2664 πάλιν
1245 2638 1274 2665 τὸ
1295 2641 1365 2666 κατὰ
1390 2642 1500 2668 πάντων
1518 2643 1628 2676 κράτος,
1654 2645 1699 2671 καὶ¹
1721 2646 1750 2671 αἱ
1768 2655 1836 2672 συν-

1042 2684 1135 2718 Θῆκαι,
1154 2686 1201 2710 καὶ
1213 2685 1261 2719 τῆς
1273 2686 1422 2720 υἱοθεσίας,
1439 2689 1486 2714 καὶ
1503 2689 1552 2724 τῆς
1567 2689 1760 2726 θεοπστορίας.

1213 2739 1311 2762 Γιιιειιε
1338 2734 1397 2760 SOIIi
1430 2742 1461 2760 ac
1486 2740 1583 2764 cantus
1601 2745 1607 2763 Ξ
1625 2745 1721 2766 I'UI'SIIS
1747 2747 1837 2775 ευριπ

202 2787 298 2807 omnes
311 2781 450 2824 potestas:
468 2783 563 2803 rursus
582 2777 716 2811 promissa
731 2780 757 2805 et
773 2782 862 2812 pacta,
880 2782 934 2805 tam
969 2776 1003 2805 de
1018 2778 1079 2813 ejus
1104 2779 1262 2815 adoptione,
1275 2789 1358 2816 quam
1391 2782 1464 2817 quod
1490 2783 1523 2812 de
1545 2784 1605 2819 ejus
1633 2786 1714 2814 etiam
1745 2789 1837 2824 stirpe

200 2826 280 2854 nasci
295 2825 404 2853 deberet
416 2823 497 2852 Deus.
