1893 3068
145 150 180 180 55
757 153 951 184 EUTHYMH
969 154 1147 185 ZIGABENI
1734 150 1774 183 58

146 205 286 233 nominum
317 206 534 243 inscriptionem.
552 208 678 242 privatim
698 209 730 236 ad
758 210 927 244 psallendum

995 211 1125 246 ιλλοτρεας
1137 210 1304 246 ἐπιγραφὰς,
1321 210 1351 236 οὐ
1367 209 1413 236 τοῦ
1431 209 1526 241 δεῖνος,
1541 209 1609 236 ἀλλὰ
1637 209 1676 244 τῷ
1699 209 1774 236 δεῖνι

145 251 181 278 sit
197 253 314 280 traditus
329 262 336 279 :
350 261 412 280 cum
427 254 472 280 alii
493 254 588 287 psalmi
602 255 636 281 ab
660 255 799 283 universis
813 257 932 283 cantori-

146 298 207 330 bus,
235 304 317 334 atque
343 300 370 326 in
403 307 550 327 commune
574 304 748 328 canerentur.
780 301 819 328 llli
851 302 934 336 igitur

146 344 256 375 psalmi,
273 344 319 378 qui
346 344 473 378 privatim
491 345 525 372 ab
546 345 639 380 aliquo
669 354 764 373 eorum
796 347 932 375 decantati

146 393 221 419 sunt.
240 389 360 416 camuris
376 390 418 417 sui
436 390 641 424 inscriptionem
666 393 818 420 retulerunt
833 402 838 419 :
861 393 933 428 quod

146 435 229 461 etiam
247 435 417 463 manifestius
443 437 468 462 lit
486 445 516 464 ex
540 438 582 465 Itis
607 446 666 472 qua:
693 439 719 466 iu
737 440 807 466 libro
828 439 932 466 Parali-

145 488 283 514 pomenon
310 482 424 516 legimus
436 483 456 509 ⁸.
472 482 583 515 Cecinit,
607 484 705 518 inquit,
730 487 861 512 canticum
887 485 933 511 Itoc

145 528 174 553 in
218 536 298 554 manu
330 527 428 562 Asaph.
462 529 532 561 Quin
573 530 654 557 etiam
691 531 726 558 ab
755 531 935 566 inscriptione

147 573 246 607 psalmi
259 580 373 605 xxxvtu,
391 581 452 608 qua
468 574 622 607 huiusmodi
640 579 682 603 est
693 575 714 608 ',
733 575 764 603 Iit
780 577 860 611 finem
876 576 934 603 Idi-

148 618 223 644 thum
236 619 368 645 canticum
384 619 434 653 ipsi
449 619 543 646 David.
562 619 749 655 Compositum
771 623 871 657 quippe
885 623 934 649 fuit

149 663 174 689 id
197 664 364 690 canticuma
388 665 469 692 bt-ato
497 665 593 697 David,
621 670 649 693 et
677 667 711 694 ab
741 675 774 694 eo
805 669 933 695 traditum

146 709 277 743 lditltum,
297 715 324 736 ut
341 711 405 737 illud
433 717 555 738 canert-t.
575 712 700 740 Psalmus
720 714 801 740 etiam
816 723 879 741 ηιμ
895 715 934 742 sic

147 756 310 783 inscribitur
329 757 349 771 ¹⁰
367 766 372 783 :
392 756 424 782 In
442 757 520 791 ﬁnem
546 757 611 791 ﬁliis
637 757 712 791 Core,
734 759 853 793 psalmus
884 761 935 794 ipsi

150 800 244 828 David.
258 801 392 828 Prreterea
406 803 503 837 psalmi
520 810 629 836 omnes,
646 805 692 839 qui
709 804 824 832 aliorum
839 805 934 833 inscri-

148 847 255 880 ptiones
278 847 391 880 habent,
408 856 461 874 non
476 857 523 883 per
539 851 688 885 genitivum
703 858 805 884 casum,
824 852 870 878 sed
888 860 934 886 per

984 257 1214 292 ὲπιγεγράῳαται,
1235 257 1248 283 ὂ
1266 257 1312 284 καὶ
1332 256 1398 283 αὐτὸ
1427 257 1538 291 σημεῖον
1570 257 1696 291 ἐναργὲς,
1728 258 1773 284 ὅτι

983 303 1021 337 τῷ
1032 303 1112 329 Δαῦὶδ
1129 303 1310 337 ποιηθέντες,.
1327 303 1434 333 τούτοις
1463 302 1606 336 ἰδιαίτερον
1638 303 1706 336 πρὸς
1737 303 1773 329 τὺ

983 350 1094 384 ψάλλειν
1108 349 1279 383 ὲνετέθησαν.
1293 349 1324 375 Εἰ
1341 349 1362 375 δ’
1376 349 1447 375 εἴποι
1464 357 1515 380 τις,
1538 349 1580 374 ὅτι
1594 348 1642 375 καὶ
1655 349 1709 383 μὴν
1722 350 1774 375 καὶ

982 392 1089 426 ψαλμὸς
1102 393 1141 427 τῷ
1154 392 1236 418 Δαϐὶδ
1248 392 1451 427 ἐπιγέγραπται
1465 393 1521 423 τοῖς
1536 392 1668 422 πλείοσιν,
1693 394 1774 427 ἐροῦ-

985 446 1044 472 μεν,
1060 438 1101 463 ὅτι
1121 437 1167 463 καὶ
1183 437 1290 468 πολλοῖς
1301 437 1392 468 πάλιν,
1411 436 1517 470 ψαλμός
1530 435 1578 461 τοῦ
1595 436 1687 467 Aucta.
1699 436 1773 470 ὅπερ

983 484 1030 509 ἐπὶ
1047 483 1101 509 τῶν
1128 482 1215 508 ἄλλων
1241 483 1289 516 οὐχ
1317 483 1455 516 εὑρήσεις,
1473 482 1516 508 ἵνα
1528 481 1647 516 γνῶμεν,
1660 482 1701 508 ὅτι
1722 481 1772 508 τοῦ

984 528 1065 554 Δαϐίδ
1084 529 1137 554 εἰσι
1155 528 1203 554 καὶ
1220 529 1408 562 πεποιημένοι,
1425 528 1455 553 οὺ
1479 527 1616 562 δεδομένοι
1632 528 1679 554 καὶ
1702 528 1771 554 ἀνα-

985 574 1123 609 κείμενοι·
1141 574 1218 600 τοῦτο
1236 573 1289 608 γὰρ
1304 573 1352 608 τὴν
1369 572 1500 607 διαφορὰν
1519 574 1678 607 εἰσήγαγεν.
1699 573 1728 598 ’0
1749 573 1776 599 δ’

984 620 1024 650 εἰς
1039 620 1083 645 τὸν
1103 619 1222 653 Μωῡσῆν
1247 618 1459 652 ἀναφερόμενος,
1484 617 1614 652 τοιαύτην
1645 617 1700 652 ἔχει
1721 618 1776 650 τὴν

985 666 1140 699 ἐπιγραφὴν
1158 673 1165 680 ·
1207 663 1364 698 Προσευχὴ
1402 663 1515 696 Μωϋσῇ
1544 663 1689 696 ἀνθρώπῳ
1716 663 1775 690 τοῦ

987 711 1070 740 Θεοῦ.
1096 711 1236 745 μονονουχὶ
1261 710 1451 742 διδάσκουσαν,
1464 709 1501 740 ὡς
1522 710 1535 735 ὀ
1556 709 1663 743 ψαλμὸς
1691 708 1775 740 οὗτος

986 756 1101 790 ἁρμόζει
1120 757 1176 786 τοῖς
1190 756 1234 782 διὰ
1253 755 1300 781 τοῦ
1319 755 1390 782 οείου
1405 755 1511 786 ὕδατος,
1541 755 1600 790 ἦτοι
1616 756 1663 781 τοῦ
1681 764 1775 789 σωτηο

988 803 1044 836 ρίου
1066 802 1265 837 βαπτίσματος,
1279 801 1431 836 ἀνθρώποις
1444 801 1490 827 τοῦ
1506 800 1574 827 Θεοῦ
1595 801 1750 835 γινομένοις
1763 807 1775 815 ·

985 847 1103 881 Μωῡτῆς
1127 846 1180 882 γὰρ
1216 846 1342 880 ληφθεὶς
1371 846 1406 878 ἐξ
1432 845 1542 878 ὕδατος
1578 843 1776 880 ἑρμηνεύεται.

147 893 267 919 dativum
298 892 510 921 inscribuntur:
531 903 591 928 qme
622 903 666 922 res
683 895 791 922 abunde
818 896 931 927 indicat,

995 894 1177 928 λαμϐάνονται
1189 893 1217 919 δὲ
1237 893 1266 925 ἐξ
1283 892 1388 924 ὓδατος,
1404 893 1450 918 καὶ
1466 892 1533 918 Θεοῦ
1546 891 1684 926 ἄνθρωποι
1701 899 1775 924 χρη-

147 937 269 970 psalmos
282 937 393 972 quidem
411 946 425 966 τι
448 939 527 967 beato
545 941 629 967 David
649 941 733 968 fuisse
749 943 930 976 conscriptos.

147 983 195 1010 sed
212 983 267 1011 illis
292 984 450 1011 cantoribus
483 986 608 1019 privatim
637 988 753 1014 traditos
780 987 813 1014 ad
836 995 933 1014 canen-

147 1028 224 1054 dum.
239 1028 316 1061 Quod
328 1029 350 1056 si
362 1029 424 1063 quis
439 1034 545 1062 contra,
557 1031 622 1058 illud
635 1031 729 1058 dicat:
745 1033 838 1067 plures
850 1034 931 1059 etiam

147 1082 207 1102 esse
225 1075 356 1107 psalmos,
385 1076 430 1110 qui
457 1077 483 1103 in
509 1077 688 1111 inscriptione
712 1079 815 1106 habent
835 1087 931 1106 nomen

149 1120 243 1152 David,
255 1121 281 1148 in
294 1122 375 1148 tertio
389 1129 467 1154 casu,
485 1124 610 1151 videlicet
628 1124 751 1150 Psalmus
769 1125 818 1159 ipsi
831 1124 932 1152 David:

147 1165 342 1200 replicabitnus
357 1168 458 1194 multos
474 1177 535 1196 esse
551 1170 633 1197 ctiam
647 1171 694 1205 qui
719 1179 765 1204 per
781 1172 932 1199 secundum

147 1219 240 1239 casum
256 1213 380 1247 inscripti
395 1218 476 1240 sunt:
494 1215 619 1242 videlicet
646 1215 769 1243 Psalmus
784 1217 867 1248 ipsius
885 1217 936 1242 Dav

147 1257 190 1282 vid
206 1265 215 1284 :
231 1257 303 1291 quod
314 1263 402 1284 tamen
416 1258 442 1284 iu
458 1259 519 1285 aliis
536 1259 694 1287 nominibus
708 1267 760 1286 non
778 1261 931 1295 reperitur:

149 1307 179 1330 ut
198 1303 319 1331 sciamus
335 1305 408 1339 quod
429 1305 462 1331 ab
479 1305 538 1340 ipso
556 1306 666 1339 quidem
684 1305 767 1333 David
785 1307 933 1340 conscripti

149 1353 297 1381 sunt,uon
314 1350 337 1376 ei
360 1351 416 1377 dati
441 1354 488 1376 aut
503 1351 587 1376 oblati
608 1360 613 1377 :
632 1352 684 1377 hoc
712 1351 784 1378 enim
809 1351 935 1378 diﬂ‘eren-

149 1395 214 1421 tiam
230 1395 389 1422 introduxit.
411 1395 456 1422 Ille
475 1400 566 1422 autem
583 1396 705 1430 psalmus
730 1397 775 1431 qui
793 1395 875 1431 Moysi
895 1397 935 1423 in-

150 1439 290 1473 scribitur,
299 1439 456 1474 huiusmodi
473 1441 554 1469 habet
569 1441 775 1475 inscriptionem
789 1442 809 1457 ¹¹
823 1449 829 1467 :
843 1440 935 1467 Oratio

150 1485 200 1519 ipsi
217 1486 303 1520 Moysi
320 1485 419 1512 homini
439 1486 497 1516 Dei.
511 1494 571 1521 qum.
587 1487 730 1521 inscriptio
745 1487 844 1514 docere
858 1487 935 1514 vide-

151 1535 196 1557 tur
208 1530 280 1566 quod
293 1531 336 1558 ille
352 1531 474 1561 psalmus
492 1531 525 1558 iis
537 1537 680 1566 congruat,
693 1532 739 1566 qui
753 1539 800 1566 per
813 1532 933 1559 divinam

150 1583 260 1609 aquam,
277 1576 327 1602 hoc
343 1580 385 1603 est
406 1583 455 1610 per
474 1576 596 1604 salutare
625 1577 764 1604 lavacrum
787 1578 937 1612 baptisma-

151 1622 195 1654 tis,
210 1621 336 1649 homines
364 1621 411 1649 Dei
432 1622 519 1649 eﬂ‘ecti
541 1629 615 1650 sunt.
640 1623 748 1657 Moyses
777 1624 877 1658 quippe
895 1625 936 1650 in-

150 1670 328 1701 terpretatur,
356 1673 508 1700 assumptus
534 1676 567 1695 ea:
596 1676 678 1702 aqua.
713 1667 751 1694 Er
775 1675 844 1702 aqua
874 1676 936 1695 vero

150 1716 331 1739 assumuntur
356 1721 450 1740 tunues
479 1713 524 1747 qui
555 1713 739 1748 haptizantur.
756 1713 832 1741 Unde
855 1714 936 1740 etiam

152 1758 197 1786 Dei
226 1759 351 1785 homines
379 1759 476 1785 merito
511 1759 755 1793 cognominantur.
784 1759 836 1786 Eos
873 1767 937 1786 vero

151 1804 281 1838 psalmos,
306 1804 352 1839 qui
382 1804 537 1832 Salomonis
566 1805 708 1838 dicuntur,
736 1805 764 1832 in
796 1805 935 1833 Christum

151 1849 238 1878 fuisse
262 1850 435 1884 compositos
461 1855 634 1885 reputamus.
664 1851 794 1878 Salomon
818 1859 937 1886 namque

152 1897 348 1930 interpretatur
363 1897 502 1930 paciﬁcus.
520 1896 621 1924 Verum
652 1897 779 1932 quisnam
794 1898 864 1925 alius
881 1902 936 1924 tam

152 1941 203 1968 fuit
228 1941 369 1976 paciﬁcus,
391 1950 471 1976 quam
503 1942 651 1970 Christus?
676 1943 722 1977 qui
751 1947 848 1970 natura
878 1943 936 1978 ipsa

150 1993 242 2020 pacem
256 1987 353 2014 habet?
369 1989 390 2003 ¹²
408 1989 514 2020 Pacem,
526 1989 609 2020 enim,
622 1987 718 2022 inquit,
728 1989 936 2022 meamdarabis,

148 2040 237 2066 pacem
245 2042 329 2060 meum
338 2034 456 2069 relinquo
466 2034 709 2068 vobisDe‘psalmis
717 2036 762 2070 qui
773 2035 831 2062 sine
838 2036 937 2063 inscri-

150 2079 242 2112 ptione
258 2085 336 2111 sunt,
353 2072 423 2107 illud
440 2081 466 2107 in
494 2081 588 2115 primis
615 2081 756 2108 sciendum
781 2085 836 2114 cst,
863 2081 936 2116 quod

150 2125 235 2152 multa
251 2125 429 2153 Hebraeorum
446 2126 627 2160 exemplaria.
643 2127 820 2162 conjunctum
836 2127 938 2154 habent

148 2171 300 2199 secundum
328 2172 465 2207 psalmum
494 2180 558 2199 cum
584 2173 769 2206 primozcum
796 2174 866 2208 apud
889 2182 936 2201 eos

986 939 1152 974 ματῑζουσιν,
1170 940 1194 965 ot
1218 939 1420 974 βαπτιζόμενοι.
1433 938 1502 968 Τοὺς
1519 937 1546 962 δὲ
1563 937 1609 963 τοῦ
1630 937 1775 969 Σολομῶν-

983 994 1028 1016 τος
1042 985 1203 1020 λεγομένους
1230 985 1271 1011 εἰς
1301 985 1346 1011 τὸν
1368 984 1485 1019 Χριστὸν
1513 983 1641 1018 εἰρῆσθαί
1669 991 1774 1016 φαμεν.

984 1031 1110 1066 Σολομὼν
1139 1031 1193 1065 γὰρ
1219 1030 1449 1064 εἰρηνικώτιιτος
1475 1029 1673 1064 ἑρμηνεύεται.
1703 1029 1775 1063 ὅπερ

984 1077 1059 1103 ἐστὶν
1083 1078 1097 1103 6
1125 1075 1252 1111 Χριστὸς.
1274 1076 1344 1102 κατὰ
1363 1076 1444 1110 φύσιν
1460 1076 1646 1110 τὴν-εἰρήνην
1675 1075 1746 1109 ἔχων
1766 1083 1772 1089 ·

985 1122 1118 1156 Εἰρήνην
1132 1121 1196 1156 γὰρ,
1220 1123 1299 1156 φησι,
1331 1122 1388 1154 τὴν
1407 1123 1484 1156 ἐμὴν
1495 1121 1599 1156 δίδωμι
1622 1122 1704 1151 ὑμῖν,
1733 1123 1776 1148 ει-

981 1167 1082 1201 ρήνην
1096 1167 1153 1199 τὴν
1169 1167 1245 1200 ἐμὴν
1257 1167 1362 1201 ἀφίημι
1379 1168 1458 1201 ὑμῖν.
1476 1168 1544 1202 Περὶ
1559 1167 1587 1193 δὲ
1608 1167 1663 1193 τῶν
1678 1168 1776 1194 ἀνεπικ

986 1212 1110 1246 γράφων,
1124 1212 1208 1238 πολλὰ
1222 1212 1276 1238 τῶν
1295 1212 1446 1247 Ἑϐραϊκῶν
1466 1213 1642 1247 ἀντιγράφων
1672 1221 1774 1247 συνημ-

988 1259 1067 1293 μένον
1096 1259 1187 1293 ἔχουσι
1209 1257 1247 1292 τῷ
1273 1258 1373 1293 πρώτῳ
1404 1259 1505 1293 ψαλμῷ
1526 1259 1571 1285 τὸν
1586 1259 1722 1293 δεύτερον,
1742 1258 1774 1284 οὺ

986 1305 1185 1338 προσκειμένου
1203 1306 1260 1335 τοῖς
1282 1303 1400 1338 ψαλμοῖς
1421 1305 1537 1340 ἀριθμοῦ
1566 1305 1630 1339 παρ’
1658 1305 1750 1335 αὐτοῖς
1766 1313 1773 1319 ·

986 1351 1000 1376 ὁ
1014 1349 1041 1376 δὲ
1057 1349 1192 1384 δεύτερος.
1209 1349 1413 1385 ἀναντιρῤἧτως
1430 1351 1476 1377 τοῦ
1493 1351 1583 1378 Δαεῖδ.
1610 1352 1663 1377 Καὶ
1677 1350 1775 1377 τούτου

989 1396 1126 1431 μάρτυρες
1141 1396 1165 1421 οἱ
1177 1395 1331 1427 ἀπόστολοι,
1349 1396 1474 1429 λέγοντες
1494 1396 1561 1431 πρὸς
1589 1397 1634 1422 τὸν
1659 1396 1724 1422 Θεὸν
1744 1397 1776 1422 ὲν

986 1442 1045 1472 ταῖς
1058 1441 1194 1476 Πράξεσιν
1205 1449 1212 1456 ·
1233 1442 1266 1468 '0
1281 1442 1330 1468 διὰ
1345 1443 1495 1474 στόματος
1508 1442 1598 1468 Δαϐἱδ
1619 1442 1673 1469 τοῦ
1703 1449 1775 1468 πτη-

987 1487 1039 1519 δός
1055 1494 1112 1513 σου
1129 1486 1219 1513 εἰπών
1232 1495 1238 1502 ·
1255 1487 1322 1513 Ἵνα
1337 1488 1365 1513 τί
1379 1487 1535 1521 ἐφρύαξαν
1556 1488 1638 1520 ἔθνη,
1665 1488 1711 1514 καὶ
1739 1487 1775 1514 τὰ

988 1531 1059 1566 ἑξῆς.
1074 1532 1317 1558 Συναποδείκνυται
1331 1530 1377 1558 οὖν
1387 1533 1435 1558 καὶ
1451 1534 1463 1559 6
1479 1533 1587 1566 πρῶτος
1603 1533 1711 1568 ψαλμὸς
1725 1532 1774 1559 τοῦ

987 1577 1069 1604 Δαϐὶδ
1084 1576 1163 1605 εἶναι.
1180 1578 1211 1604 Et
1227 1578 1254 1604 δὲ
1268 1580 1315 1604 καὶ
1327 1579 1340 1604 ὁ
1356 1579 1461 1612 πρῶτος
1478 1579 1525 1604 καὶ
1537 1580 1550 1605 6
1567 1578 1694 1614 δεύτερος
1719 1578 1775 1605 τῶν

987 1622 1190 1658 ἀνεπιγράφων,
1208 1623 1255 1649 τοῦ
1268 1623 1358 1654 Δαϐὶδ,
1380 1624 1426 1650 καὶ
1441 1624 1465 1649 οἱ
1480 1623 1552 1650 ἄλλοι
1565 1624 1665 1655 πάντες
1680 1623 1776 1650 ἀνεπί-

987 1677 1097 1704 γραφοι,
1109 1669 1180 1695 καθὰ
1197 1670 1283 1703 δήπου
1295 1669 1341 1695 καὶ
1357 1669 1370 1694 ὁ
1383 1669 1559 1704 ἐνενηκοστδς
1584 1669 1724 1704 τέταρτος,
1734 1670 1775 1701 ὡς

989 1716 1122 1750 μαρτυρεῖ
1132 1716 1145 1741 6
1157 1715 1306 1745 ἀπόπτολος
1326 1715 1432 1746 Παῦὶος
1446 1716 1474 1741 ἐν
1487 1716 1519 1749 τῇ
1536 1716 1604 1750 πρὸς
1630 1715 1776 1750 Ἑϐραίους

993 1759 1147 1794 Ἐπιστολῇ,
1167 1759 1280 1793 φάσκων
1295 1767 1301 1773 ·
1326 1759 1393 1786 Τινὰ
1405 1759 1490 1792 ὁρίζει
1510 1760 1622 1794 ἡμέραν
1641 1759 1778 1793 σήμερον

987 1804 1021 1831 ἐν
1039 1804 1136 1835 Δαϐὶδ,
1153 1803 1250 1837 ,λέγων
1265 1805 1341 1837 μετὰ
1367 1804 1514 1831 τοσοῦτον
1538 1806 1660 1838 χρόνον,
1677 1805 1777 1837 καθὼς

987 1850 1102 1884 εῖρηται
1122 1859 1130 1866 ⁸
1149 1851 1285 1884 Σήμερον
1303 1850 1358 1877 ἐὰν
1377 1849 1430 1883 τῆς
1450 1850 1554 1884 φωνῆς
1567 1851 1661 1877 αὑτοῦ
1687 1850 1777 1877 ἀκού-

988 1904 1072 1929 σητε,
1089 1897 1133 1930 μὴ
1150 1897 1344 1930 σκληρύνητε
1364 1896 1415 1929 τὰς
1443 1897 1568 1930 καρδίας
1595 1896 1688 1930 ὑμῶν.
1720 1897 1777 1923 Καὶ

988 1942 1013 1968 οἱ
1030 1941 1166 1977 ἀνώνυμοι
1182 1943 1210 1969 δὲ
1238 1942 1319 1969 Δαῦίδ
1339 1943 1418 1973 εἰσιν,
1432 1942 1469 1973 ὡς
1491 1942 1612 1968 διδάσκει
1637 1943 1777 1975 Στέφανος

987 1988 1000 2014 6
1016 1988 1214 2022 πρωτομάρτυς
1230 1989 1259 2014 ἐν
1278 1988 1338 2019 ταῖς
1363 1987 1482 2022 Πράξεσι
1497 1996 1504 2003 ·
1537 1989 1604 2023 φησὶ
1633 1988 1686 2022 γὰρ
1707 1989 1778 2022 πρὶς

995 2034 1159 2065 Ἰουδαίους·
1178 2034 1255 2065 Ἕως
1276 2033 1335 2060 τῶν
1363 2033 1481 2067 ἡμερῶν
1510 2034 1610 2066 Δαόὶδ,
1637 2033 1671 2067 ὃς
1705 2033 1777 2067 εὗρε

988 2079 1078 2113 χάριν
1098 2079 1227 2106 ἐνώπιον
1243 2079 1297 2106 τοῦ
1323 2079 1407 2112 Θεοῦ,
1434 2079 1483 2105 καὶ
1501 2078 1637 2112 ᾐτήσατο
1674 2079 1777 2112 εὑρεῖν

987 2126 1133 2160 σκήνωμα
1152 2125 1191 2158 τῷ
1211 2124 1273 2156 Θεῷ
1290 2124 1398 2152 Ἰακώϐ.
1415 2125 1501 2151 Τοῦτο
1520 2125 1549 2151 δὲ
1576 2125 1605 2151 τὸ
1629 2125 1710 2160 ῥητὴν
1728 2125 1776 2151 τοῦ

989 2170 1045 2206 pia}
1059 2171 1178 2206 ψαλμοῦ,
1196 2171 1274 2204 δῆλόν
1285 2171 1368 2200 ἐστιν,
1380 2170 1418 2201 ὡς
1433 2170 1506 2196 ἐστιν
1515 2170 1667 2205 ἀνώνυμος.
1693 2171 1777 2197 Ἀλλὰ

149 2225 203 2244 non
219 2218 435 2245 sitnumerusiu
453 2219 564 2252 psalmis
582 2228 588 2245 :
606 2221 742 2247 secundus
759 2225 864 2251 autem,
877 2219 932 2246 sine

995 2218 1034 2243 ιιαί
1045 2218 1069 2243 οἱ
1084 2218 1114 2243 τὸ
1133 2217 1313 2250 Ἀλληλούϊα
1328 2216 1568 2251 ἐπιγεγραμμένον
1584 2217 1690 2251 ἔχοντες
1727 2216 1776 2242 τοῦ

147 2263 377 2292 contradictione.
411 2264 585 2298 conscriptus
622 2265 673 2293 fuit
693 2273 707 2293 a
731 2266 810 2293 beato
837 2265 932 2292 David.

147 2307 234 2341 Cuius
251 2308 290 2336 rei
319 2312 404 2336 testes
432 2310 564 2338 habemus
591 2312 740 2346 apostolos,
769 2311 795 2337 in
818 2311 934 2338 Actibus

146 2355 269 2382 dicentes
297 2354 329 2382 ad
355 2355 438 2383 Deum
458 2365 465 2384 :
483 2357 504 2373 ’³
525 2357 564 2384 Tu
580 2358 623 2392 qui
641 2366 687 2391 per
710 2366 738 2384 os
756 2357 841 2383 David
857 2358 933 2391 pueri

147 2397 187 2424 tui
209 2398 303 2425 dixisti
316 2407 325 2425 :
340 2399 428 2432 Quare
441 2401 643 2429 insurrexerunt
658 2406 756 2436 gentes,
784 2406 836 2428 etc.
855 2401 934 2429 Unde

146 2442 228 2469 etiarn
242 2443 446 2472 demonstratur
460 2447 580 2480 primutn
608 2447 743 2481 psalmum
764 2446 821 2481 pari
853 2447 935 2474 modo

146 2489 232 2522 ipsius
243 2498 305 2518 esse
321 2490 405 2519 David
420 2500 426 2518 :
443 2493 516 2528 quod
534 2493 556 2519 si
586 2493 704 2526 primum
729 2497 756 2519 et
783 2492 933 2520 secundum

145 2535 294 2569 psalmum,
322 2539 369 2573 qui
383 2544 479 2567 carent
507 2538 697 2572 inscriptione,
725 2538 844 2566 dicimus
872 2546 934 2567 esse

144 2579 242 2614 David,
263 2588 465 2618 consequenter
477 2584 523 2610 atii
547 2590 656 2614 omnes,
673 2583 719 2618 qui
744 2583 804 2610 sine
832 2583 932 2611 inscri-

148 2627 242 2660 ptione
262 2634 338 2662 sunt,
364 2630 487 2665 ejusdem
504 2634 584 2656 erunt
603 2637 609 2654 :
630 2628 712 2656 sicuti
727 2629 798 2656 inter
817 2634 931 2657 caeteros

989 2263 1071 2290 Aa6i6
1084 2264 1151 2289 εἰσιν
1172 2270 1179 2277 ·
1198 2262 1297 2289 αὐτίκα
1312 2262 1366 2297 γὰρ
1385 2262 1399 2287 6
1413 2262 1523 2297 πρῶτος
1538 2262 1639 2294 αὐτῶν,
1656 2263 1670 2288 6
1692 2261 1730 2298 ρδ¹
1743 2261 1776 2287 ὲν

987 2310 1043 2341 τοῖς
1064 2309 1315 2344 Παραλειπομένοις
1333 2309 1372 2343 τῷ
1383 2309 1465 2335 Δαὸὶδ
1480 2307 1645 2343 πεποιῆσθαι
1670 2308 1777 2342 γέγρα-

987 2365 1063 2382 πται.
1078 2357 1157 2382 Δοκεῖ
1172 2355 1220 2382 οὖν
1234 2355 1308 2382 αἰτία
1324 2355 1370 2382 τοῦ
1389 2355 1438 2390 μὲν
1452 2353 1522 2382 εἶναι
1538 2363 1613 2386 τινας
1624 2353 1778 2389 ἀνεπιγρά-

987 2410 1065 2435 φους.
1079 2401 1120 2427 ὅτι
1135 2401 1185 2427 οὐκ
1206 2402 1246 2432 εἰς
1262 2401 1348 2436 ὄνομα
1373 2401 1434 2434 ἑνὸς
1456 2401 1550 2432 ἔθνους
1574 2401 1689 2432 ἕκαστος
1718 2401 1777 2427 τῶν

987 2447 1116 2474 τοιούτων
1132 2447 1264 2480 λέγεται·
1281 2447 1328 2473 τοῦ
1355 2448 1383 2473 δὲ
1403 2447 1573 2481 ἀνωνύμους,
1595 2447 1636 2474 δτι
1661 2448 1701 2478 εὶς
1728 2446 1777 2473 τὸν

988 2492 1090 2527 Κύριον
1111 2492 1234 2528 εἴρηνται
1246 2500 1253 2508 ⁸
1269 2492 1316 2519 τοῦ
1331 2493 1359 2519 δὲ
1375 2493 1470 2527 φέρειν
1508 2493 1702 2526 Ἀλληλούῖα,
1732 2493 1776 2519 ὃτι

987 2538 1056 2573 πρὸς
1068 2538 1134 2565 Θεόν
1147 2540 1218 2566 εἰσιν
1229 2539 1390 2574 εὐχαριστία
1407 2538 1453 2565 καὶ
1470 2538 1564 2573 ὕμνος.
1581 2538 1634 2564 Καὶ
1645 2538 1709 2574 περὶ
1724 2538 1776 2573 μὲν

985 2586 1081 2610 τούτου
1093 2585 1231 2612 τοσαῦτα·
1264 2584 1361 2620 καιρὸς
1388 2584 1416 2610 δὲ
1445 2584 1533 2610 εἰπεῖν
1555 2585 1604 2611 καὶ
1630 2584 1696 2619 περὶ
1717 2584 1777 2611 τῶν

984 2630 1083 2657 ἄλλων.

146 2680 207 2700 esse
218 2674 322 2702 scimus
345 2675 482 2709 psalmum
508 2674 714 2708 nonagesimum
742 2679 880 2709 quartum.
902 2680 930 2701 nt
951 2679 1095 2703 attestatur
1122 2677 1269 2710 Apostolus
1292 2676 1318 2702 iu
1336 2675 1456 2710 Epistola
1482 2684 1531 2704 sua
1561 2677 1594 2703 ad
1628 2675 1772 2714 llebrmos.

145 2718 240 2746 dicens
252 2721 274 2735 "
292 2728 297 2746 :
317 2719 419 2746 Iterum
434 2719 578 2753 quamdam
591 2719 748 2748 determinat
765 2728 834 2748 atem
846 2722 921 2748 Itadie
936 2722 963 2748 in
985 2721 1080 2753 David,
1092 2723 1182 2749 dicens
1196 2727 1254 2756 post
1277 2726 1377 2748 tantum
1400 2727 1500 2756 tempus
1513 2731 1522 2749 :
1537 2722 1612 2749 hodie
1632 2722 1656 2749 εἰ
1682 2730 1772 2748 vocem

143 2768 202 2802 (jus
219 2770 367 2800 audieritis,
382 2769 463 2795 nolite
477 2768 607 2795 obdurare
626 2777 706 2797 eor-aa
723 2770 931 2798 vestraJ’salmi
950 2777 1060 2805 quoque
1080 2770 1127 2804 qui
1159 2775 1222 2797 sunt
1238 2770 1298 2798 sine
1322 2769 1444 2802 nomine,
1481 2769 1569 2798 eidem
1600 2770 1758 2797 ascribendi

178 2826 187 2838 '
207 2825 280 2852 Psal.
307 2833 388 2860 “xv,
417 2825 456 2852 i‘o'.
501 2826 511 2841 ⁹
528 2825 598 2853 Psal.
627 2835 740 2860 xxxvm,
763 2829 787 2855 1.

1503 2827 1524 2843 η
1550 2826 1625 2854 loau.
1651 2834 1706 2860 xtv,
1723 2826 1772 2856 27.
1787 2827 1797 2834 ‘

146 2859 167 2876 “
182 2862 242 2887 Act.
267 2868 304 2894 tv,
317 2859 362 2892 25,
399 2860 420 2875 υ
443 2860 524 2889 Hebr.
543 2869 582 2895 tu,
596 2863 621 2889 8.

837 2829 857 2843 ‘°
878 2827 950 2855 Psal.
976 2834 1085 2860 Luxtv,
1108 2827 1132 2854 i.
1165 2827 1183 2842 “
1202 2826 1271 2854 l‘sal.
1301 2834 1412 2861 utnx,
1441 2827 1463 2854 ι.
