1893 3068
57 189 92 220 57
636 183 828 218 COMMENT.
848 181 891 213 IN
908 171 1094 215 PSALMOS.‘
1652 176 1687 206 ss

56 249 135 277 sunt,
162 249 190 272 ιιι
212 245 289 272 docet
302 245 397 272 beatus
429 242 584 278 Stephanus
602 245 786 276 protomartyr
812 241 839 266 in
852 239 969 267 Actibus
982 237 1079 265 dicens
1092 235 1125 264 ad
1140 235 1270 264 Iudaeos:
1291 236 1312 252 "
1333 234 1420 269 Usque
1447 235 1483 262 ad
1505 234 1560 261 dies
1589 233 1686 274 Quid,

57 294 105 328 qui
119 293 213 320 invenit
227 293 342 328 gratiam
354 300 444 318 caram
461 291 525 322 Deo,
537 295 562 317 el
574 290 660 325 petiit,
691 293 720 316 ut
754 288 881 315 inveniret
903 285 1104 314 tabernaculum
1124 284 1177 312 Deo
1191 282 1286 310 Iacob.
1309 283 1386 315 Quod
1413 282 1516 309 dictum
1543 282 1689 310 manifeste

59 344 200 374 sumptum
215 342 256 365 est
269 347 302 366 ex
315 337 420 373 psalmo
447 341 539 369 cxnt,
560 336 606 371 qui
630 335 754 363 auctoris
770 339 846 362 caret
865 333 989 362 nomine.
1006 331 1094 359 Simili
1103 330 1184 358 modo
1199 331 1280 357 etiam
1296 329 1406 364 psalmi,
1418 329 1465 362 qui
1497 329 1557 355 loco
1586 328 1687 356 inscri-

57 372 162 420 ptionis
195 385 295 412 habent
316 372 446 414 Alleluia,
484 383 572 416 ipsius
602 381 686 409 David
723 379 867 415 reputandi
898 382 983 406 sunt:
1000 377 1136 412 siquidem
1154 383 1248 403 eorum
1268 375 1372 410 primus
1395 373 1440 408 qui
1465 376 1507 400 est
1528 380 1582 403 etv.
1600 372 1689 398 mani-

58 430 130 459 feste
153 430 186 456 ab
210 437 244 456 co
270 429 321 456 fuit
350 428 528 463 compositus,
554 432 584 455 ut
610 427 727 462 legimus
742 427 769 454 in
798 426 869 453 libro
903 424 1146 459 Paraiipomenon.
1173 422 1254 448 Ratio
1285 425 1386 451 autem,
1413 427 1497 454 quare
1522 419 1689 453 psalmorum

60 479 145 514 aliqui
167 482 263 505 carent
287 477 478 512 inscriptione,
508 476 617 503 videtur
641 482 671 503 ea
694 483 765 506 esse,
800 474 864 509 quia
885 480 939 500 non
960 473 987 499 in
1014 472 1097 499 unius
1113 474 1217 497 tantum
1249 469 1339 504 gentis
1361 467 1482 500 nomine,
1501 467 1690 501 unusquisque

60 532 158 553 eorum
180 525 270 552 dictus
291 529 332 551 est
354 532 361 555 ;
377 523 448 558 quod
465 530 530 552 vero
547 522 602 550 sint
617 522 677 550 sine
701 521 822 552 nomine,
843 527 875 547 ea
891 519 1000 546 videtur
1017 525 1081 546 esse
1095 517 1177 548 ratio,
1212 515 1276 550 quia
1295 515 1322 542 in
1344 515 1434 548 ipsum
1451 514 1596 540 Dominutn
1622 513 1689 540 dicti

60 576 146 598 sunt:
164 570 236 605 quod
256 570 358 597 habent
372 569 498 601 Alleluia,
512 568 584 595 ratio
602 572 655 600 est,
672 567 735 602 quia
766 565 917 600 gratiarum
931 564 1053 600 actiones
1067 566 1094 590 ct
1111 562 1207 589 laudes
1223 561 1250 588 in
1282 560 1365 587 Deum
1409 561 1561 587 continent.
1589 558 1689 586 Verum

59 618 96 645 de
111 618 154 644 bis
170 618 228 644 hate
241 617 312 644 dicta
328 616 464 644 sufficiant
480 624 486 642 :
501 620 610 651 tempus
627 620 679 646 est,
702 618 731 642 ut
753 614 786 642 de
799 612 905 641 catcris
919 611 999 640 etiam
1012 615 1171 638 tractemus.

97 665 206 695 Ψαλτδς
220 664 280 699 μὲν,
293 665 307 690 ὁ
321 663 449 698 ᾁδόμενος
464 662 530 694 Θεός
540 670 546 676 ·
559 662 667 696 ψαλμδς
677 662 716 693 δὲ,
729 661 760 687 τὸ
774 668 844 694 non}.

942 657 1052 686 Psaltus
1067 657 1179 693 quidem
1194 656 1266 684 Deus
1284 658 1326 682 est
1346 654 1392 688 qui
1410 653 1521 680 canitur
1540 662 1548 680 :
1566 653 1689 687 psalmus

64 712 162 747 μάτιον
176 711 222 737 καὶ
238 711 267 736 τδ
285 710 366 744 μέλος
382 709 465 736 αὑτοῦ
476 717 483 724 ·
497 709 640 744 ψαλμῳδδς
654 709 692 739 δὲ,
707 709 721 735 ὁ
735 708 852 742 ποιητὴς

61 757 182 783 ⁴τούτων⁸
208 755 346 790 ψαλτῳδδς
373 755 412 784 δὲ.
431 755 444 781 ὁ
459 754 569 789 ψάλλων
597 753 677 781 τοῦτο
698 753 797 788 χορός·
820 752 851 778 τὸ

64 803 157 838 μέντοι
175 801 316 835 διαψαλμα
347 800 498 835 μεταὸολὴν
514 800 641 834 σημαίνει
666 799 812 834 νοήματος,
833 798 849 833 ἦ

65 848 174 882 μέλους,
195 847 211 882 ἦ
231 846 365 881 ἀναϐολήν
384 855 444 872 τινα
471 846 636 880 κρούματος,
653 845 669 880 ἢ
698 844 850 879 τηνικαῦτα

61 893 137 920 θείου
167 894 326 928 Πνεὺματος
360 893 495 928 ἐλλαμψιν
526 893 566 924 εἰς
593 892 656 923 τοὺς
680 891 849 926 ψάλλοντας·

64 941 259 975 ἀπεγράφοντο
279 940 333 975 γὰρ
347 939 433 966 ταῦτα
455 939 544 966 πάντα
563 939 607 965 διὰ
621 939 671 973 τὴν
696 937 849 973 ἀκρίϐειαν.

70 984 152 1011 Ἀλλὰ
166 984 271 1019 capt;
289 984 338 1018 μὲν
365 984 478 1018 κυρίως,
496 983 510 1009 ὁ
527 983 595 1018 μετὰ
622 983 769 1017 ὀργανικοῦ
784 982 852 1016 ψαλ-

59 1030 161 1064 τηρίου
187 1029 314 1064 ἐμμελῶς
341 1028 561 1063 ἐκφωνούμενος·
581 1029 637 1064 ᾠδὴ
652 1029 691 1061 δὲ,
719 1029 794 1062 φωνή
810 1036 852 1059 τις

63 1075 184 1110 μουσική
213 1084 242 1102 τε
258 1076 303 1101 καὶ
330 1075 502 1110 ἐναρμόνιος,
529 1074 582 1101 ἀπὸ
608 1075 688 1110 μόνου
705 1075 850 1107 στόματος.

62 1121 367 1156 Καταχρηστικὼτερον
391 1121 418 1147 δὲ
444 1121 551 1154 λέγεται
568 1122 693 1152 κάκεῖνος
713 1120 778 1155 ᾠδὴ,
805 1119 852 1146 καὶ

61 1165 133 1201 αὕτη
143 1165 265 1200 ψαλμός·
281 1166 460 1202 ἀρχαιότερον
472 1167 500 1193 δὲ
514 1167 530 1201 ή
546 1167 601 1202 ᾠδή
613 1175 619 1181 ·
641 1166 688 1192 καὶ
700 1166 754 1201 γὰρ
767 1166 851 1192 Matii-

65 1212 119 1252 σῆς
141 1210 209 1247 ἦρξε
225 1212 339 1247 ταύτης,
361 1212 408 1238 καὶ
424 1212 569 1248 διήρκεσεν
591 1213 642 1244 ἕως
657 1212 749 1239 Δαῦίδ.
765 1209 851 1244 Οὗτος

63 1259 93 1286 δὲ
107 1259 214 1293 πρῶτος
230 1258 331 1293 ἤρξατο
344 1258 398 1285 τῶν
414 1258 529 1293 ψαλμῶν
540 1267 546 1274 ·
574 1260 597 1285 ει
612 1259 667 1293 γὰρ
689 1259 736 1286 καὶ
752 1258 851 1294 περιῆν

63 1304 215 1352 ψαλτήριον
227 1304 354 1340 ὄργανον,
371 1304 429 1331 ἀλλ’
446 1304 558 1339 ἄτεχνον
571 1305 617 1330 καὶ
639 1304 783 1335 ἰδιωτικὸν,
804 1304 851 1330 καὶ
868 1322 890 1352 Β

64 1351 134 1385 πρὸς
149 1351 216 1385 μόνα
231 1351 332 1385 ψάλλον
346 1351 379 1376 τὰ
398 1350 511 1385 ποίμνια
523 1359 529 1365 ·
558 1350 640 1376 Δαὸὶδ
651 1351 679 1376 δὲ
697 1351 853 1385 σοφώτερον

65 1396 146 1423 τοῦτο
161 1396 374 1428 κατεσκεύασεν,
387 1395 403 1431 ἦ
420 1396 553 1431 ἥρμοσεν,
570 1397 620 1422 καὶ
631 1396 679 1431 τήν
692 1395 790 1431 χρῆσιν
804 1396 854 1422 αὺ-

63 1441 113 1468 τοῦ
130 1442 199 1477 πρὸς
214 1441 281 1468 Θεὸν
298 1442 476 1476 μετήνεγκεν.
495 1442 600 1477 ’Υμνος
620 1442 659 1474 δὲ,
685 1443 700 1476 ἡ
725 1443 852 1470 ἐπιτετα-

66 1488 134 1523 μένη
153 1488 306 1520 δοξολογία’
323 1487 395 1518 αἶνος
416 1488 454 1520 δὲ,
471 1488 485 1514 ὁ
509 1487 640 1523 σύντομος
659 1488 768 1519 ἔπαινος
785 1497 792 1504 ·
812 1489 855 1522 ἰξ-

63 1533 229 1567 ομολόγησις
243 1533 282 1566 δὲ,
299 1534 315 1569 ἡ
330 1535 390 1560 κατ’
404 1533 530 1560 ἐπίτασιν
545 1534 701 1570 ὀμολογίαῆ
716 1535 806 1562 καλῶν
816 1533 853 1562 ῶν

65 1580 271 1614 πεποιήκαμεν,
296 1580 313 1616 ἢ
337 1579 432 1608 κακῶν
455 1577 491 1607 ὧν
507 1581 695 1615 δεδράκαμεν·
713 1583 853 1617 προσευχὴ

65 1625 105 1656 δὲ,
122 1625 139 1661 ή
154 1625 247 1661 δέησις
257 1634 264 1641 ”
279 1626 346 1661 εὐχὴ
357 1627 397 1660 δὲ,
413 1628 428 1661 ή
443 1627 603 1662 ὑπόσχεσις.
620 1627 711 1654 Πάντα
726 1628 753 1654 δὲ
765 1628 855 1662 λέγον-

65 1679 111 1698 ται
126 1671 196 1706 πρὸς
209 1672 285 1699 Θεόν.
303 1673 337 1699 Τί
349 1673 398 1708 μὲν
413 1673 460 1700 οὖν
473 1674 531 1700 ἐστι
551 1673 668 1708 ψαλμδς,
683 1674 729 1700 καὶ
741 1674 767 1700 τί
786 1674 852 1710 ᾠδή,

66 1718 264 1752 προσηκόντως
275 1718 393 1753 εἴρηται.
412 1719 490 1754 ’ῼδὰς
501 1720 528 1746 δὲ
546 1719 662 1754 ψαλμῶν
672 1720 853 1755 ὑποληπτέον,

66 1762 108 1789 ὅτι
124 1762 310 1797 προτάσσεται
324 1763 374 1798 μὲν
391 1765 407 1798 ή
420 1763 453 1790 δι’
471 1764 589 1799 ὀργάνου
608 1765 738 1800 μουσικὴ,
759 1766 854 1793 ἕπεται

66 1806 96 1833 δὲ
109 1807 125 1842 ἡ
139 1806 184 1833 διὰ
200 1808 334 1842 στόματος
353 1809 439 1844 φωνὴ,
456 1809 587 1843 δευτέραν
601 1809 778 1844 λαμῦἁνουσα
795 1812 852 1845 χώ-

70 1861 136 1887 ραν*
152 1854 255 1887 ψαλμοὶ
267 1854 294 1880 δὲ
311 1854 398 1889 ᾠδῶν,
415 1855 458 1881 ὅτε
473 1855 628 1881 τούναντίον
640 1855 759 1890 γίνηται.
776 1856 855 1883 Κατὰ

67 1899 97 1926 δὲ
113 1899 176 1931 τοὺς
197 1898 296 1933 νόμους
317 1900 366 1933 τῆς
382 1900 541 1933 ἀναγωγῆς,
561 1900 668 1935 quam;
689 1901 738 1936 μὲν
755 1901 788 1927 ἂν
799 1903 853 1937 εἴη,

67 1946 113 1973 ὅτε
133 1946 163 1972 τὸ
180 1946 259 1981 σῶμα
286 1946 430 1979 τείνοντες,
456 1946 494 1978 ὡς
520 1947 666 1982 ὀργανικὸν
694 1947 854 1983 ψαλτήριον,

903 712 969 732 vero
985 711 1081 738 poema
1113 706 1141 730 ct
1166 709 1277 730 carmen
1315 700 1388 735 quod
1417 700 1449 726 de
1477 707 1510 726 eo
1541 698 1690 726 canimus:

902 750 1074 786 psalmodus.
1090 753 1168 785 poeta
1183 752 1226 777 est
1244 747 1291 782 qui
1310 747 1368 774 haec
1395 746 1506 773 conﬁcit
1534 745 1657 772 carmina
1682 751 1691 771 :

903 800 930 825 et
946 796 1105 827 Psaltodus,
1136 795 1240 822 chorus
1266 793 1423 821 canentium
1454 792 1598 826 psalmos:
1632 790 1692 817 dia-

903 843 1020 878 psalma,
1033 842 1215 870 mutationem
1232 839 1387 869 sentcntiae.
1401 842 1449 865 aut
1475 841 1574 864 cantus
1605 836 1692 870 signi-

904 889 964 916 ﬁcat
980 894 1043 916 :aut
1052 895 1230 923 pausam,seu
1241 886 1458 921 interiectionem
1473 883 1618 919 quamdam
1629 883 1692 918 pul-

903 936 1031 967 sationis,
1047 935 1088 961 vci
1105 935 1252 970 fulgorem,
1281 939 1362 968 atque
1391 931 1619 960 illuminalionem
1650 929 1694 956 di-

903 982 1106 1017 viniSpiritus,
1136 989 1197 1015 quze
1227 985 1293 1007 tunc
1323 979 1486 1006 canentibus
1514 977 1692 1011 apparebat:

903 1027 1096 1055 seribcbantu-r
1110 1027 1183 1053 enim
1201 1026 1292 1052 omnia
1307 1025 1365 1051 haec.
1397 1024 1431 1050 ab
1461 1023 1502 1050 eis
1533 1022 1691 1055 diligenter.

903 1073 1030 1100 Psalmus
1045 1072 1156 1107 proprie
1171 1076 1213 1099 est
1226 1070 1291 1098 illud
1306 1077 1428 1102 carmen,
1449 1069 1521 1103 quod
1535 1067 1616 1095 simul
1629 1073 1692 1093 cum

903 1119 1030 1146 Psallerii
1056 1119 1240 1145 instrumento
1270 1116 1348 1143 suavi
1375 1122 1442 1142 voce
1468 1113 1694 1148 proferturzode

904 1171 951 1192 seu
965 1165 1117 1196 canticum,
1132 1170 1185 1189 vox
1205 1161 1327 1197 quaedam
1343 1165 1384 1187 est
1406 1160 1510 1186 musica
1532 1166 1594 1186 cum
1629 1158 1694 1184 har-

903 1210 1008 1242 monia,
1028 1209 1087 1236 solo
1111 1215 1160 1234 ore
1191 1207 1311 1242 prolata,
1343 1212 1512 1239 quamquam
1543 1203 1694 1237 improprie

903 1256 994 1289 ipsum
1031 1254 1169 1282 canticum
1196 1258 1383 1287 saepenumero
1421 1249 1546 1276 Psalmus
1575 1248 1694 1275 dicatur.

905 1301 953 1329 Est
969 1305 1061 1328 autent
1092 1299 1231 1327 canticum
1263 1298 1368 1332 psalmo
1406 1296 1568 1330 antiquius:
1588 1294 1695 1328 Moyses

905 1347 1006 1382 quippe
1021 1346 1122 1374 cantici
1140 1349 1238 1372 auctor
1252 1343 1314 1374 fuit,
1347 1343 1477 1376 illiusque
1509 1348 1577 1368 usus
1607 1347 1695 1374 usque

904 1395 936 1420 ad
954 1394 1026 1420 beati
1044 1391 1267 1425 David—tempora
1282 1388 1470 1424 perseveravit
1489 1396 1495 1414 :
1514 1387 1560 1421 qui
1588 1387 1695 1421 primus

904 1440 1025 1468 omnium
1040 1439 1125 1473 cmpit
1156 1437 1278 1472 psalmos
1307 1435 1495 1463 conscribere.
1524 1433 1592 1460 Nam
1618 1437 1645 1459 et
1672 1431 1696 1459 si

905 1489 984 1511 antea
1000 1484 1124 1519 psalterii
1148 1483 1333 1509 instrumento
1356 1484 1512 1510 uterentur,
1532 1479 1611 1506 illius
1629 1485 1696 1506 usus

905 1536 931 1558 et
944 1531 1005 1557 sine
1021 1535 1079 1556 arte
1095 1529 1150 1556 ulla
1173 1532 1243 1560 erat,
1264 1531 1291 1554 ct
1322 1526 1468 1553 admodum
1491 1525 1611 1559 vulgaris
1630 1533 1637 1556 ;
1660 1524 1694 1550 ad

906 1577 981 1605 solos
994 1576 1067 1603 enim
1091 1582 1187 1610 greges
1213 1573 1374 1600 mulcench
1400 1572 1574 1606 pulsabatur.
1612 1570 1696 1596 David

906 1624 988 1658 igitur
1003 1621 1107 1649 homini
1121 1622 1334 1648 instrumentum
1365 1618 1517 1652 sapientius
1548 1616 1697 1652 coaplavit.

905 1675 933 1698 et
950 1670 1025 1696 illius
1044 1675 1124 1695 usum
1140 1667 1172 1694 ad
1188 1667 1273 1694 Deum
1301 1665 1454 1692 transtulit.
1480 1664 1602 1698 Hymnus
1632 1670 1698 1689 vero

906 1721 947 1744 est
961 1715 1061 1743 divinae
1075 1714 1170 1749 gloriae
1183 1713 1324 1740 extensior
1337 1715 1420 1745 atque
1436 1710 1553 1744 amplior
1572 1709 1696 1743 quaedam

905 1763 977 1791 laus.
995 1761 1061 1789 Nam
1078 1768 1141 1788 cum
1157 1760 1249 1787 laudis
1265 1765 1367 1786 nomen
1387 1756 1551 1791 simpliciter
1567 1755 1696 1786 dicimus,

905 1808 1081 1843 vulgariores
1112 1813 1144 1833 ac
1175 1805 1320 1833 breviores
1360 1802 1454 1829 laudes
1498 1800 1696 1834 significamus.

905 1854 1053 1883 Confessio
1081 1853 1164 1880 etiam
1197 1851 1316 1885 amplum
1345 1849 1481 1883 quoddam
1505 1845 1696 1875 testimonium

905 1905 948 1928 est
963 1905 990 1927 et
1005 1899 1082 1927 lidcs.
1100 1905 1153 1932 qua
1172 1901 1220 1924 aut
1240 1896 1311 1922 bona
1326 1902 1386 1929 qua!
1401 1894 1554 1927 recepimus
1568 1892 1698 1921 fatemur,

907 1945 1036 1973 atttmala
1052 1952 1113 1979 quze
1137 1943 1341 1970 commisimus.
1367 1940 1454 1967 Porro
1482 1939 1570 1966 oratio
1602 1943 1699 1970 preces

68 1992 117 2019 καὶ
133 1991 178 2018 διὰ
191 1991 245 2017 τῶν
259 1991 350 2017 καλῶν
369 1991 458 2026 ἔργων
476 1992 653 2026 ὲπαφὼμενοι
667 1981 815 2027 τρόπον

953 1992 1057 2022 niiioat,
1073 1995 1100 2017 ct
1125 1994 1219 2017 votum
1255 1987 1479 2022 promissionem.
1502 1983 1647 2016 omniaque
1663 1981 1696 2007 ad

68 2039 117 2065 καὶ
131 2037 263 2072 ψαύοντες
274 2037 370 2067 αὑτοῦ,
386 2038 485 2073 πρᾶξιν
500 2037 685 2072 ἀποτελοῦμεν
704 2039 808 2073 ἀγαθήν
824 2047 853 2065 τε

68 2084 117 2111 καὶ
140 2085 311 2119 ἐναρμόνιον,
338 2085 361 2110 εί
378 2084 425 2110 καὶ
450 2083 534 2117 μήπω
560 2083 677 2118 Θεωρίας
700 2084 852 2118 ἐπέϐημεν-

139 2129 178 2162 δὲ,
192 2130 235 2155 ὅτε
250 2130 333 2164 χωρὶς
350 2129 397 2155 τοῦ
415 2130 569 2164 πρακτικοῦ
585 2129 742 2163 θεωροῦμεν
759 2130 792 2156 τὰ
806 2129 854 2160 τῆς

67 2175 198 2211 ἀληθείας
215 2176 363 2211 μυστήρια,
390 2176 612 2210 γεγυμνασμένοι
632 2177 682 2211 ήδη
707 2177 855 2211 τυγχάνον-

67 2229 128 2253 sec,“
143 2221 199 2256 ᾠδὴ
214 2222 244 2248 δὲ
258 2221 377 2256 ψαλμοῦ,
394 2223 457 2248 ὅταν
472 2222 648 2256 προαγούσης
664 2223 770 2256 ἀγαθῆς
784 2223 854 2257 πρά-

68 2267 148 2300 ξεως,
175 2268 214 2298 εἰς
231 2267 347 2301 θεωρίαν
369 2269 596 2302 καταντήσωμεν,
614 2269 684 2294 κατὰ
698 2268 728 2294 τὸ
743 2268 856 2303 εἰρημέ-

67 2321 128 2339 νον·
149 2313 358 2346 Ἐπεθύμησας
373 2315 496 2347 σοφίαν,
517 2314 705 2347 διατήρησιν·
717 2314 856 2347 ἐντολὰς,

69 2360 118 2386 καὶ
134 2359 240 2392 Κύριος
251 2359 412 2393 χορηγήσει
424 2367 473 2386 σοι
487 2360 593 2393 αὐτήν.
607 2360 720 2394 Ψαλμὺς
733 2361 761 2386 δὲ
774 2361 855 2395 ᾠδῆς,

68 2405 114 2431 ὅτε
128 2404 178 2438 τῆς
199 2404 313 2439 θεωρίας
328 2405 530 2439 σαφηνιζούσης
546 2406 606 2431 τινὰ
619 2406 673 2431 τῶν
695 2407 857 2441 κεκρυμμέ-

68 2460 124 2478 νων
147 2451 260 2485 ἠθικῶν,
278 2452 316 2483 εἰς
347 2451 480 2486 ἐργασίαν
504 2451 606 2477 τούτων
632 2451 779 2486 ἐρχόμεθα.
803 2452 857 2477 Καὶ

68 2498 141 2532 τάχα
153 2498 196 2523 διὰ
211 2498 289 2523 τοῦτο
306 2497 414 2532 πρῶτον
431 2497 454 2523 οἱ
469 2497 582 2532 ψαλμοὶ,
600 2496 659 2524 εἶτα
677 2498 705 2524 αἱ
722 2498 800 2533 ᾠδαὶ,
817 2497 858 2524 ὅτι

68 2544 123 2579 χρὴ
138 2544 185 2570 καὶ
198 2543 241 2569 διὰ
258 2543 307 2578 τῆς
325 2543 481 2577 πρακτικῆς
504 2543 603 2574 ἰόντας,
621 2545 661 2573 εἰς
682 2543 798 2577 Θεωρίαν
813 2544 858 2570 ἐλ-

69 2590 137 2616 οεῐν.
157 2589 253 2615 Ἔνθεν
273 2598 314 2615 τοι
327 2589 374 2615 καὶ
390 2589 457 2623 προς
471 2597 509 2623 τῳ
522 2589 592 2615 τέλει
611 2589 706 2615 πολλαὶ
716 2589 793 2623 ῲδαί·
811 2589 858 2615 καὶ

69 2635 138 2662 ὅπου
155 2635 322 2670 ἀναόαϐμδς,
337 2635 456 2668 οὐδαμοῦ
473 2634 590 2669 ψαλμδς,
601 2634 663 2661 οὕτε
681 2636 739 2669 μετ’
755 2635 857 2670 ἐμπλο-

907 2039 991 2066 Deum
1005 2037 1153 2071 pertinent.
1181 2034 1251 2067 Quid
1270 2034 1363 2067 itaque
1375 2032 1410 2059 sit
1429 2031 1564 2065 psaimus,
1591 2033 1619 2055 et
1632 2027 1696 2061 quid

907 2085 1058 2115 canticum,
1074 2081 1182 2109 abunde
1192 2080 1323 2107 diximus.
1339 2078 1482 2105 Canticum
1496 2080 1588 2102 autem
1600 2073 1699 2108 psalmi

908 2135 973 2157 tunc
991 2133 1043 2158 est.
1073 2128 1183 2162 quando
1201 2126 1306 2153 musice
1331 2133 1380 2159 per
1405 2123 1565 2157 organicnm
1595 2121 1700 2148 instru-

908 2179 1031 2202 mentum
1049 2174 1124 2208 prius
1155 2171 1327 2206 disponitur,
1343 2175 1370 2197 et
1393 2169 1491 2196 deinde
1521 2165 1700 2200 consequitur

908 2229 957 2248 vox
971 2228 1018 2246 ore
1044 2219 1156 2250 emissa,
1183 2226 1244 2252 qua:
1271 2216 1422 2244 secundum
1452 2218 1569 2248 occupat
1598 2213 1700 2240 locum.

909 2268 1033 2295 Psalmus
1051 2273 1114 2293 vero
1133 2264 1234 2292 cantici
1252 2267 1319 2290 tunc
1356 2262 1470 2292 dicitur,
1504 2260 1615 2294 quando
1640 2259 1700 2292 ejus

908 2314 980 2350 quod
993 2321 1066 2341 nunc
1084 2312 1202 2339 diximus
1218 2309 1391 2337 contrarium
1417 2309 1455 2335 fit.
1483 2307 1565 2334 Juxta
1597 2312 1700 2338 θητιᾳο-

909 2369 960 2395 gen
975 2367 1007 2386 ac
1021 2358 1152 2386 moralem
1167 2364 1295 2386 sensum.
1310 2355 1445 2390 psalmum
1468 2358 1534 2381 tunc.
1565 2352 1700 2382 canimus,

908 2405 1020 2441 quando
1047 2411 1148 2438 corpus
1177 2406 1303 2430 nostruut
1335 2400 1416 2435 quasi
1445 2398 1570 2434 psalterii
1600 2398 1700 2424 instru-

910 2456 1033 2479 mentum
1056 2449 1237 2478 intendimus.
1255 2452 1282 2474 et
1298 2454 1347 2481 per
1367 2446 1440 2473 bona
1459 2452 1543 2480 opera
1564 2443 1700 2478 quodam-

909 2497 989 2524 modo
1003 2497 1091 2531 ipsum
1109 2495 1261 2531 palpantes.
1275 2494 1365 2520 bonas
1381 2499 1412 2520 ac
1427 2491 1580 2519 concinnas
1612 2489 1700 2516 actio-

910 2551 959 2570 nes
974 2542 1144 2578 perlicimus,
1158 2547 1317 2575 quanquam
1343 2538 1376 2566 ad
1395 2538 1508 2565 altiores
1531 2534 1700 2569 contempla<

911 2591 1000 2618 tiones
1014 2588 1134 2616 nondum
1150 2586 1370 2614 ascenderimus.
1387 2583 1464 2611 Odcn
1477 2591 1540 2610 vero
1572 2585 1620 2608 aut.
1635 2587 1701 2606 can-

912 2636 996 2663 ticum
1009 2641 1108 2661 canere
1121 2638 1187 2659 tunc
1205 2632 1259 2659 dici
1277 2637 1438 2664 possumus,
1455 2628 1568 2664 quando
1597 2627 1701 2660 absque

70 2682 124 2716 κῆς
146 2682 226 2717 ᾠδῆς.
250 2682 293 2708 Ἐν
307 2681 361 2717 γὰρ
376 2683 436 2713 ταῖς
454 2682 617 2709 ἀναϐάσεσιν
650 2682 674 2708 οἱ
694 2682 766 2716 ἅγιοι
790 2691 817 2717 πη

954 2681 976 2708 is
992 2678 1200 2714 operationibus
1215 2676 1342 2704 veritatis
1359 2680 1467 2702 tantum
1490 2672 1618 2708 mysteria
1633 2678 1699 2698 con-

73 2727 148 2761 μόνῳ
161 2726 199 2761 τῷ
215 2727 328 2761 Θεωρεῖν
348 2727 426 2753 εἰσιν.

915 2726 1088 2760 temptamur,
1107 2724 1194 2751 et'fceti
1209 2723 1266 2758 jam
1285 2723 1311 2750 in
1325 2730 1357 2749 ea
1373 2729 1402 2750 rc
1434 2720 1582 2748 admodum
1597 2716 1701 2744 excrci-

71 2772 122 2799 ίεῑὶ
139 2781 145 2799 ε
164 2777 190 2804 ξι
203 2772 341 2800 canticum
368 2773 478 2808 psalmi,
506 2773 616 2807 quando
643 2772 862 2808 praecedentibus
878 2772 958 2800 bonis
974 2771 1142 2802 actionibus,
1161 2771 1187 2798 in
1215 2767 1475 2803 contemplationem
1512 2764 1673 2792 devenimus
1693 2770 1699 2786 ε

70 2820 149 2856 juxta
162 2820 234 2854 quod
266 2820 368 2848 dicitur
386 2830 392 2848 :
410 2820 564 2855 Concupisti
580 2820 740 2854 sapientium
758 2828 767 2847 :
782 2828 857 2848 serva
896 2819 1063 2851 mandatum,

129 2912 151 2928 ’⁸
167 2912 227 2940 Act.
242 2919 291 2944 vn,
310 2911 344 2939 46
396 2911 416 2927 ¹⁸
433 2911 516 2938 Eccli.
533 2920 551 2945 ι,
569 2912 613 2939 53.

1107 2822 1131 2844 ct
1159 2817 1287 2845 Dominus
1315 2815 1362 2842 tibi
1398 2822 1456 2841 eum
1495 2810 1697 2839 ministrabit”.
