  <div class='ocr_page' id='page_1' title='image "/cluster/home/n/w/nwhite01/storage/ocr_20150623/128/njp.32101077773057/041.png"; bbox 0 0 1893 3068; ppageno 0'>
   <div class='ocr_carea' id='block_1_1' title="bbox 143 153 1777 189">
    <p class='ocr_par' dir='ltr' id='par_1_1' title="bbox 143 153 1777 189">
     <span class='ocr_line' id='line_1_1' title="bbox 143 153 1777 189; baseline 0.001 -3"><span class='ocrx_word' id='word_1_1' title='bbox 143 156 178 186; x_wconf 75' lang='lat'><strong>55</strong></span> <span class='ocrx_word' id='word_1_2' title='bbox 757 157 950 188; x_wconf 84' lang='lat' dir='ltr'><strong>EUTHYMII</strong></span> <span class='ocrx_word' id='word_1_3' title='bbox 968 159 1146 189; x_wconf 73' lang='lat' dir='ltr'><strong>ZIGABENI</strong></span> <span class='ocrx_word' id='word_1_4' title='bbox 1735 153 1777 187; x_wconf 68' lang='grc'>56</span> 
     </span>
    </p>
   </div>
   <div class='ocr_carea' id='block_1_2' title="bbox 144 210 891 251">
    <p class='ocr_par' dir='ltr' id='par_1_2' title="bbox 144 210 887 249">
     <span class='ocr_line' id='line_1_2' title="bbox 144 210 887 249; baseline 0.004 -12"><span class='ocrx_word' id='word_1_5' title='bbox 144 211 285 238; x_wconf 90' lang='lat' dir='ltr'><strong>nominum</strong></span> <span class='ocrx_word' id='word_1_6' title='bbox 315 210 534 248; x_wconf 76' lang='lat' dir='ltr'><strong>inscriptionem,</strong></span> <span class='ocrx_word' id='word_1_7' title='bbox 551 213 678 247; x_wconf 92' lang='lat' dir='ltr'><strong>privatim</strong></span> <span class='ocrx_word' id='word_1_8' title='bbox 697 214 730 241; x_wconf 89' lang='lat' dir='ltr'><strong>ad</strong></span> <span class='ocrx_word' id='word_1_9' title='bbox 757 215 887 249; x_wconf 77' lang='lat' dir='ltr'><strong>psallendi</strong></span> 
     </span>
    </p>
   </div>
   <div class='ocr_carea' id='block_1_3' title="bbox 1028 210 1775 251">
    <p class='ocr_par' dir='ltr' id='par_1_3' title="bbox 1028 213 1775 251">
     <span class='ocr_line' id='line_1_3' title="bbox 1028 213 1775 251; baseline -0.004 -9"><span class='ocrx_word' id='word_1_10' title='bbox 1028 216 1126 251; x_wconf 81' lang='grc' dir='ltr'>,οτρῐας</span> <span class='ocrx_word' id='word_1_11' title='bbox 1137 214 1303 250; x_wconf 68' lang='grc' dir='ltr'>ἐπιγραφὰς,</span> <span class='ocrx_word' id='word_1_12' title='bbox 1321 213 1350 240; x_wconf 80' lang='grc' dir='ltr'><strong>οὐ</strong></span> <span class='ocrx_word' id='word_1_13' title='bbox 1367 213 1413 240; x_wconf 75' lang='grc' dir='ltr'><strong>τοῦ</strong></span> <span class='ocrx_word' id='word_1_14' title='bbox 1431 213 1526 245; x_wconf 78' lang='grc' dir='ltr'>δεῖνος,</span> <span class='ocrx_word' id='word_1_15' title='bbox 1541 213 1609 240; x_wconf 77' lang='grc' dir='ltr'>ἀλλὰ</span> <span class='ocrx_word' id='word_1_16' title='bbox 1637 213 1676 248; x_wconf 82' lang='grc' dir='ltr'>τῷ</span> <span class='ocrx_word' id='word_1_17' title='bbox 1699 213 1775 240; x_wconf 81' lang='grc' dir='ltr'>δεῖνι</span> 
     </span>
    </p>
   </div>
   <div class='ocr_carea' id='block_1_4' title="bbox 144 257 932 292">
    <p class='ocr_par' dir='ltr' id='par_1_4' title="bbox 144 257 932 292">
     <span class='ocr_line' id='line_1_4' title="bbox 144 257 932 292; baseline 0.005 -9"><span class='ocrx_word' id='word_1_18' title='bbox 144 257 180 283; x_wconf 83' lang='lat' dir='ltr'><strong>sit</strong></span> <span class='ocrx_word' id='word_1_19' title='bbox 196 258 313 284; x_wconf 85' lang='lat' dir='ltr'><strong>traditus</strong></span> <span class='ocrx_word' id='word_1_20' title='bbox 328 267 334 284; x_wconf 86' lang='lat'>:</span> <span class='ocrx_word' id='word_1_21' title='bbox 348 265 410 284; x_wconf 87' lang='lat' dir='ltr'><strong>cum</strong></span> <span class='ocrx_word' id='word_1_22' title='bbox 426 258 471 285; x_wconf 86' lang='lat' dir='ltr'><strong>alii</strong></span> <span class='ocrx_word' id='word_1_23' title='bbox 492 259 588 292; x_wconf 91' lang='lat' dir='ltr'><strong>psalmi</strong></span> <span class='ocrx_word' id='word_1_24' title='bbox 601 259 635 286; x_wconf 86' lang='lat' dir='ltr'><strong>ab</strong></span> <span class='ocrx_word' id='word_1_25' title='bbox 659 260 799 288; x_wconf 88' lang='lat' dir='ltr'><strong>universis</strong></span> <span class='ocrx_word' id='word_1_26' title='bbox 813 261 932 287; x_wconf 83' lang='lat' dir='ltr'><strong>cantori-</strong></span> 
     </span>
    </p>
   </div>
   <div class='ocr_carea' id='block_1_5' title="bbox 145 303 933 340">
    <p class='ocr_par' dir='ltr' id='par_1_5' title="bbox 145 303 933 340">
     <span class='ocr_line' id='line_1_5' title="bbox 145 303 933 340; baseline 0.005 -11"><span class='ocrx_word' id='word_1_27' title='bbox 145 303 206 335; x_wconf 81' lang='lat' dir='ltr'><strong>bus,</strong></span> <span class='ocrx_word' id='word_1_28' title='bbox 233 309 316 338; x_wconf 83' lang='lat' dir='ltr'><strong>atque</strong></span> <span class='ocrx_word' id='word_1_29' title='bbox 342 305 369 331; x_wconf 93' lang='lat' dir='ltr'><strong>in</strong></span> <span class='ocrx_word' id='word_1_30' title='bbox 402 311 549 331; x_wconf 84' lang='lat' dir='ltr'><strong>commune</strong></span> <span class='ocrx_word' id='word_1_31' title='bbox 573 309 748 333; x_wconf 78' lang='lat' dir='ltr'><strong>canerentur.</strong></span> <span class='ocrx_word' id='word_1_32' title='bbox 780 305 820 333; x_wconf 79' lang='lat' dir='ltr'><strong>Illi</strong></span> <span class='ocrx_word' id='word_1_33' title='bbox 851 307 933 340; x_wconf 77' lang='lat' dir='ltr'><strong>igitur</strong></span> 
     </span>
    </p>
   </div>
   <div class='ocr_carea' id='block_1_6' title="bbox 145 349 932 385">
    <p class='ocr_par' dir='ltr' id='par_1_6' title="bbox 145 349 932 385">
     <span class='ocr_line' id='line_1_6' title="bbox 145 349 932 385; baseline 0.008 -11"><span class='ocrx_word' id='word_1_34' title='bbox 145 349 254 381; x_wconf 79' lang='lat' dir='ltr'><strong>psalmi,</strong></span> <span class='ocrx_word' id='word_1_35' title='bbox 272 349 318 383; x_wconf 87' lang='lat' dir='ltr'><strong>qui</strong></span> <span class='ocrx_word' id='word_1_36' title='bbox 345 349 472 383; x_wconf 81' lang='lat' dir='ltr'><strong>privatim</strong></span> <span class='ocrx_word' id='word_1_37' title='bbox 490 350 524 376; x_wconf 89' lang='lat' dir='ltr'><strong>ab</strong></span> <span class='ocrx_word' id='word_1_38' title='bbox 545 350 639 385; x_wconf 84' lang='lat' dir='ltr'><strong>aliquo</strong></span> <span class='ocrx_word' id='word_1_39' title='bbox 669 359 763 378; x_wconf 84' lang='lat' dir='ltr'><strong>eorum</strong></span> <span class='ocrx_word' id='word_1_40' title='bbox 797 352 932 379; x_wconf 87' lang='lat' dir='ltr'><strong>decantati</strong></span> 
     </span>
    </p>
   </div>
   <div class='ocr_carea' id='block_1_7' title="bbox 146 394 933 432">
    <p class='ocr_par' dir='ltr' id='par_1_7' title="bbox 146 394 933 432">
     <span class='ocr_line' id='line_1_7' title="bbox 146 394 933 432; baseline 0.005 -12"><span class='ocrx_word' id='word_1_41' title='bbox 146 399 221 424; x_wconf 82' lang='lat' dir='ltr'><strong>sunt,</strong></span> <span class='ocrx_word' id='word_1_42' title='bbox 240 394 360 421; x_wconf 87' lang='lat' dir='ltr'><strong>cantoris</strong></span> <span class='ocrx_word' id='word_1_43' title='bbox 376 395 417 422; x_wconf 91' lang='lat' dir='ltr'><strong>sui</strong></span> <span class='ocrx_word' id='word_1_44' title='bbox 436 395 641 429; x_wconf 78' lang='lat' dir='ltr'><strong>inscriptionem</strong></span> <span class='ocrx_word' id='word_1_45' title='bbox 665 398 838 425; x_wconf 82' lang='lat' dir='ltr'><strong>retulerunt:</strong></span> <span class='ocrx_word' id='word_1_46' title='bbox 861 397 933 432; x_wconf 86' lang='lat' dir='ltr'><strong>quod</strong></span> 
     </span>
    </p>
   </div>
   <div class='ocr_carea' id='block_1_8' title="bbox 146 440 932 476">
    <p class='ocr_par' dir='ltr' id='par_1_8' title="bbox 146 440 932 476">
     <span class='ocr_line' id='line_1_8' title="bbox 146 440 932 476; baseline 0.005 -11"><span class='ocrx_word' id='word_1_47' title='bbox 146 440 229 466; x_wconf 87' lang='lat' dir='ltr'><strong>etiam</strong></span> <span class='ocrx_word' id='word_1_48' title='bbox 247 440 417 467; x_wconf 71' lang='lat' dir='ltr'><strong>manifestius</strong></span> <span class='ocrx_word' id='word_1_49' title='bbox 444 442 468 468; x_wconf 80' lang='lat' dir='ltr'><strong>[it</strong></span> <span class='ocrx_word' id='word_1_50' title='bbox 486 450 516 468; x_wconf 75' lang='lat' dir='ltr'><strong>ex</strong></span> <span class='ocrx_word' id='word_1_51' title='bbox 540 443 582 469; x_wconf 87' lang='lat' dir='ltr'><strong>his</strong></span> <span class='ocrx_word' id='word_1_52' title='bbox 607 451 666 476; x_wconf 68' lang='lat' dir='ltr'><strong>quae</strong></span> <span class='ocrx_word' id='word_1_53' title='bbox 693 443 719 470; x_wconf 93' lang='lat' dir='ltr'><strong>in</strong></span> <span class='ocrx_word' id='word_1_54' title='bbox 737 445 807 471; x_wconf 91' lang='lat' dir='ltr'><strong>libro</strong></span> <span class='ocrx_word' id='word_1_55' title='bbox 829 443 932 470; x_wconf 70' lang='lat' dir='ltr'><strong>Parali-</strong></span> 
     </span>
    </p>
   </div>
   <div class='ocr_carea' id='block_1_9' title="bbox 146 487 933 522">
    <p class='ocr_par' dir='ltr' id='par_1_9' title="bbox 146 487 933 522">
     <span class='ocr_line' id='line_1_9' title="bbox 146 487 933 522; baseline 0.004 -9"><span class='ocrx_word' id='word_1_56' title='bbox 146 493 283 520; x_wconf 85' lang='lat' dir='ltr'><strong>pomenon</strong></span> <span class='ocrx_word' id='word_1_57' title='bbox 309 487 423 521; x_wconf 79' lang='lat' dir='ltr'><strong>legimus</strong></span> <span class='ocrx_word' id='word_1_58' title='bbox 436 488 456 513; x_wconf 79' lang='grc'><strong>⁸.</strong></span> <span class='ocrx_word' id='word_1_59' title='bbox 472 487 583 520; x_wconf 77' lang='lat' dir='ltr'><strong>Cecinit,</strong></span> <span class='ocrx_word' id='word_1_60' title='bbox 607 489 704 522; x_wconf 83' lang='lat' dir='ltr'><strong>inquit,</strong></span> <span class='ocrx_word' id='word_1_61' title='bbox 729 492 860 517; x_wconf 79' lang='lat' dir='ltr'><strong>canticum</strong></span> <span class='ocrx_word' id='word_1_62' title='bbox 887 490 933 516; x_wconf 80' lang='lat' dir='ltr'><strong>ltoc</strong></span> 
     </span>
    </p>
   </div>
   <div class='ocr_carea' id='block_1_10' title="bbox 145 532 935 571">
    <p class='ocr_par' dir='ltr' id='par_1_10' title="bbox 145 532 935 571">
     <span class='ocr_line' id='line_1_10' title="bbox 145 532 935 571; baseline 0.005 -13"><span class='ocrx_word' id='word_1_63' title='bbox 145 533 174 559; x_wconf 80' lang='lat' dir='ltr'><strong>in</strong></span> <span class='ocrx_word' id='word_1_64' title='bbox 218 541 298 559; x_wconf 85' lang='lat' dir='ltr'><strong>manu</strong></span> <span class='ocrx_word' id='word_1_65' title='bbox 329 532 428 567; x_wconf 82' lang='lat' dir='ltr'><strong>Asap/I.</strong></span> <span class='ocrx_word' id='word_1_66' title='bbox 462 534 532 566; x_wconf 85' lang='lat' dir='ltr'><strong>Quin</strong></span> <span class='ocrx_word' id='word_1_67' title='bbox 573 535 654 562; x_wconf 81' lang='lat' dir='ltr'><strong>etiam</strong></span> <span class='ocrx_word' id='word_1_68' title='bbox 691 536 726 562; x_wconf 89' lang='lat' dir='ltr'><strong>ab</strong></span> <span class='ocrx_word' id='word_1_69' title='bbox 755 536 935 571; x_wconf 86' lang='lat' dir='ltr'><strong>inscriptione</strong></span> 
     </span>
    </p>
   </div>
   <div class='ocr_carea' id='block_1_11' title="bbox 147 578 935 615">
    <p class='ocr_par' dir='ltr' id='par_1_11' title="bbox 147 578 935 615">
     <span class='ocr_line' id='line_1_11' title="bbox 147 578 935 615; baseline 0.005 -11"><span class='ocrx_word' id='word_1_70' title='bbox 147 578 246 612; x_wconf 78' lang='lat' dir='ltr'><strong>psalmi</strong></span> <span class='ocrx_word' id='word_1_71' title='bbox 259 585 373 610; x_wconf 77' lang='lat' dir='ltr'><strong>xxxviii,</strong></span> <span class='ocrx_word' id='word_1_72' title='bbox 391 587 452 613; x_wconf 75' lang='lat' dir='ltr'><strong>qua:</strong></span> <span class='ocrx_word' id='word_1_73' title='bbox 468 579 622 612; x_wconf 87' lang='lat' dir='ltr'><strong>hujusmodi</strong></span> <span class='ocrx_word' id='word_1_74' title='bbox 640 584 682 608; x_wconf 88' lang='lat' dir='ltr'><strong>est</strong></span> <span class='ocrx_word' id='word_1_75' title='bbox 693 580 714 614; x_wconf 83' lang='lat'><strong>&#39;,</strong></span> <span class='ocrx_word' id='word_1_76' title='bbox 734 581 765 608; x_wconf 86' lang='lat' dir='ltr'><strong>lu</strong></span> <span class='ocrx_word' id='word_1_77' title='bbox 781 582 861 615; x_wconf 81' lang='lat' dir='ltr'><strong>ﬁnem</strong></span> <span class='ocrx_word' id='word_1_78' title='bbox 876 581 935 608; x_wconf 82' lang='lat' dir='ltr'><strong>Idi-</strong></span> 
     </span>
    </p>
   </div>
   <div class='ocr_carea' id='block_1_12' title="bbox 149 623 934 661">
    <p class='ocr_par' dir='ltr' id='par_1_12' title="bbox 149 623 934 661">
     <span class='ocr_line' id='line_1_12' title="bbox 149 623 934 661; baseline 0.005 -12"><span class='ocrx_word' id='word_1_79' title='bbox 149 623 223 650; x_wconf 83' lang='lat' dir='ltr'><strong>thum</strong></span> <span class='ocrx_word' id='word_1_80' title='bbox 237 625 368 650; x_wconf 82' lang='lat' dir='ltr'><strong>canticum</strong></span> <span class='ocrx_word' id='word_1_81' title='bbox 384 625 434 658; x_wconf 65' lang='lat' dir='ltr'><strong>ipsi</strong></span> <span class='ocrx_word' id='word_1_82' title='bbox 450 624 544 651; x_wconf 82' lang='lat' dir='ltr'><strong>David.</strong></span> <span class='ocrx_word' id='word_1_83' title='bbox 563 625 750 660; x_wconf 88' lang='lat' dir='ltr'><strong>Compositum</strong></span> <span class='ocrx_word' id='word_1_84' title='bbox 771 627 872 661; x_wconf 83' lang='lat' dir='ltr'><strong>quippe</strong></span> <span class='ocrx_word' id='word_1_85' title='bbox 885 628 934 654; x_wconf 84' lang='lat' dir='ltr'><strong>fuit</strong></span> 
     </span>
    </p>
   </div>
   <div class='ocr_carea' id='block_1_13' title="bbox 149 669 934 702">
    <p class='ocr_par' dir='ltr' id='par_1_13' title="bbox 149 669 934 702">
     <span class='ocr_line' id='line_1_13' title="bbox 149 669 934 702; baseline 0.006 -7"><span class='ocrx_word' id='word_1_86' title='bbox 149 669 175 695; x_wconf 88' lang='lat' dir='ltr'><strong>id</strong></span> <span class='ocrx_word' id='word_1_87' title='bbox 198 669 364 696; x_wconf 85' lang='lat' dir='ltr'><strong>canticuma</strong></span> <span class='ocrx_word' id='word_1_88' title='bbox 388 670 469 697; x_wconf 72' lang='lat' dir='ltr'><strong>beato</strong></span> <span class='ocrx_word' id='word_1_89' title='bbox 497 670 593 702; x_wconf 85' lang='lat' dir='ltr'><strong>David,</strong></span> <span class='ocrx_word' id='word_1_90' title='bbox 621 675 650 698; x_wconf 81' lang='lat' dir='ltr'><strong>et</strong></span> <span class='ocrx_word' id='word_1_91' title='bbox 678 672 711 699; x_wconf 89' lang='lat' dir='ltr'><strong>ab</strong></span> <span class='ocrx_word' id='word_1_92' title='bbox 742 680 774 699; x_wconf 89' lang='lat' dir='ltr'><strong>eo</strong></span> <span class='ocrx_word' id='word_1_93' title='bbox 805 673 934 700; x_wconf 86' lang='lat' dir='ltr'><strong>traditum</strong></span> 
     </span>
    </p>
   </div>
   <div class='ocr_carea' id='block_1_14' title="bbox 147 715 935 748">
    <p class='ocr_par' dir='ltr' id='par_1_14' title="bbox 147 715 935 748">
     <span class='ocr_line' id='line_1_14' title="bbox 147 715 935 748; baseline 0.006 -7"><span class='ocrx_word' id='word_1_94' title='bbox 147 715 277 748; x_wconf 87' lang='lat' dir='ltr'><strong>ldithum,</strong></span> <span class='ocrx_word' id='word_1_95' title='bbox 296 721 324 742; x_wconf 84' lang='lat' dir='ltr'><strong>ut</strong></span> <span class='ocrx_word' id='word_1_96' title='bbox 341 716 404 742; x_wconf 90' lang='lat' dir='ltr'><strong>illud</strong></span> <span class='ocrx_word' id='word_1_97' title='bbox 433 722 555 743; x_wconf 66' lang='lat' dir='ltr'><strong>caneret.</strong></span> <span class='ocrx_word' id='word_1_98' title='bbox 575 717 700 745; x_wconf 85' lang='lat' dir='ltr'><strong>Psalmus</strong></span> <span class='ocrx_word' id='word_1_99' title='bbox 720 719 802 745; x_wconf 89' lang='lat' dir='ltr'><strong>etiam</strong></span> <span class='ocrx_word' id='word_1_100' title='bbox 817 727 880 746; x_wconf 76' lang='lat' dir='ltr'><strong>mn</strong></span> <span class='ocrx_word' id='word_1_101' title='bbox 895 720 935 746; x_wconf 88' lang='lat' dir='ltr'><strong>sic</strong></span> 
     </span>
    </p>
   </div>
   <div class='ocr_carea' id='block_1_15' title="bbox 148 761 935 799">
    <p class='ocr_par' dir='ltr' id='par_1_15' title="bbox 148 761 935 799">
     <span class='ocr_line' id='line_1_15' title="bbox 148 761 935 799; baseline 0.005 -12"><span class='ocrx_word' id='word_1_102' title='bbox 148 761 310 788; x_wconf 84' lang='lat' dir='ltr'><strong>inscribitur</strong></span> <span class='ocrx_word' id='word_1_103' title='bbox 330 762 372 788; x_wconf 88' lang='lat'><strong>&#39;°:</strong></span> <span class='ocrx_word' id='word_1_104' title='bbox 393 761 425 788; x_wconf 88' lang='lat' dir='ltr'><strong>In</strong></span> <span class='ocrx_word' id='word_1_105' title='bbox 443 763 521 796; x_wconf 80' lang='lat' dir='ltr'><strong>ﬁnem</strong></span> <span class='ocrx_word' id='word_1_106' title='bbox 547 762 612 796; x_wconf 78' lang='lat' dir='ltr'><strong>ﬁliis</strong></span> <span class='ocrx_word' id='word_1_107' title='bbox 637 762 712 796; x_wconf 82' lang='lat' dir='ltr'><strong>Core,</strong></span> <span class='ocrx_word' id='word_1_108' title='bbox 735 764 854 798; x_wconf 75' lang='lat' dir='ltr'><strong>psalmus</strong></span> <span class='ocrx_word' id='word_1_109' title='bbox 884 766 935 799; x_wconf 88' lang='lat' dir='ltr'><strong>ipsi</strong></span> 
     </span>
    </p>
   </div>
   <div class='ocr_carea' id='block_1_16' title="bbox 151 806 935 844">
    <p class='ocr_par' dir='ltr' id='par_1_16' title="bbox 151 806 935 844">
     <span class='ocr_line' id='line_1_16' title="bbox 151 806 935 844; baseline 0.006 -12"><span class='ocrx_word' id='word_1_110' title='bbox 151 806 245 833; x_wconf 82' lang='lat' dir='ltr'><strong>David.</strong></span> <span class='ocrx_word' id='word_1_111' title='bbox 258 806 393 834; x_wconf 75' lang='lat' dir='ltr'><strong>Prazterca</strong></span> <span class='ocrx_word' id='word_1_112' title='bbox 406 808 503 842; x_wconf 80' lang='lat' dir='ltr'><strong>psalmi</strong></span> <span class='ocrx_word' id='word_1_113' title='bbox 521 815 630 841; x_wconf 87' lang='lat' dir='ltr'><strong>omnes,</strong></span> <span class='ocrx_word' id='word_1_114' title='bbox 647 809 693 844; x_wconf 89' lang='lat' dir='ltr'><strong>qui</strong></span> <span class='ocrx_word' id='word_1_115' title='bbox 710 809 824 837; x_wconf 87' lang='lat' dir='ltr'><strong>aliorum</strong></span> <span class='ocrx_word' id='word_1_116' title='bbox 839 810 935 837; x_wconf 77' lang='lat' dir='ltr'><strong>inscri-</strong></span> 
     </span>
    </p>
   </div>
   <div class='ocr_carea' id='block_1_17' title="bbox 148 852 934 891">
    <p class='ocr_par' dir='ltr' id='par_1_17' title="bbox 148 852 934 891">
     <span class='ocr_line' id='line_1_17' title="bbox 148 852 934 891; baseline 0.005 -13"><span class='ocrx_word' id='word_1_117' title='bbox 148 852 256 886; x_wconf 85' lang='lat' dir='ltr'><strong>ptiones</strong></span> <span class='ocrx_word' id='word_1_118' title='bbox 280 852 392 886; x_wconf 83' lang='lat' dir='ltr'><strong>habent,</strong></span> <span class='ocrx_word' id='word_1_119' title='bbox 409 862 462 880; x_wconf 86' lang='lat' dir='ltr'><strong>non</strong></span> <span class='ocrx_word' id='word_1_120' title='bbox 477 862 524 888; x_wconf 87' lang='lat' dir='ltr'><strong>per</strong></span> <span class='ocrx_word' id='word_1_121' title='bbox 540 855 689 890; x_wconf 77' lang='lat' dir='ltr'><strong>genitivum</strong></span> <span class='ocrx_word' id='word_1_122' title='bbox 704 863 807 888; x_wconf 87' lang='lat' dir='ltr'><strong>casum,</strong></span> <span class='ocrx_word' id='word_1_123' title='bbox 825 856 871 883; x_wconf 88' lang='lat' dir='ltr'><strong>sed</strong></span> <span class='ocrx_word' id='word_1_124' title='bbox 888 864 934 891; x_wconf 87' lang='lat' dir='ltr'><strong>per</strong></span> 
     </span>
    </p>
   </div>
   <div class='ocr_carea' id='block_1_18' title="bbox 984 260 1775 296">
    <p class='ocr_par' dir='ltr' id='par_1_18' title="bbox 984 260 1775 296">
     <span class='ocr_line' id='line_1_18' title="bbox 984 260 1775 296; baseline -0.004 -8"><span class='ocrx_word' id='word_1_125' title='bbox 984 262 1214 296; x_wconf 80' lang='grc' dir='ltr'>ὲπιγεγράφαται,</span> <span class='ocrx_word' id='word_1_126' title='bbox 1235 261 1248 287; x_wconf 80' lang='grc' dir='ltr'>ὃ</span> <span class='ocrx_word' id='word_1_127' title='bbox 1266 261 1312 287; x_wconf 84' lang='grc' dir='ltr'>καὶ</span> <span class='ocrx_word' id='word_1_128' title='bbox 1332 260 1397 287; x_wconf 76' lang='grc' dir='ltr'>αὐτὸ</span> <span class='ocrx_word' id='word_1_129' title='bbox 1427 260 1539 294; x_wconf 83' lang='grc' dir='ltr'>σημεῖον</span> <span class='ocrx_word' id='word_1_130' title='bbox 1570 260 1696 294; x_wconf 79' lang='grc' dir='ltr'>ἐναργὲς.</span> <span class='ocrx_word' id='word_1_131' title='bbox 1728 261 1775 286; x_wconf 79' lang='grc' dir='ltr'>ὅτι,</span> 
     </span>
    </p>
   </div>
   <div class='ocr_carea' id='block_1_19' title="bbox 983 305 1776 342">
    <p class='ocr_par' dir='ltr' id='par_1_19' title="bbox 983 305 1776 342">
     <span class='ocr_line' id='line_1_19' title="bbox 983 305 1776 342; baseline -0.001 -9"><span class='ocrx_word' id='word_1_132' title='bbox 983 307 1112 342; x_wconf 51' lang='lat' dir='ltr'><strong>causam</strong></span> <span class='ocrx_word' id='word_1_133' title='bbox 1129 307 1310 341; x_wconf 71' lang='grc' dir='ltr'><strong>πονηθέντες..</strong></span> <span class='ocrx_word' id='word_1_134' title='bbox 1327 306 1434 337; x_wconf 75' lang='grc' dir='ltr'><strong>τούτοις</strong></span> <span class='ocrx_word' id='word_1_135' title='bbox 1463 306 1606 340; x_wconf 77' lang='grc' dir='ltr'>ἰδιαίτερον</span> <span class='ocrx_word' id='word_1_136' title='bbox 1638 306 1706 340; x_wconf 76' lang='grc' dir='ltr'>πρὸς</span> <span class='ocrx_word' id='word_1_137' title='bbox 1737 305 1776 332; x_wconf 70' lang='grc' dir='ltr'>τὸ</span> 
     </span>
    </p>
   </div>
   <div class='ocr_carea' id='block_1_20' title="bbox 982 352 1776 388">
    <p class='ocr_par' dir='ltr' id='par_1_20' title="bbox 982 352 1776 388">
     <span class='ocr_line' id='line_1_20' title="bbox 982 352 1776 388; baseline -0.003 -8"><span class='ocrx_word' id='word_1_138' title='bbox 982 354 1094 388; x_wconf 69' lang='grc' dir='ltr'>ψάλλειν</span> <span class='ocrx_word' id='word_1_139' title='bbox 1108 354 1279 387; x_wconf 82' lang='grc' dir='ltr'>ἐνετέοησαν.</span> <span class='ocrx_word' id='word_1_140' title='bbox 1293 353 1324 379; x_wconf 85' lang='grc' dir='ltr'><strong>Εἰ</strong></span> <span class='ocrx_word' id='word_1_141' title='bbox 1340 353 1362 378; x_wconf 83' lang='grc' dir='ltr'><strong>δ’</strong></span> <span class='ocrx_word' id='word_1_142' title='bbox 1376 353 1447 379; x_wconf 82' lang='grc' dir='ltr'>εἴποι</span> <span class='ocrx_word' id='word_1_143' title='bbox 1464 361 1516 384; x_wconf 81' lang='grc' dir='ltr'>τις,</span> <span class='ocrx_word' id='word_1_144' title='bbox 1538 352 1580 378; x_wconf 74' lang='grc' dir='ltr'>ὅτι</span> <span class='ocrx_word' id='word_1_145' title='bbox 1595 352 1642 378; x_wconf 65' lang='grc' dir='ltr'><strong>καὶ</strong></span> <span class='ocrx_word' id='word_1_146' title='bbox 1656 353 1709 386; x_wconf 84' lang='grc' dir='ltr'>μὴν</span> <span class='ocrx_word' id='word_1_147' title='bbox 1723 353 1776 379; x_wconf 74' lang='grc' dir='ltr'><strong>καὶ</strong></span> 
     </span>
    </p>
   </div>
   <div class='ocr_carea' id='block_1_21' title="bbox 982 395 1776 432">
    <p class='ocr_par' dir='ltr' id='par_1_21' title="bbox 982 395 1776 432">
     <span class='ocr_line' id='line_1_21' title="bbox 982 395 1776 432; baseline 0 -10"><span class='ocrx_word' id='word_1_148' title='bbox 982 396 1089 430; x_wconf 70' lang='grc' dir='ltr'>ψαλμὸς</span> <span class='ocrx_word' id='word_1_149' title='bbox 1102 397 1140 432; x_wconf 85' lang='grc' dir='ltr'><strong>τῷ</strong></span> <span class='ocrx_word' id='word_1_150' title='bbox 1153 397 1236 422; x_wconf 82' lang='grc' dir='ltr'><strong>Δαὸὶδ</strong></span> <span class='ocrx_word' id='word_1_151' title='bbox 1248 396 1451 431; x_wconf 70' lang='grc' dir='ltr'><strong>ἐπιγέγραπται</strong></span> <span class='ocrx_word' id='word_1_152' title='bbox 1465 397 1521 427; x_wconf 87' lang='grc' dir='ltr'>τοῖς</span> <span class='ocrx_word' id='word_1_153' title='bbox 1537 395 1668 426; x_wconf 75' lang='grc' dir='ltr'><strong>πλείοσιν,</strong></span> <span class='ocrx_word' id='word_1_154' title='bbox 1694 397 1776 430; x_wconf 77' lang='grc' dir='ltr'>ἐροῦ-</span> 
     </span>
    </p>
   </div>
   <div class='ocr_carea' id='block_1_22' title="bbox 985 439 1775 477">
    <p class='ocr_par' dir='ltr' id='par_1_22' title="bbox 985 439 1775 477">
     <span class='ocr_line' id='line_1_22' title="bbox 985 439 1775 477; baseline -0.004 -9"><span class='ocrx_word' id='word_1_155' title='bbox 985 451 1044 477; x_wconf 85' lang='grc' dir='ltr'>μεν,</span> <span class='ocrx_word' id='word_1_156' title='bbox 1060 442 1101 468; x_wconf 82' lang='grc' dir='ltr'>ὅτι</span> <span class='ocrx_word' id='word_1_157' title='bbox 1121 442 1167 468; x_wconf 77' lang='grc' dir='ltr'><strong>καὶ</strong></span> <span class='ocrx_word' id='word_1_158' title='bbox 1183 441 1290 472; x_wconf 78' lang='grc' dir='ltr'><strong>πολλοῖς</strong></span> <span class='ocrx_word' id='word_1_159' title='bbox 1301 441 1393 472; x_wconf 82' lang='grc' dir='ltr'>πάλιν,</span> <span class='ocrx_word' id='word_1_160' title='bbox 1412 440 1518 474; x_wconf 74' lang='grc' dir='ltr'>ψαλμὸς</span> <span class='ocrx_word' id='word_1_161' title='bbox 1531 439 1578 465; x_wconf 77' lang='grc' dir='ltr'>τοῦ</span> <span class='ocrx_word' id='word_1_162' title='bbox 1596 439 1687 470; x_wconf 79' lang='grc' dir='ltr'>Δαὸὶὸ,</span> <span class='ocrx_word' id='word_1_163' title='bbox 1699 440 1775 473; x_wconf 75' lang='grc' dir='ltr'>ὅπερ</span> 
     </span>
    </p>
   </div>
   <div class='ocr_carea' id='block_1_23' title="bbox 984 485 1775 521">
    <p class='ocr_par' dir='ltr' id='par_1_23' title="bbox 984 485 1775 521">
     <span class='ocr_line' id='line_1_23' title="bbox 984 485 1775 521; baseline -0.004 -7"><span class='ocrx_word' id='word_1_164' title='bbox 984 489 1030 514; x_wconf 81' lang='grc' dir='ltr'><strong>ἐπὶ</strong></span> <span class='ocrx_word' id='word_1_165' title='bbox 1047 487 1101 513; x_wconf 86' lang='grc' dir='ltr'>τῶν</span> <span class='ocrx_word' id='word_1_166' title='bbox 1128 487 1215 513; x_wconf 76' lang='grc' dir='ltr'>ἄλλων</span> <span class='ocrx_word' id='word_1_167' title='bbox 1241 487 1290 521; x_wconf 76' lang='grc' dir='ltr'>οὐχ</span> <span class='ocrx_word' id='word_1_168' title='bbox 1318 486 1455 520; x_wconf 75' lang='grc' dir='ltr'><strong>εὑρήσεις,</strong></span> <span class='ocrx_word' id='word_1_169' title='bbox 1473 486 1516 511; x_wconf 88' lang='grc' dir='ltr'><strong>ἴνα</strong></span> <span class='ocrx_word' id='word_1_170' title='bbox 1528 485 1647 519; x_wconf 81' lang='grc' dir='ltr'><strong>γνῶμεν,</strong></span> <span class='ocrx_word' id='word_1_171' title='bbox 1660 485 1701 511; x_wconf 80' lang='grc' dir='ltr'>ὅτι</span> <span class='ocrx_word' id='word_1_172' title='bbox 1722 485 1775 511; x_wconf 71' lang='grc' dir='ltr'>τοῦ</span> 
     </span>
    </p>
   </div>
   <div class='ocr_carea' id='block_1_24' title="bbox 984 531 1773 566">
    <p class='ocr_par' dir='ltr' id='par_1_24' title="bbox 984 531 1773 566">
     <span class='ocr_line' id='line_1_24' title="bbox 984 531 1773 566; baseline -0.004 -7"><span class='ocrx_word' id='word_1_173' title='bbox 984 533 1065 559; x_wconf 78' lang='grc' dir='ltr'><strong>Δαὸίδ</strong></span> <span class='ocrx_word' id='word_1_174' title='bbox 1084 533 1137 558; x_wconf 75' lang='grc' dir='ltr'>εἰσι</span> <span class='ocrx_word' id='word_1_175' title='bbox 1156 532 1203 559; x_wconf 75' lang='grc' dir='ltr'><strong>καὶ</strong></span> <span class='ocrx_word' id='word_1_176' title='bbox 1220 533 1409 566; x_wconf 73' lang='grc' dir='ltr'>πεποιημένοι,</span> <span class='ocrx_word' id='word_1_177' title='bbox 1425 531 1455 557; x_wconf 79' lang='grc' dir='ltr'><strong>ού</strong></span> <span class='ocrx_word' id='word_1_178' title='bbox 1479 531 1616 566; x_wconf 76' lang='grc' dir='ltr'><strong>δεδομένοι</strong></span> <span class='ocrx_word' id='word_1_179' title='bbox 1632 531 1679 557; x_wconf 68' lang='grc' dir='ltr'>καὶ</span> <span class='ocrx_word' id='word_1_180' title='bbox 1703 531 1773 557; x_wconf 87' lang='grc' dir='ltr'>ἀνα-</span> 
     </span>
    </p>
   </div>
   <div class='ocr_carea' id='block_1_25' title="bbox 985 576 1778 613">
    <p class='ocr_par' dir='ltr' id='par_1_25' title="bbox 985 576 1778 613">
     <span class='ocr_line' id='line_1_25' title="bbox 985 576 1778 613; baseline -0.003 -9"><span class='ocrx_word' id='word_1_181' title='bbox 985 579 1124 613; x_wconf 70' lang='grc' dir='ltr'>κείμενοιθ</span> <span class='ocrx_word' id='word_1_182' title='bbox 1141 578 1219 604; x_wconf 72' lang='grc' dir='ltr'>τοῦτο</span> <span class='ocrx_word' id='word_1_183' title='bbox 1236 578 1290 612; x_wconf 74' lang='grc' dir='ltr'><strong>γὰρ</strong></span> <span class='ocrx_word' id='word_1_184' title='bbox 1304 577 1353 612; x_wconf 78' lang='grc' dir='ltr'>τὴν</span> <span class='ocrx_word' id='word_1_185' title='bbox 1369 576 1500 611; x_wconf 72' lang='grc' dir='ltr'>διαφορὰν</span> <span class='ocrx_word' id='word_1_186' title='bbox 1520 577 1678 610; x_wconf 63' lang='grc' dir='ltr'>εισήγαγεν.</span> <span class='ocrx_word' id='word_1_187' title='bbox 1699 576 1729 602; x_wconf 78' lang='lat'><strong>&#39;0</strong></span> <span class='ocrx_word' id='word_1_188' title='bbox 1750 576 1778 602; x_wconf 79' lang='grc' dir='ltr'><strong>δ’</strong></span> 
     </span>
    </p>
   </div>
   <div class='ocr_carea' id='block_1_26' title="bbox 985 620 1777 658">
    <p class='ocr_par' dir='ltr' id='par_1_26' title="bbox 985 620 1777 658">
     <span class='ocr_line' id='line_1_26' title="bbox 985 620 1777 658; baseline -0.005 -8"><span class='ocrx_word' id='word_1_189' title='bbox 985 625 1024 654; x_wconf 72' lang='grc' dir='ltr'>εἰς</span> <span class='ocrx_word' id='word_1_190' title='bbox 1039 625 1084 649; x_wconf 76' lang='grc' dir='ltr'>τὸν</span> <span class='ocrx_word' id='word_1_191' title='bbox 1103 623 1222 658; x_wconf 72' lang='grc' dir='ltr'><strong>Μωῦσῆν</strong></span> <span class='ocrx_word' id='word_1_192' title='bbox 1247 622 1459 657; x_wconf 80' lang='grc' dir='ltr'>ἀναφερόμενος,</span> <span class='ocrx_word' id='word_1_193' title='bbox 1485 621 1614 656; x_wconf 76' lang='grc' dir='ltr'>τοιαύτην</span> <span class='ocrx_word' id='word_1_194' title='bbox 1645 620 1701 655; x_wconf 76' lang='grc' dir='ltr'>ἔχει</span> <span class='ocrx_word' id='word_1_195' title='bbox 1722 621 1777 654; x_wconf 76' lang='grc' dir='ltr'>τὴν</span> 
     </span>
    </p>
   </div>
   <div class='ocr_carea' id='block_1_27' title="bbox 985 666 1778 704">
    <p class='ocr_par' dir='ltr' id='par_1_27' title="bbox 985 666 1778 704">
     <span class='ocr_line' id='line_1_27' title="bbox 985 666 1778 704; baseline -0.003 -8"><span class='ocrx_word' id='word_1_196' title='bbox 985 670 1165 704; x_wconf 65' lang='grc' dir='ltr'>ἐπιγραφὴν·</span> <span class='ocrx_word' id='word_1_197' title='bbox 1207 668 1365 702; x_wconf 69' lang='grc' dir='ltr'>Προσευχὴ</span> <span class='ocrx_word' id='word_1_198' title='bbox 1403 666 1515 700; x_wconf 75' lang='grc' dir='ltr'><strong>Μωῢσῇ</strong></span> <span class='ocrx_word' id='word_1_199' title='bbox 1545 667 1690 700; x_wconf 77' lang='grc' dir='ltr'><strong>ἀνθρώπῳ</strong></span> <span class='ocrx_word' id='word_1_200' title='bbox 1717 667 1778 694; x_wconf 83' lang='grc' dir='ltr'>τοῦ</span> 
     </span>
    </p>
   </div>
   <div class='ocr_carea' id='block_1_28' title="bbox 987 711 1777 749">
    <p class='ocr_par' dir='ltr' id='par_1_28' title="bbox 987 711 1777 749">
     <span class='ocr_line' id='line_1_28' title="bbox 987 711 1777 749; baseline -0.004 -8"><span class='ocrx_word' id='word_1_201' title='bbox 987 716 1071 745; x_wconf 77' lang='grc' dir='ltr'>Θεοῦ,</span> <span class='ocrx_word' id='word_1_202' title='bbox 1096 715 1236 749; x_wconf 79' lang='grc' dir='ltr'>μονονουχὶ</span> <span class='ocrx_word' id='word_1_203' title='bbox 1261 714 1452 746; x_wconf 76' lang='grc' dir='ltr'>διδάσκουσαν,</span> <span class='ocrx_word' id='word_1_204' title='bbox 1464 713 1501 744; x_wconf 81' lang='grc' dir='ltr'><strong>ὡς</strong></span> <span class='ocrx_word' id='word_1_205' title='bbox 1523 713 1536 739; x_wconf 81' lang='grc' dir='ltr'>ὁ</span> <span class='ocrx_word' id='word_1_206' title='bbox 1557 713 1664 747; x_wconf 71' lang='grc' dir='ltr'>ψαλμὺς</span> <span class='ocrx_word' id='word_1_207' title='bbox 1692 711 1777 744; x_wconf 69' lang='grc' dir='ltr'>οὗτος</span> 
     </span>
    </p>
   </div>
   <div class='ocr_carea' id='block_1_29' title="bbox 986 759 1777 795">
    <p class='ocr_par' dir='ltr' id='par_1_29' title="bbox 986 759 1777 795">
     <span class='ocr_line' id='line_1_29' title="bbox 986 759 1777 795; baseline -0.004 -8"><span class='ocrx_word' id='word_1_208' title='bbox 986 761 1101 795; x_wconf 72' lang='grc' dir='ltr'>ἁρμόζει</span> <span class='ocrx_word' id='word_1_209' title='bbox 1121 761 1176 791; x_wconf 82' lang='grc' dir='ltr'>τοῖς</span> <span class='ocrx_word' id='word_1_210' title='bbox 1190 761 1234 786; x_wconf 68' lang='grc' dir='ltr'><strong>διὰ</strong></span> <span class='ocrx_word' id='word_1_211' title='bbox 1253 759 1300 786; x_wconf 80' lang='grc' dir='ltr'>τοῦ</span> <span class='ocrx_word' id='word_1_212' title='bbox 1319 759 1391 786; x_wconf 81' lang='grc' dir='ltr'>Θείου</span> <span class='ocrx_word' id='word_1_213' title='bbox 1405 759 1512 790; x_wconf 76' lang='grc' dir='ltr'>ὓδατος,</span> <span class='ocrx_word' id='word_1_214' title='bbox 1542 759 1600 794; x_wconf 69' lang='grc' dir='ltr'>ἤτοι</span> <span class='ocrx_word' id='word_1_215' title='bbox 1616 759 1663 784; x_wconf 82' lang='grc' dir='ltr'>τοῦ</span> <span class='ocrx_word' id='word_1_216' title='bbox 1682 767 1777 792; x_wconf 79' lang='grc' dir='ltr'><strong>σωτη-</strong></span> 
     </span>
    </p>
   </div>
   <div class='ocr_carea' id='block_1_30' title="bbox 989 804 1777 841">
    <p class='ocr_par' dir='ltr' id='par_1_30' title="bbox 989 804 1777 841">
     <span class='ocr_line' id='line_1_30' title="bbox 989 804 1777 841; baseline -0.004 -9"><span class='ocrx_word' id='word_1_217' title='bbox 989 807 1045 840; x_wconf 75' lang='grc' dir='ltr'>ρίου</span> <span class='ocrx_word' id='word_1_218' title='bbox 1067 806 1265 841; x_wconf 75' lang='grc' dir='ltr'><strong>βαπτίσματος,</strong></span> <span class='ocrx_word' id='word_1_219' title='bbox 1279 805 1432 840; x_wconf 75' lang='grc' dir='ltr'>ἀνθρώποις</span> <span class='ocrx_word' id='word_1_220' title='bbox 1445 804 1490 831; x_wconf 74' lang='grc' dir='ltr'>τοῦ</span> <span class='ocrx_word' id='word_1_221' title='bbox 1507 804 1575 831; x_wconf 80' lang='grc' dir='ltr'><strong>Θειοῦ</strong></span> <span class='ocrx_word' id='word_1_222' title='bbox 1595 804 1751 838; x_wconf 72' lang='grc' dir='ltr'>γινομένοις</span> <span class='ocrx_word' id='word_1_223' title='bbox 1764 811 1777 818; x_wconf 77' lang='grc'><strong><em>-</em></strong></span> 
     </span>
    </p>
   </div>
   <div class='ocr_carea' id='block_1_31' title="bbox 986 844 1778 886">
    <p class='ocr_par' dir='ltr' id='par_1_31' title="bbox 986 844 1778 886">
     <span class='ocr_line' id='line_1_31' title="bbox 986 844 1778 886; baseline -0.006 -8"><span class='ocrx_word' id='word_1_224' title='bbox 986 851 1104 885; x_wconf 67' lang='grc' dir='ltr'>Μωῡῖῆς</span> <span class='ocrx_word' id='word_1_225' title='bbox 1128 851 1181 886; x_wconf 73' lang='grc' dir='ltr'><strong>γὰρ</strong></span> <span class='ocrx_word' id='word_1_226' title='bbox 1217 850 1342 883; x_wconf 57' lang='grc' dir='ltr'>ληφθεὶς</span> <span class='ocrx_word' id='word_1_227' title='bbox 1372 850 1407 881; x_wconf 77' lang='grc' dir='ltr'><strong>ἐξ</strong></span> <span class='ocrx_word' id='word_1_228' title='bbox 1433 849 1542 881; x_wconf 81' lang='grc' dir='ltr'>ὕδατος</span> <span class='ocrx_word' id='word_1_229' title='bbox 1579 844 1778 883; x_wconf 77' lang='grc' dir='ltr'>ἑρμηνεύεται.</span> 
     </span>
    </p>
   </div>
   <div class='ocr_carea' id='block_1_32' title="bbox 147 892 894 933">
    <p class='ocr_par' dir='ltr' id='par_1_32' title="bbox 147 898 891 933">
     <span class='ocr_line' id='line_1_32' title="bbox 147 898 891 933; baseline 0.007 -10"><span class='ocrx_word' id='word_1_230' title='bbox 147 898 268 925; x_wconf 76' lang='lat' dir='ltr'><strong>dativum</strong></span> <span class='ocrx_word' id='word_1_231' title='bbox 299 898 511 926; x_wconf 85' lang='lat' dir='ltr'><strong>inscribuntur:</strong></span> <span class='ocrx_word' id='word_1_232' title='bbox 531 908 592 933; x_wconf 79' lang='lat' dir='ltr'><strong>qure</strong></span> <span class='ocrx_word' id='word_1_233' title='bbox 622 908 666 927; x_wconf 87' lang='lat' dir='ltr'><strong>res</strong></span> <span class='ocrx_word' id='word_1_234' title='bbox 684 900 793 928; x_wconf 81' lang='lat' dir='ltr'><strong>abunde</strong></span> <span class='ocrx_word' id='word_1_235' title='bbox 819 901 891 928; x_wconf 89' lang='lat' dir='ltr'><strong>indic</strong></span> 
     </span>
    </p>
   </div>
   <div class='ocr_carea' id='block_1_33' title="bbox 1029 892 1776 933">
    <p class='ocr_par' dir='ltr' id='par_1_33' title="bbox 1032 895 1776 932">
     <span class='ocr_line' id='line_1_33' title="bbox 1032 895 1776 932; baseline -0.005 -9"><span class='ocrx_word' id='word_1_236' title='bbox 1032 898 1178 932; x_wconf 74' lang='grc' dir='ltr'>μόάνονται</span> <span class='ocrx_word' id='word_1_237' title='bbox 1190 897 1218 923; x_wconf 79' lang='grc' dir='ltr'><strong>δὲ</strong></span> <span class='ocrx_word' id='word_1_238' title='bbox 1239 897 1266 930; x_wconf 74' lang='grc' dir='ltr'><strong>ἐξ</strong></span> <span class='ocrx_word' id='word_1_239' title='bbox 1283 896 1389 928; x_wconf 72' lang='grc' dir='ltr'>ὕδατος,</span> <span class='ocrx_word' id='word_1_240' title='bbox 1405 897 1452 922; x_wconf 72' lang='grc' dir='ltr'><strong>καὶ</strong></span> <span class='ocrx_word' id='word_1_241' title='bbox 1466 895 1534 921; x_wconf 78' lang='grc' dir='ltr'>Θεοῦ</span> <span class='ocrx_word' id='word_1_242' title='bbox 1547 895 1685 929; x_wconf 78' lang='grc' dir='ltr'>ἄνθρωποι</span> <span class='ocrx_word' id='word_1_243' title='bbox 1702 903 1776 928; x_wconf 75' lang='grc' dir='ltr'><strong>χρη-</strong></span> 
     </span>
    </p>
   </div>
   <div class='ocr_carea' id='block_1_34' title="bbox 148 943 931 981">
    <p class='ocr_par' dir='ltr' id='par_1_34' title="bbox 148 943 931 981">
     <span class='ocr_line' id='line_1_34' title="bbox 148 943 931 981; baseline 0.009 -12"><span class='ocrx_word' id='word_1_244' title='bbox 148 943 270 976; x_wconf 75' lang='lat' dir='ltr'><strong>psalmos</strong></span> <span class='ocrx_word' id='word_1_245' title='bbox 283 943 394 977; x_wconf 80' lang='lat' dir='ltr'><strong>quidem</strong></span> <span class='ocrx_word' id='word_1_246' title='bbox 412 952 426 970; x_wconf 89' lang='lat' dir='ltr'><strong>a</strong></span> <span class='ocrx_word' id='word_1_247' title='bbox 449 945 528 972; x_wconf 86' lang='lat' dir='ltr'><strong>beato</strong></span> <span class='ocrx_word' id='word_1_248' title='bbox 546 945 630 973; x_wconf 80' lang='lat' dir='ltr'><strong>David</strong></span> <span class='ocrx_word' id='word_1_249' title='bbox 649 946 734 974; x_wconf 84' lang='lat' dir='ltr'><strong>fuisse</strong></span> <span class='ocrx_word' id='word_1_250' title='bbox 750 947 931 981; x_wconf 72' lang='lat' dir='ltr'><strong>conscriptos.</strong></span> 
     </span>
    </p>
   </div>
   <div class='ocr_carea' id='block_1_35' title="bbox 149 988 934 1024">
    <p class='ocr_par' dir='ltr' id='par_1_35' title="bbox 149 988 934 1024">
     <span class='ocr_line' id='line_1_35' title="bbox 149 988 934 1024; baseline 0.005 -9"><span class='ocrx_word' id='word_1_251' title='bbox 149 989 196 1015; x_wconf 85' lang='lat' dir='ltr'><strong>sed</strong></span> <span class='ocrx_word' id='word_1_252' title='bbox 213 988 268 1016; x_wconf 87' lang='lat' dir='ltr'><strong>illis</strong></span> <span class='ocrx_word' id='word_1_253' title='bbox 293 990 451 1016; x_wconf 86' lang='lat' dir='ltr'><strong>cantoribus</strong></span> <span class='ocrx_word' id='word_1_254' title='bbox 483 991 608 1024; x_wconf 82' lang='lat' dir='ltr'><strong>privatim</strong></span> <span class='ocrx_word' id='word_1_255' title='bbox 638 993 754 1019; x_wconf 87' lang='lat' dir='ltr'><strong>traditos</strong></span> <span class='ocrx_word' id='word_1_256' title='bbox 781 992 814 1019; x_wconf 86' lang='lat' dir='ltr'><strong>ad</strong></span> <span class='ocrx_word' id='word_1_257' title='bbox 837 1000 934 1019; x_wconf 82' lang='lat' dir='ltr'><strong>canen-</strong></span> 
     </span>
    </p>
   </div>
   <div class='ocr_carea' id='block_1_36' title="bbox 149 1033 932 1072">
    <p class='ocr_par' dir='ltr' id='par_1_36' title="bbox 149 1033 932 1072">
     <span class='ocr_line' id='line_1_36' title="bbox 149 1033 932 1072; baseline 0.005 -13"><span class='ocrx_word' id='word_1_258' title='bbox 149 1033 225 1060; x_wconf 91' lang='lat' dir='ltr'><strong>dum.</strong></span> <span class='ocrx_word' id='word_1_259' title='bbox 241 1034 318 1066; x_wconf 87' lang='lat' dir='ltr'><strong>Quod</strong></span> <span class='ocrx_word' id='word_1_260' title='bbox 329 1034 350 1061; x_wconf 90' lang='lat' dir='ltr'><strong>si</strong></span> <span class='ocrx_word' id='word_1_261' title='bbox 362 1035 425 1069; x_wconf 87' lang='lat' dir='ltr'><strong>quis</strong></span> <span class='ocrx_word' id='word_1_262' title='bbox 440 1040 546 1068; x_wconf 79' lang='lat' dir='ltr'><strong>eontra,</strong></span> <span class='ocrx_word' id='word_1_263' title='bbox 558 1036 623 1063; x_wconf 91' lang='lat' dir='ltr'><strong>illud</strong></span> <span class='ocrx_word' id='word_1_264' title='bbox 636 1036 730 1063; x_wconf 82' lang='lat' dir='ltr'><strong>dicat:</strong></span> <span class='ocrx_word' id='word_1_265' title='bbox 746 1037 839 1072; x_wconf 88' lang='lat' dir='ltr'><strong>plures</strong></span> <span class='ocrx_word' id='word_1_266' title='bbox 851 1039 932 1064; x_wconf 87' lang='lat' dir='ltr'><strong>etiam</strong></span> 
     </span>
    </p>
   </div>
   <div class='ocr_carea' id='block_1_37' title="bbox 149 1081 933 1116">
    <p class='ocr_par' dir='ltr' id='par_1_37' title="bbox 149 1081 933 1116">
     <span class='ocr_line' id='line_1_37' title="bbox 149 1081 933 1116; baseline 0.005 -10"><span class='ocrx_word' id='word_1_267' title='bbox 149 1087 208 1107; x_wconf 80' lang='lat' dir='ltr'><strong>esse</strong></span> <span class='ocrx_word' id='word_1_268' title='bbox 226 1081 356 1113; x_wconf 83' lang='lat' dir='ltr'><strong>psalmos,</strong></span> <span class='ocrx_word' id='word_1_269' title='bbox 385 1082 430 1116; x_wconf 89' lang='lat' dir='ltr'><strong>qui</strong></span> <span class='ocrx_word' id='word_1_270' title='bbox 458 1082 484 1108; x_wconf 92' lang='lat' dir='ltr'><strong>in</strong></span> <span class='ocrx_word' id='word_1_271' title='bbox 510 1083 689 1116; x_wconf 81' lang='lat' dir='ltr'><strong>inscriptione</strong></span> <span class='ocrx_word' id='word_1_272' title='bbox 713 1084 815 1111; x_wconf 87' lang='lat' dir='ltr'><strong>habent</strong></span> <span class='ocrx_word' id='word_1_273' title='bbox 836 1091 933 1110; x_wconf 90' lang='lat' dir='ltr'><strong>nomen</strong></span> 
     </span>
    </p>
   </div>
   <div class='ocr_carea' id='block_1_38' title="bbox 151 1126 934 1163">
    <p class='ocr_par' dir='ltr' id='par_1_38' title="bbox 151 1126 934 1163">
     <span class='ocr_line' id='line_1_38' title="bbox 151 1126 934 1163; baseline 0.006 -12"><span class='ocrx_word' id='word_1_274' title='bbox 151 1126 244 1157; x_wconf 82' lang='lat' dir='ltr'><strong>David,</strong></span> <span class='ocrx_word' id='word_1_275' title='bbox 256 1127 281 1153; x_wconf 88' lang='lat' dir='ltr'><strong>in</strong></span> <span class='ocrx_word' id='word_1_276' title='bbox 294 1128 375 1154; x_wconf 87' lang='lat' dir='ltr'><strong>tertio</strong></span> <span class='ocrx_word' id='word_1_277' title='bbox 389 1135 468 1159; x_wconf 82' lang='lat' dir='ltr'><strong>casu,</strong></span> <span class='ocrx_word' id='word_1_278' title='bbox 486 1129 611 1156; x_wconf 82' lang='lat' dir='ltr'><strong>videlicet</strong></span> <span class='ocrx_word' id='word_1_279' title='bbox 628 1129 752 1156; x_wconf 76' lang='lat' dir='ltr'><strong>Psalmus</strong></span> <span class='ocrx_word' id='word_1_280' title='bbox 770 1130 819 1163; x_wconf 75' lang='lat' dir='ltr'><strong>ipsi</strong></span> <span class='ocrx_word' id='word_1_281' title='bbox 832 1129 934 1156; x_wconf 77' lang='lat' dir='ltr'><strong>David:</strong></span> 
     </span>
    </p>
   </div>
   <div class='ocr_carea' id='block_1_39' title="bbox 149 1171 934 1210">
    <p class='ocr_par' dir='ltr' id='par_1_39' title="bbox 149 1171 934 1210">
     <span class='ocr_line' id='line_1_39' title="bbox 149 1171 934 1210; baseline 0.006 -13"><span class='ocrx_word' id='word_1_282' title='bbox 149 1171 343 1206; x_wconf 83' lang='lat' dir='ltr'><strong>replicabimus</strong></span> <span class='ocrx_word' id='word_1_283' title='bbox 358 1174 459 1200; x_wconf 86' lang='lat' dir='ltr'><strong>multos</strong></span> <span class='ocrx_word' id='word_1_284' title='bbox 475 1182 536 1201; x_wconf 74' lang='lat' dir='ltr'><strong>eSse</strong></span> <span class='ocrx_word' id='word_1_285' title='bbox 552 1175 634 1202; x_wconf 86' lang='lat' dir='ltr'><strong>etiam</strong></span> <span class='ocrx_word' id='word_1_286' title='bbox 649 1176 696 1210; x_wconf 89' lang='lat' dir='ltr'><strong>qui</strong></span> <span class='ocrx_word' id='word_1_287' title='bbox 720 1183 767 1210; x_wconf 91' lang='lat' dir='ltr'><strong>per</strong></span> <span class='ocrx_word' id='word_1_288' title='bbox 783 1177 934 1204; x_wconf 76' lang='lat' dir='ltr'><strong>secundum</strong></span> 
     </span>
    </p>
   </div>
   <div class='ocr_carea' id='block_1_40' title="bbox 149 1217 937 1253">
    <p class='ocr_par' dir='ltr' id='par_1_40' title="bbox 149 1217 937 1253">
     <span class='ocr_line' id='line_1_40' title="bbox 149 1217 937 1253; baseline 0.008 -11"><span class='ocrx_word' id='word_1_289' title='bbox 149 1224 241 1244; x_wconf 82' lang='lat' dir='ltr'><strong>casum</strong></span> <span class='ocrx_word' id='word_1_290' title='bbox 257 1217 381 1251; x_wconf 84' lang='lat' dir='ltr'><strong>inscripti</strong></span> <span class='ocrx_word' id='word_1_291' title='bbox 396 1223 477 1245; x_wconf 81' lang='lat' dir='ltr'><strong>sunt:</strong></span> <span class='ocrx_word' id='word_1_292' title='bbox 495 1220 620 1246; x_wconf 83' lang='lat' dir='ltr'><strong>videlicet</strong></span> <span class='ocrx_word' id='word_1_293' title='bbox 648 1220 770 1248; x_wconf 77' lang='lat' dir='ltr'><strong>Psalmus</strong></span> <span class='ocrx_word' id='word_1_294' title='bbox 786 1222 868 1253; x_wconf 78' lang='lat' dir='ltr'><strong>ipsius</strong></span> <span class='ocrx_word' id='word_1_295' title='bbox 887 1221 937 1247; x_wconf 87' lang='lat' dir='ltr'><strong>Da-</strong></span> 
     </span>
    </p>
   </div>
   <div class='ocr_carea' id='block_1_41' title="bbox 148 1262 934 1300">
    <p class='ocr_par' dir='ltr' id='par_1_41' title="bbox 148 1262 934 1300">
     <span class='ocr_line' id='line_1_41' title="bbox 148 1262 934 1300; baseline 0.005 -12"><span class='ocrx_word' id='word_1_296' title='bbox 148 1262 192 1288; x_wconf 79' lang='lat' dir='ltr'><strong>uid</strong></span> <span class='ocrx_word' id='word_1_297' title='bbox 208 1270 217 1289; x_wconf 92' lang='lat'><em>:</em></span> <span class='ocrx_word' id='word_1_298' title='bbox 233 1262 305 1296; x_wconf 89' lang='lat' dir='ltr'><strong>quod</strong></span> <span class='ocrx_word' id='word_1_299' title='bbox 315 1267 404 1290; x_wconf 87' lang='lat' dir='ltr'><strong>tamen</strong></span> <span class='ocrx_word' id='word_1_300' title='bbox 418 1263 443 1289; x_wconf 91' lang='lat' dir='ltr'><strong>in</strong></span> <span class='ocrx_word' id='word_1_301' title='bbox 459 1264 520 1290; x_wconf 90' lang='lat' dir='ltr'><strong>aliis</strong></span> <span class='ocrx_word' id='word_1_302' title='bbox 538 1265 696 1291; x_wconf 88' lang='lat' dir='ltr'><strong>nominibus</strong></span> <span class='ocrx_word' id='word_1_303' title='bbox 710 1273 762 1291; x_wconf 89' lang='lat' dir='ltr'><strong>non</strong></span> <span class='ocrx_word' id='word_1_304' title='bbox 779 1266 934 1300; x_wconf 87' lang='lat' dir='ltr'><strong>reperitur:</strong></span> 
     </span>
    </p>
   </div>
   <div class='ocr_carea' id='block_1_42' title="bbox 150 1309 935 1344">
    <p class='ocr_par' dir='ltr' id='par_1_42' title="bbox 150 1309 935 1344">
     <span class='ocr_line' id='line_1_42' title="bbox 150 1309 935 1344; baseline 0.003 -9"><span class='ocrx_word' id='word_1_305' title='bbox 150 1313 180 1335; x_wconf 89' lang='lat' dir='ltr'><strong>ut</strong></span> <span class='ocrx_word' id='word_1_306' title='bbox 200 1309 321 1336; x_wconf 84' lang='lat' dir='ltr'><strong>sciamus</strong></span> <span class='ocrx_word' id='word_1_307' title='bbox 337 1310 410 1344; x_wconf 87' lang='lat' dir='ltr'><strong>quod</strong></span> <span class='ocrx_word' id='word_1_308' title='bbox 431 1310 464 1336; x_wconf 90' lang='lat' dir='ltr'><strong>ab</strong></span> <span class='ocrx_word' id='word_1_309' title='bbox 481 1311 540 1344; x_wconf 84' lang='lat' dir='ltr'><strong>ipso</strong></span> <span class='ocrx_word' id='word_1_310' title='bbox 558 1311 667 1344; x_wconf 82' lang='lat' dir='ltr'><strong>quidem</strong></span> <span class='ocrx_word' id='word_1_311' title='bbox 686 1310 770 1338; x_wconf 85' lang='lat' dir='ltr'><strong>David</strong></span> <span class='ocrx_word' id='word_1_312' title='bbox 787 1312 935 1344; x_wconf 85' lang='lat' dir='ltr'><strong>conscripti</strong></span> 
     </span>
    </p>
   </div>
   <div class='ocr_carea' id='block_1_43' title="bbox 151 1355 937 1386">
    <p class='ocr_par' dir='ltr' id='par_1_43' title="bbox 151 1355 937 1386">
     <span class='ocr_line' id='line_1_43' title="bbox 151 1355 937 1386; baseline 0.003 -6"><span class='ocrx_word' id='word_1_313' title='bbox 151 1358 298 1386; x_wconf 87' lang='lat' dir='ltr'><strong>sunt,non</strong></span> <span class='ocrx_word' id='word_1_314' title='bbox 316 1355 339 1382; x_wconf 91' lang='lat' dir='ltr'><strong>ei</strong></span> <span class='ocrx_word' id='word_1_315' title='bbox 362 1355 417 1382; x_wconf 90' lang='lat' dir='ltr'><strong>dati</strong></span> <span class='ocrx_word' id='word_1_316' title='bbox 443 1359 490 1381; x_wconf 83' lang='lat' dir='ltr'><strong>ant</strong></span> <span class='ocrx_word' id='word_1_317' title='bbox 506 1355 589 1381; x_wconf 82' lang='lat' dir='ltr'><strong>oblati</strong></span> <span class='ocrx_word' id='word_1_318' title='bbox 610 1365 615 1382; x_wconf 94' lang='lat'><strong>:</strong></span> <span class='ocrx_word' id='word_1_319' title='bbox 634 1357 686 1382; x_wconf 84' lang='lat' dir='ltr'><strong>hoc</strong></span> <span class='ocrx_word' id='word_1_320' title='bbox 714 1356 786 1383; x_wconf 87' lang='lat' dir='ltr'><strong>enim</strong></span> <span class='ocrx_word' id='word_1_321' title='bbox 811 1355 937 1383; x_wconf 83' lang='lat' dir='ltr'><strong>diﬂ‘eren-</strong></span> 
     </span>
    </p>
   </div>
   <div class='ocr_carea' id='block_1_44' title="bbox 151 1400 937 1436">
    <p class='ocr_par' dir='ltr' id='par_1_44' title="bbox 151 1400 937 1436">
     <span class='ocr_line' id='line_1_44' title="bbox 151 1400 937 1436; baseline 0.003 -11"><span class='ocrx_word' id='word_1_322' title='bbox 151 1400 215 1426; x_wconf 88' lang='lat' dir='ltr'><strong>tiam</strong></span> <span class='ocrx_word' id='word_1_323' title='bbox 231 1400 391 1427; x_wconf 87' lang='lat' dir='ltr'><strong>introduxit.</strong></span> <span class='ocrx_word' id='word_1_324' title='bbox 412 1400 458 1427; x_wconf 87' lang='lat' dir='ltr'><strong>Ille</strong></span> <span class='ocrx_word' id='word_1_325' title='bbox 477 1405 568 1427; x_wconf 87' lang='lat' dir='ltr'><strong>autem</strong></span> <span class='ocrx_word' id='word_1_326' title='bbox 585 1401 708 1435; x_wconf 84' lang='lat' dir='ltr'><strong>psalmus</strong></span> <span class='ocrx_word' id='word_1_327' title='bbox 732 1402 777 1435; x_wconf 90' lang='lat' dir='ltr'><strong>qui</strong></span> <span class='ocrx_word' id='word_1_328' title='bbox 795 1400 876 1436; x_wconf 77' lang='lat' dir='ltr'><strong>Moysi</strong></span> <span class='ocrx_word' id='word_1_329' title='bbox 897 1401 937 1427; x_wconf 91' lang='lat' dir='ltr'><strong>in-</strong></span> 
     </span>
    </p>
   </div>
   <div class='ocr_carea' id='block_1_45' title="bbox 152 1444 936 1480">
    <p class='ocr_par' dir='ltr' id='par_1_45' title="bbox 152 1444 936 1480">
     <span class='ocr_line' id='line_1_45' title="bbox 152 1444 936 1480; baseline 0.001 -9"><span class='ocrx_word' id='word_1_330' title='bbox 152 1444 292 1477; x_wconf 85' lang='lat' dir='ltr'><strong>scribitur,</strong></span> <span class='ocrx_word' id='word_1_331' title='bbox 301 1445 457 1479; x_wconf 73' lang='lat' dir='ltr'><strong>huiusmodi</strong></span> <span class='ocrx_word' id='word_1_332' title='bbox 474 1445 556 1474; x_wconf 88' lang='lat' dir='ltr'><strong>habet</strong></span> <span class='ocrx_word' id='word_1_333' title='bbox 571 1446 777 1480; x_wconf 87' lang='lat' dir='ltr'><strong>inscriptionem</strong></span> <span class='ocrx_word' id='word_1_334' title='bbox 790 1446 810 1462; x_wconf 82' lang='lat'>“</span> <span class='ocrx_word' id='word_1_335' title='bbox 824 1454 831 1472; x_wconf 83' lang='lat' dir='ltr'><em>z</em></span> <span class='ocrx_word' id='word_1_336' title='bbox 845 1445 936 1472; x_wconf 85' lang='lat' dir='ltr'><strong>Oratio</strong></span> 
     </span>
    </p>
   </div>
   <div class='ocr_carea' id='block_1_46' title="bbox 152 1490 936 1526">
    <p class='ocr_par' dir='ltr' id='par_1_46' title="bbox 152 1490 936 1526">
     <span class='ocr_line' id='line_1_46' title="bbox 152 1490 936 1526; baseline 0.004 -11"><span class='ocrx_word' id='word_1_337' title='bbox 152 1491 202 1524; x_wconf 81' lang='lat' dir='ltr'><strong>ipsi</strong></span> <span class='ocrx_word' id='word_1_338' title='bbox 219 1490 305 1525; x_wconf 84' lang='lat' dir='ltr'><strong>Moysi</strong></span> <span class='ocrx_word' id='word_1_339' title='bbox 322 1490 421 1518; x_wconf 83' lang='lat' dir='ltr'><strong>homini</strong></span> <span class='ocrx_word' id='word_1_340' title='bbox 441 1491 499 1522; x_wconf 85' lang='lat' dir='ltr'><strong>Dei,</strong></span> <span class='ocrx_word' id='word_1_341' title='bbox 513 1499 573 1526; x_wconf 79' lang='lat' dir='ltr'><strong>quae</strong></span> <span class='ocrx_word' id='word_1_342' title='bbox 589 1492 731 1526; x_wconf 87' lang='lat' dir='ltr'><strong>inscriptio</strong></span> <span class='ocrx_word' id='word_1_343' title='bbox 747 1492 846 1519; x_wconf 89' lang='lat' dir='ltr'><strong>docere</strong></span> <span class='ocrx_word' id='word_1_344' title='bbox 859 1492 936 1518; x_wconf 84' lang='lat' dir='ltr'><strong>vide-</strong></span> 
     </span>
    </p>
   </div>
   <div class='ocr_carea' id='block_1_47' title="bbox 153 1535 935 1571">
    <p class='ocr_par' dir='ltr' id='par_1_47' title="bbox 153 1535 935 1571">
     <span class='ocr_line' id='line_1_47' title="bbox 153 1535 935 1571; baseline 0.001 -9"><span class='ocrx_word' id='word_1_345' title='bbox 153 1540 198 1562; x_wconf 85' lang='lat' dir='ltr'><strong>tur</strong></span> <span class='ocrx_word' id='word_1_346' title='bbox 210 1535 282 1570; x_wconf 89' lang='lat' dir='ltr'><strong>quod</strong></span> <span class='ocrx_word' id='word_1_347' title='bbox 295 1536 339 1562; x_wconf 84' lang='lat' dir='ltr'><strong>ille</strong></span> <span class='ocrx_word' id='word_1_348' title='bbox 354 1536 476 1566; x_wconf 86' lang='lat' dir='ltr'><strong>psalmus</strong></span> <span class='ocrx_word' id='word_1_349' title='bbox 494 1536 527 1563; x_wconf 87' lang='lat' dir='ltr'><strong>iis</strong></span> <span class='ocrx_word' id='word_1_350' title='bbox 540 1541 682 1570; x_wconf 77' lang='lat' dir='ltr'><strong>congruat,</strong></span> <span class='ocrx_word' id='word_1_351' title='bbox 695 1536 741 1571; x_wconf 90' lang='lat' dir='ltr'><strong>qui</strong></span> <span class='ocrx_word' id='word_1_352' title='bbox 755 1544 802 1571; x_wconf 89' lang='lat' dir='ltr'><strong>per</strong></span> <span class='ocrx_word' id='word_1_353' title='bbox 814 1537 935 1564; x_wconf 84' lang='lat' dir='ltr'><strong>divinam</strong></span> 
     </span>
    </p>
   </div>
   <div class='ocr_carea' id='block_1_48' title="bbox 153 1581 937 1617">
    <p class='ocr_par' dir='ltr' id='par_1_48' title="bbox 153 1581 937 1617">
     <span class='ocr_line' id='line_1_48' title="bbox 153 1581 937 1617; baseline 0.004 -11"><span class='ocrx_word' id='word_1_354' title='bbox 153 1588 262 1614; x_wconf 83' lang='lat' dir='ltr'><strong>aquam,</strong></span> <span class='ocrx_word' id='word_1_355' title='bbox 279 1581 330 1608; x_wconf 91' lang='lat' dir='ltr'><strong>hoc</strong></span> <span class='ocrx_word' id='word_1_356' title='bbox 345 1585 387 1607; x_wconf 91' lang='lat' dir='ltr'><strong>est</strong></span> <span class='ocrx_word' id='word_1_357' title='bbox 409 1588 457 1615; x_wconf 90' lang='lat' dir='ltr'><strong>per</strong></span> <span class='ocrx_word' id='word_1_358' title='bbox 475 1581 597 1609; x_wconf 75' lang='lat' dir='ltr'><strong>salutare</strong></span> <span class='ocrx_word' id='word_1_359' title='bbox 626 1582 765 1609; x_wconf 84' lang='lat' dir='ltr'><strong>lavacrum</strong></span> <span class='ocrx_word' id='word_1_360' title='bbox 787 1582 937 1617; x_wconf 82' lang='lat' dir='ltr'><strong>baptisma-</strong></span> 
     </span>
    </p>
   </div>
   <div class='ocr_carea' id='block_1_49' title="bbox 153 1626 938 1663">
    <p class='ocr_par' dir='ltr' id='par_1_49' title="bbox 153 1626 938 1663">
     <span class='ocr_line' id='line_1_49' title="bbox 153 1626 938 1663; baseline 0.003 -10"><span class='ocrx_word' id='word_1_361' title='bbox 153 1627 197 1658; x_wconf 84' lang='lat' dir='ltr'><strong>tis,</strong></span> <span class='ocrx_word' id='word_1_362' title='bbox 213 1626 338 1654; x_wconf 85' lang='lat' dir='ltr'><strong>homines</strong></span> <span class='ocrx_word' id='word_1_363' title='bbox 366 1626 413 1654; x_wconf 86' lang='lat' dir='ltr'><strong>Dei</strong></span> <span class='ocrx_word' id='word_1_364' title='bbox 434 1627 521 1654; x_wconf 79' lang='lat' dir='ltr'><strong>ell&#39;ecti</strong></span> <span class='ocrx_word' id='word_1_365' title='bbox 544 1634 617 1654; x_wconf 92' lang='lat' dir='ltr'><strong>sunt.</strong></span> <span class='ocrx_word' id='word_1_366' title='bbox 642 1627 750 1662; x_wconf 82' lang='lat' dir='ltr'><strong>Moyses</strong></span> <span class='ocrx_word' id='word_1_367' title='bbox 778 1628 878 1663; x_wconf 88' lang='lat' dir='ltr'><strong>quippe</strong></span> <span class='ocrx_word' id='word_1_368' title='bbox 896 1629 938 1655; x_wconf 87' lang='lat' dir='ltr'><strong>in-</strong></span> 
     </span>
    </p>
   </div>
   <div class='ocr_carea' id='block_1_50' title="bbox 153 1672 938 1707">
    <p class='ocr_par' dir='ltr' id='par_1_50' title="bbox 153 1672 938 1707">
     <span class='ocr_line' id='line_1_50' title="bbox 153 1672 938 1707; baseline 0.003 -9"><span class='ocrx_word' id='word_1_369' title='bbox 153 1675 331 1706; x_wconf 87' lang='lat' dir='ltr'><strong>terpretatur,</strong></span> <span class='ocrx_word' id='word_1_370' title='bbox 359 1677 510 1705; x_wconf 80' lang='lat' dir='ltr'><strong>assumptus</strong></span> <span class='ocrx_word' id='word_1_371' title='bbox 536 1681 569 1699; x_wconf 74' lang='lat' dir='ltr'><strong>ex</strong></span> <span class='ocrx_word' id='word_1_372' title='bbox 598 1681 679 1707; x_wconf 81' lang='lat' dir='ltr'><strong>aqua.</strong></span> <span class='ocrx_word' id='word_1_373' title='bbox 715 1672 753 1699; x_wconf 67' lang='lat' dir='ltr'><strong>Es</strong></span> <span class='ocrx_word' id='word_1_374' title='bbox 776 1680 845 1707; x_wconf 85' lang='lat' dir='ltr'><strong>aqua</strong></span> <span class='ocrx_word' id='word_1_375' title='bbox 875 1680 938 1700; x_wconf 77' lang='lat' dir='ltr'><strong>vero</strong></span> 
     </span>
    </p>
   </div>
   <div class='ocr_carea' id='block_1_51' title="bbox 153 1717 937 1753">
    <p class='ocr_par' dir='ltr' id='par_1_51' title="bbox 153 1717 937 1753">
     <span class='ocr_line' id='line_1_51' title="bbox 153 1717 937 1753; baseline 0.001 -10"><span class='ocrx_word' id='word_1_376' title='bbox 153 1721 333 1744; x_wconf 84' lang='lat' dir='ltr'><strong>assumuntur</strong></span> <span class='ocrx_word' id='word_1_377' title='bbox 359 1726 453 1745; x_wconf 84' lang='lat' dir='ltr'><strong>omnes</strong></span> <span class='ocrx_word' id='word_1_378' title='bbox 482 1718 527 1752; x_wconf 91' lang='lat' dir='ltr'><strong>qui</strong></span> <span class='ocrx_word' id='word_1_379' title='bbox 557 1718 740 1753; x_wconf 81' lang='lat' dir='ltr'><strong>haptizantur.</strong></span> <span class='ocrx_word' id='word_1_380' title='bbox 758 1717 834 1745; x_wconf 80' lang='lat' dir='ltr'><strong>Unde</strong></span> <span class='ocrx_word' id='word_1_381' title='bbox 856 1719 937 1745; x_wconf 87' lang='lat' dir='ltr'><strong>etiam</strong></span> 
     </span>
    </p>
   </div>
   <div class='ocr_carea' id='block_1_52' title="bbox 154 1763 939 1798">
    <p class='ocr_par' dir='ltr' id='par_1_52' title="bbox 154 1763 939 1798">
     <span class='ocr_line' id='line_1_52' title="bbox 154 1763 939 1798; baseline 0.003 -9"><span class='ocrx_word' id='word_1_382' title='bbox 154 1763 200 1790; x_wconf 91' lang='lat' dir='ltr'><strong>Dei</strong></span> <span class='ocrx_word' id='word_1_383' title='bbox 228 1763 354 1790; x_wconf 84' lang='lat' dir='ltr'><strong>homines</strong></span> <span class='ocrx_word' id='word_1_384' title='bbox 381 1763 478 1790; x_wconf 86' lang='lat' dir='ltr'><strong>merito</strong></span> <span class='ocrx_word' id='word_1_385' title='bbox 513 1764 756 1798; x_wconf 80' lang='lat' dir='ltr'><strong>cognominantur.</strong></span> <span class='ocrx_word' id='word_1_386' title='bbox 785 1763 838 1791; x_wconf 87' lang='lat' dir='ltr'><strong>Eos</strong></span> <span class='ocrx_word' id='word_1_387' title='bbox 875 1772 939 1791; x_wconf 86' lang='lat' dir='ltr'><strong>vero</strong></span> 
     </span>
    </p>
   </div>
   <div class='ocr_carea' id='block_1_53' title="bbox 154 1808 937 1844">
    <p class='ocr_par' dir='ltr' id='par_1_53' title="bbox 154 1808 937 1844">
     <span class='ocr_line' id='line_1_53' title="bbox 154 1808 937 1844; baseline 0.001 -8"><span class='ocrx_word' id='word_1_388' title='bbox 154 1809 284 1843; x_wconf 84' lang='lat' dir='ltr'><strong>psalmos,</strong></span> <span class='ocrx_word' id='word_1_389' title='bbox 309 1809 355 1844; x_wconf 90' lang='lat' dir='ltr'><strong>qui</strong></span> <span class='ocrx_word' id='word_1_390' title='bbox 385 1808 539 1836; x_wconf 83' lang='lat' dir='ltr'><strong>Salomonis</strong></span> <span class='ocrx_word' id='word_1_391' title='bbox 567 1809 709 1842; x_wconf 86' lang='lat' dir='ltr'><strong>dicuntur,</strong></span> <span class='ocrx_word' id='word_1_392' title='bbox 738 1810 765 1837; x_wconf 93' lang='lat' dir='ltr'><strong>in</strong></span> <span class='ocrx_word' id='word_1_393' title='bbox 798 1809 937 1837; x_wconf 84' lang='lat' dir='ltr'><strong>Christum</strong></span> 
     </span>
    </p>
   </div>
   <div class='ocr_carea' id='block_1_54' title="bbox 154 1854 939 1891">
    <p class='ocr_par' dir='ltr' id='par_1_54' title="bbox 154 1854 939 1891">
     <span class='ocr_line' id='line_1_54' title="bbox 154 1854 939 1891; baseline 0.004 -11"><span class='ocrx_word' id='word_1_394' title='bbox 154 1854 241 1882; x_wconf 75' lang='lat' dir='ltr'><strong>fuisse</strong></span> <span class='ocrx_word' id='word_1_395' title='bbox 265 1855 438 1889; x_wconf 82' lang='lat' dir='ltr'><strong>compositos</strong></span> <span class='ocrx_word' id='word_1_396' title='bbox 464 1860 635 1890; x_wconf 83' lang='lat' dir='ltr'><strong>reputamus.</strong></span> <span class='ocrx_word' id='word_1_397' title='bbox 666 1856 795 1883; x_wconf 88' lang='lat' dir='ltr'><strong>Salomon</strong></span> <span class='ocrx_word' id='word_1_398' title='bbox 820 1864 939 1891; x_wconf 86' lang='lat' dir='ltr'><strong>namque</strong></span> 
     </span>
    </p>
   </div>
   <div class='ocr_carea' id='block_1_55' title="bbox 155 1901 938 1937">
    <p class='ocr_par' dir='ltr' id='par_1_55' title="bbox 155 1901 938 1937">
     <span class='ocr_line' id='line_1_55' title="bbox 155 1901 938 1937; baseline 0.001 -10"><span class='ocrx_word' id='word_1_399' title='bbox 155 1902 350 1936; x_wconf 88' lang='lat' dir='ltr'><strong>interpretatur</strong></span> <span class='ocrx_word' id='word_1_400' title='bbox 366 1901 504 1936; x_wconf 80' lang='lat' dir='ltr'><strong>paciﬁcus.</strong></span> <span class='ocrx_word' id='word_1_401' title='bbox 523 1901 622 1929; x_wconf 87' lang='lat' dir='ltr'><strong>Verum</strong></span> <span class='ocrx_word' id='word_1_402' title='bbox 653 1902 781 1937; x_wconf 83' lang='lat' dir='ltr'><strong>quisnam</strong></span> <span class='ocrx_word' id='word_1_403' title='bbox 796 1903 867 1929; x_wconf 88' lang='lat' dir='ltr'><strong>alius</strong></span> <span class='ocrx_word' id='word_1_404' title='bbox 884 1907 938 1929; x_wconf 88' lang='lat' dir='ltr'><strong>tam</strong></span> 
     </span>
    </p>
   </div>
   <div class='ocr_carea' id='block_1_56' title="bbox 155 1945 939 1982">
    <p class='ocr_par' dir='ltr' id='par_1_56' title="bbox 155 1945 939 1982">
     <span class='ocr_line' id='line_1_56' title="bbox 155 1945 939 1982; baseline 0.003 -10"><span class='ocrx_word' id='word_1_405' title='bbox 155 1945 206 1973; x_wconf 80' lang='lat' dir='ltr'><strong>fuit</strong></span> <span class='ocrx_word' id='word_1_406' title='bbox 231 1946 371 1980; x_wconf 80' lang='lat' dir='ltr'><strong>pacificus.</strong></span> <span class='ocrx_word' id='word_1_407' title='bbox 393 1955 474 1981; x_wconf 83' lang='lat' dir='ltr'><strong>quam</strong></span> <span class='ocrx_word' id='word_1_408' title='bbox 505 1947 653 1975; x_wconf 73' lang='lat' dir='ltr'><strong>Christus?</strong></span> <span class='ocrx_word' id='word_1_409' title='bbox 677 1947 724 1982; x_wconf 89' lang='lat' dir='ltr'><strong>qui</strong></span> <span class='ocrx_word' id='word_1_410' title='bbox 753 1952 851 1974; x_wconf 87' lang='lat' dir='ltr'><strong>natura</strong></span> <span class='ocrx_word' id='word_1_411' title='bbox 881 1947 939 1982; x_wconf 87' lang='lat' dir='ltr'><strong>ipsa</strong></span> 
     </span>
    </p>
   </div>
   <div class='ocr_carea' id='block_1_57' title="bbox 153 1991 938 2028">
    <p class='ocr_par' dir='ltr' id='par_1_57' title="bbox 153 1991 938 2028">
     <span class='ocr_line' id='line_1_57' title="bbox 153 1991 938 2028; baseline 0.003 -10"><span class='ocrx_word' id='word_1_412' title='bbox 153 1998 245 2025; x_wconf 84' lang='lat' dir='ltr'><strong>pacem</strong></span> <span class='ocrx_word' id='word_1_413' title='bbox 258 1991 355 2019; x_wconf 86' lang='lat' dir='ltr'><strong>habet?</strong></span> <span class='ocrx_word' id='word_1_414' title='bbox 371 1993 392 2008; x_wconf 87' lang='grc'><strong>¹²</strong></span> <span class='ocrx_word' id='word_1_415' title='bbox 410 1995 516 2024; x_wconf 75' lang='lat' dir='ltr'><strong>Pacem,</strong></span> <span class='ocrx_word' id='word_1_416' title='bbox 528 1994 610 2025; x_wconf 82' lang='lat' dir='ltr'><strong>enim,</strong></span> <span class='ocrx_word' id='word_1_417' title='bbox 623 1993 720 2028; x_wconf 85' lang='lat' dir='ltr'><strong>inquit,</strong></span> <span class='ocrx_word' id='word_1_418' title='bbox 730 2001 813 2020; x_wconf 82' lang='lat' dir='ltr'><strong>meam</strong></span> <span class='ocrx_word' id='word_1_419' title='bbox 820 1993 853 2019; x_wconf 85' lang='lat' dir='ltr'><strong>da</strong></span> <span class='ocrx_word' id='word_1_420' title='bbox 860 1994 938 2026; x_wconf 76' lang='lat' dir='ltr'><strong>vobis,</strong></span> 
     </span>
    </p>
   </div>
   <div class='ocr_carea' id='block_1_58' title="bbox 151 2039 940 2074">
    <p class='ocr_par' dir='ltr' id='par_1_58' title="bbox 151 2039 940 2074">
     <span class='ocr_line' id='line_1_58' title="bbox 151 2039 940 2074; baseline 0.003 -10"><span class='ocrx_word' id='word_1_421' title='bbox 151 2045 240 2070; x_wconf 80' lang='lat' dir='ltr'><strong>pacem</strong></span> <span class='ocrx_word' id='word_1_422' title='bbox 247 2047 331 2065; x_wconf 85' lang='lat' dir='ltr'><strong>meam</strong></span> <span class='ocrx_word' id='word_1_423' title='bbox 341 2039 458 2074; x_wconf 78' lang='lat' dir='ltr'><strong>relinquo</strong></span> <span class='ocrx_word' id='word_1_424' title='bbox 468 2040 547 2066; x_wconf 73' lang='lat' dir='ltr'><strong>vobis.</strong></span> <span class='ocrx_word' id='word_1_425' title='bbox 555 2040 711 2074; x_wconf 85' lang='lat' dir='ltr'><strong>De&#39;psalmis</strong></span> <span class='ocrx_word' id='word_1_426' title='bbox 720 2041 765 2074; x_wconf 91' lang='lat' dir='ltr'><strong>qui</strong></span> <span class='ocrx_word' id='word_1_427' title='bbox 776 2040 834 2066; x_wconf 84' lang='lat' dir='ltr'><strong>sine</strong></span> <span class='ocrx_word' id='word_1_428' title='bbox 842 2040 940 2067; x_wconf 79' lang='lat' dir='ltr'><strong>inscri-</strong></span> 
     </span>
    </p>
   </div>
   <div class='ocr_carea' id='block_1_59' title="bbox 152 2083 939 2121">
    <p class='ocr_par' dir='ltr' id='par_1_59' title="bbox 152 2083 939 2121">
     <span class='ocr_line' id='line_1_59' title="bbox 152 2083 939 2121; baseline 0.003 -11"><span class='ocrx_word' id='word_1_429' title='bbox 152 2083 245 2117; x_wconf 91' lang='lat' dir='ltr'><strong>ptione</strong></span> <span class='ocrx_word' id='word_1_430' title='bbox 260 2089 338 2116; x_wconf 87' lang='lat' dir='ltr'><strong>sunt,</strong></span> <span class='ocrx_word' id='word_1_431' title='bbox 355 2085 422 2112; x_wconf 88' lang='lat' dir='ltr'><strong>illud</strong></span> <span class='ocrx_word' id='word_1_432' title='bbox 442 2085 468 2112; x_wconf 92' lang='lat' dir='ltr'><strong>in</strong></span> <span class='ocrx_word' id='word_1_433' title='bbox 495 2086 589 2119; x_wconf 85' lang='lat' dir='ltr'><strong>primis</strong></span> <span class='ocrx_word' id='word_1_434' title='bbox 617 2086 760 2113; x_wconf 87' lang='lat' dir='ltr'><strong>sciendum</strong></span> <span class='ocrx_word' id='word_1_435' title='bbox 784 2090 838 2119; x_wconf 81' lang='lat' dir='ltr'><strong>est,</strong></span> <span class='ocrx_word' id='word_1_436' title='bbox 865 2085 939 2121; x_wconf 88' lang='lat' dir='ltr'><strong>quod</strong></span> 
     </span>
    </p>
   </div>
   <div class='ocr_carea' id='block_1_60' title="bbox 152 2129 940 2166">
    <p class='ocr_par' dir='ltr' id='par_1_60' title="bbox 152 2129 940 2166">
     <span class='ocr_line' id='line_1_60' title="bbox 152 2129 940 2166; baseline 0.004 -10"><span class='ocrx_word' id='word_1_437' title='bbox 152 2130 237 2157; x_wconf 87' lang='lat' dir='ltr'><strong>multa</strong></span> <span class='ocrx_word' id='word_1_438' title='bbox 254 2129 431 2158; x_wconf 68' lang='lat' dir='ltr'><strong>Hebraeorum</strong></span> <span class='ocrx_word' id='word_1_439' title='bbox 448 2131 629 2165; x_wconf 76' lang='lat' dir='ltr'><strong>exemplaria.</strong></span> <span class='ocrx_word' id='word_1_440' title='bbox 645 2132 823 2166; x_wconf 85' lang='lat' dir='ltr'><strong>conjunctnm</strong></span> <span class='ocrx_word' id='word_1_441' title='bbox 839 2132 940 2159; x_wconf 85' lang='lat' dir='ltr'><strong>habent</strong></span> 
     </span>
    </p>
   </div>
   <div class='ocr_carea' id='block_1_61' title="bbox 151 2176 938 2213">
    <p class='ocr_par' dir='ltr' id='par_1_61' title="bbox 151 2176 938 2213">
     <span class='ocr_line' id='line_1_61' title="bbox 151 2176 938 2213; baseline 0.004 -10"><span class='ocrx_word' id='word_1_442' title='bbox 151 2176 302 2204; x_wconf 78' lang='lat' dir='ltr'><strong>secundum</strong></span> <span class='ocrx_word' id='word_1_443' title='bbox 331 2177 468 2212; x_wconf 86' lang='lat' dir='ltr'><strong>psalmum</strong></span> <span class='ocrx_word' id='word_1_444' title='bbox 496 2185 559 2204; x_wconf 88' lang='lat' dir='ltr'><strong>eum</strong></span> <span class='ocrx_word' id='word_1_445' title='bbox 586 2178 673 2211; x_wconf 88' lang='lat' dir='ltr'><strong>primo</strong></span> <span class='ocrx_word' id='word_1_446' title='bbox 690 2186 695 2203; x_wconf 89' lang='lat'>:</span> <span class='ocrx_word' id='word_1_447' title='bbox 711 2186 772 2204; x_wconf 84' lang='lat' dir='ltr'><strong>cum</strong></span> <span class='ocrx_word' id='word_1_448' title='bbox 800 2178 869 2213; x_wconf 87' lang='lat' dir='ltr'><strong>apud</strong></span> <span class='ocrx_word' id='word_1_449' title='bbox 891 2187 938 2206; x_wconf 83' lang='lat' dir='ltr'><strong>eos</strong></span> 
     </span>
    </p>
   </div>
   <div class='ocr_carea' id='block_1_62' title="bbox 988 940 1777 978">
    <p class='ocr_par' dir='ltr' id='par_1_62' title="bbox 988 940 1777 978">
     <span class='ocr_line' id='line_1_62' title="bbox 988 940 1777 978; baseline -0.006 -8"><span class='ocrx_word' id='word_1_450' title='bbox 988 944 1153 978; x_wconf 74' lang='grc' dir='ltr'>ματίζουσιν,</span> <span class='ocrx_word' id='word_1_451' title='bbox 1171 944 1195 969; x_wconf 85' lang='grc' dir='ltr'><strong>οι</strong></span> <span class='ocrx_word' id='word_1_452' title='bbox 1219 943 1421 978; x_wconf 72' lang='grc' dir='ltr'>βαπτιζόμενοι.</span> <span class='ocrx_word' id='word_1_453' title='bbox 1434 942 1503 972; x_wconf 77' lang='grc' dir='ltr'>Τοὺς</span> <span class='ocrx_word' id='word_1_454' title='bbox 1520 941 1547 966; x_wconf 76' lang='grc' dir='ltr'><strong>δὲ</strong></span> <span class='ocrx_word' id='word_1_455' title='bbox 1563 941 1609 967; x_wconf 78' lang='grc' dir='ltr'>τοῦ</span> <span class='ocrx_word' id='word_1_456' title='bbox 1630 940 1777 972; x_wconf 82' lang='grc' dir='ltr'>Σολομῶν-</span> 
     </span>
    </p>
   </div>
   <div class='ocr_carea' id='block_1_63' title="bbox 984 986 1776 1024">
    <p class='ocr_par' dir='ltr' id='par_1_63' title="bbox 984 986 1776 1024">
     <span class='ocr_line' id='line_1_63' title="bbox 984 986 1776 1024; baseline -0.006 -8"><span class='ocrx_word' id='word_1_457' title='bbox 984 999 1028 1021; x_wconf 81' lang='grc' dir='ltr'><strong>τος</strong></span> <span class='ocrx_word' id='word_1_458' title='bbox 1043 989 1204 1024; x_wconf 80' lang='grc' dir='ltr'>λεγομένους</span> <span class='ocrx_word' id='word_1_459' title='bbox 1231 990 1271 1015; x_wconf 75' lang='lat' dir='ltr'><strong>sic</strong></span> <span class='ocrx_word' id='word_1_460' title='bbox 1302 989 1346 1014; x_wconf 81' lang='grc' dir='ltr'>τὸν</span> <span class='ocrx_word' id='word_1_461' title='bbox 1369 988 1486 1023; x_wconf 69' lang='grc' dir='ltr'>Χριστὸν</span> <span class='ocrx_word' id='word_1_462' title='bbox 1515 986 1642 1022; x_wconf 69' lang='grc' dir='ltr'>εἰρῆσθαί</span> <span class='ocrx_word' id='word_1_463' title='bbox 1669 995 1776 1020; x_wconf 71' lang='grc' dir='ltr'>φαμεν.</span> 
     </span>
    </p>
   </div>
   <div class='ocr_carea' id='block_1_64' title="bbox 985 1033 1778 1070">
    <p class='ocr_par' dir='ltr' id='par_1_64' title="bbox 985 1033 1778 1070">
     <span class='ocr_line' id='line_1_64' title="bbox 985 1033 1778 1070; baseline -0.006 -8"><span class='ocrx_word' id='word_1_464' title='bbox 985 1036 1111 1070; x_wconf 78' lang='grc' dir='ltr'>Σολομὼν</span> <span class='ocrx_word' id='word_1_465' title='bbox 1141 1035 1194 1069; x_wconf 80' lang='grc' dir='ltr'><strong>γὰρ</strong></span> <span class='ocrx_word' id='word_1_466' title='bbox 1220 1034 1450 1068; x_wconf 81' lang='grc' dir='ltr'>εἱρηνικώτατος</span> <span class='ocrx_word' id='word_1_467' title='bbox 1476 1033 1673 1069; x_wconf 74' lang='grc' dir='ltr'>ἑρμηνεύεται.</span> <span class='ocrx_word' id='word_1_468' title='bbox 1705 1033 1778 1066; x_wconf 70' lang='grc' dir='ltr'>ὅπερ</span> 
     </span>
    </p>
   </div>
   <div class='ocr_carea' id='block_1_65' title="bbox 986 1078 1774 1115">
    <p class='ocr_par' dir='ltr' id='par_1_65' title="bbox 986 1078 1774 1115">
     <span class='ocr_line' id='line_1_65' title="bbox 986 1078 1774 1115; baseline -0.005 -8"><span class='ocrx_word' id='word_1_469' title='bbox 986 1082 1059 1108; x_wconf 76' lang='grc' dir='ltr'>ἐστὶν</span> <span class='ocrx_word' id='word_1_470' title='bbox 1084 1082 1097 1108; x_wconf 83' lang='grc' dir='ltr'>ὁ</span> <span class='ocrx_word' id='word_1_471' title='bbox 1126 1080 1254 1115; x_wconf 75' lang='grc' dir='ltr'>Χριστὸς,</span> <span class='ocrx_word' id='word_1_472' title='bbox 1275 1080 1346 1106; x_wconf 70' lang='grc' dir='ltr'>κατὰ</span> <span class='ocrx_word' id='word_1_473' title='bbox 1364 1080 1445 1114; x_wconf 78' lang='grc' dir='ltr'>φύσιν</span> <span class='ocrx_word' id='word_1_474' title='bbox 1461 1080 1524 1111; x_wconf 78' lang='grc' dir='ltr'>τὴν·</span> <span class='ocrx_word' id='word_1_475' title='bbox 1535 1080 1646 1114; x_wconf 74' lang='grc' dir='ltr'>εἰρήνην</span> <span class='ocrx_word' id='word_1_476' title='bbox 1676 1078 1748 1113; x_wconf 73' lang='grc' dir='ltr'>ἔχων</span> <span class='ocrx_word' id='word_1_477' title='bbox 1769 1086 1774 1093; x_wconf 94' lang='grc'><strong><em>-</em></strong></span> 
     </span>
    </p>
   </div>
   <div class='ocr_carea' id='block_1_66' title="bbox 987 1126 1779 1161">
    <p class='ocr_par' dir='ltr' id='par_1_66' title="bbox 987 1126 1779 1161">
     <span class='ocr_line' id='line_1_66' title="bbox 987 1126 1779 1161; baseline -0.004 -7"><span class='ocrx_word' id='word_1_478' title='bbox 987 1126 1119 1160; x_wconf 74' lang='grc' dir='ltr'><strong>Εἰρήνην</strong></span> <span class='ocrx_word' id='word_1_479' title='bbox 1133 1126 1197 1161; x_wconf 80' lang='grc' dir='ltr'>γὰρ,</span> <span class='ocrx_word' id='word_1_480' title='bbox 1221 1127 1299 1160; x_wconf 74' lang='grc' dir='ltr'>φησὶ,</span> <span class='ocrx_word' id='word_1_481' title='bbox 1331 1126 1389 1159; x_wconf 74' lang='grc' dir='ltr'><strong>τὴν</strong></span> <span class='ocrx_word' id='word_1_482' title='bbox 1408 1127 1485 1160; x_wconf 77' lang='grc' dir='ltr'><strong>ἐμὴν</strong></span> <span class='ocrx_word' id='word_1_483' title='bbox 1496 1126 1600 1159; x_wconf 74' lang='grc' dir='ltr'><strong>δίδωμι</strong></span> <span class='ocrx_word' id='word_1_484' title='bbox 1622 1126 1705 1155; x_wconf 71' lang='grc' dir='ltr'>ὑμῖν,</span> <span class='ocrx_word' id='word_1_485' title='bbox 1735 1126 1779 1151; x_wconf 85' lang='grc' dir='ltr'>ει-</span> 
     </span>
    </p>
   </div>
   <div class='ocr_carea' id='block_1_67' title="bbox 983 1170 1779 1207">
    <p class='ocr_par' dir='ltr' id='par_1_67' title="bbox 983 1170 1779 1207">
     <span class='ocr_line' id='line_1_67' title="bbox 983 1170 1779 1207; baseline -0.003 -9"><span class='ocrx_word' id='word_1_486' title='bbox 983 1171 1083 1205; x_wconf 81' lang='grc' dir='ltr'>ρήνην</span> <span class='ocrx_word' id='word_1_487' title='bbox 1097 1171 1154 1204; x_wconf 81' lang='grc' dir='ltr'>τὴν</span> <span class='ocrx_word' id='word_1_488' title='bbox 1170 1171 1246 1205; x_wconf 81' lang='grc' dir='ltr'><strong>ἐμὴν</strong></span> <span class='ocrx_word' id='word_1_489' title='bbox 1258 1171 1362 1205; x_wconf 60' lang='grc' dir='ltr'><strong>ἀφίημι</strong></span> <span class='ocrx_word' id='word_1_490' title='bbox 1380 1172 1459 1204; x_wconf 73' lang='grc' dir='ltr'><strong>ὑμῖν.</strong></span> <span class='ocrx_word' id='word_1_491' title='bbox 1478 1171 1545 1207; x_wconf 69' lang='grc' dir='ltr'>Περὶ</span> <span class='ocrx_word' id='word_1_492' title='bbox 1560 1171 1588 1197; x_wconf 74' lang='grc' dir='ltr'><strong>δὲ</strong></span> <span class='ocrx_word' id='word_1_493' title='bbox 1609 1170 1664 1197; x_wconf 82' lang='grc' dir='ltr'><strong>τῶν</strong></span> <span class='ocrx_word' id='word_1_494' title='bbox 1679 1171 1779 1197; x_wconf 82' lang='grc' dir='ltr'>ἀνεπι-</span> 
     </span>
    </p>
   </div>
   <div class='ocr_carea' id='block_1_68' title="bbox 988 1216 1778 1252">
    <p class='ocr_par' dir='ltr' id='par_1_68' title="bbox 988 1216 1778 1252">
     <span class='ocr_line' id='line_1_68' title="bbox 988 1216 1778 1252; baseline -0.003 -9"><span class='ocrx_word' id='word_1_495' title='bbox 988 1217 1112 1251; x_wconf 75' lang='grc' dir='ltr'>γράφων,</span> <span class='ocrx_word' id='word_1_496' title='bbox 1125 1217 1209 1243; x_wconf 79' lang='grc' dir='ltr'>πολλὰ</span> <span class='ocrx_word' id='word_1_497' title='bbox 1223 1216 1278 1242; x_wconf 84' lang='grc' dir='ltr'>τῶν</span> <span class='ocrx_word' id='word_1_498' title='bbox 1296 1216 1447 1252; x_wconf 74' lang='grc' dir='ltr'>Ἑϐραϊκῶν</span> <span class='ocrx_word' id='word_1_499' title='bbox 1467 1217 1643 1251; x_wconf 67' lang='grc' dir='ltr'>ἀντιγράφων</span> <span class='ocrx_word' id='word_1_500' title='bbox 1673 1225 1778 1251; x_wconf 76' lang='grc' dir='ltr'>συνημ-</span> 
     </span>
    </p>
   </div>
   <div class='ocr_carea' id='block_1_69' title="bbox 989 1262 1779 1298">
    <p class='ocr_par' dir='ltr' id='par_1_69' title="bbox 989 1262 1779 1298">
     <span class='ocr_line' id='line_1_69' title="bbox 989 1262 1779 1298; baseline 0 -10"><span class='ocrx_word' id='word_1_501' title='bbox 989 1263 1068 1298; x_wconf 81' lang='grc' dir='ltr'>μένον</span> <span class='ocrx_word' id='word_1_502' title='bbox 1097 1264 1188 1297; x_wconf 78' lang='grc' dir='ltr'>ἐχουσι</span> <span class='ocrx_word' id='word_1_503' title='bbox 1210 1262 1248 1297; x_wconf 83' lang='grc' dir='ltr'>τῷ</span> <span class='ocrx_word' id='word_1_504' title='bbox 1274 1262 1374 1298; x_wconf 78' lang='grc' dir='ltr'>πρώτῳ</span> <span class='ocrx_word' id='word_1_505' title='bbox 1406 1262 1506 1297; x_wconf 67' lang='grc' dir='ltr'>ψαλμῷ</span> <span class='ocrx_word' id='word_1_506' title='bbox 1527 1263 1572 1288; x_wconf 71' lang='grc' dir='ltr'><strong>τὸν</strong></span> <span class='ocrx_word' id='word_1_507' title='bbox 1587 1262 1723 1297; x_wconf 74' lang='grc' dir='ltr'>δεύτερον,</span> <span class='ocrx_word' id='word_1_508' title='bbox 1744 1262 1779 1288; x_wconf 75' lang='grc' dir='ltr'>οὐ</span> 
     </span>
    </p>
   </div>
   <div class='ocr_carea' id='block_1_70' title="bbox 988 1308 1778 1344">
    <p class='ocr_par' dir='ltr' id='par_1_70' title="bbox 988 1308 1778 1344">
     <span class='ocr_line' id='line_1_70' title="bbox 988 1308 1778 1344; baseline 0 -10"><span class='ocrx_word' id='word_1_509' title='bbox 988 1309 1187 1343; x_wconf 81' lang='grc' dir='ltr'>προσκειμένου</span> <span class='ocrx_word' id='word_1_510' title='bbox 1205 1309 1262 1339; x_wconf 79' lang='grc' dir='ltr'>τοῖς</span> <span class='ocrx_word' id='word_1_511' title='bbox 1283 1308 1402 1343; x_wconf 77' lang='grc' dir='ltr'>ψαλμοῖς</span> <span class='ocrx_word' id='word_1_512' title='bbox 1422 1308 1538 1344; x_wconf 73' lang='grc' dir='ltr'>ἀριθμοῦ</span> <span class='ocrx_word' id='word_1_513' title='bbox 1567 1308 1632 1343; x_wconf 77' lang='grc' dir='ltr'>παρ’</span> <span class='ocrx_word' id='word_1_514' title='bbox 1659 1309 1753 1338; x_wconf 74' lang='grc' dir='ltr'>αὐτοῖς</span> <span class='ocrx_word' id='word_1_515' title='bbox 1770 1316 1778 1323; x_wconf 88' lang='grc'><strong>·</strong></span> 
     </span>
    </p>
   </div>
   <div class='ocr_carea' id='block_1_71' title="bbox 987 1354 1780 1389">
    <p class='ocr_par' dir='ltr' id='par_1_71' title="bbox 987 1354 1780 1389">
     <span class='ocr_line' id='line_1_71' title="bbox 987 1354 1780 1389; baseline -0.003 -8"><span class='ocrx_word' id='word_1_516' title='bbox 987 1356 1001 1381; x_wconf 88' lang='grc' dir='ltr'>ὁ</span> <span class='ocrx_word' id='word_1_517' title='bbox 1015 1354 1043 1380; x_wconf 73' lang='grc' dir='ltr'><strong>δὲ</strong></span> <span class='ocrx_word' id='word_1_518' title='bbox 1057 1354 1193 1389; x_wconf 76' lang='grc' dir='ltr'>δεύτερος,</span> <span class='ocrx_word' id='word_1_519' title='bbox 1211 1354 1414 1389; x_wconf 76' lang='grc' dir='ltr'>ἀναντιῤῥὴτως</span> <span class='ocrx_word' id='word_1_520' title='bbox 1431 1354 1478 1381; x_wconf 74' lang='grc' dir='ltr'>τοῦ</span> <span class='ocrx_word' id='word_1_521' title='bbox 1494 1355 1584 1381; x_wconf 70' lang='grc' dir='ltr'><strong>Δαῆἶδ.</strong></span> <span class='ocrx_word' id='word_1_522' title='bbox 1612 1355 1665 1380; x_wconf 69' lang='grc' dir='ltr'>Καὶ</span> <span class='ocrx_word' id='word_1_523' title='bbox 1679 1354 1780 1380; x_wconf 80' lang='grc' dir='ltr'>τούτου</span> 
     </span>
    </p>
   </div>
   <div class='ocr_carea' id='block_1_72' title="bbox 990 1399 1782 1435">
    <p class='ocr_par' dir='ltr' id='par_1_72' title="bbox 990 1399 1782 1435">
     <span class='ocr_line' id='line_1_72' title="bbox 990 1399 1782 1435; baseline -0.001 -8"><span class='ocrx_word' id='word_1_524' title='bbox 990 1401 1128 1435; x_wconf 81' lang='grc' dir='ltr'>μάρτυρες</span> <span class='ocrx_word' id='word_1_525' title='bbox 1143 1400 1166 1426; x_wconf 86' lang='grc' dir='ltr'>οἱ</span> <span class='ocrx_word' id='word_1_526' title='bbox 1178 1399 1332 1431; x_wconf 74' lang='grc' dir='ltr'>ἀπόστολοι,</span> <span class='ocrx_word' id='word_1_527' title='bbox 1350 1399 1475 1433; x_wconf 80' lang='grc' dir='ltr'>λέγοντες</span> <span class='ocrx_word' id='word_1_528' title='bbox 1496 1401 1562 1435; x_wconf 65' lang='grc' dir='ltr'>πρὸς</span> <span class='ocrx_word' id='word_1_529' title='bbox 1590 1400 1635 1426; x_wconf 69' lang='grc' dir='ltr'><strong>τὺν</strong></span> <span class='ocrx_word' id='word_1_530' title='bbox 1661 1399 1726 1426; x_wconf 65' lang='grc' dir='ltr'>Θεὸν</span> <span class='ocrx_word' id='word_1_531' title='bbox 1747 1401 1782 1426; x_wconf 79' lang='grc' dir='ltr'>ἐν</span> 
     </span>
    </p>
   </div>
   <div class='ocr_carea' id='block_1_73' title="bbox 987 1445 1781 1480">
    <p class='ocr_par' dir='ltr' id='par_1_73' title="bbox 987 1445 1781 1480">
     <span class='ocr_line' id='line_1_73' title="bbox 987 1445 1781 1480; baseline 0.001 -9"><span class='ocrx_word' id='word_1_532' title='bbox 987 1446 1047 1476; x_wconf 78' lang='grc' dir='ltr'>ταῖς</span> <span class='ocrx_word' id='word_1_533' title='bbox 1059 1445 1195 1480; x_wconf 79' lang='grc' dir='ltr'>Πράξεσιν</span> <span class='ocrx_word' id='word_1_534' title='bbox 1207 1453 1213 1461; x_wconf 70' lang='grc'><em>³</em></span> <span class='ocrx_word' id='word_1_535' title='bbox 1235 1446 1268 1472; x_wconf 89' lang='lat'><strong>&#39;0</strong></span> <span class='ocrx_word' id='word_1_536' title='bbox 1283 1445 1332 1472; x_wconf 81' lang='grc' dir='ltr'><strong>διὰ</strong></span> <span class='ocrx_word' id='word_1_537' title='bbox 1346 1447 1496 1478; x_wconf 82' lang='grc' dir='ltr'>στόματος</span> <span class='ocrx_word' id='word_1_538' title='bbox 1510 1445 1599 1472; x_wconf 72' lang='grc' dir='ltr'>Δαϐὶδ</span> <span class='ocrx_word' id='word_1_539' title='bbox 1621 1446 1674 1472; x_wconf 82' lang='grc' dir='ltr'>τοῦ</span> <span class='ocrx_word' id='word_1_540' title='bbox 1704 1452 1781 1472; x_wconf 73' lang='grc' dir='ltr'>παι-</span> 
     </span>
    </p>
   </div>
   <div class='ocr_carea' id='block_1_74' title="bbox 988 1490 1781 1525">
    <p class='ocr_par' dir='ltr' id='par_1_74' title="bbox 988 1490 1781 1525">
     <span class='ocr_line' id='line_1_74' title="bbox 988 1490 1781 1525; baseline 0 -8"><span class='ocrx_word' id='word_1_541' title='bbox 988 1491 1041 1524; x_wconf 85' lang='grc' dir='ltr'>ὃός</span> <span class='ocrx_word' id='word_1_542' title='bbox 1056 1498 1113 1518; x_wconf 82' lang='grc' dir='ltr'>σου</span> <span class='ocrx_word' id='word_1_543' title='bbox 1131 1490 1221 1517; x_wconf 75' lang='grc' dir='ltr'>εἰπών</span> <span class='ocrx_word' id='word_1_544' title='bbox 1233 1499 1240 1506; x_wconf 75' lang='grc'><strong><em>⁸</em></strong></span> <span class='ocrx_word' id='word_1_545' title='bbox 1257 1491 1323 1518; x_wconf 77' lang='grc' dir='ltr'>Ἵνα</span> <span class='ocrx_word' id='word_1_546' title='bbox 1338 1492 1366 1517; x_wconf 81' lang='grc' dir='ltr'>τί</span> <span class='ocrx_word' id='word_1_547' title='bbox 1381 1492 1536 1525; x_wconf 57' lang='grc' dir='ltr'>ἐφρύαξαν</span> <span class='ocrx_word' id='word_1_548' title='bbox 1558 1492 1640 1524; x_wconf 71' lang='grc' dir='ltr'>ἔθνη,</span> <span class='ocrx_word' id='word_1_549' title='bbox 1667 1492 1712 1517; x_wconf 70' lang='grc' dir='ltr'>καὶ</span> <span class='ocrx_word' id='word_1_550' title='bbox 1741 1491 1781 1518; x_wconf 73' lang='grc' dir='ltr'><strong>τὰ</strong></span> 
     </span>
    </p>
   </div>
   <div class='ocr_carea' id='block_1_75' title="bbox 989 1534 1780 1571">
    <p class='ocr_par' dir='ltr' id='par_1_75' title="bbox 989 1534 1780 1571">
     <span class='ocr_line' id='line_1_75' title="bbox 989 1534 1780 1571; baseline 0.001 -10"><span class='ocrx_word' id='word_1_551' title='bbox 989 1536 1061 1571; x_wconf 79' lang='grc' dir='ltr'>ἑξῆς.</span> <span class='ocrx_word' id='word_1_552' title='bbox 1076 1536 1319 1563; x_wconf 76' lang='grc' dir='ltr'>Συναποδείκνυται</span> <span class='ocrx_word' id='word_1_553' title='bbox 1332 1534 1378 1563; x_wconf 75' lang='grc' dir='ltr'>οὖν</span> <span class='ocrx_word' id='word_1_554' title='bbox 1389 1537 1436 1562; x_wconf 81' lang='grc' dir='ltr'><strong>καὶ</strong></span> <span class='ocrx_word' id='word_1_555' title='bbox 1452 1538 1465 1563; x_wconf 72' lang='grc' dir='ltr'><strong>ὁ</strong></span> <span class='ocrx_word' id='word_1_556' title='bbox 1480 1536 1588 1570; x_wconf 75' lang='grc' dir='ltr'>πρῶτος</span> <span class='ocrx_word' id='word_1_557' title='bbox 1605 1537 1712 1571; x_wconf 69' lang='grc' dir='ltr'>ψαλμὺς</span> <span class='ocrx_word' id='word_1_558' title='bbox 1726 1536 1780 1562; x_wconf 78' lang='grc' dir='ltr'>τοῦ</span> 
     </span>
    </p>
   </div>
   <div class='ocr_carea' id='block_1_76' title="bbox 989 1581 1780 1618">
    <p class='ocr_par' dir='ltr' id='par_1_76' title="bbox 989 1581 1780 1618">
     <span class='ocr_line' id='line_1_76' title="bbox 989 1581 1780 1618; baseline 0 -10"><span class='ocrx_word' id='word_1_559' title='bbox 989 1582 1071 1609; x_wconf 74' lang='grc' dir='ltr'><strong>Δαὸὶδ</strong></span> <span class='ocrx_word' id='word_1_560' title='bbox 1086 1581 1165 1609; x_wconf 74' lang='grc' dir='ltr'>εἶναι.</span> <span class='ocrx_word' id='word_1_561' title='bbox 1183 1583 1213 1608; x_wconf 87' lang='lat' dir='ltr'><strong>El</strong></span> <span class='ocrx_word' id='word_1_562' title='bbox 1229 1582 1257 1608; x_wconf 75' lang='grc' dir='ltr'><strong>δὲ</strong></span> <span class='ocrx_word' id='word_1_563' title='bbox 1271 1584 1317 1608; x_wconf 78' lang='grc' dir='ltr'>καὶ</span> <span class='ocrx_word' id='word_1_564' title='bbox 1329 1583 1342 1608; x_wconf 76' lang='grc' dir='ltr'>ὁ</span> <span class='ocrx_word' id='word_1_565' title='bbox 1358 1583 1462 1616; x_wconf 73' lang='grc' dir='ltr'>πρῶτος</span> <span class='ocrx_word' id='word_1_566' title='bbox 1480 1583 1527 1608; x_wconf 61' lang='grc' dir='ltr'><strong>καὶ</strong></span> <span class='ocrx_word' id='word_1_567' title='bbox 1538 1584 1552 1609; x_wconf 77' lang='grc' dir='ltr'><strong>ὁ</strong></span> <span class='ocrx_word' id='word_1_568' title='bbox 1569 1583 1695 1618; x_wconf 75' lang='grc' dir='ltr'>δεύτερος</span> <span class='ocrx_word' id='word_1_569' title='bbox 1719 1582 1780 1609; x_wconf 82' lang='grc' dir='ltr'>τῶν</span> 
     </span>
    </p>
   </div>
   <div class='ocr_carea' id='block_1_77' title="bbox 988 1626 1782 1662">
    <p class='ocr_par' dir='ltr' id='par_1_77' title="bbox 988 1626 1782 1662">
     <span class='ocr_line' id='line_1_77' title="bbox 988 1626 1782 1662; baseline -0.003 -8"><span class='ocrx_word' id='word_1_570' title='bbox 988 1627 1192 1662; x_wconf 78' lang='grc' dir='ltr'>ἀνεπιγράφων,</span> <span class='ocrx_word' id='word_1_571' title='bbox 1210 1626 1257 1653; x_wconf 80' lang='grc' dir='ltr'><strong>τοῦ</strong></span> <span class='ocrx_word' id='word_1_572' title='bbox 1270 1627 1360 1658; x_wconf 72' lang='grc' dir='ltr'><strong>Δασὶδ,</strong></span> <span class='ocrx_word' id='word_1_573' title='bbox 1382 1629 1428 1654; x_wconf 77' lang='grc' dir='ltr'><strong>καὶ</strong></span> <span class='ocrx_word' id='word_1_574' title='bbox 1443 1628 1468 1653; x_wconf 80' lang='grc' dir='ltr'>οἱ</span> <span class='ocrx_word' id='word_1_575' title='bbox 1481 1627 1554 1654; x_wconf 71' lang='grc' dir='ltr'>ἄλλοι</span> <span class='ocrx_word' id='word_1_576' title='bbox 1567 1628 1666 1659; x_wconf 75' lang='grc' dir='ltr'>πάντες</span> <span class='ocrx_word' id='word_1_577' title='bbox 1681 1627 1782 1654; x_wconf 71' lang='grc' dir='ltr'>ἀνεπε-</span> 
     </span>
    </p>
   </div>
   <div class='ocr_carea' id='block_1_78' title="bbox 989 1673 1780 1709">
    <p class='ocr_par' dir='ltr' id='par_1_78' title="bbox 989 1673 1780 1709">
     <span class='ocr_line' id='line_1_78' title="bbox 989 1673 1780 1709; baseline -0.001 -10"><span class='ocrx_word' id='word_1_578' title='bbox 989 1681 1099 1709; x_wconf 85' lang='grc' dir='ltr'>γραφοι,</span> <span class='ocrx_word' id='word_1_579' title='bbox 1111 1673 1182 1700; x_wconf 78' lang='grc' dir='ltr'>καθὰ</span> <span class='ocrx_word' id='word_1_580' title='bbox 1200 1674 1286 1707; x_wconf 80' lang='grc' dir='ltr'>δήπου</span> <span class='ocrx_word' id='word_1_581' title='bbox 1297 1674 1343 1699; x_wconf 72' lang='grc' dir='ltr'><strong>καὶ</strong></span> <span class='ocrx_word' id='word_1_582' title='bbox 1359 1673 1371 1699; x_wconf 79' lang='grc' dir='ltr'><strong>ὁ</strong></span> <span class='ocrx_word' id='word_1_583' title='bbox 1384 1673 1561 1708; x_wconf 71' lang='grc' dir='ltr'>ἐνενηκοςτδς</span> <span class='ocrx_word' id='word_1_584' title='bbox 1586 1673 1725 1707; x_wconf 77' lang='grc' dir='ltr'>τέταρτος,</span> <span class='ocrx_word' id='word_1_585' title='bbox 1735 1673 1780 1704; x_wconf 82' lang='grc' dir='ltr'>ὡς</span> 
     </span>
    </p>
   </div>
   <div class='ocr_carea' id='block_1_79' title="bbox 991 1719 1782 1754">
    <p class='ocr_par' dir='ltr' id='par_1_79' title="bbox 991 1719 1782 1754">
     <span class='ocr_line' id='line_1_79' title="bbox 991 1719 1782 1754; baseline 0 -10"><span class='ocrx_word' id='word_1_586' title='bbox 991 1720 1124 1754; x_wconf 81' lang='grc' dir='ltr'>μαρτυρεῖ</span> <span class='ocrx_word' id='word_1_587' title='bbox 1134 1720 1147 1745; x_wconf 82' lang='grc' dir='ltr'><strong>ό</strong></span> <span class='ocrx_word' id='word_1_588' title='bbox 1160 1719 1308 1749; x_wconf 67' lang='grc' dir='ltr'>ὰπόςτολος</span> <span class='ocrx_word' id='word_1_589' title='bbox 1329 1719 1434 1750; x_wconf 78' lang='grc' dir='ltr'>Παῦλος</span> <span class='ocrx_word' id='word_1_590' title='bbox 1447 1720 1476 1745; x_wconf 82' lang='grc' dir='ltr'><strong>έν</strong></span> <span class='ocrx_word' id='word_1_591' title='bbox 1489 1720 1520 1753; x_wconf 85' lang='grc' dir='ltr'><strong>τῇ</strong></span> <span class='ocrx_word' id='word_1_592' title='bbox 1538 1719 1606 1754; x_wconf 73' lang='grc' dir='ltr'>πρὸς</span> <span class='ocrx_word' id='word_1_593' title='bbox 1631 1719 1782 1753; x_wconf 71' lang='grc' dir='ltr'>Ἐϐραίους</span> 
     </span>
    </p>
   </div>
   <div class='ocr_carea' id='block_1_80' title="bbox 995 1763 1783 1798">
    <p class='ocr_par' dir='ltr' id='par_1_80' title="bbox 995 1763 1783 1798">
     <span class='ocr_line' id='line_1_80' title="bbox 995 1763 1783 1798; baseline -0.001 -9"><span class='ocrx_word' id='word_1_594' title='bbox 995 1763 1150 1798; x_wconf 79' lang='grc' dir='ltr'>Ἐπιστολῇ,</span> <span class='ocrx_word' id='word_1_595' title='bbox 1170 1763 1282 1797; x_wconf 65' lang='grc' dir='ltr'>φάσκων</span> <span class='ocrx_word' id='word_1_596' title='bbox 1297 1771 1303 1777; x_wconf 75' lang='grc'>³</span> <span class='ocrx_word' id='word_1_597' title='bbox 1328 1763 1395 1790; x_wconf 66' lang='lat' dir='ltr'><strong>de</strong></span> <span class='ocrx_word' id='word_1_598' title='bbox 1406 1763 1492 1796; x_wconf 71' lang='grc' dir='ltr'>ὁρίζει</span> <span class='ocrx_word' id='word_1_599' title='bbox 1512 1764 1624 1797; x_wconf 76' lang='grc' dir='ltr'>ἡμέραν</span> <span class='ocrx_word' id='word_1_600' title='bbox 1643 1763 1783 1797; x_wconf 77' lang='grc' dir='ltr'>σήμερον</span> 
     </span>
    </p>
   </div>
   <div class='ocr_carea' id='block_1_81' title="bbox 989 1807 1782 1842">
    <p class='ocr_par' dir='ltr' id='par_1_81' title="bbox 989 1807 1782 1842">
     <span class='ocr_line' id='line_1_81' title="bbox 989 1807 1782 1842; baseline -0.003 -7"><span class='ocrx_word' id='word_1_601' title='bbox 989 1809 1023 1835; x_wconf 87' lang='grc' dir='ltr'>ἐν</span> <span class='ocrx_word' id='word_1_602' title='bbox 1042 1807 1139 1839; x_wconf 77' lang='grc' dir='ltr'>Διιόιδ,</span> <span class='ocrx_word' id='word_1_603' title='bbox 1155 1807 1252 1842; x_wconf 76' lang='grc' dir='ltr'>,λέγων</span> <span class='ocrx_word' id='word_1_604' title='bbox 1268 1809 1343 1841; x_wconf 85' lang='grc' dir='ltr'>μετὰ</span> <span class='ocrx_word' id='word_1_605' title='bbox 1369 1808 1515 1835; x_wconf 80' lang='grc' dir='ltr'>τοσοῦτον</span> <span class='ocrx_word' id='word_1_606' title='bbox 1541 1809 1663 1842; x_wconf 79' lang='grc' dir='ltr'>χρόνον,</span> <span class='ocrx_word' id='word_1_607' title='bbox 1680 1808 1782 1840; x_wconf 82' lang='grc' dir='ltr'>καθὼς</span> 
     </span>
    </p>
   </div>
   <div class='ocr_carea' id='block_1_82' title="bbox 989 1853 1783 1888">
    <p class='ocr_par' dir='ltr' id='par_1_82' title="bbox 989 1853 1783 1888">
     <span class='ocr_line' id='line_1_82' title="bbox 989 1853 1783 1888; baseline -0.003 -7"><span class='ocrx_word' id='word_1_608' title='bbox 989 1855 1104 1888; x_wconf 80' lang='grc' dir='ltr'>εῐρηται</span> <span class='ocrx_word' id='word_1_609' title='bbox 1125 1863 1132 1870; x_wconf 91' lang='grc'><strong>·</strong></span> <span class='ocrx_word' id='word_1_610' title='bbox 1151 1855 1287 1888; x_wconf 78' lang='grc' dir='ltr'>Σήμερον</span> <span class='ocrx_word' id='word_1_611' title='bbox 1306 1854 1360 1880; x_wconf 81' lang='grc' dir='ltr'><strong>ἐὰν</strong></span> <span class='ocrx_word' id='word_1_612' title='bbox 1379 1853 1433 1886; x_wconf 79' lang='grc' dir='ltr'>τῆς</span> <span class='ocrx_word' id='word_1_613' title='bbox 1451 1854 1556 1888; x_wconf 71' lang='grc' dir='ltr'>φωνῆς</span> <span class='ocrx_word' id='word_1_614' title='bbox 1570 1854 1663 1881; x_wconf 80' lang='grc' dir='ltr'>αὑτοῦ</span> <span class='ocrx_word' id='word_1_615' title='bbox 1688 1853 1783 1880; x_wconf 75' lang='grc' dir='ltr'>ἀκού-</span> 
     </span>
    </p>
   </div>
   <div class='ocr_carea' id='block_1_83' title="bbox 990 1900 1782 1935">
    <p class='ocr_par' dir='ltr' id='par_1_83' title="bbox 990 1900 1782 1935">
     <span class='ocr_line' id='line_1_83' title="bbox 990 1900 1782 1935; baseline -0.001 -8"><span class='ocrx_word' id='word_1_616' title='bbox 990 1909 1074 1934; x_wconf 77' lang='grc' dir='ltr'>σητε,</span> <span class='ocrx_word' id='word_1_617' title='bbox 1092 1901 1135 1935; x_wconf 84' lang='grc' dir='ltr'><strong>μὴ</strong></span> <span class='ocrx_word' id='word_1_618' title='bbox 1152 1901 1346 1934; x_wconf 75' lang='grc' dir='ltr'><strong>σκληρύνητε</strong></span> <span class='ocrx_word' id='word_1_619' title='bbox 1366 1900 1418 1933; x_wconf 85' lang='grc' dir='ltr'><strong>τὰς</strong></span> <span class='ocrx_word' id='word_1_620' title='bbox 1445 1900 1570 1934; x_wconf 79' lang='grc' dir='ltr'><strong>καρδίας</strong></span> <span class='ocrx_word' id='word_1_621' title='bbox 1597 1900 1690 1934; x_wconf 79' lang='grc' dir='ltr'><strong>ὑμῶν.</strong></span> <span class='ocrx_word' id='word_1_622' title='bbox 1721 1901 1782 1927; x_wconf 68' lang='grc' dir='ltr'><strong>Καὶ</strong></span> 
     </span>
    </p>
   </div>
   <div class='ocr_carea' id='block_1_84' title="bbox 991 1945 1783 1981">
    <p class='ocr_par' dir='ltr' id='par_1_84' title="bbox 991 1945 1783 1981">
     <span class='ocr_line' id='line_1_84' title="bbox 991 1945 1783 1981; baseline -0.001 -9"><span class='ocrx_word' id='word_1_623' title='bbox 991 1947 1016 1972; x_wconf 84' lang='grc' dir='ltr'>οἱ</span> <span class='ocrx_word' id='word_1_624' title='bbox 1033 1945 1168 1981; x_wconf 80' lang='grc' dir='ltr'>ἀνώνυμοι</span> <span class='ocrx_word' id='word_1_625' title='bbox 1184 1947 1212 1973; x_wconf 83' lang='grc' dir='ltr'><strong>δὲ</strong></span> <span class='ocrx_word' id='word_1_626' title='bbox 1241 1946 1321 1973; x_wconf 77' lang='grc' dir='ltr'>Δαὸίδ</span> <span class='ocrx_word' id='word_1_627' title='bbox 1341 1947 1420 1977; x_wconf 79' lang='grc' dir='ltr'>εἰσιν,</span> <span class='ocrx_word' id='word_1_628' title='bbox 1434 1946 1471 1977; x_wconf 84' lang='grc' dir='ltr'>ὡς</span> <span class='ocrx_word' id='word_1_629' title='bbox 1493 1946 1614 1973; x_wconf 78' lang='grc' dir='ltr'>διδάσκει</span> <span class='ocrx_word' id='word_1_630' title='bbox 1640 1946 1783 1978; x_wconf 78' lang='grc' dir='ltr'>Στέφανος</span> 
     </span>
    </p>
   </div>
   <div class='ocr_carea' id='block_1_85' title="bbox 990 1991 1784 2027">
    <p class='ocr_par' dir='ltr' id='par_1_85' title="bbox 990 1991 1784 2027">
     <span class='ocr_line' id='line_1_85' title="bbox 990 1991 1784 2027; baseline -0.003 -9"><span class='ocrx_word' id='word_1_631' title='bbox 990 1993 1003 2018; x_wconf 84' lang='grc' dir='ltr'><strong>ὁ</strong></span> <span class='ocrx_word' id='word_1_632' title='bbox 1019 1993 1216 2027; x_wconf 81' lang='grc' dir='ltr'>πρωτομάρτυ;</span> <span class='ocrx_word' id='word_1_633' title='bbox 1233 1994 1261 2018; x_wconf 82' lang='grc' dir='ltr'>ὲν</span> <span class='ocrx_word' id='word_1_634' title='bbox 1281 1993 1340 2024; x_wconf 80' lang='grc' dir='ltr'>ταῖς</span> <span class='ocrx_word' id='word_1_635' title='bbox 1365 1991 1484 2026; x_wconf 77' lang='grc' dir='ltr'>Πράξεσι</span> <span class='ocrx_word' id='word_1_636' title='bbox 1499 2000 1506 2008; x_wconf 95' lang='grc'><strong>·</strong></span> <span class='ocrx_word' id='word_1_637' title='bbox 1539 1992 1606 2027; x_wconf 74' lang='grc' dir='ltr'><strong>φησὶ</strong></span> <span class='ocrx_word' id='word_1_638' title='bbox 1636 1992 1688 2026; x_wconf 76' lang='grc' dir='ltr'><strong>γὰρ</strong></span> <span class='ocrx_word' id='word_1_639' title='bbox 1708 1993 1784 2025; x_wconf 69' lang='grc' dir='ltr'>πρὶς</span> 
     </span>
    </p>
   </div>
   <div class='ocr_carea' id='block_1_86' title="bbox 998 2036 1784 2072">
    <p class='ocr_par' dir='ltr' id='par_1_86' title="bbox 998 2036 1784 2072">
     <span class='ocr_line' id='line_1_86' title="bbox 998 2036 1784 2072; baseline 0 -8"><span class='ocrx_word' id='word_1_640' title='bbox 998 2039 1162 2070; x_wconf 69' lang='grc' dir='ltr'>Ἰουδαίους·</span> <span class='ocrx_word' id='word_1_641' title='bbox 1180 2039 1257 2070; x_wconf 83' lang='grc' dir='ltr'><strong>Ἕως</strong></span> <span class='ocrx_word' id='word_1_642' title='bbox 1279 2037 1338 2064; x_wconf 78' lang='grc' dir='ltr'>τῶν</span> <span class='ocrx_word' id='word_1_643' title='bbox 1366 2038 1484 2072; x_wconf 73' lang='grc' dir='ltr'>ἡμερῶν</span> <span class='ocrx_word' id='word_1_644' title='bbox 1512 2038 1613 2070; x_wconf 77' lang='grc' dir='ltr'><strong>Δασὶδ,</strong></span> <span class='ocrx_word' id='word_1_645' title='bbox 1639 2037 1673 2071; x_wconf 78' lang='grc' dir='ltr'>ὃς</span> <span class='ocrx_word' id='word_1_646' title='bbox 1707 2036 1784 2070; x_wconf 77' lang='grc' dir='ltr'>εὗρε</span> 
     </span>
    </p>
   </div>
   <div class='ocr_carea' id='block_1_87' title="bbox 991 2082 1783 2118">
    <p class='ocr_par' dir='ltr' id='par_1_87' title="bbox 991 2082 1783 2118">
     <span class='ocr_line' id='line_1_87' title="bbox 991 2082 1783 2118; baseline -0.003 -8"><span class='ocrx_word' id='word_1_647' title='bbox 991 2084 1081 2118; x_wconf 80' lang='grc' dir='ltr'>χάριν</span> <span class='ocrx_word' id='word_1_648' title='bbox 1100 2084 1230 2110; x_wconf 77' lang='grc' dir='ltr'>ἐνώπιον</span> <span class='ocrx_word' id='word_1_649' title='bbox 1245 2083 1299 2110; x_wconf 79' lang='grc' dir='ltr'>τοῦ</span> <span class='ocrx_word' id='word_1_650' title='bbox 1325 2083 1410 2116; x_wconf 88' lang='grc' dir='ltr'>Θεοῦ,</span> <span class='ocrx_word' id='word_1_651' title='bbox 1436 2084 1486 2110; x_wconf 75' lang='grc' dir='ltr'><strong>καὶ</strong></span> <span class='ocrx_word' id='word_1_652' title='bbox 1503 2083 1639 2117; x_wconf 80' lang='grc' dir='ltr'><strong>ᾐτήσατο</strong></span> <span class='ocrx_word' id='word_1_653' title='bbox 1676 2082 1783 2115; x_wconf 79' lang='grc' dir='ltr'>εὑρεῖν</span> 
     </span>
    </p>
   </div>
   <div class='ocr_carea' id='block_1_88' title="bbox 990 2128 1783 2164">
    <p class='ocr_par' dir='ltr' id='par_1_88' title="bbox 990 2128 1783 2164">
     <span class='ocr_line' id='line_1_88' title="bbox 990 2128 1783 2164; baseline -0.003 -8"><span class='ocrx_word' id='word_1_654' title='bbox 990 2130 1135 2164; x_wconf 76' lang='grc' dir='ltr'><strong>σκήνωμα</strong></span> <span class='ocrx_word' id='word_1_655' title='bbox 1154 2129 1194 2162; x_wconf 83' lang='grc' dir='ltr'>τῷ</span> <span class='ocrx_word' id='word_1_656' title='bbox 1214 2128 1275 2161; x_wconf 85' lang='grc' dir='ltr'><strong>Θεῷ</strong></span> <span class='ocrx_word' id='word_1_657' title='bbox 1293 2129 1400 2155; x_wconf 80' lang='grc' dir='ltr'>Ἰακώϐ.</span> <span class='ocrx_word' id='word_1_658' title='bbox 1418 2129 1503 2155; x_wconf 76' lang='grc' dir='ltr'>Τοῦτο</span> <span class='ocrx_word' id='word_1_659' title='bbox 1523 2129 1551 2155; x_wconf 82' lang='grc' dir='ltr'><strong>δὲ</strong></span> <span class='ocrx_word' id='word_1_660' title='bbox 1578 2129 1607 2155; x_wconf 77' lang='grc' dir='ltr'>τὸ</span> <span class='ocrx_word' id='word_1_661' title='bbox 1631 2129 1711 2164; x_wconf 72' lang='grc' dir='ltr'>ρητδν</span> <span class='ocrx_word' id='word_1_662' title='bbox 1729 2129 1783 2154; x_wconf 71' lang='grc' dir='ltr'><strong>τοῦ</strong></span> 
     </span>
    </p>
   </div>
   <div class='ocr_carea' id='block_1_89' title="bbox 992 2174 1783 2210">
    <p class='ocr_par' dir='ltr' id='par_1_89' title="bbox 992 2174 1783 2210">
     <span class='ocr_line' id='line_1_89' title="bbox 992 2174 1783 2210; baseline -0.001 -8"><span class='ocrx_word' id='word_1_663' title='bbox 992 2175 1048 2210; x_wconf 67' lang='grc' dir='ltr'>ρλα¹</span> <span class='ocrx_word' id='word_1_664' title='bbox 1062 2175 1181 2210; x_wconf 74' lang='grc' dir='ltr'>ψαλμοῦ,</span> <span class='ocrx_word' id='word_1_665' title='bbox 1198 2175 1276 2209; x_wconf 79' lang='grc' dir='ltr'>δῆλόν</span> <span class='ocrx_word' id='word_1_666' title='bbox 1287 2176 1371 2204; x_wconf 76' lang='grc' dir='ltr'>ἐστιν.</span> <span class='ocrx_word' id='word_1_667' title='bbox 1383 2175 1420 2206; x_wconf 85' lang='grc' dir='ltr'>ὡς</span> <span class='ocrx_word' id='word_1_668' title='bbox 1435 2175 1508 2201; x_wconf 75' lang='grc' dir='ltr'>ἐστιν</span> <span class='ocrx_word' id='word_1_669' title='bbox 1517 2175 1669 2209; x_wconf 81' lang='grc' dir='ltr'>ἀνώνυμος.</span> <span class='ocrx_word' id='word_1_670' title='bbox 1695 2174 1783 2201; x_wconf 80' lang='grc' dir='ltr'><strong>Ἀλλᾶ</strong></span> 
     </span>
    </p>
   </div>
   <div class='ocr_carea' id='block_1_90' title="bbox 151 2219 898 2258">
    <p class='ocr_par' dir='ltr' id='par_1_90' title="bbox 151 2223 898 2258">
     <span class='ocr_line' id='line_1_90' title="bbox 151 2223 898 2258; baseline 0.001 -9"><span class='ocrx_word' id='word_1_671' title='bbox 151 2230 205 2249; x_wconf 88' lang='grc' dir='ltr'>ιιοιι</span> <span class='ocrx_word' id='word_1_672' title='bbox 222 2223 258 2249; x_wconf 90' lang='lat' dir='ltr'><strong>sit</strong></span> <span class='ocrx_word' id='word_1_673' title='bbox 269 2230 399 2250; x_wconf 82' lang='lat' dir='ltr'><strong>numerus</strong></span> <span class='ocrx_word' id='word_1_674' title='bbox 411 2223 437 2250; x_wconf 89' lang='lat' dir='ltr'><strong>in</strong></span> <span class='ocrx_word' id='word_1_675' title='bbox 454 2224 566 2258; x_wconf 81' lang='lat' dir='ltr'><strong>psalmis</strong></span> <span class='ocrx_word' id='word_1_676' title='bbox 585 2233 590 2250; x_wconf 92' lang='lat'>:</span> <span class='ocrx_word' id='word_1_677' title='bbox 609 2225 745 2252; x_wconf 78' lang='lat' dir='ltr'><strong>secundus</strong></span> <span class='ocrx_word' id='word_1_678' title='bbox 762 2229 867 2256; x_wconf 89' lang='lat' dir='ltr'><strong>autem,</strong></span> <span class='ocrx_word' id='word_1_679' title='bbox 879 2224 898 2251; x_wconf 84' lang='lat' dir='ltr'><strong>si</strong></span> 
     </span>
    </p>
   </div>
   <div class='ocr_carea' id='block_1_91' title="bbox 1035 2219 1782 2258">
    <p class='ocr_par' dir='ltr' id='par_1_91' title="bbox 1035 2220 1782 2256">
     <span class='ocr_line' id='line_1_91' title="bbox 1035 2220 1782 2256; baseline -0.001 -9"><span class='ocrx_word' id='word_1_680' title='bbox 1035 2222 1073 2247; x_wconf 68' lang='grc' dir='ltr'><strong>,οἱ</strong></span> <span class='ocrx_word' id='word_1_681' title='bbox 1087 2222 1117 2248; x_wconf 78' lang='grc' dir='ltr'>τὸ</span> <span class='ocrx_word' id='word_1_682' title='bbox 1136 2222 1315 2255; x_wconf 77' lang='grc' dir='ltr'>Ἀλληλούϊα</span> <span class='ocrx_word' id='word_1_683' title='bbox 1330 2221 1570 2256; x_wconf 78' lang='grc' dir='ltr'>ἐπιγεγραμμένον</span> <span class='ocrx_word' id='word_1_684' title='bbox 1586 2220 1692 2255; x_wconf 81' lang='grc' dir='ltr'>ἔχοντες</span> <span class='ocrx_word' id='word_1_685' title='bbox 1728 2220 1782 2246; x_wconf 61' lang='grc' dir='ltr'>τοῦ</span> 
     </span>
    </p>
   </div>
   <div class='ocr_carea' id='block_1_92' title="bbox 150 2268 935 2304">
    <p class='ocr_par' dir='ltr' id='par_1_92' title="bbox 150 2268 935 2304">
     <span class='ocr_line' id='line_1_92' title="bbox 150 2268 935 2304; baseline 0.003 -10"><span class='ocrx_word' id='word_1_686' title='bbox 150 2268 379 2299; x_wconf 78' lang='lat' dir='ltr'><strong>eontradictione,</strong></span> <span class='ocrx_word' id='word_1_687' title='bbox 412 2269 588 2304; x_wconf 78' lang='lat' dir='ltr'><strong>conscriptus</strong></span> <span class='ocrx_word' id='word_1_688' title='bbox 625 2270 676 2297; x_wconf 77' lang='lat' dir='ltr'><strong>fuit</strong></span> <span class='ocrx_word' id='word_1_689' title='bbox 696 2278 710 2297; x_wconf 84' lang='lat' dir='ltr'><strong>a</strong></span> <span class='ocrx_word' id='word_1_690' title='bbox 735 2271 813 2297; x_wconf 88' lang='lat' dir='ltr'><strong>beato</strong></span> <span class='ocrx_word' id='word_1_691' title='bbox 840 2269 935 2296; x_wconf 85' lang='lat' dir='ltr'><strong>David.</strong></span> 
     </span>
    </p>
   </div>
   <div class='ocr_carea' id='block_1_93' title="bbox 149 2313 937 2351">
    <p class='ocr_par' dir='ltr' id='par_1_93' title="bbox 149 2313 937 2351">
     <span class='ocr_line' id='line_1_93' title="bbox 149 2313 937 2351; baseline 0.003 -12"><span class='ocrx_word' id='word_1_692' title='bbox 149 2313 237 2346; x_wconf 79' lang='lat' dir='ltr'><strong>Cuius</strong></span> <span class='ocrx_word' id='word_1_693' title='bbox 254 2314 293 2340; x_wconf 79' lang='lat' dir='ltr'><strong>rei</strong></span> <span class='ocrx_word' id='word_1_694' title='bbox 321 2318 406 2341; x_wconf 87' lang='lat' dir='ltr'><strong>testes</strong></span> <span class='ocrx_word' id='word_1_695' title='bbox 434 2315 567 2343; x_wconf 87' lang='lat' dir='ltr'><strong>habemus</strong></span> <span class='ocrx_word' id='word_1_696' title='bbox 595 2316 744 2351; x_wconf 86' lang='lat' dir='ltr'><strong>apostolos,</strong></span> <span class='ocrx_word' id='word_1_697' title='bbox 773 2315 798 2342; x_wconf 92' lang='lat' dir='ltr'><strong>in</strong></span> <span class='ocrx_word' id='word_1_698' title='bbox 822 2315 937 2342; x_wconf 86' lang='lat' dir='ltr'><strong>Actibus</strong></span> 
     </span>
    </p>
   </div>
   <div class='ocr_carea' id='block_1_94' title="bbox 150 2359 936 2396">
    <p class='ocr_par' dir='ltr' id='par_1_94' title="bbox 150 2359 936 2396">
     <span class='ocr_line' id='line_1_94' title="bbox 150 2359 936 2396; baseline 0.001 -10"><span class='ocrx_word' id='word_1_699' title='bbox 150 2360 272 2388; x_wconf 85' lang='lat' dir='ltr'><strong>dicentes</strong></span> <span class='ocrx_word' id='word_1_700' title='bbox 299 2359 331 2387; x_wconf 91' lang='lat' dir='ltr'><strong>ad</strong></span> <span class='ocrx_word' id='word_1_701' title='bbox 358 2360 441 2388; x_wconf 86' lang='lat' dir='ltr'><strong>Deum</strong></span> <span class='ocrx_word' id='word_1_702' title='bbox 461 2371 468 2389; x_wconf 93' lang='lat'>:</span> <span class='ocrx_word' id='word_1_703' title='bbox 486 2363 507 2378; x_wconf 88' lang='grc'><strong>¹³</strong></span> <span class='ocrx_word' id='word_1_704' title='bbox 529 2362 567 2388; x_wconf 90' lang='lat' dir='ltr'><strong>Tu</strong></span> <span class='ocrx_word' id='word_1_705' title='bbox 583 2363 627 2396; x_wconf 78' lang='lat' dir='ltr'><strong>qui</strong></span> <span class='ocrx_word' id='word_1_706' title='bbox 645 2370 691 2396; x_wconf 81' lang='lat' dir='ltr'><strong>per</strong></span> <span class='ocrx_word' id='word_1_707' title='bbox 713 2370 742 2388; x_wconf 86' lang='lat' dir='ltr'><strong>os</strong></span> <span class='ocrx_word' id='word_1_708' title='bbox 760 2361 845 2388; x_wconf 78' lang='lat' dir='ltr'><strong>David</strong></span> <span class='ocrx_word' id='word_1_709' title='bbox 860 2362 936 2395; x_wconf 78' lang='lat' dir='ltr'><strong>pueri</strong></span> 
     </span>
    </p>
   </div>
   <div class='ocr_carea' id='block_1_95' title="bbox 151 2403 937 2440">
    <p class='ocr_par' dir='ltr' id='par_1_95' title="bbox 151 2403 937 2440">
     <span class='ocr_line' id='line_1_95' title="bbox 151 2403 937 2440; baseline 0.004 -11"><span class='ocrx_word' id='word_1_710' title='bbox 151 2403 190 2429; x_wconf 88' lang='lat' dir='ltr'><strong>tui</strong></span> <span class='ocrx_word' id='word_1_711' title='bbox 211 2403 327 2431; x_wconf 71' lang='lat' dir='ltr'><strong>dixisti:</strong></span> <span class='ocrx_word' id='word_1_712' title='bbox 343 2404 431 2437; x_wconf 80' lang='lat' dir='ltr'><strong>Quare</strong></span> <span class='ocrx_word' id='word_1_713' title='bbox 444 2407 646 2433; x_wconf 75' lang='lat' dir='ltr'><strong>insurrexerunt</strong></span> <span class='ocrx_word' id='word_1_714' title='bbox 661 2410 760 2440; x_wconf 74' lang='lat' dir='ltr'><strong>gentes.</strong></span> <span class='ocrx_word' id='word_1_715' title='bbox 787 2411 839 2432; x_wconf 86' lang='lat' dir='ltr'><strong>etc.</strong></span> <span class='ocrx_word' id='word_1_716' title='bbox 859 2405 937 2434; x_wconf 81' lang='lat' dir='ltr'><strong>Unde</strong></span> 
     </span>
    </p>
   </div>
   <div class='ocr_carea' id='block_1_96' title="bbox 149 2447 937 2485">
    <p class='ocr_par' dir='ltr' id='par_1_96' title="bbox 149 2447 937 2485">
     <span class='ocr_line' id='line_1_96' title="bbox 149 2447 937 2485; baseline 0.005 -11"><span class='ocrx_word' id='word_1_717' title='bbox 149 2447 230 2475; x_wconf 85' lang='lat' dir='ltr'><strong>etiam</strong></span> <span class='ocrx_word' id='word_1_718' title='bbox 245 2449 450 2477; x_wconf 75' lang='lat' dir='ltr'><strong>demonstratur</strong></span> <span class='ocrx_word' id='word_1_719' title='bbox 464 2451 583 2485; x_wconf 91' lang='lat' dir='ltr'><strong>primum</strong></span> <span class='ocrx_word' id='word_1_720' title='bbox 611 2451 747 2485; x_wconf 86' lang='lat' dir='ltr'><strong>psalmum</strong></span> <span class='ocrx_word' id='word_1_721' title='bbox 767 2450 825 2485; x_wconf 88' lang='lat' dir='ltr'><strong>pari</strong></span> <span class='ocrx_word' id='word_1_722' title='bbox 857 2451 937 2478; x_wconf 89' lang='lat' dir='ltr'><strong>modo</strong></span> 
     </span>
    </p>
   </div>
   <div class='ocr_carea' id='block_1_97' title="bbox 149 2494 936 2532">
    <p class='ocr_par' dir='ltr' id='par_1_97' title="bbox 149 2494 936 2532">
     <span class='ocr_line' id='line_1_97' title="bbox 149 2494 936 2532; baseline 0.005 -12"><span class='ocrx_word' id='word_1_723' title='bbox 149 2494 236 2528; x_wconf 83' lang='lat' dir='ltr'><strong>ipsius</strong></span> <span class='ocrx_word' id='word_1_724' title='bbox 246 2503 308 2524; x_wconf 84' lang='lat' dir='ltr'><strong>esse</strong></span> <span class='ocrx_word' id='word_1_725' title='bbox 324 2495 409 2524; x_wconf 86' lang='lat' dir='ltr'><strong>David</strong></span> <span class='ocrx_word' id='word_1_726' title='bbox 424 2505 431 2523; x_wconf 92' lang='lat'><strong>:</strong></span> <span class='ocrx_word' id='word_1_727' title='bbox 447 2497 520 2532; x_wconf 90' lang='lat' dir='ltr'><strong>quod</strong></span> <span class='ocrx_word' id='word_1_728' title='bbox 538 2497 560 2524; x_wconf 91' lang='lat' dir='ltr'><strong>si</strong></span> <span class='ocrx_word' id='word_1_729' title='bbox 590 2497 708 2530; x_wconf 89' lang='lat' dir='ltr'><strong>primum</strong></span> <span class='ocrx_word' id='word_1_730' title='bbox 733 2501 759 2523; x_wconf 89' lang='lat' dir='ltr'><strong>et.</strong></span> <span class='ocrx_word' id='word_1_731' title='bbox 786 2497 936 2524; x_wconf 87' lang='lat' dir='ltr'><strong>secundum</strong></span> 
     </span>
    </p>
   </div>
   <div class='ocr_carea' id='block_1_98' title="bbox 149 2541 938 2578">
    <p class='ocr_par' dir='ltr' id='par_1_98' title="bbox 149 2541 938 2578">
     <span class='ocr_line' id='line_1_98' title="bbox 149 2541 938 2578; baseline 0.003 -11"><span class='ocrx_word' id='word_1_732' title='bbox 149 2541 298 2574; x_wconf 77' lang='lat' dir='ltr'><strong>psalmum.</strong></span> <span class='ocrx_word' id='word_1_733' title='bbox 326 2543 373 2578; x_wconf 89' lang='lat' dir='ltr'><strong>qui</strong></span> <span class='ocrx_word' id='word_1_734' title='bbox 387 2549 483 2571; x_wconf 86' lang='lat' dir='ltr'><strong>carent</strong></span> <span class='ocrx_word' id='word_1_735' title='bbox 511 2543 701 2576; x_wconf 77' lang='lat' dir='ltr'><strong>inscriptione,</strong></span> <span class='ocrx_word' id='word_1_736' title='bbox 729 2543 847 2570; x_wconf 86' lang='lat' dir='ltr'><strong>dicimus</strong></span> <span class='ocrx_word' id='word_1_737' title='bbox 876 2551 938 2571; x_wconf 87' lang='lat' dir='ltr'><strong>esse</strong></span> 
     </span>
    </p>
   </div>
   <div class='ocr_carea' id='block_1_99' title="bbox 148 2585 936 2622">
    <p class='ocr_par' dir='ltr' id='par_1_99' title="bbox 148 2585 936 2622">
     <span class='ocr_line' id='line_1_99' title="bbox 148 2585 936 2622; baseline 0.003 -10"><span class='ocrx_word' id='word_1_738' title='bbox 148 2585 245 2618; x_wconf 83' lang='lat' dir='ltr'><strong>David,</strong></span> <span class='ocrx_word' id='word_1_739' title='bbox 267 2593 469 2622; x_wconf 85' lang='lat' dir='ltr'><strong>consequenter</strong></span> <span class='ocrx_word' id='word_1_740' title='bbox 481 2588 527 2614; x_wconf 89' lang='lat' dir='ltr'><strong>alii</strong></span> <span class='ocrx_word' id='word_1_741' title='bbox 552 2595 660 2619; x_wconf 88' lang='lat' dir='ltr'><strong>omnes,</strong></span> <span class='ocrx_word' id='word_1_742' title='bbox 677 2587 723 2621; x_wconf 90' lang='lat' dir='ltr'><strong>qui</strong></span> <span class='ocrx_word' id='word_1_743' title='bbox 748 2588 808 2615; x_wconf 83' lang='lat' dir='ltr'><strong>sine</strong></span> <span class='ocrx_word' id='word_1_744' title='bbox 836 2588 936 2616; x_wconf 79' lang='lat' dir='ltr'><strong>inscri-</strong></span> 
     </span>
    </p>
   </div>
   <div class='ocr_carea' id='block_1_100' title="bbox 151 2632 935 2669">
    <p class='ocr_par' dir='ltr' id='par_1_100' title="bbox 151 2632 935 2669">
     <span class='ocr_line' id='line_1_100' title="bbox 151 2632 935 2669; baseline 0.003 -11"><span class='ocrx_word' id='word_1_745' title='bbox 151 2632 246 2665; x_wconf 82' lang='lat' dir='ltr'><strong>ptione</strong></span> <span class='ocrx_word' id='word_1_746' title='bbox 267 2639 342 2666; x_wconf 87' lang='lat' dir='ltr'><strong>sunt,</strong></span> <span class='ocrx_word' id='word_1_747' title='bbox 368 2634 491 2669; x_wconf 80' lang='lat' dir='ltr'><strong>ejusdem</strong></span> <span class='ocrx_word' id='word_1_748' title='bbox 509 2638 588 2660; x_wconf 88' lang='lat' dir='ltr'><strong>erunt</strong></span> <span class='ocrx_word' id='word_1_749' title='bbox 607 2641 613 2659; x_wconf 91' lang='lat'>:</span> <span class='ocrx_word' id='word_1_750' title='bbox 635 2633 715 2660; x_wconf 88' lang='lat' dir='ltr'><strong>sicuti</strong></span> <span class='ocrx_word' id='word_1_751' title='bbox 731 2633 801 2662; x_wconf 88' lang='lat' dir='ltr'><strong>inter</strong></span> <span class='ocrx_word' id='word_1_752' title='bbox 820 2639 935 2661; x_wconf 62' lang='lat' dir='ltr'><strong>caeteros</strong></span> 
     </span>
    </p>
   </div>
   <div class='ocr_carea' id='block_1_101' title="bbox 991 2265 1781 2302">
    <p class='ocr_par' dir='ltr' id='par_1_101' title="bbox 991 2265 1781 2302">
     <span class='ocr_line' id='line_1_101' title="bbox 991 2265 1781 2302; baseline -0.004 -9"><span class='ocrx_word' id='word_1_753' title='bbox 991 2267 1074 2294; x_wconf 77' lang='grc' dir='ltr'><strong>Δαὸίδ</strong></span> <span class='ocrx_word' id='word_1_754' title='bbox 1087 2268 1154 2293; x_wconf 79' lang='grc' dir='ltr'>εἰσιν</span> <span class='ocrx_word' id='word_1_755' title='bbox 1175 2274 1182 2281; x_wconf 85' lang='lat'><strong><em>°</em></strong></span> <span class='ocrx_word' id='word_1_756' title='bbox 1201 2267 1300 2294; x_wconf 76' lang='grc' dir='ltr'>αὐτίκα</span> <span class='ocrx_word' id='word_1_757' title='bbox 1315 2267 1369 2302; x_wconf 80' lang='grc' dir='ltr'><strong>γὰρ</strong></span> <span class='ocrx_word' id='word_1_758' title='bbox 1388 2267 1402 2292; x_wconf 77' lang='grc' dir='ltr'><strong>ὁ</strong></span> <span class='ocrx_word' id='word_1_759' title='bbox 1416 2267 1525 2301; x_wconf 83' lang='grc' dir='ltr'>πρῶτος</span> <span class='ocrx_word' id='word_1_760' title='bbox 1541 2266 1642 2299; x_wconf 74' lang='grc' dir='ltr'>αὐτῶν,</span> <span class='ocrx_word' id='word_1_761' title='bbox 1659 2266 1673 2292; x_wconf 80' lang='grc' dir='ltr'>ὁ</span> <span class='ocrx_word' id='word_1_762' title='bbox 1694 2265 1731 2301; x_wconf 85' lang='grc' dir='ltr'><strong>ρδ¹</strong></span> <span class='ocrx_word' id='word_1_763' title='bbox 1745 2265 1781 2291; x_wconf 85' lang='grc' dir='ltr'>ὲν</span> 
     </span>
    </p>
   </div>
   <div class='ocr_carea' id='block_1_102' title="bbox 990 2312 1784 2349">
    <p class='ocr_par' dir='ltr' id='par_1_102' title="bbox 990 2312 1784 2349">
     <span class='ocr_line' id='line_1_102' title="bbox 990 2312 1784 2349; baseline -0.004 -9"><span class='ocrx_word' id='word_1_764' title='bbox 990 2315 1046 2345; x_wconf 83' lang='grc' dir='ltr'>τοῖς</span> <span class='ocrx_word' id='word_1_765' title='bbox 1067 2313 1318 2349; x_wconf 83' lang='grc' dir='ltr'>Παραλειπομὲνοις</span> <span class='ocrx_word' id='word_1_766' title='bbox 1336 2313 1375 2348; x_wconf 82' lang='grc' dir='ltr'>τῷ</span> <span class='ocrx_word' id='word_1_767' title='bbox 1385 2313 1467 2340; x_wconf 76' lang='grc' dir='ltr'><strong>Δαὸὶδ</strong></span> <span class='ocrx_word' id='word_1_768' title='bbox 1482 2312 1648 2347; x_wconf 83' lang='grc' dir='ltr'>πεποιῆσθαι</span> <span class='ocrx_word' id='word_1_769' title='bbox 1673 2312 1784 2346; x_wconf 79' lang='grc' dir='ltr'>γέγρα-</span> 
     </span>
    </p>
   </div>
   <div class='ocr_carea' id='block_1_103' title="bbox 990 2357 1784 2395">
    <p class='ocr_par' dir='ltr' id='par_1_103' title="bbox 990 2357 1784 2395">
     <span class='ocr_line' id='line_1_103' title="bbox 990 2357 1784 2395; baseline -0.003 -9"><span class='ocrx_word' id='word_1_770' title='bbox 990 2369 1066 2386; x_wconf 85' lang='grc' dir='ltr'>πται.</span> <span class='ocrx_word' id='word_1_771' title='bbox 1081 2362 1160 2387; x_wconf 83' lang='grc' dir='ltr'>Δοκεῖ</span> <span class='ocrx_word' id='word_1_772' title='bbox 1175 2359 1222 2387; x_wconf 80' lang='grc' dir='ltr'>οὖν</span> <span class='ocrx_word' id='word_1_773' title='bbox 1236 2360 1311 2387; x_wconf 80' lang='grc' dir='ltr'>αἰτία</span> <span class='ocrx_word' id='word_1_774' title='bbox 1327 2359 1373 2387; x_wconf 76' lang='grc' dir='ltr'>τοῦ</span> <span class='ocrx_word' id='word_1_775' title='bbox 1392 2360 1440 2395; x_wconf 85' lang='grc' dir='ltr'>μὲν</span> <span class='ocrx_word' id='word_1_776' title='bbox 1455 2357 1524 2386; x_wconf 75' lang='grc' dir='ltr'>εἶναι</span> <span class='ocrx_word' id='word_1_777' title='bbox 1540 2367 1616 2390; x_wconf 84' lang='grc' dir='ltr'>τινας</span> <span class='ocrx_word' id='word_1_778' title='bbox 1627 2357 1784 2392; x_wconf 79' lang='grc' dir='ltr'>ἀνεπιγρά-</span> 
     </span>
    </p>
   </div>
   <div class='ocr_carea' id='block_1_104' title="bbox 991 2404 1783 2440">
    <p class='ocr_par' dir='ltr' id='par_1_104' title="bbox 991 2404 1783 2440">
     <span class='ocr_line' id='line_1_104' title="bbox 991 2404 1783 2440; baseline -0.003 -8"><span class='ocrx_word' id='word_1_779' title='bbox 991 2414 1069 2440; x_wconf 66' lang='grc' dir='ltr'>φους.</span> <span class='ocrx_word' id='word_1_780' title='bbox 1082 2405 1123 2432; x_wconf 81' lang='grc' dir='ltr'>ὅτι</span> <span class='ocrx_word' id='word_1_781' title='bbox 1137 2405 1188 2432; x_wconf 66' lang='grc' dir='ltr'><strong>οὐκ</strong></span> <span class='ocrx_word' id='word_1_782' title='bbox 1209 2407 1249 2437; x_wconf 80' lang='grc' dir='ltr'>εἰς</span> <span class='ocrx_word' id='word_1_783' title='bbox 1265 2405 1351 2440; x_wconf 78' lang='grc' dir='ltr'>ὄνομα</span> <span class='ocrx_word' id='word_1_784' title='bbox 1376 2405 1436 2438; x_wconf 74' lang='grc' dir='ltr'>ἐνὸς</span> <span class='ocrx_word' id='word_1_785' title='bbox 1459 2405 1552 2437; x_wconf 75' lang='grc' dir='ltr'>ἔθνους</span> <span class='ocrx_word' id='word_1_786' title='bbox 1576 2406 1692 2436; x_wconf 76' lang='grc' dir='ltr'>ἕκαστος</span> <span class='ocrx_word' id='word_1_787' title='bbox 1720 2404 1783 2430; x_wconf 80' lang='grc' dir='ltr'>τῶν</span> 
     </span>
    </p>
   </div>
   <div class='ocr_carea' id='block_1_105' title="bbox 990 2450 1782 2486">
    <p class='ocr_par' dir='ltr' id='par_1_105' title="bbox 990 2450 1782 2486">
     <span class='ocr_line' id='line_1_105' title="bbox 990 2450 1782 2486; baseline -0.003 -8"><span class='ocrx_word' id='word_1_788' title='bbox 990 2451 1119 2478; x_wconf 77' lang='grc' dir='ltr'>τοιούτων</span> <span class='ocrx_word' id='word_1_789' title='bbox 1135 2451 1267 2485; x_wconf 77' lang='grc' dir='ltr'>λέγεται·</span> <span class='ocrx_word' id='word_1_790' title='bbox 1284 2451 1331 2478; x_wconf 85' lang='grc' dir='ltr'><strong>τοῦ</strong></span> <span class='ocrx_word' id='word_1_791' title='bbox 1357 2452 1386 2478; x_wconf 76' lang='grc' dir='ltr'><strong>δὲ</strong></span> <span class='ocrx_word' id='word_1_792' title='bbox 1406 2451 1576 2486; x_wconf 79' lang='grc' dir='ltr'>ἀνωνύμους,</span> <span class='ocrx_word' id='word_1_793' title='bbox 1598 2452 1638 2478; x_wconf 82' lang='grc' dir='ltr'><strong>ὅτι</strong></span> <span class='ocrx_word' id='word_1_794' title='bbox 1664 2451 1704 2482; x_wconf 77' lang='grc' dir='ltr'><strong>εἰς</strong></span> <span class='ocrx_word' id='word_1_795' title='bbox 1730 2450 1782 2476; x_wconf 76' lang='grc' dir='ltr'><strong>τὸν</strong></span> 
     </span>
    </p>
   </div>
   <div class='ocr_carea' id='block_1_106' title="bbox 992 2496 1782 2532">
    <p class='ocr_par' dir='ltr' id='par_1_106' title="bbox 992 2496 1782 2532">
     <span class='ocr_line' id='line_1_106' title="bbox 992 2496 1782 2532; baseline 0 -10"><span class='ocrx_word' id='word_1_796' title='bbox 992 2497 1094 2532; x_wconf 84' lang='grc' dir='ltr'>Κύριον</span> <span class='ocrx_word' id='word_1_797' title='bbox 1114 2497 1238 2532; x_wconf 82' lang='grc' dir='ltr'>εἴρηνται</span> <span class='ocrx_word' id='word_1_798' title='bbox 1249 2505 1256 2512; x_wconf 86' lang='grc'><strong>·</strong></span> <span class='ocrx_word' id='word_1_799' title='bbox 1272 2497 1319 2523; x_wconf 83' lang='grc' dir='ltr'>τοῦ</span> <span class='ocrx_word' id='word_1_800' title='bbox 1334 2497 1362 2523; x_wconf 81' lang='grc' dir='ltr'><strong>δὲ</strong></span> <span class='ocrx_word' id='word_1_801' title='bbox 1378 2497 1473 2531; x_wconf 83' lang='grc' dir='ltr'>φέρειν</span> <span class='ocrx_word' id='word_1_802' title='bbox 1510 2497 1705 2530; x_wconf 71' lang='grc' dir='ltr'>Ἀλληλούτα,</span> <span class='ocrx_word' id='word_1_803' title='bbox 1735 2496 1782 2523; x_wconf 84' lang='grc' dir='ltr'>ὅτι</span> 
     </span>
    </p>
   </div>
   <div class='ocr_carea' id='block_1_107' title="bbox 991 2542 1782 2579">
    <p class='ocr_par' dir='ltr' id='par_1_107' title="bbox 991 2542 1782 2579">
     <span class='ocr_line' id='line_1_107' title="bbox 991 2542 1782 2579; baseline 0 -11"><span class='ocrx_word' id='word_1_804' title='bbox 991 2542 1060 2577; x_wconf 65' lang='grc' dir='ltr'>πρὸς</span> <span class='ocrx_word' id='word_1_805' title='bbox 1072 2543 1137 2569; x_wconf 75' lang='grc' dir='ltr'>Θεόν</span> <span class='ocrx_word' id='word_1_806' title='bbox 1150 2544 1221 2570; x_wconf 80' lang='grc' dir='ltr'>εἰσιν</span> <span class='ocrx_word' id='word_1_807' title='bbox 1233 2544 1392 2579; x_wconf 79' lang='grc' dir='ltr'>εὐχαριστία</span> <span class='ocrx_word' id='word_1_808' title='bbox 1410 2543 1456 2569; x_wconf 84' lang='grc' dir='ltr'><strong>καὶ</strong></span> <span class='ocrx_word' id='word_1_809' title='bbox 1472 2542 1567 2577; x_wconf 75' lang='grc' dir='ltr'>ὕμνος.</span> <span class='ocrx_word' id='word_1_810' title='bbox 1584 2543 1637 2569; x_wconf 80' lang='grc' dir='ltr'><strong>Καὶ</strong></span> <span class='ocrx_word' id='word_1_811' title='bbox 1648 2542 1712 2578; x_wconf 72' lang='grc' dir='ltr'>περὶ</span> <span class='ocrx_word' id='word_1_812' title='bbox 1726 2542 1782 2577; x_wconf 81' lang='grc' dir='ltr'>μὲν</span> 
     </span>
    </p>
   </div>
   <div class='ocr_carea' id='block_1_108' title="bbox 989 2587 1781 2624">
    <p class='ocr_par' dir='ltr' id='par_1_108' title="bbox 989 2587 1781 2624">
     <span class='ocr_line' id='line_1_108' title="bbox 989 2587 1781 2624; baseline 0.001 -10"><span class='ocrx_word' id='word_1_813' title='bbox 989 2590 1085 2614; x_wconf 74' lang='grc' dir='ltr'>τούτου</span> <span class='ocrx_word' id='word_1_814' title='bbox 1096 2589 1234 2616; x_wconf 81' lang='grc' dir='ltr'>τοσαῦτα·</span> <span class='ocrx_word' id='word_1_815' title='bbox 1267 2588 1364 2624; x_wconf 75' lang='grc' dir='ltr'>καιρὸς</span> <span class='ocrx_word' id='word_1_816' title='bbox 1391 2588 1419 2615; x_wconf 87' lang='grc' dir='ltr'>δὲ</span> <span class='ocrx_word' id='word_1_817' title='bbox 1448 2589 1536 2615; x_wconf 74' lang='grc' dir='ltr'>εἰπεῖν</span> <span class='ocrx_word' id='word_1_818' title='bbox 1559 2589 1607 2615; x_wconf 74' lang='grc' dir='ltr'><strong>καὶ</strong></span> <span class='ocrx_word' id='word_1_819' title='bbox 1634 2588 1699 2623; x_wconf 78' lang='grc' dir='ltr'>περὶ</span> <span class='ocrx_word' id='word_1_820' title='bbox 1720 2587 1781 2615; x_wconf 82' lang='grc' dir='ltr'><strong>τῶν</strong></span> 
     </span>
    </p>
   </div>
   <div class='ocr_carea' id='block_1_109' title="bbox 988 2634 1086 2662">
    <p class='ocr_par' dir='ltr' id='par_1_109' title="bbox 988 2634 1086 2662">
     <span class='ocr_line' id='line_1_109' title="bbox 988 2634 1086 2662; baseline 0.02 -2"><span class='ocrx_word' id='word_1_821' title='bbox 988 2634 1086 2662; x_wconf 74' lang='grc' dir='ltr'>ἄλλων.</span> 
     </span>
    </p>
   </div>
   <div class='ocr_carea' id='block_1_110' title="bbox 149 2678 1776 2717">
    <p class='ocr_par' dir='ltr' id='par_1_110' title="bbox 149 2678 1776 2717">
     <span class='ocr_line' id='line_1_110' title="bbox 149 2678 1776 2717; baseline 0.002 -13"><span class='ocrx_word' id='word_1_822' title='bbox 149 2685 212 2705; x_wconf 78' lang='lat' dir='ltr'><strong>esse</strong></span> <span class='ocrx_word' id='word_1_823' title='bbox 222 2679 327 2706; x_wconf 87' lang='lat' dir='ltr'><strong>scimus</strong></span> <span class='ocrx_word' id='word_1_824' title='bbox 349 2680 486 2713; x_wconf 87' lang='lat' dir='ltr'><strong>psalmum</strong></span> <span class='ocrx_word' id='word_1_825' title='bbox 512 2678 718 2712; x_wconf 81' lang='lat' dir='ltr'><strong>nonagesimum</strong></span> <span class='ocrx_word' id='word_1_826' title='bbox 745 2684 883 2713; x_wconf 87' lang='lat' dir='ltr'><strong>quartum.</strong></span> <span class='ocrx_word' id='word_1_827' title='bbox 906 2685 934 2706; x_wconf 80' lang='lat' dir='ltr'><strong>ut</strong></span> <span class='ocrx_word' id='word_1_828' title='bbox 954 2684 1099 2708; x_wconf 81' lang='lat' dir='ltr'><strong>attestatur</strong></span> <span class='ocrx_word' id='word_1_829' title='bbox 1126 2681 1272 2715; x_wconf 82' lang='lat' dir='ltr'><strong>Apostolus</strong></span> <span class='ocrx_word' id='word_1_830' title='bbox 1296 2681 1321 2707; x_wconf 88' lang='lat' dir='ltr'><strong>in</strong></span> <span class='ocrx_word' id='word_1_831' title='bbox 1339 2679 1459 2715; x_wconf 82' lang='lat' dir='ltr'><strong>Epistola</strong></span> <span class='ocrx_word' id='word_1_832' title='bbox 1485 2689 1534 2709; x_wconf 82' lang='lat' dir='ltr'><strong>sua</strong></span> <span class='ocrx_word' id='word_1_833' title='bbox 1563 2681 1597 2708; x_wconf 92' lang='lat' dir='ltr'><strong>ad</strong></span> <span class='ocrx_word' id='word_1_834' title='bbox 1631 2680 1776 2717; x_wconf 57' lang='grc' dir='ltr'><strong>ηοω-ωας,</strong></span> 
     </span>
    </p>
   </div>
   <div class='ocr_carea' id='block_1_111' title="bbox 150 2723 1776 2761">
    <p class='ocr_par' dir='ltr' id='par_1_111' title="bbox 150 2723 1776 2761">
     <span class='ocr_line' id='line_1_111' title="bbox 150 2723 1776 2761; baseline 0.002 -13"><span class='ocrx_word' id='word_1_835' title='bbox 150 2723 244 2751; x_wconf 85' lang='lat' dir='ltr'><strong>dicens</strong></span> <span class='ocrx_word' id='word_1_836' title='bbox 256 2725 278 2740; x_wconf 77' lang='grc'><strong>¹⁸</strong></span> <span class='ocrx_word' id='word_1_837' title='bbox 296 2733 302 2751; x_wconf 79' lang='grc' dir='ltr'><strong>ι</strong></span> <span class='ocrx_word' id='word_1_838' title='bbox 321 2724 423 2751; x_wconf 77' lang='lat' dir='ltr'><strong>Iterum</strong></span> <span class='ocrx_word' id='word_1_839' title='bbox 439 2724 581 2757; x_wconf 83' lang='lat' dir='ltr'><strong>quamdam</strong></span> <span class='ocrx_word' id='word_1_840' title='bbox 595 2724 752 2753; x_wconf 79' lang='lat' dir='ltr'><strong>determinat</strong></span> <span class='ocrx_word' id='word_1_841' title='bbox 769 2734 838 2753; x_wconf 74' lang='lat' dir='ltr'><strong>atem</strong></span> <span class='ocrx_word' id='word_1_842' title='bbox 849 2726 925 2753; x_wconf 68' lang='lat' dir='ltr'><strong>nodis</strong></span> <span class='ocrx_word' id='word_1_843' title='bbox 940 2727 966 2752; x_wconf 83' lang='lat' dir='ltr'><strong>in</strong></span> <span class='ocrx_word' id='word_1_844' title='bbox 989 2725 1083 2758; x_wconf 83' lang='lat' dir='ltr'><strong>David,</strong></span> <span class='ocrx_word' id='word_1_845' title='bbox 1096 2727 1186 2753; x_wconf 80' lang='lat' dir='ltr'><strong>dicens</strong></span> <span class='ocrx_word' id='word_1_846' title='bbox 1200 2731 1257 2760; x_wconf 83' lang='lat' dir='ltr'><strong>post</strong></span> <span class='ocrx_word' id='word_1_847' title='bbox 1280 2731 1381 2753; x_wconf 84' lang='lat' dir='ltr'><strong>tantum</strong></span> <span class='ocrx_word' id='word_1_848' title='bbox 1404 2731 1524 2761; x_wconf 74' lang='lat' dir='ltr'><strong>tempus:</strong></span> <span class='ocrx_word' id='word_1_849' title='bbox 1540 2727 1615 2753; x_wconf 84' lang='lat' dir='ltr'><strong>hodie</strong></span> <span class='ocrx_word' id='word_1_850' title='bbox 1635 2727 1659 2753; x_wconf 71' lang='lat' dir='ltr'><strong>si</strong></span> <span class='ocrx_word' id='word_1_851' title='bbox 1685 2734 1776 2753; x_wconf 79' lang='lat' dir='ltr'><strong>vocem</strong></span> 
     </span>
    </p>
   </div>
   <div class='ocr_carea' id='block_1_112' title="bbox 147 2773 1761 2809">
    <p class='ocr_par' dir='ltr' id='par_1_112' title="bbox 147 2773 1761 2809">
     <span class='ocr_line' id='line_1_112' title="bbox 147 2773 1761 2809; baseline 0.001 -10"><span class='ocrx_word' id='word_1_852' title='bbox 147 2773 206 2806; x_wconf 73' lang='lat' dir='ltr'><strong>ejus</strong></span> <span class='ocrx_word' id='word_1_853' title='bbox 223 2775 372 2804; x_wconf 77' lang='lat' dir='ltr'><strong>audieritis,</strong></span> <span class='ocrx_word' id='word_1_854' title='bbox 386 2774 467 2800; x_wconf 86' lang='lat' dir='ltr'><strong>nolite</strong></span> <span class='ocrx_word' id='word_1_855' title='bbox 481 2773 612 2800; x_wconf 80' lang='lat' dir='ltr'><strong>obdurare</strong></span> <span class='ocrx_word' id='word_1_856' title='bbox 630 2781 709 2802; x_wconf 77' lang='lat' dir='ltr'><strong>coma</strong></span> <span class='ocrx_word' id='word_1_857' title='bbox 727 2781 822 2803; x_wconf 77' lang='lat' dir='ltr'><strong>uestra.</strong></span> <span class='ocrx_word' id='word_1_858' title='bbox 834 2775 934 2803; x_wconf 80' lang='lat' dir='ltr'><strong>[’salmi</strong></span> <span class='ocrx_word' id='word_1_859' title='bbox 953 2782 1063 2809; x_wconf 87' lang='lat' dir='ltr'><strong>quoque</strong></span> <span class='ocrx_word' id='word_1_860' title='bbox 1084 2775 1130 2809; x_wconf 88' lang='lat' dir='ltr'><strong>qui</strong></span> <span class='ocrx_word' id='word_1_861' title='bbox 1162 2779 1226 2801; x_wconf 88' lang='lat' dir='ltr'><strong>sunt</strong></span> <span class='ocrx_word' id='word_1_862' title='bbox 1242 2775 1301 2802; x_wconf 88' lang='lat' dir='ltr'><strong>sine</strong></span> <span class='ocrx_word' id='word_1_863' title='bbox 1326 2774 1447 2806; x_wconf 85' lang='lat' dir='ltr'><strong>nomine,</strong></span> <span class='ocrx_word' id='word_1_864' title='bbox 1484 2774 1572 2802; x_wconf 84' lang='lat' dir='ltr'><strong>eidem</strong></span> <span class='ocrx_word' id='word_1_865' title='bbox 1603 2774 1761 2802; x_wconf 86' lang='lat' dir='ltr'><strong>ascribendi</strong></span> 
     </span>
    </p>
   </div>
   <div class='ocr_carea' id='block_1_113' title="bbox 182 2829 790 2865">
    <p class='ocr_par' dir='ltr' id='par_1_113' title="bbox 182 2829 790 2865">
     <span class='ocr_line' id='line_1_113' title="bbox 182 2829 790 2865; baseline 0.005 -9"><span class='ocrx_word' id='word_1_866' title='bbox 182 2831 192 2843; x_wconf 88' lang='lat'>&#39;</span> <span class='ocrx_word' id='word_1_867' title='bbox 213 2829 284 2857; x_wconf 86' lang='lat' dir='ltr'><strong>Psal.</strong></span> <span class='ocrx_word' id='word_1_868' title='bbox 311 2838 392 2865; x_wconf 60' lang='lat' dir='ltr'><strong>xxxv,</strong></span> <span class='ocrx_word' id='word_1_869' title='bbox 421 2829 462 2856; x_wconf 76' lang='grc'>15.</span> <span class='ocrx_word' id='word_1_870' title='bbox 505 2830 602 2858; x_wconf 76' lang='lat' dir='ltr'><strong>’Psal.</strong></span> <span class='ocrx_word' id='word_1_871' title='bbox 631 2840 744 2865; x_wconf 70' lang='lat' dir='ltr'><strong>xxxvnt,</strong></span> <span class='ocrx_word' id='word_1_872' title='bbox 766 2834 790 2860; x_wconf 82' lang='grc'><strong>1.</strong></span> 
     </span>
    </p>
   </div>
   <div class='ocr_carea' id='block_1_114' title="bbox 150 2863 624 2899">
    <p class='ocr_par' dir='ltr' id='par_1_114' title="bbox 150 2863 624 2899">
     <span class='ocr_line' id='line_1_114' title="bbox 150 2863 624 2899; baseline 0 -7"><span class='ocrx_word' id='word_1_873' title='bbox 150 2863 171 2880; x_wconf 88' lang='grc'><strong>¹³</strong></span> <span class='ocrx_word' id='word_1_874' title='bbox 186 2867 247 2892; x_wconf 80' lang='lat' dir='ltr'><strong>Act.</strong></span> <span class='ocrx_word' id='word_1_875' title='bbox 271 2873 308 2899; x_wconf 89' lang='lat' dir='ltr'><strong>tv,</strong></span> <span class='ocrx_word' id='word_1_876' title='bbox 321 2864 367 2897; x_wconf 74' lang='grc'><strong>25,</strong></span> <span class='ocrx_word' id='word_1_877' title='bbox 403 2864 425 2880; x_wconf 63' lang='grc' dir='ltr'>ίδ</span> <span class='ocrx_word' id='word_1_878' title='bbox 448 2865 528 2894; x_wconf 77' lang='lat' dir='ltr'><strong>llcbr.</strong></span> <span class='ocrx_word' id='word_1_879' title='bbox 547 2874 587 2899; x_wconf 88' lang='grc' dir='ltr'>ιιι,</span> <span class='ocrx_word' id='word_1_880' title='bbox 600 2867 624 2894; x_wconf 88' lang='lat'><strong>8.</strong></span> 
     </span>
    </p>
   </div>
   <div class='ocr_carea' id='block_1_115' title="bbox 840 2831 1467 2865">
    <p class='ocr_par' dir='ltr' id='par_1_115' title="bbox 840 2831 1467 2865">
     <span class='ocr_line' id='line_1_115' title="bbox 840 2831 1467 2865; baseline -0.003 -5"><span class='ocrx_word' id='word_1_881' title='bbox 840 2833 860 2848; x_wconf 78' lang='lat'><strong>&#39;°</strong></span> <span class='ocrx_word' id='word_1_882' title='bbox 882 2831 954 2860; x_wconf 84' lang='lat' dir='ltr'><strong>Psal.</strong></span> <span class='ocrx_word' id='word_1_883' title='bbox 979 2839 1088 2864; x_wconf 76' lang='lat' dir='ltr'><strong>Luxtv,</strong></span> <span class='ocrx_word' id='word_1_884' title='bbox 1112 2832 1136 2858; x_wconf 88' lang='grc' dir='ltr'>Ι.</span> <span class='ocrx_word' id='word_1_885' title='bbox 1169 2832 1187 2846; x_wconf 87' lang='grc'>¹¹</span> <span class='ocrx_word' id='word_1_886' title='bbox 1206 2831 1274 2858; x_wconf 77' lang='lat' dir='ltr'><strong>l’sal.</strong></span> <span class='ocrx_word' id='word_1_887' title='bbox 1305 2839 1416 2865; x_wconf 67' lang='lat' dir='ltr'><strong>Luxu,</strong></span> <span class='ocrx_word' id='word_1_888' title='bbox 1442 2831 1467 2859; x_wconf 89' lang='grc' dir='ltr'>ι.</span> 
     </span>
    </p>
   </div>
   <div class='ocr_carea' id='block_1_116' title="bbox 1507 2829 1803 2864">
    <p class='ocr_par' dir='ltr' id='par_1_116' title="bbox 1507 2829 1803 2864">
     <span class='ocr_line' id='line_1_116' title="bbox 1507 2829 1803 2864; baseline 0.007 -6"><span class='ocrx_word' id='word_1_889' title='bbox 1507 2831 1527 2847; x_wconf 75' lang='grc'><em>³³</em></span> <span class='ocrx_word' id='word_1_890' title='bbox 1553 2830 1629 2859; x_wconf 84' lang='lat' dir='ltr'><strong>loan.</strong></span> <span class='ocrx_word' id='word_1_891' title='bbox 1655 2838 1710 2864; x_wconf 74' lang='lat' dir='ltr'><strong>xtv,</strong></span> <span class='ocrx_word' id='word_1_892' title='bbox 1726 2829 1774 2860; x_wconf 74' lang='lat'><strong>27.</strong></span> <span class='ocrx_word' id='word_1_893' title='bbox 1792 2832 1803 2839; x_wconf 81' lang='lat'><strong>‘</strong></span> 
     </span>
    </p>
   </div>
  </div>
