  <div class='ocr_page' id='page_1' title='image "/cluster/home/n/w/nwhite01/storage/ocr_20150623/128/njp.32101077773057/042.png"; bbox 0 0 1893 3068; ppageno 0'>
   <div class='ocr_carea' id='block_1_1' title="bbox 57 155 1695 200">
    <p class='ocr_par' dir='ltr' id='par_1_1' title="bbox 57 155 1695 200">
     <span class='ocr_line' id='line_1_1' title="bbox 57 155 1695 200; baseline -0.001 -4"><span class='ocrx_word' id='word_1_1' title='bbox 57 165 96 196; x_wconf 80' lang='lat'><strong>57</strong></span> <span class='ocrx_word' id='word_1_2' title='bbox 645 165 836 200; x_wconf 78' lang='lat' dir='ltr'><strong>COMMENT.</strong></span> <span class='ocrx_word' id='word_1_3' title='bbox 857 164 899 196; x_wconf 86' lang='lat' dir='ltr'><strong>IN</strong></span> <span class='ocrx_word' id='word_1_4' title='bbox 917 155 1103 197; x_wconf 65' lang='lat' dir='ltr'><strong>PSALMOS.</strong></span> <span class='ocrx_word' id='word_1_5' title='bbox 1660 165 1695 195; x_wconf 87' lang='grc'><strong>58</strong></span> 
     </span>
    </p>
   </div>
   <div class='ocr_carea' id='block_1_2' title="bbox 55 220 1694 262">
    <p class='ocr_par' dir='ltr' id='par_1_2' title="bbox 55 220 1694 262">
     <span class='ocr_line' id='line_1_2' title="bbox 55 220 1694 262; baseline 0 -14"><span class='ocrx_word' id='word_1_6' title='bbox 55 225 143 254; x_wconf 85' lang='lat' dir='ltr'><strong>sunt,</strong></span> <span class='ocrx_word' id='word_1_7' title='bbox 170 227 198 249; x_wconf 89' lang='lat' dir='ltr'><strong>ut</strong></span> <span class='ocrx_word' id='word_1_8' title='bbox 220 222 297 249; x_wconf 88' lang='lat' dir='ltr'><strong>docet</strong></span> <span class='ocrx_word' id='word_1_9' title='bbox 310 222 405 250; x_wconf 87' lang='lat' dir='ltr'><strong>beatus</strong></span> <span class='ocrx_word' id='word_1_10' title='bbox 437 222 593 257; x_wconf 74' lang='lat' dir='ltr'><strong>Stephanus</strong></span> <span class='ocrx_word' id='word_1_11' title='bbox 610 227 794 257; x_wconf 72' lang='lat' dir='ltr'><strong>protomartyr</strong></span> <span class='ocrx_word' id='word_1_12' title='bbox 820 223 848 249; x_wconf 93' lang='lat' dir='ltr'><strong>in</strong></span> <span class='ocrx_word' id='word_1_13' title='bbox 861 222 977 250; x_wconf 80' lang='lat' dir='ltr'><strong>Actibus</strong></span> <span class='ocrx_word' id='word_1_14' title='bbox 991 221 1087 249; x_wconf 84' lang='lat' dir='ltr'><strong>dicens</strong></span> <span class='ocrx_word' id='word_1_15' title='bbox 1100 220 1133 249; x_wconf 86' lang='lat' dir='ltr'><strong>ad</strong></span> <span class='ocrx_word' id='word_1_16' title='bbox 1149 220 1279 250; x_wconf 65' lang='lat' dir='ltr'><strong>Iudaeos:</strong></span> <span class='ocrx_word' id='word_1_17' title='bbox 1299 222 1320 238; x_wconf 85' lang='lat'><strong>&quot;</strong></span> <span class='ocrx_word' id='word_1_18' title='bbox 1340 220 1428 255; x_wconf 74' lang='lat' dir='ltr'><strong>Usque</strong></span> <span class='ocrx_word' id='word_1_19' title='bbox 1455 222 1491 248; x_wconf 87' lang='lat' dir='ltr'><strong>ad</strong></span> <span class='ocrx_word' id='word_1_20' title='bbox 1513 221 1568 249; x_wconf 74' lang='lat' dir='ltr'><strong>dies</strong></span> <span class='ocrx_word' id='word_1_21' title='bbox 1597 220 1694 262; x_wconf 72' lang='grc' dir='ltr'>ραι-Μ,</span> 
     </span>
    </p>
   </div>
   <div class='ocr_carea' id='block_1_3' title="bbox 56 268 1696 305">
    <p class='ocr_par' dir='ltr' id='par_1_3' title="bbox 56 268 1696 305">
     <span class='ocr_line' id='line_1_3' title="bbox 56 268 1696 305; baseline 0.001 -9"><span class='ocrx_word' id='word_1_22' title='bbox 56 271 109 303; x_wconf 77' lang='lat' dir='ltr'><strong>qui</strong></span> <span class='ocrx_word' id='word_1_23' title='bbox 126 271 221 297; x_wconf 75' lang='lat' dir='ltr'><strong>invenit</strong></span> <span class='ocrx_word' id='word_1_24' title='bbox 235 271 350 305; x_wconf 78' lang='lat' dir='ltr'><strong>gratiam</strong></span> <span class='ocrx_word' id='word_1_25' title='bbox 362 279 451 298; x_wconf 81' lang='lat' dir='ltr'><strong>comm</strong></span> <span class='ocrx_word' id='word_1_26' title='bbox 469 270 534 302; x_wconf 74' lang='lat' dir='ltr'><strong>Deo,</strong></span> <span class='ocrx_word' id='word_1_27' title='bbox 545 275 570 297; x_wconf 85' lang='lat' dir='ltr'><strong>et</strong></span> <span class='ocrx_word' id='word_1_28' title='bbox 581 271 667 305; x_wconf 79' lang='lat' dir='ltr'><strong>petiit,</strong></span> <span class='ocrx_word' id='word_1_29' title='bbox 700 275 728 296; x_wconf 85' lang='lat' dir='ltr'><strong>ut</strong></span> <span class='ocrx_word' id='word_1_30' title='bbox 762 270 890 297; x_wconf 70' lang='lat' dir='ltr'><strong>inveniret</strong></span> <span class='ocrx_word' id='word_1_31' title='bbox 911 270 1112 297; x_wconf 74' lang='lat' dir='ltr'><strong>tabernaculum</strong></span> <span class='ocrx_word' id='word_1_32' title='bbox 1131 269 1185 296; x_wconf 85' lang='lat' dir='ltr'><strong>Deo</strong></span> <span class='ocrx_word' id='word_1_33' title='bbox 1198 268 1295 296; x_wconf 76' lang='lat' dir='ltr'><strong>Iacob.</strong></span> <span class='ocrx_word' id='word_1_34' title='bbox 1316 269 1394 301; x_wconf 85' lang='lat' dir='ltr'><strong>Quod</strong></span> <span class='ocrx_word' id='word_1_35' title='bbox 1421 269 1524 296; x_wconf 89' lang='lat' dir='ltr'><strong>dictum</strong></span> <span class='ocrx_word' id='word_1_36' title='bbox 1550 270 1696 298; x_wconf 78' lang='lat' dir='ltr'><strong>manifeste</strong></span> 
     </span>
    </p>
   </div>
   <div class='ocr_carea' id='block_1_4' title="bbox 57 315 1694 351">
    <p class='ocr_par' dir='ltr' id='par_1_4' title="bbox 57 315 1694 351">
     <span class='ocr_line' id='line_1_4' title="bbox 57 315 1694 351; baseline 0 -9"><span class='ocrx_word' id='word_1_37' title='bbox 57 321 208 351; x_wconf 74' lang='lat' dir='ltr'><strong>sumptum</strong></span> <span class='ocrx_word' id='word_1_38' title='bbox 222 320 264 343; x_wconf 85' lang='lat' dir='ltr'><strong>est</strong></span> <span class='ocrx_word' id='word_1_39' title='bbox 277 325 309 344; x_wconf 73' lang='lat' dir='ltr'><strong>cx</strong></span> <span class='ocrx_word' id='word_1_40' title='bbox 323 316 428 351; x_wconf 85' lang='lat' dir='ltr'><strong>psalmo</strong></span> <span class='ocrx_word' id='word_1_41' title='bbox 455 321 547 350; x_wconf 71' lang='lat' dir='ltr'><strong>eam,</strong></span> <span class='ocrx_word' id='word_1_42' title='bbox 567 317 614 351; x_wconf 89' lang='lat' dir='ltr'><strong>qui</strong></span> <span class='ocrx_word' id='word_1_43' title='bbox 637 316 761 344; x_wconf 79' lang='lat' dir='ltr'><strong>auctoris</strong></span> <span class='ocrx_word' id='word_1_44' title='bbox 778 321 854 344; x_wconf 82' lang='lat' dir='ltr'><strong>caret</strong></span> <span class='ocrx_word' id='word_1_45' title='bbox 873 317 996 344; x_wconf 86' lang='lat' dir='ltr'><strong>nomine.</strong></span> <span class='ocrx_word' id='word_1_46' title='bbox 1013 316 1101 343; x_wconf 89' lang='lat' dir='ltr'><strong>Simili</strong></span> <span class='ocrx_word' id='word_1_47' title='bbox 1111 315 1192 343; x_wconf 90' lang='lat' dir='ltr'><strong>modo</strong></span> <span class='ocrx_word' id='word_1_48' title='bbox 1206 317 1288 342; x_wconf 86' lang='lat' dir='ltr'><strong>etiam</strong></span> <span class='ocrx_word' id='word_1_49' title='bbox 1304 315 1413 350; x_wconf 79' lang='lat' dir='ltr'><strong>psalmi,</strong></span> <span class='ocrx_word' id='word_1_50' title='bbox 1426 315 1472 349; x_wconf 89' lang='lat' dir='ltr'><strong>qui</strong></span> <span class='ocrx_word' id='word_1_51' title='bbox 1504 316 1565 342; x_wconf 92' lang='lat' dir='ltr'><strong>loco</strong></span> <span class='ocrx_word' id='word_1_52' title='bbox 1593 317 1694 344; x_wconf 57' lang='lat' dir='ltr'><strong>inseri.</strong></span> 
     </span>
    </p>
   </div>
   <div class='ocr_carea' id='block_1_5' title="bbox 56 360 1696 397">
    <p class='ocr_par' dir='ltr' id='par_1_5' title="bbox 56 360 1696 397">
     <span class='ocr_line' id='line_1_5' title="bbox 56 360 1696 397; baseline -0.001 -8"><span class='ocrx_word' id='word_1_53' title='bbox 56 363 169 396; x_wconf 85' lang='lat' dir='ltr'><strong>ptionis</strong></span> <span class='ocrx_word' id='word_1_54' title='bbox 202 363 302 390; x_wconf 86' lang='lat' dir='ltr'><strong>habent</strong></span> <span class='ocrx_word' id='word_1_55' title='bbox 325 363 453 394; x_wconf 79' lang='lat' dir='ltr'><strong>Alleluia,</strong></span> <span class='ocrx_word' id='word_1_56' title='bbox 492 363 579 396; x_wconf 81' lang='lat' dir='ltr'><strong>ipsius</strong></span> <span class='ocrx_word' id='word_1_57' title='bbox 609 362 694 390; x_wconf 84' lang='lat' dir='ltr'><strong>David</strong></span> <span class='ocrx_word' id='word_1_58' title='bbox 731 362 874 397; x_wconf 88' lang='lat' dir='ltr'><strong>reputandi</strong></span> <span class='ocrx_word' id='word_1_59' title='bbox 905 366 990 389; x_wconf 88' lang='lat' dir='ltr'><strong>sunt:</strong></span> <span class='ocrx_word' id='word_1_60' title='bbox 1007 361 1143 396; x_wconf 78' lang='lat' dir='ltr'><strong>siquidem</strong></span> <span class='ocrx_word' id='word_1_61' title='bbox 1161 368 1256 388; x_wconf 87' lang='lat' dir='ltr'><strong>eorum</strong></span> <span class='ocrx_word' id='word_1_62' title='bbox 1276 361 1379 395; x_wconf 86' lang='lat' dir='ltr'><strong>primus</strong></span> <span class='ocrx_word' id='word_1_63' title='bbox 1401 360 1447 394; x_wconf 87' lang='lat' dir='ltr'><strong>qui</strong></span> <span class='ocrx_word' id='word_1_64' title='bbox 1472 363 1514 388; x_wconf 86' lang='lat' dir='ltr'><strong>est</strong></span> <span class='ocrx_word' id='word_1_65' title='bbox 1534 368 1589 391; x_wconf 78' lang='grc' dir='ltr'>ειν,</span> <span class='ocrx_word' id='word_1_66' title='bbox 1607 361 1696 387; x_wconf 89' lang='lat' dir='ltr'><strong>maui-</strong></span> 
     </span>
    </p>
   </div>
   <div class='ocr_carea' id='block_1_6' title="bbox 56 406 1696 443">
    <p class='ocr_par' dir='ltr' id='par_1_6' title="bbox 56 406 1696 443">
     <span class='ocr_line' id='line_1_6' title="bbox 56 406 1696 443; baseline 0.001 -10"><span class='ocrx_word' id='word_1_67' title='bbox 56 406 136 435; x_wconf 86' lang='lat' dir='ltr'><strong>feste</strong></span> <span class='ocrx_word' id='word_1_68' title='bbox 160 407 193 433; x_wconf 91' lang='lat' dir='ltr'><strong>ab</strong></span> <span class='ocrx_word' id='word_1_69' title='bbox 217 415 251 434; x_wconf 89' lang='lat' dir='ltr'><strong>co</strong></span> <span class='ocrx_word' id='word_1_70' title='bbox 277 407 328 435; x_wconf 92' lang='lat' dir='ltr'><strong>fuit</strong></span> <span class='ocrx_word' id='word_1_71' title='bbox 357 408 535 442; x_wconf 86' lang='lat' dir='ltr'><strong>compositus,</strong></span> <span class='ocrx_word' id='word_1_72' title='bbox 561 413 591 435; x_wconf 93' lang='lat' dir='ltr'><strong>ut</strong></span> <span class='ocrx_word' id='word_1_73' title='bbox 617 408 734 443; x_wconf 73' lang='lat' dir='ltr'><strong>legimus</strong></span> <span class='ocrx_word' id='word_1_74' title='bbox 749 409 776 436; x_wconf 90' lang='lat' dir='ltr'><strong>in</strong></span> <span class='ocrx_word' id='word_1_75' title='bbox 806 409 876 436; x_wconf 88' lang='lat' dir='ltr'><strong>libro</strong></span> <span class='ocrx_word' id='word_1_76' title='bbox 911 408 1153 442; x_wconf 78' lang='lat' dir='ltr'><strong>Paralipomenon.</strong></span> <span class='ocrx_word' id='word_1_77' title='bbox 1180 407 1261 434; x_wconf 79' lang='lat' dir='ltr'><strong>Ratio</strong></span> <span class='ocrx_word' id='word_1_78' title='bbox 1292 411 1392 437; x_wconf 78' lang='lat' dir='ltr'><strong>autem,</strong></span> <span class='ocrx_word' id='word_1_79' title='bbox 1419 414 1504 440; x_wconf 89' lang='lat' dir='ltr'><strong>quare</strong></span> <span class='ocrx_word' id='word_1_80' title='bbox 1528 407 1696 441; x_wconf 83' lang='lat' dir='ltr'><strong>psalmorum</strong></span> 
     </span>
    </p>
   </div>
   <div class='ocr_carea' id='block_1_7' title="bbox 57 454 1696 491">
    <p class='ocr_par' dir='ltr' id='par_1_7' title="bbox 57 454 1696 491">
     <span class='ocr_line' id='line_1_7' title="bbox 57 454 1696 491; baseline -0.001 -8"><span class='ocrx_word' id='word_1_81' title='bbox 57 457 152 490; x_wconf 78' lang='lat' dir='ltr'><strong>aliqui</strong></span> <span class='ocrx_word' id='word_1_82' title='bbox 174 460 270 483; x_wconf 83' lang='lat' dir='ltr'><strong>carent</strong></span> <span class='ocrx_word' id='word_1_83' title='bbox 293 457 483 491; x_wconf 89' lang='lat' dir='ltr'><strong>inscriptione,</strong></span> <span class='ocrx_word' id='word_1_84' title='bbox 514 457 623 484; x_wconf 90' lang='lat' dir='ltr'><strong>videtur</strong></span> <span class='ocrx_word' id='word_1_85' title='bbox 647 463 677 484; x_wconf 87' lang='lat' dir='ltr'><strong>ea</strong></span> <span class='ocrx_word' id='word_1_86' title='bbox 701 464 772 488; x_wconf 83' lang='lat' dir='ltr'><strong>esse,</strong></span> <span class='ocrx_word' id='word_1_87' title='bbox 807 456 870 491; x_wconf 89' lang='lat' dir='ltr'><strong>quia</strong></span> <span class='ocrx_word' id='word_1_88' title='bbox 892 463 946 482; x_wconf 90' lang='lat' dir='ltr'><strong>non</strong></span> <span class='ocrx_word' id='word_1_89' title='bbox 966 456 993 482; x_wconf 91' lang='lat' dir='ltr'><strong>in</strong></span> <span class='ocrx_word' id='word_1_90' title='bbox 1020 456 1103 482; x_wconf 85' lang='lat' dir='ltr'><strong>unius</strong></span> <span class='ocrx_word' id='word_1_91' title='bbox 1119 459 1224 482; x_wconf 89' lang='lat' dir='ltr'><strong>tantum</strong></span> <span class='ocrx_word' id='word_1_92' title='bbox 1255 455 1345 489; x_wconf 73' lang='lat' dir='ltr'><strong>gentis</strong></span> <span class='ocrx_word' id='word_1_93' title='bbox 1367 454 1488 486; x_wconf 84' lang='lat' dir='ltr'><strong>nomine,</strong></span> <span class='ocrx_word' id='word_1_94' title='bbox 1507 455 1696 490; x_wconf 88' lang='lat' dir='ltr'><strong>unusquisque</strong></span> 
     </span>
    </p>
   </div>
   <div class='ocr_carea' id='block_1_8' title="bbox 58 500 1695 537">
    <p class='ocr_par' dir='ltr' id='par_1_8' title="bbox 58 500 1695 537">
     <span class='ocr_line' id='line_1_8' title="bbox 58 500 1695 537; baseline 0 -9"><span class='ocrx_word' id='word_1_95' title='bbox 58 509 164 529; x_wconf 79' lang='lat' dir='ltr'><strong>eorum</strong></span> <span class='ocrx_word' id='word_1_96' title='bbox 186 503 276 530; x_wconf 90' lang='lat' dir='ltr'><strong>dictus</strong></span> <span class='ocrx_word' id='word_1_97' title='bbox 297 508 338 530; x_wconf 86' lang='lat' dir='ltr'><strong>est</strong></span> <span class='ocrx_word' id='word_1_98' title='bbox 360 511 367 535; x_wconf 85' lang='lat'>;</span> <span class='ocrx_word' id='word_1_99' title='bbox 383 503 454 537; x_wconf 86' lang='lat' dir='ltr'><strong>quod</strong></span> <span class='ocrx_word' id='word_1_100' title='bbox 470 510 536 531; x_wconf 88' lang='lat' dir='ltr'><strong>vero</strong></span> <span class='ocrx_word' id='word_1_101' title='bbox 553 503 608 530; x_wconf 87' lang='lat' dir='ltr'><strong>sint</strong></span> <span class='ocrx_word' id='word_1_102' title='bbox 623 503 684 531; x_wconf 86' lang='lat' dir='ltr'><strong>sine</strong></span> <span class='ocrx_word' id='word_1_103' title='bbox 707 502 828 534; x_wconf 85' lang='lat' dir='ltr'><strong>nomine,</strong></span> <span class='ocrx_word' id='word_1_104' title='bbox 850 509 882 530; x_wconf 81' lang='lat' dir='ltr'><strong>ea</strong></span> <span class='ocrx_word' id='word_1_105' title='bbox 898 501 1007 529; x_wconf 88' lang='lat' dir='ltr'><strong>videtur</strong></span> <span class='ocrx_word' id='word_1_106' title='bbox 1024 509 1086 530; x_wconf 86' lang='lat' dir='ltr'><strong>esse</strong></span> <span class='ocrx_word' id='word_1_107' title='bbox 1101 501 1183 533; x_wconf 89' lang='lat' dir='ltr'><strong>ratio,</strong></span> <span class='ocrx_word' id='word_1_108' title='bbox 1217 501 1282 535; x_wconf 84' lang='lat' dir='ltr'><strong>quia</strong></span> <span class='ocrx_word' id='word_1_109' title='bbox 1301 501 1328 527; x_wconf 93' lang='lat' dir='ltr'><strong>in</strong></span> <span class='ocrx_word' id='word_1_110' title='bbox 1350 501 1439 534; x_wconf 89' lang='lat' dir='ltr'><strong>ipsum</strong></span> <span class='ocrx_word' id='word_1_111' title='bbox 1457 500 1601 528; x_wconf 85' lang='lat' dir='ltr'><strong>Dominum</strong></span> <span class='ocrx_word' id='word_1_112' title='bbox 1628 501 1695 529; x_wconf 88' lang='lat' dir='ltr'><strong>dicti</strong></span> 
     </span>
    </p>
   </div>
   <div class='ocr_carea' id='block_1_9' title="bbox 58 545 1694 583">
    <p class='ocr_par' dir='ltr' id='par_1_9' title="bbox 58 545 1694 583">
     <span class='ocr_line' id='line_1_9' title="bbox 58 545 1694 583; baseline 0 -9"><span class='ocrx_word' id='word_1_113' title='bbox 58 553 152 575; x_wconf 90' lang='lat' dir='ltr'><strong>sunt:</strong></span> <span class='ocrx_word' id='word_1_114' title='bbox 170 548 242 583; x_wconf 89' lang='lat' dir='ltr'><strong>quod</strong></span> <span class='ocrx_word' id='word_1_115' title='bbox 262 548 363 576; x_wconf 80' lang='lat' dir='ltr'><strong>habent</strong></span> <span class='ocrx_word' id='word_1_116' title='bbox 377 548 504 581; x_wconf 78' lang='lat' dir='ltr'><strong>Alleluia,</strong></span> <span class='ocrx_word' id='word_1_117' title='bbox 518 549 590 576; x_wconf 84' lang='lat' dir='ltr'><strong>ratio</strong></span> <span class='ocrx_word' id='word_1_118' title='bbox 609 552 661 581; x_wconf 88' lang='lat' dir='ltr'><strong>est,</strong></span> <span class='ocrx_word' id='word_1_119' title='bbox 677 549 741 583; x_wconf 86' lang='lat' dir='ltr'><strong>quia</strong></span> <span class='ocrx_word' id='word_1_120' title='bbox 772 547 923 582; x_wconf 72' lang='lat' dir='ltr'><strong>gratiarum</strong></span> <span class='ocrx_word' id='word_1_121' title='bbox 937 547 1058 583; x_wconf 79' lang='lat' dir='ltr'><strong>actiones</strong></span> <span class='ocrx_word' id='word_1_122' title='bbox 1073 550 1099 574; x_wconf 85' lang='lat' dir='ltr'><strong>et</strong></span> <span class='ocrx_word' id='word_1_123' title='bbox 1117 546 1212 574; x_wconf 86' lang='lat' dir='ltr'><strong>Iaudes</strong></span> <span class='ocrx_word' id='word_1_124' title='bbox 1229 546 1255 573; x_wconf 93' lang='lat' dir='ltr'><strong>in</strong></span> <span class='ocrx_word' id='word_1_125' title='bbox 1288 545 1371 572; x_wconf 90' lang='lat' dir='ltr'><strong>Deum</strong></span> <span class='ocrx_word' id='word_1_126' title='bbox 1414 548 1567 574; x_wconf 80' lang='lat' dir='ltr'><strong>continent.</strong></span> <span class='ocrx_word' id='word_1_127' title='bbox 1594 546 1694 574; x_wconf 81' lang='lat' dir='ltr'><strong>Verum</strong></span> 
     </span>
    </p>
   </div>
   <div class='ocr_carea' id='block_1_10' title="bbox 56 594 1176 631">
    <p class='ocr_par' dir='ltr' id='par_1_10' title="bbox 56 594 1176 631">
     <span class='ocr_line' id='line_1_10' title="bbox 56 594 1176 631; baseline 0 -10"><span class='ocrx_word' id='word_1_128' title='bbox 56 594 96 621; x_wconf 89' lang='lat' dir='ltr'><strong>de</strong></span> <span class='ocrx_word' id='word_1_129' title='bbox 112 594 159 622; x_wconf 87' lang='lat' dir='ltr'><strong>his</strong></span> <span class='ocrx_word' id='word_1_130' title='bbox 175 595 233 622; x_wconf 74' lang='lat' dir='ltr'><strong>haec</strong></span> <span class='ocrx_word' id='word_1_131' title='bbox 246 595 318 622; x_wconf 89' lang='lat' dir='ltr'><strong>dicta</strong></span> <span class='ocrx_word' id='word_1_132' title='bbox 333 595 469 622; x_wconf 77' lang='lat' dir='ltr'><strong>sulliciam</strong></span> <span class='ocrx_word' id='word_1_133' title='bbox 484 604 492 623; x_wconf 72' lang='grc' dir='ltr'><strong>ε</strong></span> <span class='ocrx_word' id='word_1_134' title='bbox 506 600 615 631; x_wconf 91' lang='lat' dir='ltr'><strong>tempus</strong></span> <span class='ocrx_word' id='word_1_135' title='bbox 632 601 685 627; x_wconf 86' lang='lat' dir='ltr'><strong>est,</strong></span> <span class='ocrx_word' id='word_1_136' title='bbox 707 599 736 623; x_wconf 89' lang='lat' dir='ltr'><strong>ut</strong></span> <span class='ocrx_word' id='word_1_137' title='bbox 759 596 792 623; x_wconf 85' lang='lat' dir='ltr'><strong>de</strong></span> <span class='ocrx_word' id='word_1_138' title='bbox 804 594 911 623; x_wconf 61' lang='lat' dir='ltr'><strong>caeteris</strong></span> <span class='ocrx_word' id='word_1_139' title='bbox 924 595 1005 622; x_wconf 85' lang='lat' dir='ltr'><strong>etiam</strong></span> <span class='ocrx_word' id='word_1_140' title='bbox 1017 598 1176 622; x_wconf 87' lang='lat' dir='ltr'><strong>tractemus.</strong></span> 
     </span>
    </p>
   </div>
   <div class='ocr_carea' id='block_1_11' title="bbox 97 640 844 677">
    <p class='ocr_par' dir='ltr' id='par_1_11' title="bbox 97 641 843 677">
     <span class='ocr_line' id='line_1_11' title="bbox 97 641 843 677; baseline 0 -9"><span class='ocrx_word' id='word_1_141' title='bbox 97 642 212 672; x_wconf 81' lang='grc' dir='ltr'>Ψαλτδς</span> <span class='ocrx_word' id='word_1_142' title='bbox 225 641 285 676; x_wconf 71' lang='grc' dir='ltr'>μὶν,</span> <span class='ocrx_word' id='word_1_143' title='bbox 299 643 313 668; x_wconf 76' lang='grc' dir='ltr'><strong><em>ὁ</em></strong></span> <span class='ocrx_word' id='word_1_144' title='bbox 326 642 454 677; x_wconf 79' lang='grc' dir='ltr'>ᾁδόμενος</span> <span class='ocrx_word' id='word_1_145' title='bbox 469 642 534 673; x_wconf 74' lang='grc' dir='ltr'><strong>Θεὸς</strong></span> <span class='ocrx_word' id='word_1_146' title='bbox 545 650 551 656; x_wconf 90' lang='grc'><strong>·</strong></span> <span class='ocrx_word' id='word_1_147' title='bbox 564 642 672 677; x_wconf 77' lang='grc' dir='ltr'>ψαλμὸς</span> <span class='ocrx_word' id='word_1_148' title='bbox 683 643 721 674; x_wconf 66' lang='grc' dir='ltr'><strong>δὲ,</strong></span> <span class='ocrx_word' id='word_1_149' title='bbox 734 643 765 668; x_wconf 73' lang='grc' dir='ltr'><strong>τὸ</strong></span> <span class='ocrx_word' id='word_1_150' title='bbox 779 649 843 676; x_wconf 82' lang='grc' dir='ltr'>ποιη</span> 
     </span>
    </p>
   </div>
   <div class='ocr_carea' id='block_1_12' title="bbox 947 640 1694 677">
    <p class='ocr_par' dir='ltr' id='par_1_12' title="bbox 947 640 1694 677">
     <span class='ocr_line' id='line_1_12' title="bbox 947 640 1694 677; baseline 0 -9"><span class='ocrx_word' id='word_1_151' title='bbox 947 641 1057 669; x_wconf 86' lang='lat' dir='ltr'><strong>Psaltus</strong></span> <span class='ocrx_word' id='word_1_152' title='bbox 1072 641 1185 677; x_wconf 87' lang='lat' dir='ltr'><strong>quidem</strong></span> <span class='ocrx_word' id='word_1_153' title='bbox 1199 641 1271 669; x_wconf 86' lang='lat' dir='ltr'><strong>Deus</strong></span> <span class='ocrx_word' id='word_1_154' title='bbox 1288 644 1331 668; x_wconf 89' lang='lat' dir='ltr'><strong>est</strong></span> <span class='ocrx_word' id='word_1_155' title='bbox 1351 640 1397 674; x_wconf 85' lang='lat' dir='ltr'><strong>qui</strong></span> <span class='ocrx_word' id='word_1_156' title='bbox 1415 640 1526 667; x_wconf 83' lang='lat' dir='ltr'><strong>canitur</strong></span> <span class='ocrx_word' id='word_1_157' title='bbox 1545 649 1553 668; x_wconf 89' lang='lat'><strong>:</strong></span> <span class='ocrx_word' id='word_1_158' title='bbox 1571 641 1694 676; x_wconf 86' lang='lat' dir='ltr'><strong>psalmus</strong></span> 
     </span>
    </p>
   </div>
   <div class='ocr_carea' id='block_1_13' title="bbox 59 688 856 724">
    <p class='ocr_par' dir='ltr' id='par_1_13' title="bbox 59 688 856 724">
     <span class='ocr_line' id='line_1_13' title="bbox 59 688 856 724; baseline 0.001 -9"><span class='ocrx_word' id='word_1_159' title='bbox 59 688 166 723; x_wconf 83' lang='grc' dir='ltr'>μάτιον</span> <span class='ocrx_word' id='word_1_160' title='bbox 180 688 226 714; x_wconf 79' lang='grc' dir='ltr'><strong>καὶ</strong></span> <span class='ocrx_word' id='word_1_161' title='bbox 243 689 272 714; x_wconf 81' lang='grc' dir='ltr'>τὸ</span> <span class='ocrx_word' id='word_1_162' title='bbox 290 688 370 722; x_wconf 80' lang='grc' dir='ltr'>μέλος</span> <span class='ocrx_word' id='word_1_163' title='bbox 387 689 470 716; x_wconf 80' lang='grc' dir='ltr'>αὑτοῦ</span> <span class='ocrx_word' id='word_1_164' title='bbox 481 697 488 704; x_wconf 90' lang='grc'>·</span> <span class='ocrx_word' id='word_1_165' title='bbox 501 689 644 724; x_wconf 79' lang='grc' dir='ltr'>ψαλμῳδδς</span> <span class='ocrx_word' id='word_1_166' title='bbox 658 689 697 720; x_wconf 81' lang='grc' dir='ltr'><strong>δὲ,</strong></span> <span class='ocrx_word' id='word_1_167' title='bbox 712 690 726 716; x_wconf 83' lang='grc' dir='ltr'><strong>ό</strong></span> <span class='ocrx_word' id='word_1_168' title='bbox 739 689 856 724; x_wconf 74' lang='grc' dir='ltr'>ποιητὴς</span> 
     </span>
    </p>
   </div>
   <div class='ocr_carea' id='block_1_14' title="bbox 57 733 855 770">
    <p class='ocr_par' dir='ltr' id='par_1_14' title="bbox 57 733 855 770">
     <span class='ocr_line' id='line_1_14' title="bbox 57 733 855 770; baseline 0.001 -11"><span class='ocrx_word' id='word_1_169' title='bbox 57 733 187 760; x_wconf 82' lang='grc' dir='ltr'>τούτων·</span> <span class='ocrx_word' id='word_1_170' title='bbox 213 734 350 768; x_wconf 69' lang='grc' dir='ltr'>ψαλτῳδὸς</span> <span class='ocrx_word' id='word_1_171' title='bbox 378 734 416 763; x_wconf 78' lang='grc' dir='ltr'><strong>δὲ,</strong></span> <span class='ocrx_word' id='word_1_172' title='bbox 435 735 448 760; x_wconf 89' lang='grc' dir='ltr'><strong>ό</strong></span> <span class='ocrx_word' id='word_1_173' title='bbox 464 734 573 768; x_wconf 74' lang='grc' dir='ltr'>ψάλλων</span> <span class='ocrx_word' id='word_1_174' title='bbox 601 734 681 761; x_wconf 83' lang='grc' dir='ltr'>τοῦτο</span> <span class='ocrx_word' id='word_1_175' title='bbox 703 735 802 770; x_wconf 77' lang='grc' dir='ltr'>χορός’</span> <span class='ocrx_word' id='word_1_176' title='bbox 824 734 855 760; x_wconf 85' lang='grc' dir='ltr'>τὸ</span> 
     </span>
    </p>
   </div>
   <div class='ocr_carea' id='block_1_15' title="bbox 59 779 853 816">
    <p class='ocr_par' dir='ltr' id='par_1_15' title="bbox 59 779 853 816">
     <span class='ocr_line' id='line_1_15' title="bbox 59 779 853 816; baseline 0.003 -11"><span class='ocrx_word' id='word_1_177' title='bbox 59 779 162 813; x_wconf 83' lang='grc' dir='ltr'>μέντοι</span> <span class='ocrx_word' id='word_1_178' title='bbox 179 779 319 812; x_wconf 83' lang='grc' dir='ltr'>διάψαλμα</span> <span class='ocrx_word' id='word_1_179' title='bbox 351 779 502 814; x_wconf 79' lang='grc' dir='ltr'>μεταϐολὴν</span> <span class='ocrx_word' id='word_1_180' title='bbox 517 780 645 814; x_wconf 80' lang='grc' dir='ltr'>σημαίνει</span> <span class='ocrx_word' id='word_1_181' title='bbox 670 781 816 816; x_wconf 76' lang='grc' dir='ltr'><strong>νοήματος,</strong></span> <span class='ocrx_word' id='word_1_182' title='bbox 837 779 853 814; x_wconf 79' lang='grc' dir='ltr'><strong>ἢ</strong></span> 
     </span>
    </p>
   </div>
   <div class='ocr_carea' id='block_1_16' title="bbox 60 825 854 861">
    <p class='ocr_par' dir='ltr' id='par_1_16' title="bbox 60 825 854 861">
     <span class='ocr_line' id='line_1_16' title="bbox 60 825 854 861; baseline 0.004 -11"><span class='ocrx_word' id='word_1_183' title='bbox 60 825 178 858; x_wconf 63' lang='grc' dir='ltr'>μέλουξ,</span> <span class='ocrx_word' id='word_1_184' title='bbox 199 825 214 860; x_wconf 84' lang='grc' dir='ltr'><strong>ἦ</strong></span> <span class='ocrx_word' id='word_1_185' title='bbox 235 825 368 859; x_wconf 70' lang='grc' dir='ltr'>ἀναϐολήν</span> <span class='ocrx_word' id='word_1_186' title='bbox 388 834 447 852; x_wconf 78' lang='grc' dir='ltr'>τινα</span> <span class='ocrx_word' id='word_1_187' title='bbox 474 826 639 860; x_wconf 79' lang='grc' dir='ltr'>κρούματος,</span> <span class='ocrx_word' id='word_1_188' title='bbox 656 826 672 861; x_wconf 87' lang='grc' dir='ltr'>ἢ</span> <span class='ocrx_word' id='word_1_189' title='bbox 702 826 854 861; x_wconf 76' lang='grc' dir='ltr'>τηνικαῦτα</span> 
     </span>
    </p>
   </div>
   <div class='ocr_carea' id='block_1_17' title="bbox 57 870 852 907">
    <p class='ocr_par' dir='ltr' id='par_1_17' title="bbox 57 870 852 907">
     <span class='ocr_line' id='line_1_17' title="bbox 57 870 852 907; baseline 0.005 -11"><span class='ocrx_word' id='word_1_190' title='bbox 57 870 139 897; x_wconf 81' lang='grc' dir='ltr'><strong>θείου</strong></span> <span class='ocrx_word' id='word_1_191' title='bbox 170 872 330 906; x_wconf 79' lang='grc' dir='ltr'>Πνεύματος</span> <span class='ocrx_word' id='word_1_192' title='bbox 364 871 498 906; x_wconf 75' lang='grc' dir='ltr'>ἐλλαμψιν</span> <span class='ocrx_word' id='word_1_193' title='bbox 529 873 569 904; x_wconf 80' lang='grc' dir='ltr'>είς</span> <span class='ocrx_word' id='word_1_194' title='bbox 596 872 659 904; x_wconf 74' lang='grc' dir='ltr'>τοὺς</span> <span class='ocrx_word' id='word_1_195' title='bbox 684 873 852 907; x_wconf 74' lang='grc' dir='ltr'>ψάλλοντος·</span> 
     </span>
    </p>
   </div>
   <div class='ocr_carea' id='block_1_18' title="bbox 59 917 852 954">
    <p class='ocr_par' dir='ltr' id='par_1_18' title="bbox 59 917 852 954">
     <span class='ocr_line' id='line_1_18' title="bbox 59 917 852 954; baseline 0.004 -11"><span class='ocrx_word' id='word_1_196' title='bbox 59 917 262 953; x_wconf 79' lang='grc' dir='ltr'><strong>ἀπεγράφοντο</strong></span> <span class='ocrx_word' id='word_1_197' title='bbox 283 918 336 953; x_wconf 81' lang='grc' dir='ltr'><strong>γὰρ</strong></span> <span class='ocrx_word' id='word_1_198' title='bbox 350 917 436 944; x_wconf 81' lang='grc' dir='ltr'>ταῦτα</span> <span class='ocrx_word' id='word_1_199' title='bbox 458 919 547 946; x_wconf 75' lang='grc' dir='ltr'>πάντα</span> <span class='ocrx_word' id='word_1_200' title='bbox 566 919 610 945; x_wconf 80' lang='grc' dir='ltr'>διὰ</span> <span class='ocrx_word' id='word_1_201' title='bbox 624 919 674 954; x_wconf 85' lang='grc' dir='ltr'>τὴν</span> <span class='ocrx_word' id='word_1_202' title='bbox 699 919 852 954; x_wconf 82' lang='grc' dir='ltr'>ἀκρίϐειαν.</span> 
     </span>
    </p>
   </div>
   <div class='ocr_carea' id='block_1_19' title="bbox 63 961 855 998">
    <p class='ocr_par' dir='ltr' id='par_1_19' title="bbox 63 961 855 998">
     <span class='ocr_line' id='line_1_19' title="bbox 63 961 855 998; baseline 0.006 -12"><span class='ocrx_word' id='word_1_203' title='bbox 63 961 155 987; x_wconf 82' lang='grc' dir='ltr'>Ἀλλὰ</span> <span class='ocrx_word' id='word_1_204' title='bbox 169 962 274 997; x_wconf 80' lang='grc' dir='ltr'>ψαλμδς</span> <span class='ocrx_word' id='word_1_205' title='bbox 292 962 341 996; x_wconf 78' lang='grc' dir='ltr'>μὲν</span> <span class='ocrx_word' id='word_1_206' title='bbox 368 963 481 997; x_wconf 82' lang='grc' dir='ltr'>κυρίως,</span> <span class='ocrx_word' id='word_1_207' title='bbox 499 962 513 989; x_wconf 80' lang='grc' dir='ltr'><strong>ὀ</strong></span> <span class='ocrx_word' id='word_1_208' title='bbox 530 963 598 998; x_wconf 81' lang='grc' dir='ltr'>μετὰ</span> <span class='ocrx_word' id='word_1_209' title='bbox 624 964 771 997; x_wconf 80' lang='grc' dir='ltr'><strong>ὀργανικοῦ</strong></span> <span class='ocrx_word' id='word_1_210' title='bbox 787 964 855 998; x_wconf 82' lang='grc' dir='ltr'>ψαλ-</span> 
     </span>
    </p>
   </div>
   <div class='ocr_carea' id='block_1_20' title="bbox 54 1007 855 1044">
    <p class='ocr_par' dir='ltr' id='par_1_20' title="bbox 54 1007 855 1044">
     <span class='ocr_line' id='line_1_20' title="bbox 54 1007 855 1044; baseline 0.005 -12"><span class='ocrx_word' id='word_1_211' title='bbox 54 1007 163 1041; x_wconf 81' lang='grc' dir='ltr'>τηρίου</span> <span class='ocrx_word' id='word_1_212' title='bbox 189 1007 316 1041; x_wconf 77' lang='grc' dir='ltr'><strong>ἐμμελῶς</strong></span> <span class='ocrx_word' id='word_1_213' title='bbox 343 1008 563 1042; x_wconf 77' lang='grc' dir='ltr'>ἐκφωνοὺμενος·</span> <span class='ocrx_word' id='word_1_214' title='bbox 583 1009 638 1044; x_wconf 77' lang='grc' dir='ltr'><strong>ᾠδὴ</strong></span> <span class='ocrx_word' id='word_1_215' title='bbox 654 1010 693 1042; x_wconf 82' lang='grc' dir='ltr'><strong>δὲ,</strong></span> <span class='ocrx_word' id='word_1_216' title='bbox 721 1011 796 1044; x_wconf 82' lang='grc' dir='ltr'>φωνή</span> <span class='ocrx_word' id='word_1_217' title='bbox 812 1018 855 1041; x_wconf 83' lang='grc' dir='ltr'><strong>τις</strong></span> 
     </span>
    </p>
   </div>
   <div class='ocr_carea' id='block_1_21' title="bbox 57 1053 853 1090">
    <p class='ocr_par' dir='ltr' id='par_1_21' title="bbox 57 1053 853 1090">
     <span class='ocr_line' id='line_1_21' title="bbox 57 1053 853 1090; baseline 0.005 -12"><span class='ocrx_word' id='word_1_218' title='bbox 57 1053 186 1088; x_wconf 84' lang='grc' dir='ltr'>μουσική</span> <span class='ocrx_word' id='word_1_219' title='bbox 215 1061 244 1080; x_wconf 90' lang='grc' dir='ltr'><strong>τε</strong></span> <span class='ocrx_word' id='word_1_220' title='bbox 259 1054 305 1079; x_wconf 81' lang='grc' dir='ltr'>καὶ</span> <span class='ocrx_word' id='word_1_221' title='bbox 332 1054 504 1089; x_wconf 75' lang='grc' dir='ltr'><strong>ἐναρμόνιος,</strong></span> <span class='ocrx_word' id='word_1_222' title='bbox 531 1055 584 1081; x_wconf 71' lang='grc' dir='ltr'><strong>ἀπὺ</strong></span> <span class='ocrx_word' id='word_1_223' title='bbox 610 1055 690 1090; x_wconf 81' lang='grc' dir='ltr'><strong>μόνου</strong></span> <span class='ocrx_word' id='word_1_224' title='bbox 707 1057 853 1088; x_wconf 80' lang='grc' dir='ltr'>στόματος.</span> 
     </span>
    </p>
   </div>
   <div class='ocr_carea' id='block_1_22' title="bbox 56 1098 853 1136">
    <p class='ocr_par' dir='ltr' id='par_1_22' title="bbox 56 1098 853 1136">
     <span class='ocr_line' id='line_1_22' title="bbox 56 1098 853 1136; baseline 0.005 -12"><span class='ocrx_word' id='word_1_225' title='bbox 56 1098 368 1134; x_wconf 77' lang='grc' dir='ltr'>Καταχρηστικὼτερον</span> <span class='ocrx_word' id='word_1_226' title='bbox 393 1100 420 1126; x_wconf 76' lang='grc' dir='ltr'><strong>δὲ</strong></span> <span class='ocrx_word' id='word_1_227' title='bbox 445 1099 552 1133; x_wconf 68' lang='grc' dir='ltr'>λέγεται</span> <span class='ocrx_word' id='word_1_228' title='bbox 569 1102 694 1133; x_wconf 76' lang='grc' dir='ltr'>κάκεῖνος</span> <span class='ocrx_word' id='word_1_229' title='bbox 714 1101 780 1136; x_wconf 82' lang='grc' dir='ltr'>ᾠδὴ,</span> <span class='ocrx_word' id='word_1_230' title='bbox 807 1101 853 1128; x_wconf 78' lang='grc' dir='ltr'><strong>καὶ</strong></span> 
     </span>
    </p>
   </div>
   <div class='ocr_carea' id='block_1_23' title="bbox 55 1142 852 1182">
    <p class='ocr_par' dir='ltr' id='par_1_23' title="bbox 55 1142 852 1182">
     <span class='ocr_line' id='line_1_23' title="bbox 55 1142 852 1182; baseline 0.008 -14"><span class='ocrx_word' id='word_1_231' title='bbox 55 1142 132 1178; x_wconf 74' lang='grc' dir='ltr'>αὕτη</span> <span class='ocrx_word' id='word_1_232' title='bbox 144 1143 266 1178; x_wconf 72' lang='grc' dir='ltr'>ψαλμός·</span> <span class='ocrx_word' id='word_1_233' title='bbox 282 1144 461 1180; x_wconf 75' lang='grc' dir='ltr'>ἀρχαιότερον</span> <span class='ocrx_word' id='word_1_234' title='bbox 473 1146 500 1172; x_wconf 73' lang='grc' dir='ltr'><strong>δὲ</strong></span> <span class='ocrx_word' id='word_1_235' title='bbox 515 1147 531 1181; x_wconf 80' lang='grc' dir='ltr'>ὴ</span> <span class='ocrx_word' id='word_1_236' title='bbox 547 1146 602 1182; x_wconf 76' lang='grc' dir='ltr'>ᾠδή</span> <span class='ocrx_word' id='word_1_237' title='bbox 614 1156 620 1162; x_wconf 74' lang='grc'><strong><em>⁸</em></strong></span> <span class='ocrx_word' id='word_1_238' title='bbox 642 1147 755 1182; x_wconf 77' lang='grc' dir='ltr'>καὶγὰρ</span> <span class='ocrx_word' id='word_1_239' title='bbox 768 1148 852 1174; x_wconf 62' lang='lat' dir='ltr'><strong>Mutilo</strong></span> 
     </span>
    </p>
   </div>
   <div class='ocr_carea' id='block_1_24' title="bbox 59 1187 852 1226">
    <p class='ocr_par' dir='ltr' id='par_1_24' title="bbox 59 1187 852 1226">
     <span class='ocr_line' id='line_1_24' title="bbox 59 1187 852 1226; baseline 0.008 -11"><span class='ocrx_word' id='word_1_240' title='bbox 59 1189 114 1223; x_wconf 79' lang='grc' dir='ltr'><strong>σῆς</strong></span> <span class='ocrx_word' id='word_1_241' title='bbox 141 1187 210 1224; x_wconf 78' lang='grc' dir='ltr'>ἦρξε</span> <span class='ocrx_word' id='word_1_242' title='bbox 226 1190 341 1225; x_wconf 79' lang='grc' dir='ltr'><strong>ταύτης,</strong></span> <span class='ocrx_word' id='word_1_243' title='bbox 362 1191 410 1217; x_wconf 76' lang='grc' dir='ltr'>καὶ</span> <span class='ocrx_word' id='word_1_244' title='bbox 425 1191 569 1226; x_wconf 80' lang='grc' dir='ltr'><strong>διήρκεσεν</strong></span> <span class='ocrx_word' id='word_1_245' title='bbox 591 1192 643 1224; x_wconf 66' lang='grc' dir='ltr'><strong>ἕως</strong></span> <span class='ocrx_word' id='word_1_246' title='bbox 658 1193 749 1220; x_wconf 77' lang='grc' dir='ltr'><strong>Δαϐίδ.</strong></span> <span class='ocrx_word' id='word_1_247' title='bbox 767 1191 852 1226; x_wconf 73' lang='grc' dir='ltr'>Οὗτος</span> 
     </span>
    </p>
   </div>
   <div class='ocr_carea' id='block_1_25' title="bbox 57 1235 852 1275">
    <p class='ocr_par' dir='ltr' id='par_1_25' title="bbox 57 1235 852 1275">
     <span class='ocr_line' id='line_1_25' title="bbox 57 1235 852 1275; baseline 0.008 -14"><span class='ocrx_word' id='word_1_248' title='bbox 57 1235 87 1262; x_wconf 75' lang='grc' dir='ltr'><strong>δὲ</strong></span> <span class='ocrx_word' id='word_1_249' title='bbox 102 1235 215 1270; x_wconf 80' lang='grc' dir='ltr'>πρῶτος</span> <span class='ocrx_word' id='word_1_250' title='bbox 231 1236 332 1271; x_wconf 71' lang='grc' dir='ltr'>ἤρξατο</span> <span class='ocrx_word' id='word_1_251' title='bbox 344 1237 399 1263; x_wconf 87' lang='grc' dir='ltr'><strong>τῶν</strong></span> <span class='ocrx_word' id='word_1_252' title='bbox 415 1237 529 1271; x_wconf 79' lang='grc' dir='ltr'>ψαλμῶν</span> <span class='ocrx_word' id='word_1_253' title='bbox 540 1247 547 1253; x_wconf 91' lang='grc'><strong>·</strong></span> <span class='ocrx_word' id='word_1_254' title='bbox 574 1240 598 1265; x_wconf 84' lang='grc' dir='ltr'><strong>εί</strong></span> <span class='ocrx_word' id='word_1_255' title='bbox 612 1239 667 1274; x_wconf 77' lang='grc' dir='ltr'><strong>γὰρ</strong></span> <span class='ocrx_word' id='word_1_256' title='bbox 690 1240 736 1267; x_wconf 76' lang='grc' dir='ltr'>καὶ</span> <span class='ocrx_word' id='word_1_257' title='bbox 753 1240 852 1275; x_wconf 82' lang='grc' dir='ltr'>περιῆν</span> 
     </span>
    </p>
   </div>
   <div class='ocr_carea' id='block_1_26' title="bbox 57 1280 851 1318">
    <p class='ocr_par' dir='ltr' id='par_1_26' title="bbox 57 1280 851 1318">
     <span class='ocr_line' id='line_1_26' title="bbox 57 1280 851 1318; baseline 0.006 -11"><span class='ocrx_word' id='word_1_258' title='bbox 57 1280 215 1316; x_wconf 72' lang='grc' dir='ltr'>ψαλτήριον</span> <span class='ocrx_word' id='word_1_259' title='bbox 228 1282 354 1317; x_wconf 78' lang='grc' dir='ltr'>ὄργανον,</span> <span class='ocrx_word' id='word_1_260' title='bbox 371 1283 429 1309; x_wconf 83' lang='grc' dir='ltr'>ἀλλ’</span> <span class='ocrx_word' id='word_1_261' title='bbox 446 1283 559 1318; x_wconf 78' lang='grc' dir='ltr'>ἄτεχνον</span> <span class='ocrx_word' id='word_1_262' title='bbox 571 1285 616 1310; x_wconf 79' lang='grc' dir='ltr'><strong>καὶ</strong></span> <span class='ocrx_word' id='word_1_263' title='bbox 639 1285 783 1316; x_wconf 76' lang='grc' dir='ltr'>ἰδιωτικὸν,</span> <span class='ocrx_word' id='word_1_264' title='bbox 804 1286 851 1312; x_wconf 66' lang='grc' dir='ltr'>καὶ</span> 
     </span>
    </p>
   </div>
   <div class='ocr_carea' id='block_1_27' title="bbox 59 1327 853 1367">
    <p class='ocr_par' dir='ltr' id='par_1_27' title="bbox 59 1327 853 1367">
     <span class='ocr_line' id='line_1_27' title="bbox 59 1327 853 1367; baseline 0.008 -14"><span class='ocrx_word' id='word_1_265' title='bbox 59 1328 131 1362; x_wconf 78' lang='grc' dir='ltr'>πρὸς</span> <span class='ocrx_word' id='word_1_266' title='bbox 147 1327 216 1362; x_wconf 80' lang='grc' dir='ltr'>μόνα</span> <span class='ocrx_word' id='word_1_267' title='bbox 231 1328 332 1363; x_wconf 86' lang='grc' dir='ltr'>ψάλλον</span> <span class='ocrx_word' id='word_1_268' title='bbox 346 1329 379 1355; x_wconf 83' lang='grc' dir='ltr'>τὰ</span> <span class='ocrx_word' id='word_1_269' title='bbox 398 1329 511 1364; x_wconf 75' lang='grc' dir='ltr'>ποίμνια</span> <span class='ocrx_word' id='word_1_270' title='bbox 523 1338 529 1345; x_wconf 87' lang='grc'>·</span> <span class='ocrx_word' id='word_1_271' title='bbox 558 1330 640 1357; x_wconf 76' lang='grc' dir='ltr'><strong>Δαὸὶδ</strong></span> <span class='ocrx_word' id='word_1_272' title='bbox 651 1331 679 1357; x_wconf 83' lang='grc' dir='ltr'><strong>δὲ</strong></span> <span class='ocrx_word' id='word_1_273' title='bbox 696 1332 853 1367; x_wconf 63' lang='grc' dir='ltr'><strong>Δσοφώτερον</strong></span> 
     </span>
    </p>
   </div>
   <div class='ocr_carea' id='block_1_28' title="bbox 59 1372 854 1412">
    <p class='ocr_par' dir='ltr' id='par_1_28' title="bbox 59 1372 854 1412">
     <span class='ocr_line' id='line_1_28' title="bbox 59 1372 854 1412; baseline 0.006 -13"><span class='ocrx_word' id='word_1_274' title='bbox 59 1372 143 1399; x_wconf 78' lang='grc' dir='ltr'>τοῦτο</span> <span class='ocrx_word' id='word_1_275' title='bbox 160 1374 374 1406; x_wconf 78' lang='grc' dir='ltr'><strong>κατεσκεύασεν,</strong></span> <span class='ocrx_word' id='word_1_276' title='bbox 387 1374 403 1409; x_wconf 85' lang='grc' dir='ltr'>ἣ</span> <span class='ocrx_word' id='word_1_277' title='bbox 419 1375 552 1410; x_wconf 77' lang='grc' dir='ltr'>ἥρμοσεν.</span> <span class='ocrx_word' id='word_1_278' title='bbox 570 1377 619 1403; x_wconf 81' lang='grc' dir='ltr'>καὶ</span> <span class='ocrx_word' id='word_1_279' title='bbox 630 1376 679 1412; x_wconf 80' lang='grc' dir='ltr'>τὴν</span> <span class='ocrx_word' id='word_1_280' title='bbox 692 1377 789 1412; x_wconf 83' lang='grc' dir='ltr'>χρῆσιν</span> <span class='ocrx_word' id='word_1_281' title='bbox 803 1378 854 1404; x_wconf 83' lang='grc' dir='ltr'><strong>αὐ-</strong></span> 
     </span>
    </p>
   </div>
   <div class='ocr_carea' id='block_1_29' title="bbox 58 1417 852 1457">
    <p class='ocr_par' dir='ltr' id='par_1_29' title="bbox 58 1417 852 1457">
     <span class='ocr_line' id='line_1_29' title="bbox 58 1417 852 1457; baseline 0.01 -13"><span class='ocrx_word' id='word_1_282' title='bbox 58 1417 108 1444; x_wconf 72' lang='grc' dir='ltr'>τοῦ</span> <span class='ocrx_word' id='word_1_283' title='bbox 126 1418 198 1454; x_wconf 76' lang='grc' dir='ltr'><strong>πρὸς</strong></span> <span class='ocrx_word' id='word_1_284' title='bbox 214 1419 280 1445; x_wconf 75' lang='grc' dir='ltr'>Θεὸν</span> <span class='ocrx_word' id='word_1_285' title='bbox 297 1420 475 1454; x_wconf 80' lang='grc' dir='ltr'><strong>μετήνεγκεν.</strong></span> <span class='ocrx_word' id='word_1_286' title='bbox 495 1421 599 1456; x_wconf 86' lang='grc' dir='ltr'>’Υμνος</span> <span class='ocrx_word' id='word_1_287' title='bbox 619 1422 658 1454; x_wconf 82' lang='grc' dir='ltr'>δὲ,</span> <span class='ocrx_word' id='word_1_288' title='bbox 684 1424 700 1457; x_wconf 81' lang='grc' dir='ltr'><strong>ἡ</strong></span> <span class='ocrx_word' id='word_1_289' title='bbox 724 1424 852 1452; x_wconf 75' lang='grc' dir='ltr'>ἐπιτετα-</span> 
     </span>
    </p>
   </div>
   <div class='ocr_carea' id='block_1_30' title="bbox 60 1464 854 1504">
    <p class='ocr_par' dir='ltr' id='par_1_30' title="bbox 60 1464 854 1504">
     <span class='ocr_line' id='line_1_30' title="bbox 60 1464 854 1504; baseline 0.01 -15"><span class='ocrx_word' id='word_1_290' title='bbox 60 1464 130 1499; x_wconf 75' lang='grc' dir='ltr'>μὲνη</span> <span class='ocrx_word' id='word_1_291' title='bbox 149 1465 305 1498; x_wconf 77' lang='grc' dir='ltr'>δοξολογία·</span> <span class='ocrx_word' id='word_1_292' title='bbox 322 1465 394 1496; x_wconf 77' lang='grc' dir='ltr'>αἶνος</span> <span class='ocrx_word' id='word_1_293' title='bbox 415 1466 453 1499; x_wconf 67' lang='grc' dir='ltr'>δὲ,</span> <span class='ocrx_word' id='word_1_294' title='bbox 470 1467 484 1493; x_wconf 85' lang='grc' dir='ltr'>ὁ</span> <span class='ocrx_word' id='word_1_295' title='bbox 508 1467 639 1503; x_wconf 81' lang='grc' dir='ltr'>σύντομος</span> <span class='ocrx_word' id='word_1_296' title='bbox 657 1469 767 1501; x_wconf 78' lang='grc' dir='ltr'>ἔπαινος</span> <span class='ocrx_word' id='word_1_297' title='bbox 784 1479 792 1486; x_wconf 85' lang='grc'><em>’</em></span> <span class='ocrx_word' id='word_1_298' title='bbox 811 1471 854 1504; x_wconf 79' lang='grc' dir='ltr'><strong>ἑξ-</strong></span> 
     </span>
    </p>
   </div>
   <div class='ocr_carea' id='block_1_31' title="bbox 57 1509 852 1551">
    <p class='ocr_par' dir='ltr' id='par_1_31' title="bbox 57 1509 852 1551">
     <span class='ocr_line' id='line_1_31' title="bbox 57 1509 852 1551; baseline 0.01 -16"><span class='ocrx_word' id='word_1_299' title='bbox 57 1509 227 1544; x_wconf 84' lang='grc' dir='ltr'>ομολόγησις</span> <span class='ocrx_word' id='word_1_300' title='bbox 242 1511 281 1543; x_wconf 78' lang='grc' dir='ltr'>δὲ,</span> <span class='ocrx_word' id='word_1_301' title='bbox 298 1512 314 1546; x_wconf 85' lang='grc' dir='ltr'>ἡ</span> <span class='ocrx_word' id='word_1_302' title='bbox 328 1513 389 1538; x_wconf 82' lang='grc' dir='ltr'>κατ’</span> <span class='ocrx_word' id='word_1_303' title='bbox 402 1512 528 1539; x_wconf 79' lang='grc' dir='ltr'><strong>ἐπίτασιν</strong></span> <span class='ocrx_word' id='word_1_304' title='bbox 543 1514 699 1551; x_wconf 78' lang='grc' dir='ltr'>ὁμολογίαῆ</span> <span class='ocrx_word' id='word_1_305' title='bbox 715 1517 805 1544; x_wconf 84' lang='grc' dir='ltr'>καλῶν</span> <span class='ocrx_word' id='word_1_306' title='bbox 814 1514 852 1543; x_wconf 82' lang='grc' dir='ltr'>ὧν</span> 
     </span>
    </p>
   </div>
   <div class='ocr_carea' id='block_1_32' title="bbox 59 1556 851 1598">
    <p class='ocr_par' dir='ltr' id='par_1_32' title="bbox 59 1556 851 1598">
     <span class='ocr_line' id='line_1_32' title="bbox 59 1556 851 1598; baseline 0.01 -16"><span class='ocrx_word' id='word_1_307' title='bbox 59 1557 270 1591; x_wconf 79' lang='grc' dir='ltr'><strong>πεποιήκαμεν,</strong></span> <span class='ocrx_word' id='word_1_308' title='bbox 294 1558 311 1594; x_wconf 79' lang='grc' dir='ltr'>ἢ</span> <span class='ocrx_word' id='word_1_309' title='bbox 335 1558 429 1586; x_wconf 82' lang='grc' dir='ltr'>κακῶν</span> <span class='ocrx_word' id='word_1_310' title='bbox 453 1556 489 1586; x_wconf 84' lang='grc' dir='ltr'>ὧν</span> <span class='ocrx_word' id='word_1_311' title='bbox 505 1561 694 1596; x_wconf 59' lang='grc' dir='ltr'>δεδράκαμεν</span> <span class='ocrx_word' id='word_1_312' title='bbox 711 1565 851 1598; x_wconf 79' lang='grc' dir='ltr'><strong>προσευχὴ</strong></span> 
     </span>
    </p>
   </div>
   <div class='ocr_carea' id='block_1_33' title="bbox 59 1601 854 1644">
    <p class='ocr_par' dir='ltr' id='par_1_33' title="bbox 59 1601 854 1644">
     <span class='ocr_line' id='line_1_33' title="bbox 59 1601 854 1644; baseline 0.013 -17"><span class='ocrx_word' id='word_1_313' title='bbox 59 1601 99 1633; x_wconf 74' lang='grc' dir='ltr'><strong>δὲ,</strong></span> <span class='ocrx_word' id='word_1_314' title='bbox 116 1603 134 1637; x_wconf 85' lang='grc' dir='ltr'><strong>ή</strong></span> <span class='ocrx_word' id='word_1_315' title='bbox 149 1601 245 1639; x_wconf 83' lang='grc' dir='ltr'>δέησις</span> <span class='ocrx_word' id='word_1_316' title='bbox 255 1611 262 1619; x_wconf 68' lang='grc' dir='ltr'><strong>ο</strong></span> <span class='ocrx_word' id='word_1_317' title='bbox 277 1604 343 1640; x_wconf 83' lang='grc' dir='ltr'><strong>εὐχὴ</strong></span> <span class='ocrx_word' id='word_1_318' title='bbox 355 1605 395 1639; x_wconf 86' lang='grc' dir='ltr'><strong>δὲ,</strong></span> <span class='ocrx_word' id='word_1_319' title='bbox 410 1607 426 1640; x_wconf 83' lang='grc' dir='ltr'>ἡ</span> <span class='ocrx_word' id='word_1_320' title='bbox 440 1606 600 1641; x_wconf 82' lang='grc' dir='ltr'><strong>ὑπόσχεσις.</strong></span> <span class='ocrx_word' id='word_1_321' title='bbox 618 1608 709 1635; x_wconf 83' lang='grc' dir='ltr'>Πάντα</span> <span class='ocrx_word' id='word_1_322' title='bbox 724 1609 751 1636; x_wconf 79' lang='grc' dir='ltr'>δὲ</span> <span class='ocrx_word' id='word_1_323' title='bbox 763 1610 854 1644; x_wconf 82' lang='grc' dir='ltr'>λέγον-</span> 
     </span>
    </p>
   </div>
   <div class='ocr_carea' id='block_1_34' title="bbox 59 1649 851 1692">
    <p class='ocr_par' dir='ltr' id='par_1_34' title="bbox 59 1649 851 1692">
     <span class='ocr_line' id='line_1_34' title="bbox 59 1649 851 1692; baseline 0.011 -19"><span class='ocrx_word' id='word_1_324' title='bbox 59 1655 104 1674; x_wconf 86' lang='grc' dir='ltr'><strong>ται</strong></span> <span class='ocrx_word' id='word_1_325' title='bbox 120 1649 193 1683; x_wconf 73' lang='grc' dir='ltr'>πρὸς</span> <span class='ocrx_word' id='word_1_326' title='bbox 207 1649 283 1677; x_wconf 84' lang='grc' dir='ltr'>Θεόν.</span> <span class='ocrx_word' id='word_1_327' title='bbox 301 1650 334 1677; x_wconf 88' lang='grc' dir='ltr'>Τί</span> <span class='ocrx_word' id='word_1_328' title='bbox 346 1651 396 1686; x_wconf 71' lang='grc' dir='ltr'>μὲν</span> <span class='ocrx_word' id='word_1_329' title='bbox 411 1652 457 1679; x_wconf 78' lang='grc' dir='ltr'>οὖν</span> <span class='ocrx_word' id='word_1_330' title='bbox 470 1654 528 1679; x_wconf 82' lang='grc' dir='ltr'>ἐστι</span> <span class='ocrx_word' id='word_1_331' title='bbox 549 1653 666 1688; x_wconf 82' lang='grc' dir='ltr'>ψαλμδς,</span> <span class='ocrx_word' id='word_1_332' title='bbox 680 1655 727 1681; x_wconf 79' lang='grc' dir='ltr'>καὶ</span> <span class='ocrx_word' id='word_1_333' title='bbox 739 1655 765 1682; x_wconf 87' lang='grc' dir='ltr'><strong>τί</strong></span> <span class='ocrx_word' id='word_1_334' title='bbox 784 1655 851 1692; x_wconf 78' lang='grc' dir='ltr'><strong>ᾠδὴ,</strong></span> 
     </span>
    </p>
   </div>
   <div class='ocr_carea' id='block_1_35' title="bbox 60 1695 851 1737">
    <p class='ocr_par' dir='ltr' id='par_1_35' title="bbox 60 1695 851 1737">
     <span class='ocr_line' id='line_1_35' title="bbox 60 1695 851 1737; baseline 0.013 -18"><span class='ocrx_word' id='word_1_335' title='bbox 60 1695 260 1729; x_wconf 79' lang='grc' dir='ltr'><strong>προσηκόντως</strong></span> <span class='ocrx_word' id='word_1_336' title='bbox 272 1697 390 1731; x_wconf 72' lang='grc' dir='ltr'>εἴρηται.</span> <span class='ocrx_word' id='word_1_337' title='bbox 409 1698 487 1733; x_wconf 80' lang='grc' dir='ltr'><strong>ᾮδὰς</strong></span> <span class='ocrx_word' id='word_1_338' title='bbox 498 1699 525 1725; x_wconf 76' lang='grc' dir='ltr'><strong>δὲ</strong></span> <span class='ocrx_word' id='word_1_339' title='bbox 543 1699 659 1735; x_wconf 84' lang='grc' dir='ltr'>ψαλμῶν</span> <span class='ocrx_word' id='word_1_340' title='bbox 669 1701 851 1737; x_wconf 77' lang='grc' dir='ltr'>ὑποληπτέον,</span> 
     </span>
    </p>
   </div>
   <div class='ocr_carea' id='block_1_36' title="bbox 60 1738 852 1782">
    <p class='ocr_par' dir='ltr' id='par_1_36' title="bbox 60 1738 852 1782">
     <span class='ocr_line' id='line_1_36' title="bbox 60 1738 852 1782; baseline 0.014 -18"><span class='ocrx_word' id='word_1_341' title='bbox 60 1738 101 1765; x_wconf 81' lang='grc' dir='ltr'>ὃτι</span> <span class='ocrx_word' id='word_1_342' title='bbox 118 1739 306 1774; x_wconf 74' lang='grc' dir='ltr'>προτάσσεται</span> <span class='ocrx_word' id='word_1_343' title='bbox 321 1741 371 1776; x_wconf 87' lang='grc' dir='ltr'>μὲν</span> <span class='ocrx_word' id='word_1_344' title='bbox 388 1743 404 1776; x_wconf 85' lang='grc' dir='ltr'><strong>ή</strong></span> <span class='ocrx_word' id='word_1_345' title='bbox 417 1742 450 1769; x_wconf 82' lang='grc' dir='ltr'><strong>δι’</strong></span> <span class='ocrx_word' id='word_1_346' title='bbox 468 1743 586 1778; x_wconf 79' lang='grc' dir='ltr'>ὀργάνου</span> <span class='ocrx_word' id='word_1_347' title='bbox 605 1747 736 1782; x_wconf 82' lang='grc' dir='ltr'>μουσικὴ,</span> <span class='ocrx_word' id='word_1_348' title='bbox 756 1747 852 1775; x_wconf 78' lang='grc' dir='ltr'>ἕπεται</span> 
     </span>
    </p>
   </div>
   <div class='ocr_carea' id='block_1_37' title="bbox 61 1782 849 1827">
    <p class='ocr_par' dir='ltr' id='par_1_37' title="bbox 61 1782 849 1827">
     <span class='ocr_line' id='line_1_37' title="bbox 61 1782 849 1827; baseline 0.014 -18"><span class='ocrx_word' id='word_1_349' title='bbox 61 1782 90 1809; x_wconf 78' lang='grc' dir='ltr'><strong>δὲ</strong></span> <span class='ocrx_word' id='word_1_350' title='bbox 102 1784 119 1818; x_wconf 81' lang='grc' dir='ltr'><strong>ἠ</strong></span> <span class='ocrx_word' id='word_1_351' title='bbox 133 1783 178 1810; x_wconf 77' lang='grc' dir='ltr'>διὰ</span> <span class='ocrx_word' id='word_1_352' title='bbox 196 1785 330 1819; x_wconf 80' lang='grc' dir='ltr'>στόματος</span> <span class='ocrx_word' id='word_1_353' title='bbox 349 1787 435 1822; x_wconf 78' lang='grc' dir='ltr'>φωνὴ,</span> <span class='ocrx_word' id='word_1_354' title='bbox 452 1787 583 1823; x_wconf 74' lang='grc' dir='ltr'>δευτέραν</span> <span class='ocrx_word' id='word_1_355' title='bbox 598 1789 775 1824; x_wconf 73' lang='grc' dir='ltr'>λαμϐάνουσα</span> <span class='ocrx_word' id='word_1_356' title='bbox 792 1794 849 1827; x_wconf 84' lang='grc' dir='ltr'><strong>χὼ-</strong></span> 
     </span>
    </p>
   </div>
   <div class='ocr_carea' id='block_1_38' title="bbox 64 1831 852 1871">
    <p class='ocr_par' dir='ltr' id='par_1_38' title="bbox 64 1831 852 1871">
     <span class='ocr_line' id='line_1_38' title="bbox 64 1831 852 1871; baseline 0.013 -16"><span class='ocrx_word' id='word_1_357' title='bbox 64 1837 129 1862; x_wconf 83' lang='grc' dir='ltr'>ραν·</span> <span class='ocrx_word' id='word_1_358' title='bbox 145 1831 251 1865; x_wconf 74' lang='grc' dir='ltr'>ψαλμοὶ</span> <span class='ocrx_word' id='word_1_359' title='bbox 263 1831 290 1858; x_wconf 79' lang='grc' dir='ltr'><strong>δὲ</strong></span> <span class='ocrx_word' id='word_1_360' title='bbox 307 1832 394 1867; x_wconf 83' lang='grc' dir='ltr'>ᾠδῶν.</span> <span class='ocrx_word' id='word_1_361' title='bbox 411 1833 455 1860; x_wconf 78' lang='grc' dir='ltr'>ὅτε</span> <span class='ocrx_word' id='word_1_362' title='bbox 469 1835 624 1861; x_wconf 84' lang='grc' dir='ltr'>τούναντίον</span> <span class='ocrx_word' id='word_1_363' title='bbox 636 1836 755 1871; x_wconf 83' lang='grc' dir='ltr'>γίνηται.</span> <span class='ocrx_word' id='word_1_364' title='bbox 773 1838 852 1865; x_wconf 75' lang='grc' dir='ltr'>Κατὰ</span> 
     </span>
    </p>
   </div>
   <div class='ocr_carea' id='block_1_39' title="bbox 61 1874 850 1919">
    <p class='ocr_par' dir='ltr' id='par_1_39' title="bbox 61 1874 850 1919">
     <span class='ocr_line' id='line_1_39' title="bbox 61 1874 850 1919; baseline 0.011 -18"><span class='ocrx_word' id='word_1_365' title='bbox 61 1874 91 1901; x_wconf 79' lang='grc' dir='ltr'><strong>δὲ</strong></span> <span class='ocrx_word' id='word_1_366' title='bbox 106 1876 170 1908; x_wconf 76' lang='grc' dir='ltr'>τοὺς</span> <span class='ocrx_word' id='word_1_367' title='bbox 193 1876 292 1911; x_wconf 75' lang='grc' dir='ltr'>νόμους</span> <span class='ocrx_word' id='word_1_368' title='bbox 313 1878 362 1911; x_wconf 85' lang='grc' dir='ltr'>τῆς</span> <span class='ocrx_word' id='word_1_369' title='bbox 378 1878 537 1913; x_wconf 75' lang='grc' dir='ltr'>ἀναγωγῆς,</span> <span class='ocrx_word' id='word_1_370' title='bbox 557 1880 664 1914; x_wconf 72' lang='grc' dir='ltr'>ψαλμὲις</span> <span class='ocrx_word' id='word_1_371' title='bbox 685 1882 734 1916; x_wconf 81' lang='grc' dir='ltr'>μὲν</span> <span class='ocrx_word' id='word_1_372' title='bbox 751 1883 784 1908; x_wconf 83' lang='grc' dir='ltr'>ἂν</span> <span class='ocrx_word' id='word_1_373' title='bbox 795 1885 850 1919; x_wconf 77' lang='grc' dir='ltr'>εἴη,</span> 
     </span>
    </p>
   </div>
   <div class='ocr_carea' id='block_1_40' title="bbox 62 1921 850 1965">
    <p class='ocr_par' dir='ltr' id='par_1_40' title="bbox 62 1921 850 1965">
     <span class='ocr_line' id='line_1_40' title="bbox 62 1921 850 1965; baseline 0.011 -17"><span class='ocrx_word' id='word_1_374' title='bbox 62 1921 106 1948; x_wconf 79' lang='grc' dir='ltr'>ὅτε</span> <span class='ocrx_word' id='word_1_375' title='bbox 126 1923 156 1949; x_wconf 84' lang='grc' dir='ltr'><strong>τὺ</strong></span> <span class='ocrx_word' id='word_1_376' title='bbox 174 1923 254 1958; x_wconf 85' lang='grc' dir='ltr'>σῶμα</span> <span class='ocrx_word' id='word_1_377' title='bbox 281 1924 426 1957; x_wconf 83' lang='grc' dir='ltr'>τείνοντες,</span> <span class='ocrx_word' id='word_1_378' title='bbox 452 1925 489 1958; x_wconf 81' lang='grc' dir='ltr'><strong>ὡς</strong></span> <span class='ocrx_word' id='word_1_379' title='bbox 515 1927 661 1962; x_wconf 82' lang='grc' dir='ltr'>ὀργανικὸν</span> <span class='ocrx_word' id='word_1_380' title='bbox 690 1929 850 1965; x_wconf 75' lang='grc' dir='ltr'>ψαλτήριον,</span> 
     </span>
    </p>
   </div>
   <div class='ocr_carea' id='block_1_41' title="bbox 908 686 1694 721">
    <p class='ocr_par' dir='ltr' id='par_1_41' title="bbox 908 686 1694 721">
     <span class='ocr_line' id='line_1_41' title="bbox 908 686 1694 721; baseline -0.001 -7"><span class='ocrx_word' id='word_1_381' title='bbox 908 694 974 714; x_wconf 85' lang='lat' dir='ltr'><strong>vero</strong></span> <span class='ocrx_word' id='word_1_382' title='bbox 990 694 1085 721; x_wconf 84' lang='lat' dir='ltr'><strong>poema</strong></span> <span class='ocrx_word' id='word_1_383' title='bbox 1118 691 1146 714; x_wconf 86' lang='lat' dir='ltr'><strong>ct</strong></span> <span class='ocrx_word' id='word_1_384' title='bbox 1171 694 1282 714; x_wconf 80' lang='lat' dir='ltr'><strong>carmen</strong></span> <span class='ocrx_word' id='word_1_385' title='bbox 1319 686 1392 721; x_wconf 90' lang='lat' dir='ltr'><strong>quod</strong></span> <span class='ocrx_word' id='word_1_386' title='bbox 1421 687 1454 713; x_wconf 87' lang='lat' dir='ltr'><strong>de</strong></span> <span class='ocrx_word' id='word_1_387' title='bbox 1481 694 1514 714; x_wconf 87' lang='lat' dir='ltr'><strong>eo</strong></span> <span class='ocrx_word' id='word_1_388' title='bbox 1545 687 1694 714; x_wconf 87' lang='lat' dir='ltr'><strong>canimus:</strong></span> 
     </span>
    </p>
   </div>
   <div class='ocr_carea' id='block_1_42' title="bbox 907 732 1694 769">
    <p class='ocr_par' dir='ltr' id='par_1_42' title="bbox 907 732 1694 769">
     <span class='ocr_line' id='line_1_42' title="bbox 907 732 1694 769; baseline -0.003 -7"><span class='ocrx_word' id='word_1_389' title='bbox 907 733 1078 768; x_wconf 86' lang='lat' dir='ltr'><strong>psalmodus.</strong></span> <span class='ocrx_word' id='word_1_390' title='bbox 1094 737 1173 769; x_wconf 87' lang='lat' dir='ltr'><strong>poeta</strong></span> <span class='ocrx_word' id='word_1_391' title='bbox 1188 737 1230 761; x_wconf 86' lang='lat' dir='ltr'><strong>est</strong></span> <span class='ocrx_word' id='word_1_392' title='bbox 1249 732 1295 768; x_wconf 87' lang='lat' dir='ltr'><strong>qui</strong></span> <span class='ocrx_word' id='word_1_393' title='bbox 1315 732 1373 760; x_wconf 68' lang='lat' dir='ltr'><strong>haec</strong></span> <span class='ocrx_word' id='word_1_394' title='bbox 1398 733 1509 760; x_wconf 83' lang='lat' dir='ltr'><strong>coniicit</strong></span> <span class='ocrx_word' id='word_1_395' title='bbox 1539 733 1660 760; x_wconf 79' lang='lat' dir='ltr'><strong>carmina</strong></span> <span class='ocrx_word' id='word_1_396' title='bbox 1686 740 1694 760; x_wconf 86' lang='lat'><strong>:</strong></span> 
     </span>
    </p>
   </div>
   <div class='ocr_carea' id='block_1_43' title="bbox 907 779 1696 812">
    <p class='ocr_par' dir='ltr' id='par_1_43' title="bbox 907 779 1696 812">
     <span class='ocr_line' id='line_1_43' title="bbox 907 779 1696 812; baseline -0.003 -5"><span class='ocrx_word' id='word_1_397' title='bbox 907 779 1109 811; x_wconf 81' lang='lat' dir='ltr'><strong>etPsaltodus,</strong></span> <span class='ocrx_word' id='word_1_398' title='bbox 1140 780 1243 807; x_wconf 86' lang='lat' dir='ltr'><strong>chorus</strong></span> <span class='ocrx_word' id='word_1_399' title='bbox 1270 779 1427 806; x_wconf 87' lang='lat' dir='ltr'><strong>canentium</strong></span> <span class='ocrx_word' id='word_1_400' title='bbox 1458 779 1602 812; x_wconf 84' lang='lat' dir='ltr'><strong>psalmos:</strong></span> <span class='ocrx_word' id='word_1_401' title='bbox 1635 779 1696 805; x_wconf 89' lang='lat' dir='ltr'><strong>dia-</strong></span> 
     </span>
    </p>
   </div>
   <div class='ocr_carea' id='block_1_44' title="bbox 907 824 1695 861">
    <p class='ocr_par' dir='ltr' id='par_1_44' title="bbox 907 824 1695 861">
     <span class='ocr_line' id='line_1_44' title="bbox 907 824 1695 861; baseline 0 -9"><span class='ocrx_word' id='word_1_402' title='bbox 907 826 1023 861; x_wconf 83' lang='lat' dir='ltr'><strong>psalma,</strong></span> <span class='ocrx_word' id='word_1_403' title='bbox 1036 826 1219 854; x_wconf 84' lang='lat' dir='ltr'><strong>mutationem</strong></span> <span class='ocrx_word' id='word_1_404' title='bbox 1236 825 1390 855; x_wconf 62' lang='lat' dir='ltr'><strong>sentcntiae.</strong></span> <span class='ocrx_word' id='word_1_405' title='bbox 1404 829 1452 852; x_wconf 88' lang='lat' dir='ltr'><strong>aut</strong></span> <span class='ocrx_word' id='word_1_406' title='bbox 1479 829 1577 852; x_wconf 84' lang='lat' dir='ltr'><strong>cantus</strong></span> <span class='ocrx_word' id='word_1_407' title='bbox 1608 824 1695 860; x_wconf 69' lang='lat' dir='ltr'><strong>signi-</strong></span> 
     </span>
    </p>
   </div>
   <div class='ocr_carea' id='block_1_45' title="bbox 907 871 1694 907">
    <p class='ocr_par' dir='ltr' id='par_1_45' title="bbox 907 871 1694 907">
     <span class='ocr_line' id='line_1_45' title="bbox 907 871 1694 907; baseline -0.004 -7"><span class='ocrx_word' id='word_1_408' title='bbox 907 872 967 900; x_wconf 85' lang='lat' dir='ltr'><strong>llcal</strong></span> <span class='ocrx_word' id='word_1_409' title='bbox 983 878 1234 907; x_wconf 83' lang='lat' dir='ltr'><strong>:autpausam.seu</strong></span> <span class='ocrx_word' id='word_1_410' title='bbox 1245 873 1461 907; x_wconf 78' lang='lat' dir='ltr'><strong>interiectionem</strong></span> <span class='ocrx_word' id='word_1_411' title='bbox 1476 871 1621 906; x_wconf 85' lang='lat' dir='ltr'><strong>quamdam</strong></span> <span class='ocrx_word' id='word_1_412' title='bbox 1632 872 1694 906; x_wconf 71' lang='lat' dir='ltr'><strong>pul—</strong></span> 
     </span>
    </p>
   </div>
   <div class='ocr_carea' id='block_1_46' title="bbox 906 918 1696 955">
    <p class='ocr_par' dir='ltr' id='par_1_46' title="bbox 906 918 1696 955">
     <span class='ocr_line' id='line_1_46' title="bbox 906 918 1696 955; baseline -0.001 -9"><span class='ocrx_word' id='word_1_413' title='bbox 906 920 1034 951; x_wconf 86' lang='lat' dir='ltr'><strong>sationis,</strong></span> <span class='ocrx_word' id='word_1_414' title='bbox 1049 920 1091 945; x_wconf 72' lang='lat' dir='ltr'><strong>vel</strong></span> <span class='ocrx_word' id='word_1_415' title='bbox 1108 920 1255 955; x_wconf 72' lang='lat' dir='ltr'><strong>fulgorem,</strong></span> <span class='ocrx_word' id='word_1_416' title='bbox 1284 925 1365 954; x_wconf 88' lang='lat' dir='ltr'><strong>atque</strong></span> <span class='ocrx_word' id='word_1_417' title='bbox 1394 919 1622 946; x_wconf 85' lang='lat' dir='ltr'><strong>illuminationem</strong></span> <span class='ocrx_word' id='word_1_418' title='bbox 1653 918 1696 945; x_wconf 80' lang='lat' dir='ltr'><strong>di—</strong></span> 
     </span>
    </p>
   </div>
   <div class='ocr_carea' id='block_1_47' title="bbox 905 965 1694 1000">
    <p class='ocr_par' dir='ltr' id='par_1_47' title="bbox 905 965 1694 1000">
     <span class='ocr_line' id='line_1_47' title="bbox 905 965 1694 1000; baseline -0.001 -8"><span class='ocrx_word' id='word_1_419' title='bbox 905 965 964 992; x_wconf 78' lang='lat' dir='ltr'><strong>viui</strong></span> <span class='ocrx_word' id='word_1_420' title='bbox 978 966 1109 1000; x_wconf 87' lang='lat' dir='ltr'><strong>Spiritus,</strong></span> <span class='ocrx_word' id='word_1_421' title='bbox 1139 974 1199 1000; x_wconf 66' lang='lat' dir='ltr'><strong>qua:</strong></span> <span class='ocrx_word' id='word_1_422' title='bbox 1230 970 1295 993; x_wconf 86' lang='lat' dir='ltr'><strong>tunc</strong></span> <span class='ocrx_word' id='word_1_423' title='bbox 1325 965 1488 993; x_wconf 85' lang='lat' dir='ltr'><strong>canentibus</strong></span> <span class='ocrx_word' id='word_1_424' title='bbox 1516 965 1694 999; x_wconf 84' lang='lat' dir='ltr'><strong>apparebat:</strong></span> 
     </span>
    </p>
   </div>
   <div class='ocr_carea' id='block_1_48' title="bbox 906 1010 1693 1044">
    <p class='ocr_par' dir='ltr' id='par_1_48' title="bbox 906 1010 1693 1044">
     <span class='ocr_line' id='line_1_48' title="bbox 906 1010 1693 1044; baseline -0.001 -7"><span class='ocrx_word' id='word_1_425' title='bbox 906 1010 1098 1038; x_wconf 77' lang='lat' dir='ltr'><strong>scribebantur</strong></span> <span class='ocrx_word' id='word_1_426' title='bbox 1113 1012 1186 1038; x_wconf 85' lang='lat' dir='ltr'><strong>cnim</strong></span> <span class='ocrx_word' id='word_1_427' title='bbox 1203 1011 1294 1038; x_wconf 84' lang='lat' dir='ltr'><strong>omnia</strong></span> <span class='ocrx_word' id='word_1_428' title='bbox 1310 1011 1367 1037; x_wconf 64' lang='lat' dir='ltr'><strong>haec.</strong></span> <span class='ocrx_word' id='word_1_429' title='bbox 1399 1010 1433 1037; x_wconf 81' lang='lat' dir='ltr'><strong>ab</strong></span> <span class='ocrx_word' id='word_1_430' title='bbox 1463 1010 1503 1037; x_wconf 80' lang='lat' dir='ltr'><strong>eis</strong></span> <span class='ocrx_word' id='word_1_431' title='bbox 1536 1010 1693 1044; x_wconf 81' lang='lat' dir='ltr'><strong>diligenter.</strong></span> 
     </span>
    </p>
   </div>
   <div class='ocr_carea' id='block_1_49' title="bbox 905 1055 1694 1091">
    <p class='ocr_par' dir='ltr' id='par_1_49' title="bbox 905 1055 1694 1091">
     <span class='ocr_line' id='line_1_49' title="bbox 905 1055 1694 1091; baseline -0.001 -9"><span class='ocrx_word' id='word_1_432' title='bbox 905 1055 1033 1083; x_wconf 85' lang='lat' dir='ltr'><strong>Psalmus</strong></span> <span class='ocrx_word' id='word_1_433' title='bbox 1047 1057 1158 1091; x_wconf 89' lang='lat' dir='ltr'><strong>proprie</strong></span> <span class='ocrx_word' id='word_1_434' title='bbox 1173 1061 1215 1084; x_wconf 90' lang='lat' dir='ltr'><strong>est</strong></span> <span class='ocrx_word' id='word_1_435' title='bbox 1228 1056 1292 1083; x_wconf 89' lang='lat' dir='ltr'><strong>illud</strong></span> <span class='ocrx_word' id='word_1_436' title='bbox 1308 1063 1430 1088; x_wconf 88' lang='lat' dir='ltr'><strong>carmen,</strong></span> <span class='ocrx_word' id='word_1_437' title='bbox 1451 1057 1522 1090; x_wconf 86' lang='lat' dir='ltr'><strong>quod</strong></span> <span class='ocrx_word' id='word_1_438' title='bbox 1537 1055 1617 1083; x_wconf 92' lang='lat' dir='ltr'><strong>simul</strong></span> <span class='ocrx_word' id='word_1_439' title='bbox 1631 1062 1694 1082; x_wconf 89' lang='lat' dir='ltr'><strong>cum</strong></span> 
     </span>
    </p>
   </div>
   <div class='ocr_carea' id='block_1_50' title="bbox 905 1101 1695 1135">
    <p class='ocr_par' dir='ltr' id='par_1_50' title="bbox 905 1101 1695 1135">
     <span class='ocr_line' id='line_1_50' title="bbox 905 1101 1695 1135; baseline 0 -7"><span class='ocrx_word' id='word_1_440' title='bbox 905 1101 1032 1129; x_wconf 79' lang='lat' dir='ltr'><strong>Psalterii</strong></span> <span class='ocrx_word' id='word_1_441' title='bbox 1058 1103 1242 1129; x_wconf 87' lang='lat' dir='ltr'><strong>instrumento</strong></span> <span class='ocrx_word' id='word_1_442' title='bbox 1271 1102 1349 1129; x_wconf 84' lang='lat' dir='ltr'><strong>suavi</strong></span> <span class='ocrx_word' id='word_1_443' title='bbox 1376 1109 1443 1129; x_wconf 85' lang='lat' dir='ltr'><strong>voce</strong></span> <span class='ocrx_word' id='word_1_444' title='bbox 1469 1101 1695 1135; x_wconf 80' lang='lat' dir='ltr'><strong>proferturzodc</strong></span> 
     </span>
    </p>
   </div>
   <div class='ocr_carea' id='block_1_51' title="bbox 905 1146 1695 1182">
    <p class='ocr_par' dir='ltr' id='par_1_51' title="bbox 905 1146 1695 1182">
     <span class='ocr_line' id='line_1_51' title="bbox 905 1146 1695 1182; baseline -0.003 -8"><span class='ocrx_word' id='word_1_445' title='bbox 905 1155 953 1174; x_wconf 88' lang='lat' dir='ltr'><strong>seu</strong></span> <span class='ocrx_word' id='word_1_446' title='bbox 967 1148 1118 1180; x_wconf 87' lang='lat' dir='ltr'><strong>canticum,</strong></span> <span class='ocrx_word' id='word_1_447' title='bbox 1134 1155 1186 1174; x_wconf 78' lang='lat' dir='ltr'><strong>vox</strong></span> <span class='ocrx_word' id='word_1_448' title='bbox 1206 1147 1329 1182; x_wconf 64' lang='lat' dir='ltr'><strong>quaedam</strong></span> <span class='ocrx_word' id='word_1_449' title='bbox 1344 1151 1386 1174; x_wconf 89' lang='lat' dir='ltr'><strong>est</strong></span> <span class='ocrx_word' id='word_1_450' title='bbox 1407 1147 1511 1173; x_wconf 83' lang='lat' dir='ltr'><strong>musica</strong></span> <span class='ocrx_word' id='word_1_451' title='bbox 1533 1154 1595 1173; x_wconf 84' lang='lat' dir='ltr'><strong>cum</strong></span> <span class='ocrx_word' id='word_1_452' title='bbox 1629 1146 1695 1172; x_wconf 87' lang='lat' dir='ltr'><strong>har-</strong></span> 
     </span>
    </p>
   </div>
   <div class='ocr_carea' id='block_1_52' title="bbox 904 1191 1694 1227">
    <p class='ocr_par' dir='ltr' id='par_1_52' title="bbox 904 1191 1694 1227">
     <span class='ocr_line' id='line_1_52' title="bbox 904 1191 1694 1227; baseline -0.003 -7"><span class='ocrx_word' id='word_1_453' title='bbox 904 1193 1009 1225; x_wconf 81' lang='lat' dir='ltr'><strong>monia,</strong></span> <span class='ocrx_word' id='word_1_454' title='bbox 1029 1193 1088 1220; x_wconf 91' lang='lat' dir='ltr'><strong>solo</strong></span> <span class='ocrx_word' id='word_1_455' title='bbox 1113 1200 1161 1219; x_wconf 88' lang='lat' dir='ltr'><strong>ore</strong></span> <span class='ocrx_word' id='word_1_456' title='bbox 1192 1193 1312 1227; x_wconf 85' lang='lat' dir='ltr'><strong>prolata.</strong></span> <span class='ocrx_word' id='word_1_457' title='bbox 1344 1199 1512 1226; x_wconf 88' lang='lat' dir='ltr'><strong>quamquam</strong></span> <span class='ocrx_word' id='word_1_458' title='bbox 1544 1191 1694 1225; x_wconf 82' lang='lat' dir='ltr'><strong>improprie</strong></span> 
     </span>
    </p>
   </div>
   <div class='ocr_carea' id='block_1_53' title="bbox 904 1236 1694 1272">
    <p class='ocr_par' dir='ltr' id='par_1_53' title="bbox 904 1236 1694 1272">
     <span class='ocr_line' id='line_1_53' title="bbox 904 1236 1694 1272; baseline -0.003 -7"><span class='ocrx_word' id='word_1_459' title='bbox 904 1238 995 1271; x_wconf 85' lang='lat' dir='ltr'><strong>ipsum</strong></span> <span class='ocrx_word' id='word_1_460' title='bbox 1032 1238 1170 1265; x_wconf 88' lang='lat' dir='ltr'><strong>canticum</strong></span> <span class='ocrx_word' id='word_1_461' title='bbox 1196 1244 1384 1272; x_wconf 54' lang='lat' dir='ltr'><strong>sa‘penumero</strong></span> <span class='ocrx_word' id='word_1_462' title='bbox 1422 1236 1547 1263; x_wconf 85' lang='lat' dir='ltr'><strong>Psalmus</strong></span> <span class='ocrx_word' id='word_1_463' title='bbox 1575 1236 1694 1263; x_wconf 83' lang='lat' dir='ltr'><strong>dicatur.</strong></span> 
     </span>
    </p>
   </div>
   <div class='ocr_carea' id='block_1_54' title="bbox 906 1282 1694 1317">
    <p class='ocr_par' dir='ltr' id='par_1_54' title="bbox 906 1282 1694 1317">
     <span class='ocr_line' id='line_1_54' title="bbox 906 1282 1694 1317; baseline -0.004 -6"><span class='ocrx_word' id='word_1_464' title='bbox 906 1284 953 1312; x_wconf 78' lang='lat' dir='ltr'><strong>Est</strong></span> <span class='ocrx_word' id='word_1_465' title='bbox 970 1289 1061 1312; x_wconf 84' lang='lat' dir='ltr'><strong>autem</strong></span> <span class='ocrx_word' id='word_1_466' title='bbox 1093 1283 1231 1311; x_wconf 80' lang='lat' dir='ltr'><strong>canticum</strong></span> <span class='ocrx_word' id='word_1_467' title='bbox 1264 1284 1368 1317; x_wconf 82' lang='lat' dir='ltr'><strong>psalmo</strong></span> <span class='ocrx_word' id='word_1_468' title='bbox 1406 1283 1568 1317; x_wconf 87' lang='lat' dir='ltr'><strong>antiquius:</strong></span> <span class='ocrx_word' id='word_1_469' title='bbox 1588 1282 1694 1316; x_wconf 83' lang='lat' dir='ltr'><strong>Moyses</strong></span> 
     </span>
    </p>
   </div>
   <div class='ocr_carea' id='block_1_55' title="bbox 905 1329 1694 1365">
    <p class='ocr_par' dir='ltr' id='par_1_55' title="bbox 905 1329 1694 1365">
     <span class='ocr_line' id='line_1_55' title="bbox 905 1329 1694 1365; baseline -0.004 -8"><span class='ocrx_word' id='word_1_470' title='bbox 905 1331 1006 1365; x_wconf 86' lang='lat' dir='ltr'><strong>quippe</strong></span> <span class='ocrx_word' id='word_1_471' title='bbox 1022 1330 1122 1358; x_wconf 91' lang='lat' dir='ltr'><strong>cantici</strong></span> <span class='ocrx_word' id='word_1_472' title='bbox 1140 1333 1238 1357; x_wconf 80' lang='lat' dir='ltr'><strong>auctor</strong></span> <span class='ocrx_word' id='word_1_473' title='bbox 1252 1329 1313 1360; x_wconf 78' lang='lat' dir='ltr'><strong>fuit,</strong></span> <span class='ocrx_word' id='word_1_474' title='bbox 1347 1329 1477 1363; x_wconf 78' lang='lat' dir='ltr'><strong>illiusque</strong></span> <span class='ocrx_word' id='word_1_475' title='bbox 1510 1336 1577 1356; x_wconf 91' lang='lat' dir='ltr'><strong>usus</strong></span> <span class='ocrx_word' id='word_1_476' title='bbox 1607 1335 1694 1362; x_wconf 86' lang='lat' dir='ltr'><strong>usque</strong></span> 
     </span>
    </p>
   </div>
   <div class='ocr_carea' id='block_1_56' title="bbox 904 1375 1693 1410">
    <p class='ocr_par' dir='ltr' id='par_1_56' title="bbox 904 1375 1693 1410">
     <span class='ocr_line' id='line_1_56' title="bbox 904 1375 1693 1410; baseline -0.005 -6"><span class='ocrx_word' id='word_1_477' title='bbox 904 1378 936 1404; x_wconf 85' lang='lat' dir='ltr'><strong>ad</strong></span> <span class='ocrx_word' id='word_1_478' title='bbox 955 1377 1026 1404; x_wconf 86' lang='lat' dir='ltr'><strong>beati</strong></span> <span class='ocrx_word' id='word_1_479' title='bbox 1044 1376 1267 1410; x_wconf 84' lang='lat' dir='ltr'><strong>David—tempora</strong></span> <span class='ocrx_word' id='word_1_480' title='bbox 1282 1375 1470 1410; x_wconf 78' lang='lat' dir='ltr'><strong>perseveravit</strong></span> <span class='ocrx_word' id='word_1_481' title='bbox 1488 1383 1495 1401; x_wconf 89' lang='lat'>:</span> <span class='ocrx_word' id='word_1_482' title='bbox 1514 1375 1559 1408; x_wconf 88' lang='lat' dir='ltr'><strong>qui</strong></span> <span class='ocrx_word' id='word_1_483' title='bbox 1588 1375 1693 1409; x_wconf 84' lang='lat' dir='ltr'><strong>primus</strong></span> 
     </span>
    </p>
   </div>
   <div class='ocr_carea' id='block_1_57' title="bbox 904 1419 1694 1457">
    <p class='ocr_par' dir='ltr' id='par_1_57' title="bbox 904 1419 1694 1457">
     <span class='ocr_line' id='line_1_57' title="bbox 904 1419 1694 1457; baseline -0.005 -6"><span class='ocrx_word' id='word_1_484' title='bbox 904 1424 1025 1451; x_wconf 89' lang='lat' dir='ltr'><strong>omnium</strong></span> <span class='ocrx_word' id='word_1_485' title='bbox 1040 1423 1124 1457; x_wconf 84' lang='lat' dir='ltr'><strong>coepit</strong></span> <span class='ocrx_word' id='word_1_486' title='bbox 1156 1422 1278 1457; x_wconf 86' lang='lat' dir='ltr'><strong>psalmos</strong></span> <span class='ocrx_word' id='word_1_487' title='bbox 1306 1422 1494 1449; x_wconf 85' lang='lat' dir='ltr'><strong>conscribere.</strong></span> <span class='ocrx_word' id='word_1_488' title='bbox 1524 1420 1590 1448; x_wconf 85' lang='lat' dir='ltr'><strong>Nam</strong></span> <span class='ocrx_word' id='word_1_489' title='bbox 1616 1425 1644 1447; x_wconf 90' lang='lat' dir='ltr'><strong>ct</strong></span> <span class='ocrx_word' id='word_1_490' title='bbox 1671 1419 1694 1447; x_wconf 88' lang='lat' dir='ltr'><strong>si</strong></span> 
     </span>
    </p>
   </div>
   <div class='ocr_carea' id='block_1_58' title="bbox 904 1466 1695 1502">
    <p class='ocr_par' dir='ltr' id='par_1_58' title="bbox 904 1466 1695 1502">
     <span class='ocr_line' id='line_1_58' title="bbox 904 1466 1695 1502; baseline -0.003 -8"><span class='ocrx_word' id='word_1_491' title='bbox 904 1471 984 1494; x_wconf 86' lang='lat' dir='ltr'><strong>antea</strong></span> <span class='ocrx_word' id='word_1_492' title='bbox 999 1468 1123 1502; x_wconf 85' lang='lat' dir='ltr'><strong>psalterii</strong></span> <span class='ocrx_word' id='word_1_493' title='bbox 1147 1468 1332 1494; x_wconf 87' lang='lat' dir='ltr'><strong>instrumento</strong></span> <span class='ocrx_word' id='word_1_494' title='bbox 1355 1471 1511 1497; x_wconf 76' lang='lat' dir='ltr'><strong>uterentur,</strong></span> <span class='ocrx_word' id='word_1_495' title='bbox 1531 1466 1610 1493; x_wconf 88' lang='lat' dir='ltr'><strong>illius</strong></span> <span class='ocrx_word' id='word_1_496' title='bbox 1628 1474 1695 1493; x_wconf 89' lang='lat' dir='ltr'><strong>usus</strong></span> 
     </span>
    </p>
   </div>
   <div class='ocr_carea' id='block_1_59' title="bbox 904 1512 1692 1546">
    <p class='ocr_par' dir='ltr' id='par_1_59' title="bbox 904 1512 1692 1546">
     <span class='ocr_line' id='line_1_59' title="bbox 904 1512 1692 1546; baseline -0.004 -6"><span class='ocrx_word' id='word_1_497' title='bbox 904 1519 931 1541; x_wconf 88' lang='lat' dir='ltr'><strong>et</strong></span> <span class='ocrx_word' id='word_1_498' title='bbox 943 1514 1004 1540; x_wconf 85' lang='lat' dir='ltr'><strong>sine</strong></span> <span class='ocrx_word' id='word_1_499' title='bbox 1020 1519 1078 1540; x_wconf 85' lang='lat' dir='ltr'><strong>arte</strong></span> <span class='ocrx_word' id='word_1_500' title='bbox 1094 1513 1149 1540; x_wconf 90' lang='lat' dir='ltr'><strong>ulla</strong></span> <span class='ocrx_word' id='word_1_501' title='bbox 1171 1517 1241 1545; x_wconf 82' lang='lat' dir='ltr'><strong>erat,</strong></span> <span class='ocrx_word' id='word_1_502' title='bbox 1262 1517 1289 1540; x_wconf 87' lang='lat' dir='ltr'><strong>et</strong></span> <span class='ocrx_word' id='word_1_503' title='bbox 1320 1512 1466 1539; x_wconf 86' lang='lat' dir='ltr'><strong>admodum</strong></span> <span class='ocrx_word' id='word_1_504' title='bbox 1489 1513 1609 1546; x_wconf 72' lang='lat' dir='ltr'><strong>vulgaris</strong></span> <span class='ocrx_word' id='word_1_505' title='bbox 1628 1521 1635 1544; x_wconf 88' lang='lat'><strong>;</strong></span> <span class='ocrx_word' id='word_1_506' title='bbox 1658 1513 1692 1538; x_wconf 87' lang='lat' dir='ltr'><strong>ad</strong></span> 
     </span>
    </p>
   </div>
   <div class='ocr_carea' id='block_1_60' title="bbox 905 1558 1693 1594">
    <p class='ocr_par' dir='ltr' id='par_1_60' title="bbox 905 1558 1693 1594">
     <span class='ocr_line' id='line_1_60' title="bbox 905 1558 1693 1594; baseline -0.004 -7"><span class='ocrx_word' id='word_1_507' title='bbox 905 1560 979 1588; x_wconf 89' lang='lat' dir='ltr'><strong>solos</strong></span> <span class='ocrx_word' id='word_1_508' title='bbox 993 1560 1065 1587; x_wconf 87' lang='lat' dir='ltr'><strong>enim</strong></span> <span class='ocrx_word' id='word_1_509' title='bbox 1089 1567 1185 1594; x_wconf 77' lang='lat' dir='ltr'><strong>greges</strong></span> <span class='ocrx_word' id='word_1_510' title='bbox 1212 1558 1372 1586; x_wconf 75' lang='lat' dir='ltr'><strong>mulcendas</strong></span> <span class='ocrx_word' id='word_1_511' title='bbox 1398 1558 1571 1592; x_wconf 77' lang='lat' dir='ltr'><strong>pulsabatur.</strong></span> <span class='ocrx_word' id='word_1_512' title='bbox 1610 1559 1693 1584; x_wconf 77' lang='lat' dir='ltr'><strong>David</strong></span> 
     </span>
    </p>
   </div>
   <div class='ocr_carea' id='block_1_61' title="bbox 904 1604 1694 1642">
    <p class='ocr_par' dir='ltr' id='par_1_61' title="bbox 904 1604 1694 1642">
     <span class='ocr_line' id='line_1_61' title="bbox 904 1604 1694 1642; baseline -0.003 -9"><span class='ocrx_word' id='word_1_513' title='bbox 904 1607 986 1642; x_wconf 74' lang='lat' dir='ltr'><strong>igitur</strong></span> <span class='ocrx_word' id='word_1_514' title='bbox 1002 1606 1105 1633; x_wconf 91' lang='lat' dir='ltr'><strong>homini</strong></span> <span class='ocrx_word' id='word_1_515' title='bbox 1119 1606 1331 1633; x_wconf 88' lang='lat' dir='ltr'><strong>instrumentum</strong></span> <span class='ocrx_word' id='word_1_516' title='bbox 1363 1605 1515 1639; x_wconf 86' lang='lat' dir='ltr'><strong>sapientius</strong></span> <span class='ocrx_word' id='word_1_517' title='bbox 1546 1604 1694 1639; x_wconf 84' lang='lat' dir='ltr'><strong>coaptavit,</strong></span> 
     </span>
    </p>
   </div>
   <div class='ocr_carea' id='block_1_62' title="bbox 903 1651 1695 1685">
    <p class='ocr_par' dir='ltr' id='par_1_62' title="bbox 903 1651 1695 1685">
     <span class='ocr_line' id='line_1_62' title="bbox 903 1651 1695 1685; baseline -0.005 -5"><span class='ocrx_word' id='word_1_518' title='bbox 903 1658 930 1681; x_wconf 86' lang='lat' dir='ltr'><strong>et</strong></span> <span class='ocrx_word' id='word_1_519' title='bbox 949 1653 1024 1680; x_wconf 88' lang='lat' dir='ltr'><strong>illius</strong></span> <span class='ocrx_word' id='word_1_520' title='bbox 1042 1660 1122 1679; x_wconf 82' lang='lat' dir='ltr'><strong>usum</strong></span> <span class='ocrx_word' id='word_1_521' title='bbox 1137 1652 1170 1679; x_wconf 86' lang='lat' dir='ltr'><strong>ad</strong></span> <span class='ocrx_word' id='word_1_522' title='bbox 1186 1652 1270 1678; x_wconf 84' lang='lat' dir='ltr'><strong>Deum</strong></span> <span class='ocrx_word' id='word_1_523' title='bbox 1299 1651 1451 1678; x_wconf 85' lang='lat' dir='ltr'><strong>transtulit.</strong></span> <span class='ocrx_word' id='word_1_524' title='bbox 1477 1651 1599 1685; x_wconf 81' lang='lat' dir='ltr'><strong>Hymnus</strong></span> <span class='ocrx_word' id='word_1_525' title='bbox 1629 1658 1695 1677; x_wconf 78' lang='lat' dir='ltr'><strong>vero</strong></span> 
     </span>
    </p>
   </div>
   <div class='ocr_carea' id='block_1_63' title="bbox 903 1697 1694 1733">
    <p class='ocr_par' dir='ltr' id='par_1_63' title="bbox 903 1697 1694 1733">
     <span class='ocr_line' id='line_1_63' title="bbox 903 1697 1694 1733; baseline -0.005 -6"><span class='ocrx_word' id='word_1_526' title='bbox 903 1704 945 1727; x_wconf 85' lang='lat' dir='ltr'><strong>est</strong></span> <span class='ocrx_word' id='word_1_527' title='bbox 959 1699 1058 1726; x_wconf 65' lang='lat' dir='ltr'><strong>divinae</strong></span> <span class='ocrx_word' id='word_1_528' title='bbox 1073 1698 1167 1733; x_wconf 71' lang='lat' dir='ltr'><strong>gloriae</strong></span> <span class='ocrx_word' id='word_1_529' title='bbox 1180 1698 1320 1725; x_wconf 83' lang='lat' dir='ltr'><strong>extensior</strong></span> <span class='ocrx_word' id='word_1_530' title='bbox 1334 1701 1417 1731; x_wconf 82' lang='lat' dir='ltr'><strong>atque</strong></span> <span class='ocrx_word' id='word_1_531' title='bbox 1432 1697 1550 1730; x_wconf 88' lang='lat' dir='ltr'><strong>amplior</strong></span> <span class='ocrx_word' id='word_1_532' title='bbox 1569 1697 1694 1730; x_wconf 67' lang='lat' dir='ltr'><strong>qumdam</strong></span> 
     </span>
    </p>
   </div>
   <div class='ocr_carea' id='block_1_64' title="bbox 903 1743 1693 1778">
    <p class='ocr_par' dir='ltr' id='par_1_64' title="bbox 903 1743 1693 1778">
     <span class='ocr_line' id='line_1_64' title="bbox 903 1743 1693 1778; baseline -0.005 -5"><span class='ocrx_word' id='word_1_533' title='bbox 903 1746 974 1773; x_wconf 86' lang='lat' dir='ltr'><strong>laus.</strong></span> <span class='ocrx_word' id='word_1_534' title='bbox 993 1745 1058 1772; x_wconf 86' lang='lat' dir='ltr'><strong>Nam</strong></span> <span class='ocrx_word' id='word_1_535' title='bbox 1075 1752 1138 1772; x_wconf 92' lang='lat' dir='ltr'><strong>cum</strong></span> <span class='ocrx_word' id='word_1_536' title='bbox 1154 1745 1246 1772; x_wconf 88' lang='lat' dir='ltr'><strong>laudis</strong></span> <span class='ocrx_word' id='word_1_537' title='bbox 1262 1751 1363 1771; x_wconf 88' lang='lat' dir='ltr'><strong>nomen</strong></span> <span class='ocrx_word' id='word_1_538' title='bbox 1384 1743 1548 1778; x_wconf 88' lang='lat' dir='ltr'><strong>simpliciter</strong></span> <span class='ocrx_word' id='word_1_539' title='bbox 1564 1743 1693 1775; x_wconf 83' lang='lat' dir='ltr'><strong>dicimus,</strong></span> 
     </span>
    </p>
   </div>
   <div class='ocr_carea' id='block_1_65' title="bbox 902 1787 1692 1826">
    <p class='ocr_par' dir='ltr' id='par_1_65' title="bbox 902 1787 1692 1826">
     <span class='ocr_line' id='line_1_65' title="bbox 902 1787 1692 1826; baseline -0.005 -8"><span class='ocrx_word' id='word_1_540' title='bbox 902 1791 1078 1826; x_wconf 76' lang='lat' dir='ltr'><strong>vulgariores</strong></span> <span class='ocrx_word' id='word_1_541' title='bbox 1109 1797 1140 1817; x_wconf 87' lang='lat' dir='ltr'><strong>ac</strong></span> <span class='ocrx_word' id='word_1_542' title='bbox 1172 1790 1316 1817; x_wconf 80' lang='lat' dir='ltr'><strong>breviores</strong></span> <span class='ocrx_word' id='word_1_543' title='bbox 1355 1788 1451 1815; x_wconf 82' lang='lat' dir='ltr'><strong>laudes</strong></span> <span class='ocrx_word' id='word_1_544' title='bbox 1494 1787 1692 1821; x_wconf 72' lang='lat' dir='ltr'><strong>significamus.</strong></span> 
     </span>
    </p>
   </div>
   <div class='ocr_carea' id='block_1_66' title="bbox 902 1834 1692 1870">
    <p class='ocr_par' dir='ltr' id='par_1_66' title="bbox 902 1834 1692 1870">
     <span class='ocr_line' id='line_1_66' title="bbox 902 1834 1692 1870; baseline -0.008 -5"><span class='ocrx_word' id='word_1_545' title='bbox 902 1837 1050 1865; x_wconf 81' lang='lat' dir='ltr'><strong>Confessio</strong></span> <span class='ocrx_word' id='word_1_546' title='bbox 1078 1837 1160 1864; x_wconf 87' lang='lat' dir='ltr'><strong>etiam</strong></span> <span class='ocrx_word' id='word_1_547' title='bbox 1193 1836 1312 1870; x_wconf 88' lang='lat' dir='ltr'><strong>amplum</strong></span> <span class='ocrx_word' id='word_1_548' title='bbox 1340 1835 1476 1869; x_wconf 87' lang='lat' dir='ltr'><strong>quoddam</strong></span> <span class='ocrx_word' id='word_1_549' title='bbox 1500 1834 1692 1862; x_wconf 73' lang='lat' dir='ltr'><strong>testimonium</strong></span> 
     </span>
    </p>
   </div>
   <div class='ocr_carea' id='block_1_67' title="bbox 902 1879 1693 1916">
    <p class='ocr_par' dir='ltr' id='par_1_67' title="bbox 902 1879 1693 1916">
     <span class='ocr_line' id='line_1_67' title="bbox 902 1879 1693 1916; baseline -0.008 -6"><span class='ocrx_word' id='word_1_550' title='bbox 902 1887 944 1910; x_wconf 83' lang='lat' dir='ltr'><strong>est</strong></span> <span class='ocrx_word' id='word_1_551' title='bbox 959 1887 986 1910; x_wconf 87' lang='lat' dir='ltr'><strong>et</strong></span> <span class='ocrx_word' id='word_1_552' title='bbox 1001 1883 1078 1911; x_wconf 84' lang='lat' dir='ltr'><strong>fides,</strong></span> <span class='ocrx_word' id='word_1_553' title='bbox 1096 1889 1149 1916; x_wconf 87' lang='lat' dir='ltr'><strong>qua</strong></span> <span class='ocrx_word' id='word_1_554' title='bbox 1168 1886 1216 1908; x_wconf 85' lang='lat' dir='ltr'><strong>aut</strong></span> <span class='ocrx_word' id='word_1_555' title='bbox 1235 1881 1307 1908; x_wconf 88' lang='lat' dir='ltr'><strong>bona</strong></span> <span class='ocrx_word' id='word_1_556' title='bbox 1321 1888 1382 1915; x_wconf 71' lang='lat' dir='ltr'><strong>qua:</strong></span> <span class='ocrx_word' id='word_1_557' title='bbox 1396 1881 1550 1914; x_wconf 83' lang='lat' dir='ltr'><strong>recepimus</strong></span> <span class='ocrx_word' id='word_1_558' title='bbox 1564 1879 1693 1909; x_wconf 84' lang='lat' dir='ltr'><strong>fatemur,</strong></span> 
     </span>
    </p>
   </div>
   <div class='ocr_carea' id='block_1_68' title="bbox 903 1926 1694 1963">
    <p class='ocr_par' dir='ltr' id='par_1_68' title="bbox 903 1926 1694 1963">
     <span class='ocr_line' id='line_1_68' title="bbox 903 1926 1694 1963; baseline -0.005 -8"><span class='ocrx_word' id='word_1_559' title='bbox 903 1933 949 1955; x_wconf 87' lang='lat' dir='ltr'><strong>aut</strong></span> <span class='ocrx_word' id='word_1_560' title='bbox 962 1929 1032 1955; x_wconf 86' lang='lat' dir='ltr'><strong>mala</strong></span> <span class='ocrx_word' id='word_1_561' title='bbox 1048 1936 1109 1963; x_wconf 57' lang='lat' dir='ltr'><strong>quas</strong></span> <span class='ocrx_word' id='word_1_562' title='bbox 1133 1928 1336 1954; x_wconf 89' lang='lat' dir='ltr'><strong>commisimus.</strong></span> <span class='ocrx_word' id='word_1_563' title='bbox 1362 1926 1449 1953; x_wconf 84' lang='lat' dir='ltr'><strong>Porro</strong></span> <span class='ocrx_word' id='word_1_564' title='bbox 1476 1927 1565 1952; x_wconf 84' lang='lat' dir='ltr'><strong>oratio</strong></span> <span class='ocrx_word' id='word_1_565' title='bbox 1598 1932 1694 1958; x_wconf 72' lang='lat' dir='ltr'><strong>preces</strong></span> 
     </span>
    </p>
   </div>
   <div class='ocr_carea' id='block_1_69' title="bbox 63 1968 810 2009">
    <p class='ocr_par' dir='ltr' id='par_1_69' title="bbox 63 1968 810 2008">
     <span class='ocr_line' id='line_1_69' title="bbox 63 1968 810 2008; baseline 0.008 -14"><span class='ocrx_word' id='word_1_566' title='bbox 63 1968 110 1994; x_wconf 74' lang='grc' dir='ltr'><strong>καὶ</strong></span> <span class='ocrx_word' id='word_1_567' title='bbox 125 1969 170 1995; x_wconf 78' lang='grc' dir='ltr'><strong>διὰ</strong></span> <span class='ocrx_word' id='word_1_568' title='bbox 185 1968 239 1995; x_wconf 85' lang='grc' dir='ltr'><strong>τῶν</strong></span> <span class='ocrx_word' id='word_1_569' title='bbox 254 1969 345 1995; x_wconf 81' lang='grc' dir='ltr'>καλῶν</span> <span class='ocrx_word' id='word_1_570' title='bbox 365 1969 454 2005; x_wconf 77' lang='grc' dir='ltr'>ἔργων</span> <span class='ocrx_word' id='word_1_571' title='bbox 472 1972 648 2006; x_wconf 75' lang='grc' dir='ltr'>ὲπαφώμενοι</span> <span class='ocrx_word' id='word_1_572' title='bbox 663 1973 763 2008; x_wconf 72' lang='grc' dir='ltr'>τρόπον</span> <span class='ocrx_word' id='word_1_573' title='bbox 778 1983 810 2000; x_wconf 61' lang='grc' dir='ltr'>τιπ</span> 
     </span>
    </p>
   </div>
   <div class='ocr_carea' id='block_1_70' title="bbox 945 1968 1692 2009">
    <p class='ocr_par' dir='ltr' id='par_1_70' title="bbox 948 1969 1692 2007">
     <span class='ocr_line' id='line_1_70' title="bbox 948 1969 1692 2007; baseline -0.009 -5"><span class='ocrx_word' id='word_1_574' title='bbox 948 1975 1052 2005; x_wconf 84' lang='lat' dir='ltr'><strong>nilicat,</strong></span> <span class='ocrx_word' id='word_1_575' title='bbox 1068 1978 1095 2000; x_wconf 87' lang='lat' dir='ltr'><strong>et</strong></span> <span class='ocrx_word' id='word_1_576' title='bbox 1120 1978 1214 2001; x_wconf 82' lang='lat' dir='ltr'><strong>votum</strong></span> <span class='ocrx_word' id='word_1_577' title='bbox 1250 1972 1474 2007; x_wconf 86' lang='lat' dir='ltr'><strong>promissionem,</strong></span> <span class='ocrx_word' id='word_1_578' title='bbox 1497 1971 1643 2004; x_wconf 80' lang='lat' dir='ltr'><strong>omniaque</strong></span> <span class='ocrx_word' id='word_1_579' title='bbox 1659 1969 1692 1996; x_wconf 83' lang='lat' dir='ltr'><strong>ad</strong></span> 
     </span>
    </p>
   </div>
   <div class='ocr_carea' id='block_1_71' title="bbox 62 2014 849 2054">
    <p class='ocr_par' dir='ltr' id='par_1_71' title="bbox 62 2014 849 2054">
     <span class='ocr_line' id='line_1_71' title="bbox 62 2014 849 2054; baseline 0.01 -15"><span class='ocrx_word' id='word_1_580' title='bbox 62 2015 110 2040; x_wconf 83' lang='grc' dir='ltr'>καὶ</span> <span class='ocrx_word' id='word_1_581' title='bbox 124 2014 258 2049; x_wconf 73' lang='grc' dir='ltr'>ψαύοντες</span> <span class='ocrx_word' id='word_1_582' title='bbox 269 2015 365 2045; x_wconf 71' lang='grc' dir='ltr'>αὑτοῦ.</span> <span class='ocrx_word' id='word_1_583' title='bbox 380 2017 480 2051; x_wconf 80' lang='grc' dir='ltr'>πρᾶξιν</span> <span class='ocrx_word' id='word_1_584' title='bbox 495 2018 680 2053; x_wconf 76' lang='grc' dir='ltr'>ἀποτελοῦμεν</span> <span class='ocrx_word' id='word_1_585' title='bbox 699 2020 803 2054; x_wconf 76' lang='grc' dir='ltr'>ἀγαθήν</span> <span class='ocrx_word' id='word_1_586' title='bbox 819 2029 849 2047; x_wconf 85' lang='grc' dir='ltr'><strong>τε</strong></span> 
     </span>
    </p>
   </div>
   <div class='ocr_carea' id='block_1_72' title="bbox 63 2060 848 2100">
    <p class='ocr_par' dir='ltr' id='par_1_72' title="bbox 63 2060 848 2100">
     <span class='ocr_line' id='line_1_72' title="bbox 63 2060 848 2100; baseline 0.008 -14"><span class='ocrx_word' id='word_1_587' title='bbox 63 2060 110 2086; x_wconf 78' lang='grc' dir='ltr'>καὶ</span> <span class='ocrx_word' id='word_1_588' title='bbox 132 2061 305 2096; x_wconf 77' lang='grc' dir='ltr'>ἐναρμόνιον,</span> <span class='ocrx_word' id='word_1_589' title='bbox 332 2063 355 2088; x_wconf 85' lang='grc' dir='ltr'>εἰ</span> <span class='ocrx_word' id='word_1_590' title='bbox 372 2063 419 2088; x_wconf 70' lang='grc' dir='ltr'>καὶ</span> <span class='ocrx_word' id='word_1_591' title='bbox 445 2063 528 2096; x_wconf 81' lang='grc' dir='ltr'>μήπω</span> <span class='ocrx_word' id='word_1_592' title='bbox 554 2063 672 2099; x_wconf 80' lang='grc' dir='ltr'>θεωρίας</span> <span class='ocrx_word' id='word_1_593' title='bbox 694 2065 848 2100; x_wconf 60' lang='grc' dir='ltr'>ἐπέϐημεν</span> 
     </span>
    </p>
   </div>
   <div class='ocr_carea' id='block_1_73' title="bbox 62 2103 849 2144">
    <p class='ocr_par' dir='ltr' id='par_1_73' title="bbox 62 2103 849 2144">
     <span class='ocr_line' id='line_1_73' title="bbox 62 2103 849 2144; baseline 0.009 -13"><span class='ocrx_word' id='word_1_594' title='bbox 62 2103 116 2140; x_wconf 76' lang='grc' dir='ltr'><strong>ᾠδὴ</strong></span> <span class='ocrx_word' id='word_1_595' title='bbox 130 2106 169 2139; x_wconf 85' lang='grc' dir='ltr'>δὲ,</span> <span class='ocrx_word' id='word_1_596' title='bbox 184 2107 229 2133; x_wconf 70' lang='grc' dir='ltr'>ὅτε</span> <span class='ocrx_word' id='word_1_597' title='bbox 244 2108 327 2142; x_wconf 72' lang='grc' dir='ltr'>χωρὶς</span> <span class='ocrx_word' id='word_1_598' title='bbox 344 2107 391 2134; x_wconf 81' lang='grc' dir='ltr'>τοῦ</span> <span class='ocrx_word' id='word_1_599' title='bbox 409 2109 564 2142; x_wconf 80' lang='grc' dir='ltr'>πρακτικοῦ</span> <span class='ocrx_word' id='word_1_600' title='bbox 579 2109 736 2144; x_wconf 81' lang='grc' dir='ltr'>θεωροῦμεν</span> <span class='ocrx_word' id='word_1_601' title='bbox 753 2112 786 2138; x_wconf 71' lang='grc' dir='ltr'><strong>τὰ</strong></span> <span class='ocrx_word' id='word_1_602' title='bbox 800 2111 849 2142; x_wconf 76' lang='grc' dir='ltr'><strong>τῆς</strong></span> 
     </span>
    </p>
   </div>
   <div class='ocr_carea' id='block_1_74' title="bbox 61 2150 849 2193">
    <p class='ocr_par' dir='ltr' id='par_1_74' title="bbox 61 2150 849 2193">
     <span class='ocr_line' id='line_1_74' title="bbox 61 2150 849 2193; baseline 0.009 -16"><span class='ocrx_word' id='word_1_603' title='bbox 61 2150 191 2187; x_wconf 79' lang='grc' dir='ltr'>ἀληθείας</span> <span class='ocrx_word' id='word_1_604' title='bbox 208 2154 356 2189; x_wconf 80' lang='grc' dir='ltr'>μυστήρια,</span> <span class='ocrx_word' id='word_1_605' title='bbox 384 2156 606 2189; x_wconf 78' lang='grc' dir='ltr'>γεγυμνασμένοι</span> <span class='ocrx_word' id='word_1_606' title='bbox 627 2157 676 2192; x_wconf 79' lang='grc' dir='ltr'><strong>ἤδη</strong></span> <span class='ocrx_word' id='word_1_607' title='bbox 701 2158 849 2193; x_wconf 72' lang='grc' dir='ltr'>τυγχάνον-</span> 
     </span>
    </p>
   </div>
   <div class='ocr_carea' id='block_1_75' title="bbox 61 2198 848 2239">
    <p class='ocr_par' dir='ltr' id='par_1_75' title="bbox 61 2198 848 2239">
     <span class='ocr_line' id='line_1_75' title="bbox 61 2198 848 2239; baseline 0.01 -17"><span class='ocrx_word' id='word_1_608' title='bbox 61 2205 119 2228; x_wconf 86' lang='grc' dir='ltr'>τες·</span> <span class='ocrx_word' id='word_1_609' title='bbox 134 2198 192 2233; x_wconf 79' lang='grc' dir='ltr'><strong>ᾠδὴ</strong></span> <span class='ocrx_word' id='word_1_610' title='bbox 207 2199 236 2225; x_wconf 83' lang='grc' dir='ltr'><strong>δὲ</strong></span> <span class='ocrx_word' id='word_1_611' title='bbox 251 2199 370 2234; x_wconf 82' lang='grc' dir='ltr'>ψαλμοῦ,</span> <span class='ocrx_word' id='word_1_612' title='bbox 387 2201 451 2228; x_wconf 78' lang='grc' dir='ltr'>ὅταν</span> <span class='ocrx_word' id='word_1_613' title='bbox 465 2202 642 2236; x_wconf 78' lang='grc' dir='ltr'>προαγούσης</span> <span class='ocrx_word' id='word_1_614' title='bbox 658 2204 764 2238; x_wconf 81' lang='grc' dir='ltr'>ἀγαθῆς</span> <span class='ocrx_word' id='word_1_615' title='bbox 778 2205 848 2239; x_wconf 82' lang='grc' dir='ltr'>πρά-</span> 
     </span>
    </p>
   </div>
   <div class='ocr_carea' id='block_1_76' title="bbox 63 2241 849 2284">
    <p class='ocr_par' dir='ltr' id='par_1_76' title="bbox 63 2241 849 2284">
     <span class='ocr_line' id='line_1_76' title="bbox 63 2241 849 2284; baseline 0.009 -15"><span class='ocrx_word' id='word_1_616' title='bbox 63 2241 139 2275; x_wconf 77' lang='grc' dir='ltr'>ξεως,</span> <span class='ocrx_word' id='word_1_617' title='bbox 166 2246 206 2276; x_wconf 78' lang='grc' dir='ltr'><strong>εἰς</strong></span> <span class='ocrx_word' id='word_1_618' title='bbox 224 2244 340 2279; x_wconf 78' lang='grc' dir='ltr'>θεωρίαν</span> <span class='ocrx_word' id='word_1_619' title='bbox 362 2249 589 2282; x_wconf 83' lang='grc' dir='ltr'>καταντήσωμεν,</span> <span class='ocrx_word' id='word_1_620' title='bbox 607 2249 677 2275; x_wconf 67' lang='grc' dir='ltr'>κατὰ</span> <span class='ocrx_word' id='word_1_621' title='bbox 691 2250 721 2275; x_wconf 82' lang='grc' dir='ltr'>τὸ</span> <span class='ocrx_word' id='word_1_622' title='bbox 736 2250 849 2284; x_wconf 79' lang='grc' dir='ltr'>εἰρημέ-</span> 
     </span>
    </p>
   </div>
   <div class='ocr_carea' id='block_1_77' title="bbox 62 2290 848 2329">
    <p class='ocr_par' dir='ltr' id='par_1_77' title="bbox 62 2290 848 2329">
     <span class='ocr_line' id='line_1_77' title="bbox 62 2290 848 2329; baseline 0.009 -14"><span class='ocrx_word' id='word_1_623' title='bbox 62 2296 119 2313; x_wconf 84' lang='grc' dir='ltr'>νον·</span> <span class='ocrx_word' id='word_1_624' title='bbox 140 2290 350 2324; x_wconf 67' lang='grc' dir='ltr'>Ἐπεθύμησας</span> <span class='ocrx_word' id='word_1_625' title='bbox 366 2294 489 2326; x_wconf 64' lang='grc' dir='ltr'>σοφίαν,</span> <span class='ocrx_word' id='word_1_626' title='bbox 510 2293 698 2327; x_wconf 77' lang='grc' dir='ltr'>διατήρησον</span> <span class='ocrx_word' id='word_1_627' title='bbox 710 2295 848 2329; x_wconf 70' lang='grc' dir='ltr'><strong>ἐντολὰς,</strong></span> 
     </span>
    </p>
   </div>
   <div class='ocr_carea' id='block_1_78' title="bbox 64 2335 847 2376">
    <p class='ocr_par' dir='ltr' id='par_1_78' title="bbox 64 2335 847 2376">
     <span class='ocr_line' id='line_1_78' title="bbox 64 2335 847 2376; baseline 0.011 -17"><span class='ocrx_word' id='word_1_628' title='bbox 64 2335 110 2360; x_wconf 77' lang='grc' dir='ltr'>καὶ</span> <span class='ocrx_word' id='word_1_629' title='bbox 125 2337 232 2369; x_wconf 80' lang='grc' dir='ltr'>Κύριος</span> <span class='ocrx_word' id='word_1_630' title='bbox 243 2338 404 2372; x_wconf 66' lang='grc' dir='ltr'>χορηγήσει</span> <span class='ocrx_word' id='word_1_631' title='bbox 416 2347 465 2365; x_wconf 85' lang='grc' dir='ltr'><strong>σοι</strong></span> <span class='ocrx_word' id='word_1_632' title='bbox 480 2340 586 2373; x_wconf 74' lang='grc' dir='ltr'><strong>αὑτήν.</strong></span> <span class='ocrx_word' id='word_1_633' title='bbox 600 2341 713 2374; x_wconf 70' lang='grc' dir='ltr'>Ψαλμὺς</span> <span class='ocrx_word' id='word_1_634' title='bbox 725 2342 753 2368; x_wconf 76' lang='grc' dir='ltr'><strong>δὲ</strong></span> <span class='ocrx_word' id='word_1_635' title='bbox 767 2342 847 2376; x_wconf 68' lang='grc' dir='ltr'>ᾠδῆς,</span> 
     </span>
    </p>
   </div>
   <div class='ocr_carea' id='block_1_79' title="bbox 63 2378 849 2423">
    <p class='ocr_par' dir='ltr' id='par_1_79' title="bbox 63 2378 849 2423">
     <span class='ocr_line' id='line_1_79' title="bbox 63 2378 849 2423; baseline 0.013 -19"><span class='ocrx_word' id='word_1_636' title='bbox 63 2378 106 2404; x_wconf 85' lang='grc' dir='ltr'>ὅτε</span> <span class='ocrx_word' id='word_1_637' title='bbox 119 2380 169 2415; x_wconf 80' lang='grc' dir='ltr'><strong>τῆς</strong></span> <span class='ocrx_word' id='word_1_638' title='bbox 190 2381 305 2417; x_wconf 75' lang='grc' dir='ltr'>Θεωρίας</span> <span class='ocrx_word' id='word_1_639' title='bbox 320 2384 522 2418; x_wconf 77' lang='grc' dir='ltr'>σαφηνιζοὺσης</span> <span class='ocrx_word' id='word_1_640' title='bbox 538 2386 597 2411; x_wconf 69' lang='grc' dir='ltr'>τινὰ</span> <span class='ocrx_word' id='word_1_641' title='bbox 611 2387 665 2411; x_wconf 86' lang='grc' dir='ltr'><strong>τῶν</strong></span> <span class='ocrx_word' id='word_1_642' title='bbox 687 2389 849 2423; x_wconf 77' lang='grc' dir='ltr'>κεκρυμμέ-</span> 
     </span>
    </p>
   </div>
   <div class='ocr_carea' id='block_1_80' title="bbox 65 2428 849 2467">
    <p class='ocr_par' dir='ltr' id='par_1_80' title="bbox 65 2428 849 2467">
     <span class='ocr_line' id='line_1_80' title="bbox 65 2428 849 2467; baseline 0.011 -17"><span class='ocrx_word' id='word_1_643' title='bbox 65 2434 115 2453; x_wconf 85' lang='grc' dir='ltr'><strong>νων</strong></span> <span class='ocrx_word' id='word_1_644' title='bbox 137 2428 252 2461; x_wconf 65' lang='grc' dir='ltr'><strong>⁴ᾗθικῶν,</strong></span> <span class='ocrx_word' id='word_1_645' title='bbox 270 2430 308 2461; x_wconf 88' lang='grc' dir='ltr'><strong>είς</strong></span> <span class='ocrx_word' id='word_1_646' title='bbox 339 2430 472 2464; x_wconf 75' lang='grc' dir='ltr'>ἐργασίαν</span> <span class='ocrx_word' id='word_1_647' title='bbox 495 2431 598 2457; x_wconf 73' lang='grc' dir='ltr'>τούτων</span> <span class='ocrx_word' id='word_1_648' title='bbox 624 2432 771 2467; x_wconf 76' lang='grc' dir='ltr'>ἐρχόμεθα.</span> <span class='ocrx_word' id='word_1_649' title='bbox 795 2434 849 2459; x_wconf 80' lang='grc' dir='ltr'><strong>Καὶ</strong></span> 
     </span>
    </p>
   </div>
   <div class='ocr_carea' id='block_1_81' title="bbox 64 2471 849 2514">
    <p class='ocr_par' dir='ltr' id='par_1_81' title="bbox 64 2471 849 2514">
     <span class='ocr_line' id='line_1_81' title="bbox 64 2471 849 2514; baseline 0.01 -16"><span class='ocrx_word' id='word_1_650' title='bbox 64 2471 131 2506; x_wconf 81' lang='grc' dir='ltr'>τάχα</span> <span class='ocrx_word' id='word_1_651' title='bbox 143 2474 187 2501; x_wconf 81' lang='grc' dir='ltr'>διὰ</span> <span class='ocrx_word' id='word_1_652' title='bbox 202 2475 280 2501; x_wconf 81' lang='grc' dir='ltr'>τοῦτο</span> <span class='ocrx_word' id='word_1_653' title='bbox 297 2475 405 2510; x_wconf 80' lang='grc' dir='ltr'>πρῶτον</span> <span class='ocrx_word' id='word_1_654' title='bbox 422 2477 446 2502; x_wconf 84' lang='grc' dir='ltr'>οἱ</span> <span class='ocrx_word' id='word_1_655' title='bbox 461 2476 573 2511; x_wconf 71' lang='grc' dir='ltr'>ψαλμοὶ,</span> <span class='ocrx_word' id='word_1_656' title='bbox 591 2476 650 2504; x_wconf 81' lang='grc' dir='ltr'>εἶτα</span> <span class='ocrx_word' id='word_1_657' title='bbox 669 2479 696 2505; x_wconf 79' lang='lat' dir='ltr'><strong>al</strong></span> <span class='ocrx_word' id='word_1_658' title='bbox 714 2479 791 2514; x_wconf 74' lang='grc' dir='ltr'>ᾠδαὶ,</span> <span class='ocrx_word' id='word_1_659' title='bbox 808 2479 849 2506; x_wconf 76' lang='grc' dir='ltr'>ὅτι</span> 
     </span>
    </p>
   </div>
   <div class='ocr_carea' id='block_1_82' title="bbox 64 2518 848 2558">
    <p class='ocr_par' dir='ltr' id='par_1_82' title="bbox 64 2518 848 2558">
     <span class='ocr_line' id='line_1_82' title="bbox 64 2518 848 2558; baseline 0.008 -13"><span class='ocrx_word' id='word_1_660' title='bbox 64 2518 115 2553; x_wconf 81' lang='grc' dir='ltr'><strong>χρὴ</strong></span> <span class='ocrx_word' id='word_1_661' title='bbox 129 2521 174 2546; x_wconf 79' lang='grc' dir='ltr'>καὶ</span> <span class='ocrx_word' id='word_1_662' title='bbox 189 2521 232 2547; x_wconf 64' lang='grc' dir='ltr'><strong>διὰ</strong></span> <span class='ocrx_word' id='word_1_663' title='bbox 249 2521 298 2556; x_wconf 78' lang='grc' dir='ltr'>τῆς</span> <span class='ocrx_word' id='word_1_664' title='bbox 316 2522 472 2556; x_wconf 75' lang='grc' dir='ltr'>πρακτικῆς</span> <span class='ocrx_word' id='word_1_665' title='bbox 495 2523 594 2555; x_wconf 74' lang='grc' dir='ltr'>ίόντας,</span> <span class='ocrx_word' id='word_1_666' title='bbox 612 2525 652 2554; x_wconf 74' lang='grc' dir='ltr'><strong>εἰς</strong></span> <span class='ocrx_word' id='word_1_667' title='bbox 673 2525 789 2558; x_wconf 81' lang='grc' dir='ltr'>Θεωρίαν</span> <span class='ocrx_word' id='word_1_668' title='bbox 803 2526 848 2551; x_wconf 80' lang='grc' dir='ltr'><strong>ὲλ-</strong></span> 
     </span>
    </p>
   </div>
   <div class='ocr_carea' id='block_1_83' title="bbox 66 2562 848 2604">
    <p class='ocr_par' dir='ltr' id='par_1_83' title="bbox 66 2562 848 2604">
     <span class='ocr_line' id='line_1_83' title="bbox 66 2562 848 2604; baseline 0.012 -16"><span class='ocrx_word' id='word_1_669' title='bbox 66 2562 128 2591; x_wconf 84' lang='grc' dir='ltr'>θεῖν.</span> <span class='ocrx_word' id='word_1_670' title='bbox 148 2566 243 2592; x_wconf 77' lang='grc' dir='ltr'>Ἔνθεν</span> <span class='ocrx_word' id='word_1_671' title='bbox 263 2576 304 2593; x_wconf 82' lang='grc' dir='ltr'><strong>τοι</strong></span> <span class='ocrx_word' id='word_1_672' title='bbox 317 2568 364 2594; x_wconf 75' lang='grc' dir='ltr'><strong>καὶ</strong></span> <span class='ocrx_word' id='word_1_673' title='bbox 380 2568 448 2602; x_wconf 76' lang='grc' dir='ltr'>πρὸς</span> <span class='ocrx_word' id='word_1_674' title='bbox 461 2577 500 2603; x_wconf 81' lang='grc' dir='ltr'>τῳ</span> <span class='ocrx_word' id='word_1_675' title='bbox 512 2569 583 2595; x_wconf 74' lang='grc' dir='ltr'>τέλει</span> <span class='ocrx_word' id='word_1_676' title='bbox 601 2570 697 2597; x_wconf 76' lang='grc' dir='ltr'>πολλαὶ</span> <span class='ocrx_word' id='word_1_677' title='bbox 707 2570 784 2604; x_wconf 74' lang='grc' dir='ltr'>ᾠδαί⁸</span> <span class='ocrx_word' id='word_1_678' title='bbox 802 2571 848 2597; x_wconf 71' lang='grc' dir='ltr'>καὶ</span> 
     </span>
    </p>
   </div>
   <div class='ocr_carea' id='block_1_84' title="bbox 66 2607 847 2651">
    <p class='ocr_par' dir='ltr' id='par_1_84' title="bbox 66 2607 847 2651">
     <span class='ocr_line' id='line_1_84' title="bbox 66 2607 847 2651; baseline 0.01 -16"><span class='ocrx_word' id='word_1_679' title='bbox 66 2607 129 2636; x_wconf 78' lang='grc' dir='ltr'>ὅπου</span> <span class='ocrx_word' id='word_1_680' title='bbox 146 2612 312 2648; x_wconf 75' lang='grc' dir='ltr'>ἀναϐαθμδς,</span> <span class='ocrx_word' id='word_1_681' title='bbox 328 2613 447 2647; x_wconf 74' lang='grc' dir='ltr'>οὐδαμοῦ</span> <span class='ocrx_word' id='word_1_682' title='bbox 463 2614 580 2649; x_wconf 74' lang='grc' dir='ltr'>ψαλμὺς,</span> <span class='ocrx_word' id='word_1_683' title='bbox 591 2615 653 2641; x_wconf 63' lang='grc' dir='ltr'>οὔτε</span> <span class='ocrx_word' id='word_1_684' title='bbox 672 2617 729 2650; x_wconf 80' lang='grc' dir='ltr'>μετ’</span> <span class='ocrx_word' id='word_1_685' title='bbox 746 2617 847 2651; x_wconf 74' lang='grc' dir='ltr'>ἐμπλο-</span> 
     </span>
    </p>
   </div>
   <div class='ocr_carea' id='block_1_85' title="bbox 902 2016 1692 2054">
    <p class='ocr_par' dir='ltr' id='par_1_85' title="bbox 902 2016 1692 2054">
     <span class='ocr_line' id='line_1_85' title="bbox 902 2016 1692 2054; baseline -0.009 -6"><span class='ocrx_word' id='word_1_686' title='bbox 902 2022 986 2048; x_wconf 88' lang='lat' dir='ltr'><strong>Deum</strong></span> <span class='ocrx_word' id='word_1_687' title='bbox 1001 2021 1148 2054; x_wconf 81' lang='lat' dir='ltr'><strong>pertinent.</strong></span> <span class='ocrx_word' id='word_1_688' title='bbox 1176 2019 1245 2051; x_wconf 84' lang='lat' dir='ltr'><strong>Quid</strong></span> <span class='ocrx_word' id='word_1_689' title='bbox 1265 2019 1358 2052; x_wconf 77' lang='lat' dir='ltr'><strong>itaque</strong></span> <span class='ocrx_word' id='word_1_690' title='bbox 1369 2019 1404 2045; x_wconf 90' lang='lat' dir='ltr'><strong>sit</strong></span> <span class='ocrx_word' id='word_1_691' title='bbox 1423 2018 1559 2051; x_wconf 84' lang='lat' dir='ltr'><strong>psalmus,</strong></span> <span class='ocrx_word' id='word_1_692' title='bbox 1586 2016 1692 2049; x_wconf 87' lang='lat' dir='ltr'><strong>etquid</strong></span> 
     </span>
    </p>
   </div>
   <div class='ocr_carea' id='block_1_86' title="bbox 901 2061 1693 2098">
    <p class='ocr_par' dir='ltr' id='par_1_86' title="bbox 901 2061 1693 2098">
     <span class='ocr_line' id='line_1_86' title="bbox 901 2061 1693 2098; baseline -0.008 -5"><span class='ocrx_word' id='word_1_693' title='bbox 901 2067 1054 2098; x_wconf 84' lang='lat' dir='ltr'><strong>canticum,</strong></span> <span class='ocrx_word' id='word_1_694' title='bbox 1069 2065 1176 2092; x_wconf 84' lang='lat' dir='ltr'><strong>abunde</strong></span> <span class='ocrx_word' id='word_1_695' title='bbox 1186 2065 1317 2092; x_wconf 82' lang='lat' dir='ltr'><strong>diximus.</strong></span> <span class='ocrx_word' id='word_1_696' title='bbox 1333 2064 1476 2091; x_wconf 83' lang='lat' dir='ltr'><strong>Canticum</strong></span> <span class='ocrx_word' id='word_1_697' title='bbox 1490 2067 1582 2089; x_wconf 85' lang='lat' dir='ltr'><strong>autem</strong></span> <span class='ocrx_word' id='word_1_698' title='bbox 1594 2061 1693 2096; x_wconf 85' lang='lat' dir='ltr'><strong>psalmi</strong></span> 
     </span>
    </p>
   </div>
   <div class='ocr_carea' id='block_1_87' title="bbox 901 2109 1694 2145">
    <p class='ocr_par' dir='ltr' id='par_1_87' title="bbox 901 2109 1694 2145">
     <span class='ocr_line' id='line_1_87' title="bbox 901 2109 1694 2145; baseline -0.006 -6"><span class='ocrx_word' id='word_1_699' title='bbox 901 2117 967 2140; x_wconf 86' lang='lat' dir='ltr'><strong>tunc</strong></span> <span class='ocrx_word' id='word_1_700' title='bbox 985 2116 1038 2141; x_wconf 88' lang='lat' dir='ltr'><strong>cst.</strong></span> <span class='ocrx_word' id='word_1_701' title='bbox 1068 2112 1177 2145; x_wconf 86' lang='lat' dir='ltr'><strong>quando</strong></span> <span class='ocrx_word' id='word_1_702' title='bbox 1195 2111 1300 2138; x_wconf 82' lang='lat' dir='ltr'><strong>musice</strong></span> <span class='ocrx_word' id='word_1_703' title='bbox 1324 2119 1374 2144; x_wconf 88' lang='lat' dir='ltr'><strong>per</strong></span> <span class='ocrx_word' id='word_1_704' title='bbox 1399 2110 1558 2143; x_wconf 73' lang='lat' dir='ltr'><strong>organicum</strong></span> <span class='ocrx_word' id='word_1_705' title='bbox 1589 2109 1694 2135; x_wconf 87' lang='lat' dir='ltr'><strong>instrn-</strong></span> 
     </span>
    </p>
   </div>
   <div class='ocr_carea' id='block_1_88' title="bbox 902 2154 1694 2191">
    <p class='ocr_par' dir='ltr' id='par_1_88' title="bbox 902 2154 1694 2191">
     <span class='ocr_line' id='line_1_88' title="bbox 902 2154 1694 2191; baseline -0.005 -7"><span class='ocrx_word' id='word_1_706' title='bbox 902 2162 1025 2185; x_wconf 76' lang='lat' dir='ltr'><strong>nientum</strong></span> <span class='ocrx_word' id='word_1_707' title='bbox 1043 2158 1118 2191; x_wconf 88' lang='lat' dir='ltr'><strong>prius</strong></span> <span class='ocrx_word' id='word_1_708' title='bbox 1149 2156 1320 2191; x_wconf 81' lang='lat' dir='ltr'><strong>disponitur,</strong></span> <span class='ocrx_word' id='word_1_709' title='bbox 1337 2161 1363 2182; x_wconf 86' lang='lat' dir='ltr'><strong>et</strong></span> <span class='ocrx_word' id='word_1_710' title='bbox 1386 2155 1485 2182; x_wconf 73' lang='lat' dir='ltr'><strong>deinde</strong></span> <span class='ocrx_word' id='word_1_711' title='bbox 1515 2154 1694 2188; x_wconf 77' lang='lat' dir='ltr'><strong>cousequitur</strong></span> 
     </span>
    </p>
   </div>
   <div class='ocr_carea' id='block_1_89' title="bbox 901 2201 1693 2236">
    <p class='ocr_par' dir='ltr' id='par_1_89' title="bbox 901 2201 1693 2236">
     <span class='ocr_line' id='line_1_89' title="bbox 901 2201 1693 2236; baseline -0.003 -6"><span class='ocrx_word' id='word_1_712' title='bbox 901 2211 951 2231; x_wconf 71' lang='lat' dir='ltr'><strong>vox</strong></span> <span class='ocrx_word' id='word_1_713' title='bbox 965 2211 1012 2229; x_wconf 85' lang='lat' dir='ltr'><strong>ore</strong></span> <span class='ocrx_word' id='word_1_714' title='bbox 1038 2203 1149 2234; x_wconf 85' lang='lat' dir='ltr'><strong>emissa.</strong></span> <span class='ocrx_word' id='word_1_715' title='bbox 1177 2210 1238 2236; x_wconf 74' lang='lat' dir='ltr'><strong>qum</strong></span> <span class='ocrx_word' id='word_1_716' title='bbox 1264 2201 1415 2228; x_wconf 88' lang='lat' dir='ltr'><strong>secundum</strong></span> <span class='ocrx_word' id='word_1_717' title='bbox 1445 2206 1562 2235; x_wconf 86' lang='lat' dir='ltr'><strong>occupat</strong></span> <span class='ocrx_word' id='word_1_718' title='bbox 1591 2201 1693 2228; x_wconf 86' lang='lat' dir='ltr'><strong>locum.</strong></span> 
     </span>
    </p>
   </div>
   <div class='ocr_carea' id='block_1_90' title="bbox 902 2247 1693 2281">
    <p class='ocr_par' dir='ltr' id='par_1_90' title="bbox 902 2247 1693 2281">
     <span class='ocr_line' id='line_1_90' title="bbox 902 2247 1693 2281; baseline -0.004 -4"><span class='ocrx_word' id='word_1_719' title='bbox 902 2251 1026 2277; x_wconf 84' lang='lat' dir='ltr'><strong>Psalmus</strong></span> <span class='ocrx_word' id='word_1_720' title='bbox 1044 2257 1108 2276; x_wconf 78' lang='lat' dir='ltr'><strong>vero</strong></span> <span class='ocrx_word' id='word_1_721' title='bbox 1126 2249 1227 2276; x_wconf 84' lang='lat' dir='ltr'><strong>cantici</strong></span> <span class='ocrx_word' id='word_1_722' title='bbox 1245 2252 1312 2275; x_wconf 88' lang='lat' dir='ltr'><strong>tunc</strong></span> <span class='ocrx_word' id='word_1_723' title='bbox 1349 2248 1463 2279; x_wconf 85' lang='lat' dir='ltr'><strong>dicitur.</strong></span> <span class='ocrx_word' id='word_1_724' title='bbox 1497 2248 1607 2281; x_wconf 87' lang='lat' dir='ltr'><strong>quando</strong></span> <span class='ocrx_word' id='word_1_725' title='bbox 1633 2247 1693 2280; x_wconf 82' lang='lat' dir='ltr'><strong>ejus</strong></span> 
     </span>
    </p>
   </div>
   <div class='ocr_carea' id='block_1_91' title="bbox 900 2293 1693 2332">
    <p class='ocr_par' dir='ltr' id='par_1_91' title="bbox 900 2293 1693 2332">
     <span class='ocr_line' id='line_1_91' title="bbox 900 2293 1693 2332; baseline -0.004 -9"><span class='ocrx_word' id='word_1_726' title='bbox 900 2297 1058 2332; x_wconf 87' lang='lat' dir='ltr'><strong>quodnunc</strong></span> <span class='ocrx_word' id='word_1_727' title='bbox 1076 2295 1195 2322; x_wconf 75' lang='lat' dir='ltr'><strong>diximus</strong></span> <span class='ocrx_word' id='word_1_728' title='bbox 1211 2295 1383 2321; x_wconf 86' lang='lat' dir='ltr'><strong>contrarium</strong></span> <span class='ocrx_word' id='word_1_729' title='bbox 1409 2295 1448 2321; x_wconf 81' lang='lat' dir='ltr'><strong>iit.</strong></span> <span class='ocrx_word' id='word_1_730' title='bbox 1476 2293 1558 2321; x_wconf 83' lang='lat' dir='ltr'><strong>Juxta</strong></span> <span class='ocrx_word' id='word_1_731' title='bbox 1590 2301 1693 2326; x_wconf 57' lang='lat' dir='ltr'><strong>annuo-</strong></span> 
     </span>
    </p>
   </div>
   <div class='ocr_carea' id='block_1_92' title="bbox 901 2340 1693 2378">
    <p class='ocr_par' dir='ltr' id='par_1_92' title="bbox 901 2340 1693 2378">
     <span class='ocr_line' id='line_1_92' title="bbox 901 2340 1693 2378; baseline -0.005 -8"><span class='ocrx_word' id='word_1_732' title='bbox 901 2351 952 2378; x_wconf 76' lang='lat' dir='ltr'><strong>gen</strong></span> <span class='ocrx_word' id='word_1_733' title='bbox 968 2351 999 2369; x_wconf 91' lang='lat' dir='ltr'><strong>ac</strong></span> <span class='ocrx_word' id='word_1_734' title='bbox 1013 2341 1145 2369; x_wconf 74' lang='lat' dir='ltr'><strong>moralem</strong></span> <span class='ocrx_word' id='word_1_735' title='bbox 1159 2349 1288 2371; x_wconf 87' lang='lat' dir='ltr'><strong>sensum,</strong></span> <span class='ocrx_word' id='word_1_736' title='bbox 1303 2340 1437 2375; x_wconf 88' lang='lat' dir='ltr'><strong>psalmum</strong></span> <span class='ocrx_word' id='word_1_737' title='bbox 1461 2345 1526 2367; x_wconf 83' lang='lat' dir='ltr'><strong>tunc</strong></span> <span class='ocrx_word' id='word_1_738' title='bbox 1557 2340 1693 2370; x_wconf 82' lang='lat' dir='ltr'><strong>canimus,</strong></span> 
     </span>
    </p>
   </div>
   <div class='ocr_carea' id='block_1_93' title="bbox 900 2385 1693 2424">
    <p class='ocr_par' dir='ltr' id='par_1_93' title="bbox 900 2385 1693 2424">
     <span class='ocr_line' id='line_1_93' title="bbox 900 2385 1693 2424; baseline -0.005 -10"><span class='ocrx_word' id='word_1_739' title='bbox 900 2388 1012 2424; x_wconf 88' lang='lat' dir='ltr'><strong>quando</strong></span> <span class='ocrx_word' id='word_1_740' title='bbox 1039 2395 1140 2422; x_wconf 88' lang='lat' dir='ltr'><strong>corpus</strong></span> <span class='ocrx_word' id='word_1_741' title='bbox 1169 2390 1296 2414; x_wconf 85' lang='lat' dir='ltr'><strong>nostrum</strong></span> <span class='ocrx_word' id='word_1_742' title='bbox 1327 2386 1408 2421; x_wconf 88' lang='lat' dir='ltr'><strong>quasi</strong></span> <span class='ocrx_word' id='word_1_743' title='bbox 1437 2385 1562 2420; x_wconf 84' lang='lat' dir='ltr'><strong>psalterii</strong></span> <span class='ocrx_word' id='word_1_744' title='bbox 1592 2385 1693 2412; x_wconf 84' lang='lat' dir='ltr'><strong>instru-</strong></span> 
     </span>
    </p>
   </div>
   <div class='ocr_carea' id='block_1_94' title="bbox 902 2431 1692 2467">
    <p class='ocr_par' dir='ltr' id='par_1_94' title="bbox 902 2431 1692 2467">
     <span class='ocr_line' id='line_1_94' title="bbox 902 2431 1692 2467; baseline -0.006 -5"><span class='ocrx_word' id='word_1_745' title='bbox 902 2439 1025 2462; x_wconf 88' lang='lat' dir='ltr'><strong>mentum</strong></span> <span class='ocrx_word' id='word_1_746' title='bbox 1047 2433 1229 2462; x_wconf 81' lang='lat' dir='ltr'><strong>intendimus.</strong></span> <span class='ocrx_word' id='word_1_747' title='bbox 1247 2437 1275 2459; x_wconf 91' lang='lat' dir='ltr'><strong>et.</strong></span> <span class='ocrx_word' id='word_1_748' title='bbox 1291 2440 1339 2466; x_wconf 88' lang='lat' dir='ltr'><strong>per</strong></span> <span class='ocrx_word' id='word_1_749' title='bbox 1359 2432 1432 2459; x_wconf 91' lang='lat' dir='ltr'><strong>bona</strong></span> <span class='ocrx_word' id='word_1_750' title='bbox 1451 2440 1535 2467; x_wconf 81' lang='lat' dir='ltr'><strong>opera</strong></span> <span class='ocrx_word' id='word_1_751' title='bbox 1556 2431 1692 2465; x_wconf 85' lang='lat' dir='ltr'><strong>quodam-</strong></span> 
     </span>
    </p>
   </div>
   <div class='ocr_carea' id='block_1_95' title="bbox 901 2477 1692 2516">
    <p class='ocr_par' dir='ltr' id='par_1_95' title="bbox 901 2477 1692 2516">
     <span class='ocr_line' id='line_1_95' title="bbox 901 2477 1692 2516; baseline -0.004 -10"><span class='ocrx_word' id='word_1_752' title='bbox 901 2481 980 2507; x_wconf 85' lang='lat' dir='ltr'><strong>modo</strong></span> <span class='ocrx_word' id='word_1_753' title='bbox 994 2480 1082 2514; x_wconf 87' lang='lat' dir='ltr'><strong>ipsum</strong></span> <span class='ocrx_word' id='word_1_754' title='bbox 1101 2479 1253 2516; x_wconf 81' lang='lat' dir='ltr'><strong>palpantes.</strong></span> <span class='ocrx_word' id='word_1_755' title='bbox 1266 2479 1357 2506; x_wconf 84' lang='lat' dir='ltr'><strong>bonas</strong></span> <span class='ocrx_word' id='word_1_756' title='bbox 1372 2485 1403 2506; x_wconf 89' lang='lat' dir='ltr'><strong>ac</strong></span> <span class='ocrx_word' id='word_1_757' title='bbox 1419 2478 1572 2505; x_wconf 87' lang='lat' dir='ltr'><strong>concinnas</strong></span> <span class='ocrx_word' id='word_1_758' title='bbox 1603 2477 1692 2504; x_wconf 88' lang='lat' dir='ltr'><strong>actio-</strong></span> 
     </span>
    </p>
   </div>
   <div class='ocr_carea' id='block_1_96' title="bbox 901 2522 1692 2561">
    <p class='ocr_par' dir='ltr' id='par_1_96' title="bbox 901 2522 1692 2561">
     <span class='ocr_line' id='line_1_96' title="bbox 901 2522 1692 2561; baseline -0.006 -8"><span class='ocrx_word' id='word_1_759' title='bbox 901 2534 950 2553; x_wconf 87' lang='lat' dir='ltr'><strong>nes</strong></span> <span class='ocrx_word' id='word_1_760' title='bbox 965 2526 1135 2561; x_wconf 85' lang='lat' dir='ltr'><strong>perﬁcimus,</strong></span> <span class='ocrx_word' id='word_1_761' title='bbox 1149 2533 1310 2560; x_wconf 81' lang='lat' dir='ltr'><strong>quanquam</strong></span> <span class='ocrx_word' id='word_1_762' title='bbox 1334 2524 1368 2551; x_wconf 85' lang='lat' dir='ltr'><strong>ad</strong></span> <span class='ocrx_word' id='word_1_763' title='bbox 1386 2524 1499 2551; x_wconf 84' lang='lat' dir='ltr'><strong>altiores</strong></span> <span class='ocrx_word' id='word_1_764' title='bbox 1523 2522 1692 2557; x_wconf 79' lang='lat' dir='ltr'><strong>contempla-</strong></span> 
     </span>
    </p>
   </div>
   <div class='ocr_carea' id='block_1_97' title="bbox 901 2570 1692 2600">
    <p class='ocr_par' dir='ltr' id='par_1_97' title="bbox 901 2570 1692 2600">
     <span class='ocr_line' id='line_1_97' title="bbox 901 2570 1692 2600; baseline -0.008 0"><span class='ocrx_word' id='word_1_765' title='bbox 901 2574 991 2600; x_wconf 78' lang='lat' dir='ltr'><strong>tiones</strong></span> <span class='ocrx_word' id='word_1_766' title='bbox 1005 2572 1124 2600; x_wconf 87' lang='lat' dir='ltr'><strong>nondum</strong></span> <span class='ocrx_word' id='word_1_767' title='bbox 1141 2571 1361 2599; x_wconf 83' lang='lat' dir='ltr'><strong>ascenderimus.</strong></span> <span class='ocrx_word' id='word_1_768' title='bbox 1378 2570 1455 2597; x_wconf 82' lang='lat' dir='ltr'><strong>Odcn</strong></span> <span class='ocrx_word' id='word_1_769' title='bbox 1467 2577 1531 2596; x_wconf 84' lang='lat' dir='ltr'><strong>vero</strong></span> <span class='ocrx_word' id='word_1_770' title='bbox 1563 2572 1610 2595; x_wconf 89' lang='lat' dir='ltr'><strong>aut</strong></span> <span class='ocrx_word' id='word_1_771' title='bbox 1625 2575 1692 2594; x_wconf 86' lang='lat' dir='ltr'><strong>can-</strong></span> 
     </span>
    </p>
   </div>
   <div class='ocr_carea' id='block_1_98' title="bbox 901 2614 1691 2650">
    <p class='ocr_par' dir='ltr' id='par_1_98' title="bbox 901 2614 1691 2650">
     <span class='ocr_line' id='line_1_98' title="bbox 901 2614 1691 2650; baseline -0.006 -5"><span class='ocrx_word' id='word_1_772' title='bbox 901 2619 986 2645; x_wconf 77' lang='lat' dir='ltr'><strong>ticum</strong></span> <span class='ocrx_word' id='word_1_773' title='bbox 1000 2625 1098 2645; x_wconf 87' lang='lat' dir='ltr'><strong>canere</strong></span> <span class='ocrx_word' id='word_1_774' title='bbox 1112 2622 1177 2644; x_wconf 88' lang='lat' dir='ltr'><strong>tunc</strong></span> <span class='ocrx_word' id='word_1_775' title='bbox 1195 2617 1250 2644; x_wconf 87' lang='lat' dir='ltr'><strong>dici</strong></span> <span class='ocrx_word' id='word_1_776' title='bbox 1267 2624 1429 2650; x_wconf 87' lang='lat' dir='ltr'><strong>possumus,</strong></span> <span class='ocrx_word' id='word_1_777' title='bbox 1446 2615 1558 2650; x_wconf 84' lang='lat' dir='ltr'><strong>quando</strong></span> <span class='ocrx_word' id='word_1_778' title='bbox 1587 2614 1691 2648; x_wconf 86' lang='lat' dir='ltr'><strong>ahsquc</strong></span> 
     </span>
    </p>
   </div>
   <div class='ocr_carea' id='block_1_99' title="bbox 66 2654 813 2699">
    <p class='ocr_par' dir='ltr' id='par_1_99' title="bbox 66 2654 813 2699">
     <span class='ocr_line' id='line_1_99' title="bbox 66 2654 813 2699; baseline 0.011 -17"><span class='ocrx_word' id='word_1_779' title='bbox 66 2654 116 2689; x_wconf 80' lang='grc' dir='ltr'><strong>κῆς</strong></span> <span class='ocrx_word' id='word_1_780' title='bbox 136 2657 215 2693; x_wconf 78' lang='grc' dir='ltr'>ᾠδῆς.</span> <span class='ocrx_word' id='word_1_781' title='bbox 239 2660 282 2685; x_wconf 86' lang='grc' dir='ltr'>Ἑν</span> <span class='ocrx_word' id='word_1_782' title='bbox 297 2659 351 2695; x_wconf 79' lang='grc' dir='ltr'><strong>γὰρ</strong></span> <span class='ocrx_word' id='word_1_783' title='bbox 366 2662 426 2692; x_wconf 81' lang='grc' dir='ltr'>ταῖς</span> <span class='ocrx_word' id='word_1_784' title='bbox 444 2662 607 2689; x_wconf 77' lang='grc' dir='ltr'>ἀναϐάσεσιν</span> <span class='ocrx_word' id='word_1_785' title='bbox 640 2663 665 2689; x_wconf 85' lang='grc' dir='ltr'>οἱ</span> <span class='ocrx_word' id='word_1_786' title='bbox 684 2663 756 2697; x_wconf 83' lang='grc' dir='ltr'>ἆγιοι</span> <span class='ocrx_word' id='word_1_787' title='bbox 780 2672 813 2699; x_wconf 66' lang='grc' dir='ltr'><strong>πρ</strong></span> 
     </span>
    </p>
   </div>
   <div class='ocr_carea' id='block_1_100' title="bbox 942 2654 1689 2699">
    <p class='ocr_par' dir='ltr' id='par_1_100' title="bbox 943 2660 1689 2697">
     <span class='ocr_line' id='line_1_100' title="bbox 943 2660 1689 2697; baseline -0.007 -7"><span class='ocrx_word' id='word_1_788' title='bbox 943 2664 966 2691; x_wconf 89' lang='lat' dir='ltr'><strong>is</strong></span> <span class='ocrx_word' id='word_1_789' title='bbox 982 2663 1191 2697; x_wconf 84' lang='lat' dir='ltr'><strong>operationibus</strong></span> <span class='ocrx_word' id='word_1_790' title='bbox 1206 2662 1332 2690; x_wconf 83' lang='lat' dir='ltr'><strong>veritatis</strong></span> <span class='ocrx_word' id='word_1_791' title='bbox 1349 2666 1458 2689; x_wconf 88' lang='lat' dir='ltr'><strong>tantum</strong></span> <span class='ocrx_word' id='word_1_792' title='bbox 1480 2660 1608 2696; x_wconf 81' lang='lat' dir='ltr'><strong>mysteria</strong></span> <span class='ocrx_word' id='word_1_793' title='bbox 1622 2666 1689 2686; x_wconf 81' lang='lat' dir='ltr'><strong>con-</strong></span> 
     </span>
    </p>
   </div>
   <div class='ocr_carea' id='block_1_101' title="bbox 70 2699 416 2739">
    <p class='ocr_par' dir='ltr' id='par_1_101' title="bbox 70 2699 416 2739">
     <span class='ocr_line' id='line_1_101' title="bbox 70 2699 416 2739; baseline 0.023 -16"><span class='ocrx_word' id='word_1_794' title='bbox 70 2699 139 2735; x_wconf 81' lang='grc' dir='ltr'>μόνῳ</span> <span class='ocrx_word' id='word_1_795' title='bbox 152 2703 189 2738; x_wconf 84' lang='grc' dir='ltr'>τῷ</span> <span class='ocrx_word' id='word_1_796' title='bbox 204 2703 318 2739; x_wconf 75' lang='grc' dir='ltr'>θεωρεῖν</span> <span class='ocrx_word' id='word_1_797' title='bbox 337 2706 416 2732; x_wconf 71' lang='grc' dir='ltr'>εἰσιν.</span> 
     </span>
    </p>
   </div>
   <div class='ocr_carea' id='block_1_102' title="bbox 904 2703 1690 2743">
    <p class='ocr_par' dir='ltr' id='par_1_102' title="bbox 904 2703 1690 2743">
     <span class='ocr_line' id='line_1_102' title="bbox 904 2703 1690 2743; baseline -0.006 -8"><span class='ocrx_word' id='word_1_798' title='bbox 904 2709 1078 2743; x_wconf 87' lang='lat' dir='ltr'><strong>templamnr,</strong></span> <span class='ocrx_word' id='word_1_799' title='bbox 1097 2708 1184 2736; x_wconf 82' lang='lat' dir='ltr'><strong>cll&#39;ecti</strong></span> <span class='ocrx_word' id='word_1_800' title='bbox 1199 2709 1255 2743; x_wconf 87' lang='lat' dir='ltr'><strong>jam</strong></span> <span class='ocrx_word' id='word_1_801' title='bbox 1275 2709 1301 2736; x_wconf 90' lang='lat' dir='ltr'><strong>iu</strong></span> <span class='ocrx_word' id='word_1_802' title='bbox 1315 2715 1346 2735; x_wconf 86' lang='lat' dir='ltr'><strong>ea</strong></span> <span class='ocrx_word' id='word_1_803' title='bbox 1362 2716 1392 2736; x_wconf 92' lang='lat' dir='ltr'><strong>rc</strong></span> <span class='ocrx_word' id='word_1_804' title='bbox 1423 2707 1571 2734; x_wconf 84' lang='lat' dir='ltr'><strong>admodum</strong></span> <span class='ocrx_word' id='word_1_805' title='bbox 1586 2703 1690 2732; x_wconf 76' lang='lat' dir='ltr'><strong>excrci-</strong></span> 
     </span>
    </p>
   </div>
   <div class='ocr_carea' id='block_1_103' title="bbox 68 2745 1688 2789">
    <p class='ocr_par' dir='ltr' id='par_1_103' title="bbox 68 2745 1688 2789">
     <span class='ocr_line' id='line_1_103' title="bbox 68 2745 1688 2789; baseline -0.002 -9"><span class='ocrx_word' id='word_1_806' title='bbox 68 2745 115 2772; x_wconf 63' lang='grc' dir='ltr'>ίίιί</span> <span class='ocrx_word' id='word_1_807' title='bbox 130 2756 136 2773; x_wconf 75' lang='grc' dir='ltr'><strong>τ</strong></span> <span class='ocrx_word' id='word_1_808' title='bbox 154 2753 179 2780; x_wconf 73' lang='lat' dir='ltr'><strong>et</strong></span> <span class='ocrx_word' id='word_1_809' title='bbox 192 2750 330 2777; x_wconf 73' lang='lat' dir='ltr'><strong>canticum</strong></span> <span class='ocrx_word' id='word_1_810' title='bbox 358 2752 467 2786; x_wconf 88' lang='lat' dir='ltr'><strong>psalmi,</strong></span> <span class='ocrx_word' id='word_1_811' title='bbox 495 2753 606 2787; x_wconf 88' lang='lat' dir='ltr'><strong>quando</strong></span> <span class='ocrx_word' id='word_1_812' title='bbox 633 2754 851 2789; x_wconf 73' lang='lat' dir='ltr'><strong>praecedentibus</strong></span> <span class='ocrx_word' id='word_1_813' title='bbox 867 2754 947 2782; x_wconf 88' lang='lat' dir='ltr'><strong>bonis</strong></span> <span class='ocrx_word' id='word_1_814' title='bbox 963 2755 1132 2787; x_wconf 78' lang='lat' dir='ltr'><strong>actionibus,</strong></span> <span class='ocrx_word' id='word_1_815' title='bbox 1151 2756 1177 2782; x_wconf 94' lang='lat' dir='ltr'><strong>in</strong></span> <span class='ocrx_word' id='word_1_816' title='bbox 1205 2754 1464 2789; x_wconf 80' lang='lat' dir='ltr'><strong>contemplationem</strong></span> <span class='ocrx_word' id='word_1_817' title='bbox 1502 2751 1662 2779; x_wconf 72' lang='lat' dir='ltr'><strong>devenimus</strong></span> <span class='ocrx_word' id='word_1_818' title='bbox 1682 2757 1688 2774; x_wconf 74' lang='grc' dir='ltr'><strong>ε</strong></span> 
     </span>
    </p>
   </div>
   <div class='ocr_carea' id='block_1_104' title="bbox 68 2791 1686 2836">
    <p class='ocr_par' dir='ltr' id='par_1_104' title="bbox 68 2791 1686 2836">
     <span class='ocr_line' id='line_1_104' title="bbox 68 2791 1686 2836; baseline -0.002 -10"><span class='ocrx_word' id='word_1_819' title='bbox 68 2791 140 2826; x_wconf 56' lang='lat' dir='ltr'><strong>iam</strong></span> <span class='ocrx_word' id='word_1_820' title='bbox 152 2798 222 2830; x_wconf 86' lang='lat' dir='ltr'><strong>quod</strong></span> <span class='ocrx_word' id='word_1_821' title='bbox 254 2797 357 2826; x_wconf 88' lang='lat' dir='ltr'><strong>dicitur</strong></span> <span class='ocrx_word' id='word_1_822' title='bbox 374 2809 381 2827; x_wconf 89' lang='lat'>:</span> <span class='ocrx_word' id='word_1_823' title='bbox 398 2799 552 2836; x_wconf 80' lang='lat' dir='ltr'><strong>Cancupisti</strong></span> <span class='ocrx_word' id='word_1_824' title='bbox 569 2801 846 2835; x_wconf 75' lang='lat' dir='ltr'><strong>mpieutiant:serva</strong></span> <span class='ocrx_word' id='word_1_825' title='bbox 885 2802 1052 2835; x_wconf 76' lang='lat' dir='ltr'><strong>ntandalum,</strong></span> <span class='ocrx_word' id='word_1_826' title='bbox 1096 2807 1121 2829; x_wconf 78' lang='lat' dir='ltr'><strong>ct</strong></span> <span class='ocrx_word' id='word_1_827' title='bbox 1149 2802 1276 2829; x_wconf 74' lang='lat' dir='ltr'><strong>Dominus</strong></span> <span class='ocrx_word' id='word_1_828' title='bbox 1304 2801 1351 2828; x_wconf 84' lang='lat' dir='ltr'><strong>tibi</strong></span> <span class='ocrx_word' id='word_1_829' title='bbox 1387 2809 1445 2828; x_wconf 84' lang='lat' dir='ltr'><strong>eam</strong></span> <span class='ocrx_word' id='word_1_830' title='bbox 1483 2797 1686 2826; x_wconf 67' lang='lat' dir='ltr'><strong>ministrabit”.</strong></span> 
     </span>
    </p>
   </div>
   <div class='ocr_carea' id='block_1_105' title="bbox 121 2885 601 2925">
    <p class='ocr_par' dir='ltr' id='par_1_105' title="bbox 121 2885 601 2925">
     <span class='ocr_line' id='line_1_105' title="bbox 121 2885 601 2925; baseline 0.013 -12"><span class='ocrx_word' id='word_1_831' title='bbox 121 2885 143 2901; x_wconf 80' lang='lat'><strong><em>&quot;</em></strong></span> <span class='ocrx_word' id='word_1_832' title='bbox 158 2887 215 2917; x_wconf 77' lang='lat' dir='ltr'><strong>Act.</strong></span> <span class='ocrx_word' id='word_1_833' title='bbox 230 2897 279 2922; x_wconf 75' lang='grc' dir='ltr'>νη,</span> <span class='ocrx_word' id='word_1_834' title='bbox 298 2889 332 2917; x_wconf 76' lang='grc'><strong>46</strong></span> <span class='ocrx_word' id='word_1_835' title='bbox 383 2891 404 2907; x_wconf 87' lang='grc'>¹⁸</span> <span class='ocrx_word' id='word_1_836' title='bbox 420 2891 504 2919; x_wconf 80' lang='lat' dir='ltr'><strong>Eccli.</strong></span> <span class='ocrx_word' id='word_1_837' title='bbox 521 2900 539 2925; x_wconf 76' lang='grc' dir='ltr'><strong>ι,</strong></span> <span class='ocrx_word' id='word_1_838' title='bbox 557 2892 601 2919; x_wconf 78' lang='lat'><strong>35.</strong></span> 
     </span>
    </p>
   </div>
  </div>
