1893 3068
178 168 214 198 63
797 165 991 196 EUTHYMII
1009 166 1191 196 ZIGABENI
1784 165 1826 196 Ci

176 223 323 251 admodum
349 225 555 258 pertractarunt
576 231 582 249 :
600 228 634 248 ne
653 222 676 248 si
692 221 911 249 invidentissima

1078 223 1193 257 ιασμὲνοτ
1205 222 1258 258 γὰρ
1273 223 1306 249 τὰ
1327 223 1440 249 πλεῖστα
1461 222 1504 249 διὰ
1523 221 1573 256 τὴν
1589 221 1644 248 τῶν
1669 222 1825 257 ἀκροατῶν

175 269 336 296 Judmorum
376 277 442 304 gens
461 268 580 295 futuram
599 268 773 303 primogeniti
787 267 898 295 lsraelis
913 267 969 294 rui-

174 324 238 342 nam
256 320 284 343 et
309 316 431 350 gentium
454 314 628 349 adoptionem
655 314 838 350 cognovisset,
874 320 969 342 sacros

177 362 274 393 libros,
290 362 334 387 ubi
352 361 409 387 hate
422 359 552 395 prmdicta
569 365 643 393 sunt,
668 368 763 387 omnes
777 360 831 395 igni
849 360 970 393 tradere,

177 411 261 440 atque
277 414 372 433 eorum
389 407 550 434 memoriam
563 406 711 434 obliterare
726 406 862 437 studt-ret,
881 413 970 440 neque

176 452 250 478 enim
289 452 411 487 alioquin
439 454 636 481 sustinuissent
669 458 743 480 tanta
780 453 912 481 adversus
941 461 971 482 se

177 497 243 525 ferri
270 499 439 526 testimonia.
462 500 539 528 Unde
554 508 608 527 non
625 500 764 527 mediocre
776 500 905 527 damnum
926 507 972 535 po-

179 544 263 571 steris
279 544 387 572 illatum
411 545 521 578 fuisset,
547 547 622 582 quod
635 546 680 573 Dei
695 545 839 574 consilium
852 546 970 582 quodam

177 590 204 616 in
219 591 279 619 loco
296 599 369 621 unus
386 593 583 628 prophetarum
611 593 691 620 nobis
715 592 858 625 indicavit,
876 593 970 620 dicens

176 644 210 663 ex
226 645 344 672 persona
356 639 446 667 Dciad
455 640 613 667 Judaaorum
627 644 735 675 gentem
752 640 772 656 "
787 647 794 667 :
810 639 902 674 Neque
915 647 971 666 cre-

1022 269 1164 296 ἀπείθειαν
1192 270 1239 296 καὶ
1269 270 1452 304 σκληρᾶτητα,
1469 269 1515 295 καὶ
1541 269 1641 302 ὀλίγοις
1656 269 1710 295 τῶν
1729 269 1825 302 ἁγίων

1022 316 1286 351 παραγυμνούμενα,
1306 315 1354 342 καὶ
1366 315 1454 350 ὀρθῶς
1470 314 1524 341 ἀπὸ
1539 314 1587 340 τοῦ
1611 314 1705 344 τέλους
1732 314 1825 348 μόνον

1023 363 1180 397 κρινόμενα.
1197 362 1357 388 Τεὶςευταῖον
1376 361 1404 388 δὲ
1419 361 1516 393 αἴτιον,
1527 361 1544 395 ἡ
1559 361 1613 386 ἀπὸ
1628 362 1678 395 τῆς
1702 360 1826 394 Ἐϐραϊ-

1022 407 1066 439 δος
1093 408 1139 433 ἐπὶ
1165 406 1214 442 τὴν
1241 407 1380 442 Ἑλληνίδα
1394 406 1517 440 γλῶτταν
1533 405 1637 432 τούτων
1658 405 1801 440 μεταϐολή
1816 413 1824 419 ·

1023 455 1098 481 πᾶσα
1110 454 1165 489 γὰρ
1179 454 1285 488 γλῶττα
1300 453 1501 488 μετατιθξμένη
1520 453 1588 488 προς
1603 452 1760 486 ἀλλοτρίαν,
1781 451 1825 482 ὡς

1021 500 1134 532 ἐπίπαν,
1146 500 1202 536 ἔχει
1223 500 1253 527 τὸ
1280 499 1382 534 ἀσαφὲς
1396 499 1444 526 καὶ
1458 499 1685 534 δυσκατανόητον.
1702 498 1827 532 M50119-

1022 547 1197 583 μηνεύθησαν
1212 547 1240 574 δὲ
1259 548 1306 574 ἐπὶ
1321 547 1490 582 Πτολεμαίου
1509 546 1556 573 τοῦ
1586 545 1764 578 Φιλαδέλφου,
1779 544 1825 570 δι-

1021 593 1133 624 έποντος
1149 593 1197 627 τῆς
1213 592 1350 626 Αἰγύπτου
1363 593 1414 625 τὴν
1440 591 1590 626 βασιλείαν.
1616 590 1702 617 Ἑπτὰ
1717 590 1746 616 δὲ
1762 589 1823 623 τῆς

1021 639 1140 670 παλαιᾶς
1157 639 1269 674 Γραφῆς
1285 639 1519 674 μεθερμηνεύσεις
1533 637 1662 672 γεγόνασι

176 683 280 718 didisti,
293 694 375 720 neque
386 695 402 713 α
417 687 549 720 principio
563 687 654 720 aperui
671 686 719 713 tibi
733 694 823 713 aures.
838 685 971 713 Noveram
991 686 1061 713 enim
1075 685 1144 719 quod
1161 685 1313 712 inobediena
1325 693 1376 712 mm
1391 686 1523 720 parens).
1543 684 1678 711 Prmterea
1714 682 1825 709 obscu-

177 730 268 759 ritatis
315 732 368 759 alia
394 733 478 760 etiam
503 738 546 760 est
571 734 653 765 ratio,
678 733 780 760 idioma
808 733 914 761 scilicet
935 732 1076 761 llebraica:
1109 733 1209 768 linguae
1242 732 1383 767 diversum
1407 739 1422 759 a
1438 731 1530 759 Graeca
1550 740 1557 758 :
1579 730 1663 758 variis
1678 729 1751 757 enim
1791 736 1825 756 ac

177 779 376 814 multiplicibus
402 781 532 816 loquendi
562 783 650 810 modis
675 783 815 818 prophetm
847 789 1034 818 s:r-pcnumero
1048 782 1089 809 ttsi
1107 785 1182 814 sunt,
1198 782 1367 816 (quanquam
1397 789 1450 807 non
1482 780 1521 807 sic
1555 777 1687 813 semper.)
1717 777 1826 804 adum-

177 825 256 852 brate
274 826 356 853 etiam
384 828 469 854 multa
500 828 604 860 dixere.
630 829 666 856 ob
697 829 919 857 incredulitatem
946 833 974 856 et
1011 828 1139 856 duritiem
1169 827 1345 854 auditorum:
1376 835 1436 861 qua:
1458 831 1547 853 tamen
1581 823 1760 860 paucioribus
1791 829 1827 849 ac

178 872 284 899 sanctis
311 873 379 901 viris
399 875 519 902 revelata
539 880 614 908 sunt,
639 883 754 911 qumque
770 883 785 903 a
803 876 863 903 solo
879 882 970 902 rerum
990 874 1066 902 exitu
1091 881 1124 901 ac
1154 873 1206 900 [ine
1233 876 1308 900 recte
1335 872 1505 906 iudicantur.
1551 869 1697 898 Postremo
1731 869 1825 895 etiam

178 916 223 946 illa
245 920 364 948 addatur
389 922 472 956 ratio,
490 922 562 957 quod
578 923 611 951 de
627 924 714 958 patria
751 930 783 950 ac
821 922 933 958 propria
967 921 1103 949 Hebraica
1134 921 1229 956 lingua
1254 921 1281 948 in
1309 921 1401 952 aliam,
1429 919 1542 953 antiqua
1567 917 1661 945 omnia
1694 916 1823 951 legimus

178 969 324 997 translata.
351 969 447 997 Omnis
467 975 558 999 autem
580 971 673 1007 lingua
690 972 716 999 iu
739 972 818 999 aliam
836 979 981 1004 conversa,
1001 977 1031 998 ut
1051 970 1214 1007 plurimum,
1230 969 1417 997 diilicultatem
1439 972 1522 1003 atque
1538 967 1734 994 obscuritatem
1773 973 1824 999 ge-

178 1019 267 1042 nerat.
286 1015 443 1043 Translatio
458 1016 508 1044 ista
527 1017 598 1045 facta
615 1023 657 1046 est
671 1024 803 1052 tempore,
817 1025 872 1053 quo
887 1017 1055 1045 Prolemmus
1085 1016 1294 1052 Philadelphus,
1321 1023 1434 1049 regnum
1464 1013 1574 1050 Egypti
1594 1011 1825 1039 administrabat.

179 1062 288 1096 Septem
316 1063 387 1089 enim
418 1062 493 1090 [uere
523 1064 718 1093 translationes
743 1064 851 1092 Veteris
874 1064 1055 1092 Testamenti.

212 1109 303 1135 Prima
312 1117 326 1135 a
336 1108 406 1136 LXX
415 1109 483 1137 viris
496 1109 578 1143 facta,
589 1111 634 1145 qui
647 1109 752 1138 Ilebrzei
765 1115 882 1138 erantet
895 1110 959 1137 elect

1075 1110 1172 1146 Πρώτη,
1195 1111 1212 1145 ή
1229 1110 1282 1136 τῶν
1297 1109 1493 1144 ὲόδομήκοντα,
1514 1109 1613 1139 οἵτινες
1637 1107 1760 1142 Ἑϐραῖοι
1775 1107 1822 1133 ὗν-

181 1156 302 1187 fucrunt,
334 1156 413 1190 juxta
445 1164 590 1183 numerum
618 1157 790 1191 septuaginta
818 1156 928 1183 senioru

1077 1177 1080 1187 ,
1108 1155 1272 1190 ἑξελέγησαν
1301 1155 1372 1181 κατὰ
1401 1154 1519 1189 ἀριθμὸν
1542 1154 1597 1180 τῶν
1615 1154 1668 1181 ὑπὸ
1695 1154 1824 1186 Μωσέως

179 1207 249 1234 quos
265 1199 345 1234 elegit
365 1199 483 1235 Moyses.
506 1201 537 1227 Hi
565 1200 658 1235 igitur,
676 1201 883 1228 commemorati
901 1201 972 1235 regis

180 1246 305 1278 hortatu,
331 1246 364 1273 ad
394 1247 465 1274 hanc
483 1248 654 1282 provinciam
674 1248 820 1282 designati,
839 1248 867 1275 in
888 1255 971 1275 unam

180 1299 229 1326 per
246 1293 336 1319 omnia
367 1293 620 1328 interpretationem
648 1301 812 1322 convertere.
846 1293 973 1321 Secunda

179 1339 286 1373 Aquila!
303 1339 478 1373 Sinopensis.
489 1339 538 1366 llic
554 1340 665 1368 Graecus
677 1341 738 1374 fuit,
752 1345 834 1376 atque
847 1348 862 1368 e
875 1341 971 1375 Ponto,

180 1388 209 1412 et
229 1384 427 1421 Hierosolymis
442 1386 599 1420 baptizatus
619 1396 626 1414 :
643 1387 743 1414 deinde
765 1395 828 1416 cum
850 1387 973 1416 oiiensus

181 1430 369 1466 inimicusque
384 1431 498 1459 etfectus
516 1437 591 1460 esset
613 1433 777 1467 quibusdam
795 1434 972 1468 Christianis,

181 1484 273 1512 spreto
283 1478 457 1513 baptismate,
467 1478 569 1506 Judacis
578 1487 608 1506 se
620 1479 792 1514 adjunxit,’ct
800 1479 971 1515 Scripturam

182 1525 322 1552 transtulit
336 1525 388 1552 sub
400 1525 521 1553 Adriano
549 1526 713 1561 imperatore
736 1534 780 1558 eo,
793 1527 839 1561 qui
869 1527 971 1561 lcpram

182 1578 281 1605 passus
298 1575 340 1598 est
355 1571 419 1599 CCC
436 1576 463 1599 et.
489 1571 563 1599 XXX
583 1572 663 1600 annis
680 1578 743 1608 post
761 1573 970 1601 translationem

182 1615 262 1642 LXX.
276 1615 326 1643 llic
344 1618 436 1650 itaque
459 1617 548 1644 iratus
564 1616 743 1650 Christianis,
764 1618 848 1645 multa
862 1626 973 1653 perver—

181 1663 224 1689 tit.
241 1661 360 1690 Tertiam
371 1662 434 1691 l‘ecit
447 1663 642 1698 Symmachus,
657 1664 745 1698 patria
759 1664 969 1693 Samaritanus:

181 1710 227 1744 qui
239 1718 300 1737 cum
320 1711 391 1746 apud
407 1718 484 1742 suos.
500 1716 634 1746 quantutn
658 1711 772 1739 honoris
789 1712 900 1747 optabat
917 1721 971 1740 non

182 1761 390 1791 assequeretur.
403 1757 512 1785 .ludzcos
524 1757 602 1789 adiit.
615 1762 642 1786 et
659 1765 767 1786 rursum
779 1759 970 1790 circumcisus.

182 1802 210 1830 in
227 1802 461 1831 Samaritanorum
478 1795 623 1836 oii‘ensam,
639 1811 746 1831 sacram
775 1804 970 1840 interpretatus

182 1853 226 1876 cst
237 1848 419 1883 Scripturam,
442 1850 494 1877 sub
509 1850 610 1877 Severo
630 1850 804 1884 imperatore.
821 1851 872 1884 Qui
888 1851 969 1878 etiam

183 1895 325 1923 utJudaeis
342 1897 470 1930 placeret,
491 1904 662 1931 quaecunque
677 1896 710 1924 ad
728 1896 868 1924 Christum
886 1897 971 1932 perti-

183 1941 296 1974 nchant,
325 1950 379 1969 nou
410 1950 476 1969 sane
497 1942 639 1970 transtulit
657 1950 663 1968 :
682 1943 762 1971 annis
781 1951 827 1970 sex
852 1944 971 1978 etquin-

182 1986 313 2022 quaginta
327 1992 392 2022 post
404 1987 552 2015 editionem
568 1988 682 2022 Aquilae.
702 1989 804 2022 Quarta
821 1989 870 2017 fuit
881 1989 972 2018 Thco-

182 2033 302 2061 dotionis
327 2033 451 2069 Ephesii,
466 2034 512 2069 qtti
527 2042 588 2062 cum
607 2043 639 2062 ex
656 2035 802 2063 Marcionis
818 2036 913 2063 haeresi
928 2044 971 2064 es-

184 2085 236 2111 set.
251 2080 400 2115 aliquando
420 2080 542 2108 oliensus
556 2081 615 2108 suis
633 2081 817 2115 coluereticis,
833 2083 970 2117 propriam

184 2126 438 2161 interpretationem
454 2126 550 2158 edidit,
566 2127 618 2155 sub
629 2128 792 2162 imperatore
808 2128 969 2157 Commodo.

183 2173 284 2206 Quinta
300 2178 406 2200 certum
420 2180 473 2200 non
484 2173 564 2201 habet
582 2179 733 2207 auctorem;
749 2174 858 2201 inventa
870 2179 911 2201 est
924 2182 972 2201 au-

183 2223 238 2245 tem
252 2219 279 2246 in
293 2218 432 2251 Hiericho,
449 2219 522 2247 dolio
537 2225 642 2254 operta,
660 2220 712 2247 sub
729 2219 869 2247 Caracalla
884 2221 971 2254 impe-

184 2269 286 2291 ratoro.
297 2264 380 2291 Sexta
394 2265 452 2292 sine
461 2266 583 2292 auctoris
596 2266 707 2292 nomine
719 2270 824 2298 reperta
835 2269 876 2292 est
888 2264 972 2291 Nico-

183 2310 249 2345 poli,
268 2310 339 2345 apud
353 2310 469 2343 Aetium,
498 2311 549 2338 sub
574 2311 730 2338 Alexandro
747 2310 867 2338 Mamaea:
883 2311 973 2345 impe—

182 2344 285 2385 ratore.
309 2356 428 2392 Septima
444 2358 546 2393 prodiit
559 2366 573 2384 a
588 2357 710 2384 Luciano
733 2364 831 2392 magno
856 2357 971 2384 ercmita

182 2409 209 2431 ct
236 2409 356 2439 martyre
374 2404 443 2439 :qui
478 2404 608 2431 omnibus
636 2403 680 2430 his
703 2403 870 2431 editionibtts
891 2403 971 2436 visis,

1023 1202 1189 1235 ἐκλεγέντων
1203 1202 1388 1236 ἐϐδομήκοντα
1407 1201 1612 1237 πρεσΰυτέρων,
1628 1201 1700 1227 κατὰ
1725 1201 1824 1236 παρά-

1024 1249 1119 1283 κλησιν
1133 1248 1178 1275 τοῦ
1200 1247 1364 1282 δηλωθέντος
1385 1248 1526 1282 βαςιλέως,
1549 1248 1596 1274 καὶ
1616 1247 1764 1282 σύμφωνον
1780 1248 1826 1278 εἰς

1023 1295 1096 1322 ἆπαν
1110 1295 1259 1330 ἑρμηνείαν
1279 1295 1410 1327 ἐξέθεντο.
1427 1295 1558 1329 Δευτέρα,
1576 1295 1592 1329 ἡ
1607 1293 1653 1321 τοῦ
1672 1294 1827 1326 Σινωπέως

1030 1340 1139 1367 Ἀκύλα.
1156 1337 1239 1372 Οὗτος
1254 1340 1416 1376 γὰρἜλλην
1426 1339 1463 1366 ὢν
1475 1341 1507 1366 ὲκ
1523 1340 1573 1374 τῆς
1587 1339 1733 1372 Ποντικῆς,
1750 1339 1824 1365 ἐϐοι-

1024 1387 1125 1422 11?!an
1138 1388 1166 1414 ὲν
1181 1386 1381 1422 Ἰεροσολύμοις
1390 1395 1398 1402 ·
1415 1384 1474 1413 εἶτα
1483 1386 1675 1422 προσκρούσας
1686 1386 1822 1420 Χριστια-

1024 1435 1079 1465 νοῖς
1092 1442 1172 1465 τισιν,
1190 1433 1306 1468 ὴοέτησέ
1321 1442 1348 1459 τε
1363 1433 1393 1460 τὸ
1413 1433 1566 1468 βάπτισμα,
1591 1433 1637 1459 καὶ
1653 1432 1825 1467 συνδραμὼν

1031 1480 1177 1512 Ἰουδαίοις,
1201 1479 1350 1515 ἑρμηνείαν
1376 1481 1425 1514 τῆς
1455 1480 1566 1515 Γραφῆς
1597 1479 1738 1513 ἐξέδωκεν,
1772 1479 1825 1505 ἐπὶ

1030 1527 1169 1562 ’Δδριανοῦ
1186 1527 1317 1562 βασιλέως
1332 1526 1378 1554 τοῦ
1393 1526 1591 1561 λεπρωθέντος,
1609 1525 1658 1560 τὴν
1673 1525 1726 1551 τῶν
1745 1525 1827 1551 ἐϐδο-

1025 1574 1158 1608 μήκοντα,
1174 1574 1322 1608 τριάκοντα
1345 1574 1393 1600 καὶ
1407 1573 1596 1608 τετρακοσίοις
1622 1572 1711 1598 ἔτεσιν
1736 1572 1824 1598 ὑστε-

1026 1619 1163 1654 ρίζουσαν.
1179 1619 1269 1646 Πολλὰ
1285 1619 1314 1645 δὲ
1339 1618 1519 1654 παρέφθειρε,
1544 1618 1720 1654 Χριστιανοῖς
1736 1619 1824 1652 ἐγκο-

1023 1666 1086 1694 τῶν.
1100 1666 1196 1701 Τρίτη,
1213 1667 1228 1700 ὴ
1244 1666 1290 1693 τοῦ
1305 1665 1465 1701 Συμμᾶχου,
1479 1665 1508 1697 ὃς
1520 1665 1556 1692 ὢν
1571 1665 1754 1700 Σαμαρείτης,
1771 1665 1824 1691 καὶ

1026 1714 1062 1749 μὴ
1073 1714 1216 1748 τυγχάνων
1234 1713 1300 1747 ὅσης
1323 1712 1450 1740 ὲὸούλετο
1466 1712 1564 1746 τιμῆς,
1586 1711 1726 1746 πρόσεισιν
1750 1712 1824 1737 Ἰου-

1023 1761 1119 1792 δαίοις,
1138 1760 1185 1786 καὶ
1209 1759 1335 1794 δεύτερον
1359 1758 1564 1793 περιτέμνεται,
1588 1758 1634 1784 καὶ
1660 1757 1727 1792 πρὸς
1740 1758 1823 1784 ἀντι-

1023 1807 1138 1832 πέιῦειαν
1158 1805 1347 1840 Σαμαρειτῶν,
1363 1805 1413 1840 τὴν
1422 1805 1498 1831 θείαν
1513 1805 1662 1839 ἐρμηνεύει
1687 1804 1821 1839 Γρανρὴν,

1022 1853 1069 1879 ὲπὶ
1093 1852 1213 1887 Σεὸήρου
1232 1852 1375 1888 βασιλέως.
1400 1853 1448 1883 Ὃς
1470 1852 1517 1879 καὶ
1533 1853 1588 1883 τοῖς
1613 1851 1750 1886 Ἑϐραίοις
1766 1861 1824 1886 χα-

1024 1898 1174 1933 ριζόμενος,
1191 1898 1241 1924 ὅσα
1251 1895 1285 1932 ἦν
1299 1897 1364 1932 περὶ
1375 1896 1494 1932 Χριστοῦ
1511 1897 1733 1932 παρερμήνευσε,
1745 1897 1823 1930 μετὰ

1023 1943 1052 1976 ἒξ
1075 1943 1122 1978 ἔτη
1145 1943 1192 1969 καὶ
1212 1943 1382 1977 πεντήκοντα
1406 1942 1455 1976 τῆς
1472 1941 1519 1968 τοῦ
1549 1941 1650 1968 ’Λκύὶα
1668 1941 1819 1974 ἐκδόσεως.

1023 1989 1148 2024 Τετάρτη
1163 1988 1210 2014 καὶ
1233 1987 1357 2021 Ἐφεσίου
1371 1987 1558 2019 Θεοδοτίωνος,
1576 1987 1606 2018 ὃς
1617 1987 1666 2022 τῆς
1681 1987 1820 2022 αἱρέσεως

1023 2034 1185 2070 Μαρκίωνος
1200 2033 1248 2066 ὢν,
1270 2034 1317 2060 καὶ
1346 2034 1462 2069 μηνίσας
1475 2035 1541 2061 ποτὲ
1555 2035 1610 2065 τοῖς
1637 2034 1823 2068 συνιιρεσιὼρ

1023 2090 1093 2114 ταις,
1114 2081 1221 2107 ἔκδοσιν
1244 2080 1312 2107 ἰδίαν
1338 2080 1498 2114 ἐποιήσατο,
1527 2080 1718 2114 βασιλεύοντος
1738 2081 1822 2116 Κομ-

1025 2128 1116 2164 μὸδου.
1140 2127 1172 2154 Ἥ
1183 2127 1211 2154 δὲ
1226 2127 1339 2161 πέμπτη
1351 2127 1493 2162 ἑρμηνεία,
1512 2127 1617 2161 πατέρα
1633 2128 1682 2160 μὲν
1696 2128 1745 2154 οὐκ
1756 2127 1821 2163 ἔχει

1023 2174 1171 2209 γνώριμον,
1188 2172 1286 2208 εὑρέθη
1302 2173 1324 2200 δ’
1338 2173 1383 2200 οὗν
1394 2173 1423 2199 ἐν
1440 2173 1556 2208 Ὶεριχῶ,
1568 2174 1639 2208 πίθῳ
1652 2175 1821 2209 κεκρυμμέ-

1024 2228 1068 2254 νη,
1093 2219 1273 2254 Καρακάλλου
1300 2218 1497 2253 βασιλεύοντος.
1520 2220 1575 2246 Καὶ
1599 2221 1615 2254 ἡ
1629 2220 1695 2254 ἕκτη
1712 2220 1751 2250 δὲ,
1767 2220 1823 2246 ἀν-

1024 2265 1131 2299 ώνυμος
1143 2264 1220 2297 οὖσα,
1231 2266 1279 2300 τὴν
1289 2264 1396 2301 εὕρεσιν
1416 2265 1511 2300 ὁμοίαν
1524 2266 1602 2300 ἔσχεν
1615 2267 1641 2291 ὲν
1656 2266 1826 2298 Νικοπόλει,

1024 2313 1056 2345 τῇ
1069 2311 1139 2338 κατὰ
1152 2311 1182 2337 τὸ
1196 2311 1316 2342 Ἄκτιον,
1343 2311 1389 2338 ἐπὶ
1403 2311 1579 2346 Ἀλεξάνδρου
1600 2310 1648 2337 τοῦ
1672 2310 1820 2346 Μαμαίου.

1031 2357 1146 2392 Ἑϐδόμη
1164 2357 1192 2383 δὲ
1217 2357 1322 2392 προέὸη
1350 2357 1427 2392 παρὰ
1443 2357 1593 2384 Λουκιανοῦ
1618 2357 1663 2383 τοῦ
1693 2357 1821 2392 μεγάλου

1025 2403 1146 2438 ἁσκητοῦ
1171 2402 1217 2428 καὶ
1234 2402 1382 2437 μάρτυρος.
1408 2402 1437 2432 ὃς
1452 2403 1510 2433 ταῖς
1526 2402 1743 2438 προρῥηοείσιις
1755 2404 1821 2430 ert:-

181 2457 208 2480 et
219 2460 280 2479 cum
298 2452 430 2481 llehraica
448 2453 564 2480 veritate
578 2451 802 2487 diligentissime,
822 2456 850 2479 et
870 2460 928 2487 mag

1078 2456 1127 2480 σας
1143 2447 1276 2480 ἐκδόσεσι,
1293 2448 1339 2474 καὶ
1356 2448 1411 2478 τοῖς
1432 2446 1586 2481 Ἑϐραϊκοῖς
1599 2446 1820 2483 φιλοπονώτερον

182 2506 244 2526 cum
278 2499 370 2526 labore
394 2499 513 2530 collatis,
540 2498 679 2532 propriam
711 2497 873 2530 editionem,
901 2498 969 2525 nihil

182 2552 309 2572 mancum
330 2549 357 2571 ct
374 2544 441 2570 nihil
460 2543 607 2570 habentem
627 2541 810 2577 superﬂuum,
831 2542 969 2570 Christia-

181 2591 223 2618 nis
235 2591 350 2618 tradidit
365 2599 372 2617 :
388 2597 448 2624 qure
470 2589 540 2622 apud
569 2588 768 2619 Nicomediam.
800 2596 881 2616 manu
907 2589 968 2622 ejus

179 2637 337 2672 conscripta
361 2640 469 2669 reperta
487 2639 525 2660 est
548 2633 574 2660 in
592 2639 666 2661 turre
681 2634 810 2668 quadam,
831 2635 903 2670 apud
919 2634 966 2662 Ju-

180 2683 252 2711 dzeos
266 2683 342 2709 calce
364 2681 443 2710 illita,
472 2683 532 2713 post
559 2679 647 2714 ipsius
674 2680 788 2707 Luciani
816 2686 965 2712 certamen,

180 2734 206 2759 et
225 2734 287 2765 post
307 2727 538 2763 persecutionem,
562 2734 623 2761 qua:
649 2734 663 2753 a
690 2726 858 2756 Diocletiano
878 2732 905 2756 et
925 2727 965 2762 (7)

224 2821 245 2836 "'
263 2818 344 2845 Deut.
373 2825 413 2849 ιιι,
429 2816 476 2843 ‘25.

1022 2495 1213 2530 évzuxtbv,‘xzi
1224 2495 1449 2530 ἁκριὸωσάμενος
1469 2493 1575 2521 ἔκδοσιν
1590 2493 1753 2528 ίδιόκληρον,
1766 2495 1820 2521 καὶ

1022 2542 1107 2576 μηδὲν
1130 2541 1253 2568 ἐλλεῖπον
1280 2541 1297 2577 ἢ
1325 2540 1452 2576 περιττὴν
1470 2539 1605 2575 ἔχουσαν,
1638 2540 1820 2575 Χριστιανοῖς

1021 2588 1178 2623 ἐποιήσατο.
1193 2588 1254 2622 ἥτις
1268 2586 1368 2622 εὑρέ,οη
1386 2586 1456 2614 κατὰ
1479 2586 1674 2620 Νικομήδειαν,
1691 2585 1817 2620 ίδιόγρπι-

1022 2641 1070 2667 φος
1082 2632 1176 2665 αὐτοῦ,
1192 2633 1221 2658 ἐν
1236 2631 1390 2666 πυργίσκῳ,
1400 2629 1475 2664 παρὰ
1487 2629 1624 2661 Ἰουδαίοις
1640 2629 1820 2664 κεχρισμὲνῳ

1021 2679 1177 2713 κονιάματι,
1196 2678 1263 2712 μετὰ
1290 2676 1338 2712 τὴν
1361 2676 1475 2711 ἄθλησιν
1491 2675 1585 2709 αὑτοῦ,
1602 2675 1650 2702 καὶ
1671 2674 1718 2702 τὸν
1734 2675 1818 2709 παρὰ

1021 2722 1213 2760 Διοκλητιανοῦ
1247 2723 1294 2749 καὶ
1311 2721 1484 2758 Μαξιμιανοῠ
1508 2721 1637 2757 διωγμὸν,
1667 2721 1817 2747 Κωνσταιμ

871 2864 969 2895 Variae
987 2861 1150 2893 lectiones.

215 2920 252 2957 (7)
268 2919 334 2948 Cod.
355 2919 420 2948 Ven.
440 2919 627 2955 Μαξιμιανοῦ,
648 2916 825 2946 .lla.riutiaui,
852 2921 878 2944 ct
892 2920 962 2943 recte

355 2919 420 2948 Ven.
440 2919 627 2955 Μαξιμιανοῦ,
648 2916 825 2946 .lla.riutiaui,
852 2921 878 2944 ct
892 2920 964 2943 recte
981 2913 1099 2950 quidem.
