1893 3068
84 103 128 136 155
671 101 868 133 COMMENT.

960 102 1128 132 ’SALMOS.
1686 104 1722 135 66

87 160 163 187 τίνοι)
191 159 238 186 τοῦ
254 158 382 193 Μεγάλου
406 158 455 193 τὴν
481 156 620 193 βασιλεῖαν
645 156 795 188 διέποντος.
810 156 882 190 Αὕτη

960 156 1090 183 [tuimino
1111 157 1183 184 iacta
1197 161 1250 189 est,
1270 157 1321 185 sub
1347 165 1446 193 magno
1466 159 1633 194 imperatore
1647 158 1723 187 Cou-

88 205 199 240 συνᾴδει
216 206 250 240 τῇ
266 204 320 231 τῶν
330 203 528 239 ἑὸδομήκοντα,
542 203 576 228 τὰ
589 201 819 238 περιεφθαρμένα
828 202 882 228 τῶν

87 250 178 277 ἄλλων
194 249 339 278 bbere-33a.

133 339 238 364 Ἐκεῖνο
257 338 306 372 μὲν
319 337 365 364 οὖν
382 338 525 374 πρόδηλον,
541 339 581 365 ὅτι
599 337 723 372 καθάπερ
745 336 779 363 τὶι
797 336 882 371 ϐρέμ-

90 393 168 418 ματα
181 385 237 415 τοῖς
253 384 417 419 αὑλήμασιν,
434 383 505 410 οὕτω
521 384 549 410 δὲ
574 385 620 410 καὶ
638 383 651 409 ὁ
673 383 756 414 πολὺς
779 382 883 417 ἄνθρω-

89 440 142 462 πος
155 432 250 464 ἄγεται
274 431 320 457 καὶ
338 431 461 457 καλεῖται
484 431 588 465 μέλεσι.
607 430 678 457 Πολὺ
692 431 719 456 δὲ
737 429 801 465 παρ’
818 430 883 464 ἡμῖν

89 478 123 503 τὸ
140 477 205 512 θῆλυ
235 477 281 503 τοῦ
299 477 423 512 ἄρρενος,
435 478 482 502 καὶ
499 477 549 503 οὐκ
565 477 675 503 ἔλαττον
686 477 715 502 τὺ
734 476 823 510 ἄωρον
835 475 882 501 τοῦ

89 523 303 558 καθεστηκότος,
317 524 347 549 τὸ
364 523 458 557 ἄγριον
477 522 522 549 τοῦ
547 523 732 558 ἡμερωτέρου,
758 523 788 548 τ’)
801 521 883 547 ἀπαί-

87 569 184 595 δευτον
198 568 245 595 τοῦ
263 569 492 604 πεπαιδευμένον.
512 570 564 595 Καὶ
578 570 608 596 ἐν
624 569 698 604 αὑτῷ
716 569 766 604 μὲν
781 569 819 603 τῷ
834 569 882 604 ξρ-

91 616 150 650 ρενι
164 615 193 640 τὸ
210 615 259 649 μὲν
273 615 381 645 λογικὸν
397 615 441 648 τῆς
456 614 546 648 ψυχῆς
571 615 669 648 μέρος·
685 615 715 640 τὴ
731 614 758 640 δὲ
783 614 881 647 ἄλογον

89 660 140 685 καὶ
158 660 298 694 θηριῶδες,
314 657 351 686 ὧν
363 660 471 686 πάντων
496 660 511 693 ἡ
531 660 611 694 ἡδονὴ
630 661 734 694 κρατεῖ.
752 660 801 685 Διὰ
817 659 881 693 γοῦν

90 704 176 731 ταῦτα
191 707 236 731 καὶ
265 705 345 740 μέλος
368 705 420 732 τῶν
435 705 561 739 ψαλμῶν,
590 706 623 731 δι’
647 703 676 732 οὗ
707 706 879 736 συνειλεῑται,

90 751 218 786 καθάπερ
246 752 288 777 διὰ
315 752 442 786 περόνης,
471 753 530 782 ταῖς
545 743 680 787 ψυχαῖςῆ
708 752 760 778 ἀπὸ
778 752 881 778 τούτων

90 797 220 830 ὠφέλεια.
234 797 264 823 τὸ
279 798 414 833 αὐστηρὸν
430 798 484 823 τῶν
505 798 699 832 πνευματικῶν
714 798 879 832 φαρμάκων,

91 842 130 872 ὡς
147 843 254 876 μέλιτός
269 852 350 875 τινος,
371 844 576 876 συναλοιοῦντος
602 844 707 876 τούτου,
726 845 773 871 καὶ
797 853 880 871 κατα-

93 888 328 923 φαρμακεύοντος,
345 889 392 915 καὶ
407 891 464 920 τοῖς
488 890 563 924 ἡδέσι
581 890 614 916 τὰ
631 889 758 924 λυσιτελῆ
776 892 884 924 παραρ-

90 933 212 966 στύοντος.
241 935 278 960 Τὸ
298 935 473 970 χαριέστερον
506 936 561 970 γὰρ
583 935 667 970 ἡδέως
694 935 883 969 ἐγκαταδύνει,

91 980 142 1005 καὶ
160 979 345 1014 μονιμώτερον
358 980 474 1013 γίνεται.
490 980 602 1015 Πρῶτον
617 981 666 1014 μὲν
681 980 760 1006 τοῦτο
775 979 821 1006 τοῦ
838 980 885 1014 μέ-

92 1024 159 1054 λους
172 1024 269 1052 αἴτιον.
280 1024 356 1050 Ἐπεὶ
369 1025 395 1051 δὲ
410 1025 453 1051 διὰ
471 1026 518 1060 τῆς
534 1025 676 1060 ἁπατηλῆς
692 1025 789 1060 ἡδονῆς
801 1026 884 1052 ἀπόλ-

93 1069 157 1095 λυσι
173 1069 218 1095 τὸν
242 1069 386 1104 ἄνθρωπον
412 1070 426 1096 ὁ
459 1069 566 1105 ἐχθρὸς.
588 1070 668 1096 πάλιν
684 1070 727 1096 διὰ
753 1071 802 1104 τῆς
822 1070 885 1096 ἀτέ-

95 1122 161 1148 χνου
174 1115 211 1149 (8)
232 1115 331 1150 ταύτης
343 1116 389 1142 καὶ
400 1116 573 1151 οἰκονομικῆς
591 1116 777 1147 ἀνασώζεσθαι
791 1116 885 1142 τοῦτον

91 1161 107 1185 ὁ
124 1160 190 1191 Θεὸς
212 1161 369 1195 ἐπενόησεν.
395 1161 486 1188 Λῐτιον
512 1162 557 1188 καὶ
580 1161 660 1188 τοῦτο
687 1161 813 1196 δεύτερον
837 1160 884 1187 τοῦ

94 1204 275 1238 μελίσματος.
292 1204 328 1231 Τὸ
337 1205 366 1232 δὲ
380 1207 480 1241 τρίτον,
498 1207 538 1233 ὅτι
554 1206 590 1241 (9)
606 1207 652 1233 καὶ
666 1207 776 1241 ἀγάπην
792 1207 885 1232 ἐπινε-

94 1247 190 1282 νόηται
209 1248 255 1274 καὶ
270 1249 405 1283 ὁμόνοιαν,
428 1249 522 1285 ὥσπερ
537 1250 585 1282 τὰς
597 1250 722 1284 γλώσσας
736 1251 790 1277 τῶν
806 1251 884 1286 ᾀδόν-

95 1301 163 1326 των,
179 1293 249 1320 οὕτω
272 1293 319 1320 καὶ
332 1294 380 1325 τὰς
394 1295 506 1329 γνώμας
520 1296 559 1326 είς
576 1295 604 1321 ἒν
620 1296 745 1328 συνάγειν
770 1296 886 1330 δυνάμε-

95 1347 154 1370 νον,
172 1339 219 1366 καὶ
236 1340 459 1376 συναρμολογεῖν,
474 1342 563 1372 πάσας
579 1350 607 1367 τε
623 1342 669 1367 καὶ
684 1341 802 1377 ἑκάστην
822 1342 886 1369 ἑκά-

95 1393 151 1420 στῃ
174 1386 221 1412 καὶ
248 1387 364 1418 πάσαις
379 1387 405 1413 τί
430 1387 485 1422 γὰρ
501 1387 585 1417 οὕτως
600 1387 657 1412 ἐστὶ
669 1386 885 1421 διαλλακτήριον,

94 1431 137 1462 ὡς
155 1430 230 1466 ᾆσμα
245 1433 334 1458 κοινὸν
353 1433 500 1468 ίκετήριον,
527 1432 557 1464 ἐξ
583 1433 697 1459 ἑκάστου
714 1433 759 1458 καὶ
777 1433 885 1459 πάντων

95 1477 170 1511 ὑπὲρ
180 1478 295 1505 ἑκάστου
310 1478 358 1505 καὶ
374 1479 483 1505 πάντων
499 1478 718 1513 ἀναφερόμενον;
736 1479 789 1504 Καὶ
803 1479 885 1514 χωρὶς

92 1523 127 1549 δὲ
139 1525 250 1557 τούτων,
271 1525 368 1561 πολλὴν
380 1525 436 1560 ἔχει
449 1525 479 1551 τὸ
498 1525 578 1560 μέλος
592 1525 706 1559 δύναμιν
723 1525 791 1560 πρὸς
805 1526 887 1561 ἤθους

97 1570 282 1605 κατασκευὴν,
294 1571 309 1606 ἢ
323 1571 518 1605 ἐπανόρθωσιν,
537 1571 718 1606 μεταλλάττον
735 1572 780 1598 καὶ
791 1571 889 1606 ῥυθμί-

78 1614 145 1646 ⁴ζον
162 1615 242 1641 αὐτὸ·
272 1616 430 1650 σωφρονικὰ
442 1625 471 1642 τε
496 1616 550 1651 γὰρ
567 1616 641 1651 παρά
661 1618 716 1648 τοῖς
745 1617 888 1651 ἀρχαιοτέ-

99 1669 158 1695 ροις
173 1659 243 1688 εἶναι
264 1662 320 1698 (10)
339 1662 417 1697 μέλη,
445 1663 493 1689 καὶ
507 1663 662 1689 τούναντίον
687 1663 824 1697 ἐρωτικὰ,
841 1664 888 1690 καὶ

96 1707 281 1742 πολεμοποιὰ,
300 1709 347 1735 καὶ
361 1709 498 1744 εἰρηνικὰ,
525 1708 571 1735 καὶ
585 1708 705 1743 λυπηρὰ,
722 1710 767 1735 καὶ
781 1709 888 1744 χαρίεν-

96 1760 143 1784 τα,
166 1754 212 1778 καὶ
229 1755 394 1788 ρωννύοντα,
421 1755 468 1780 καὶ
485 1754 669 1789 ἀμσλύνοντα.
685 1755 769 1781 Φασὶν
785 1756 826 1781 ὅτι
839 1756 887 1781 καὶ

97 1798 272 1834 Πυθαγόρας,
291 1801 433 1835 μειράκιον
447 1802 570 1832 ἐκτόπως
587 1800 668 1836 ἐρῶν,
695 1801 886 1836 μεταστρέψας

96 1844 144 1870 τὸν
166 1846 256 1878 αὐλὸν,
284 1847 448 1882 μετέστρεφε
472 1849 519 1873 καὶ
544 1847 591 1873 τοῦ
614 1847 729 1882 ἔρωτος·
750 1848 795 1873 καὶ
822 1847 887 1874 ἄλλο

99 1890 171 1925 μετὰ
189 1891 280 1925 ξίφους
296 1892 390 1926 ὁρμῶν
402 1892 537 1924 ἐξέλυσεν.
553 1893 583 1918 '0
598 1892 626 1919 δὲ
639 1892 769 1927 Τιμόθεος
785 1892 886 1927 μεταξὺ

95 1937 237 1972 τραπέζης
259 1937 306 1963 καὶ
328 1938 423 1973 ἡδονῆς
439 1938 484 1964 τὸν
511 1938 592 1973 νόμον
625 1938 693 1974 ᾄσας
714 1939 759 1964 τὸν
784 1938 885 1973 ὄρθιον,

96 1982 144 2008 τὸν
169 1982 253 2016 Θυμὸν
267 1983 360 2018 ἧγειρε
380 1983 426 2010 τοῦ
447 1983 621 2016 Μακεδόνος,
650 1983 697 2009 καὶ
725 1984 887 2018 ἁρπάσαντα

97 2028 149 2062 τὴν
167 2028 267 2063 σκευὴν
283 2028 456 2063 ἀναπηδῆσαι
474 2029 621 2062 πεποίηκε.
636 2028 714 2055 Οὕτω
729 2028 795 2063 γοῦν
809 2029 886 2064 ἡμῶν

96 2072 116 2106 ὴ
133 2072 213 2106 φύσις
224 2072 331 2104 οἰκείως
343 2073 399 2107 ἔχει
418 2073 484 2108 πρὸς
499 2073 532 2099 τὰ
548 2073 616 2108 μέλη
628 2073 682 2099 τῶν
694 2074 824 2108 ᾀσμάτων
840 2075 887 2100 καὶ

96 2117 195 2152 ἡδέως,
213 2117 250 2148 ὠς
263 2117 309 2144 καὶ
325 2119 359 2144 τὰ
378 2118 520 2153 ὑπομάζια
535 2118 630 2144 παιδία
648 2118 887 2153 κλαυθμυριζόμε-

97 2171 143 2194 να,
170 2162 274 2194 τούτοις
297 2163 344 2189 καὶ
365 2163 456 2198 μόνοις
481 2163 740 2197 κατακοιμίζεσθαι·
766 2163 886 2200 κατεπᾴ-

94 2207 173 2234 eam
188 2208 241 2243 γὰρ
256 2208 366 2243 ᾅσματα
382 2208 494 2235 παιδικὰ
508 2208 614 2240 τούτοις
626 2209 653 2234 at
667 2208 766 2240 τίτθαι,
790 2209 837 2235 καὶ
853 2209 887 2235 δι’

96 2253 189 2279 αὐτῶν
200 2254 425 2289 κατακοιμίζουσι
437 2254 470 2280 ’τὰ
487 2254 621 2289 βλέφαρα.
631 2254 686 2281 Καὶ
702 2254 836 2289 ὁδοιπόροι
847 2255 886 2287 δὲ,

97 2299 229 2331 πολλάκις
245 2300 314 2326 κατὰ
333 2301 506 2335 μεσημόρίαν
528 2299 695 2332 ἐλαύνοντες,
711 2300 815 2335 ᾄσματι
837 2309 888 2326 πα-

99 2344 282 2381 ραμυθοῦνται
299 2345 348 2380 τὴν
357 2345 387 2371 ὲκ
398 2346 448 2380 τῆς
456 2345 610 2380 ὁδοιπορίας
622 2344 817 2380 ταλαιπωρίαν.
831 2345 886 2372 Καὶ

98 2391 269 2426 χειροτέχναι
297 2391 395 2421 πάντες
422 2391 602 2426 ἐργαζόμενοι
627 2391 753 2426 ᾄδουσιν,
781 2391 820 2422 ὡς
836 2391 886 2426 τῆς

96 2438 186 2472 ψυχῆς
197 2437 234 2471 τῷ
250 2437 326 2471 μέλει
341 2437 538 2472 κυκλουμένης,
554 2437 602 2464 καὶ
619 2437 684 2471 ῥᾷον
699 2436 836 2472 φερούσης
852 2437 886 2462 τὰ

97 2483 202 2518 ὀχληρὰ
217 2483 264 2509 καὶ
278 2483 404 2510 ἐπίπονα.
429 2484 483 2509 Καὶ
497 2484 523 2509 τί
538 2483 578 2509 δεῖ
591 2484 681 2518 λέγειν
698 2483 828 2518 περὶτῶν
844 2482 888 2508 λο-

97 2529 204 2563 γικῶν;
223 2530 290 2556 ὅπου
319 2537 350 2563 γε
376 2530 422 2556 καὶ
446 2530 524 2556 ἵπποι
544 2530 694 2564 σάλπιγγος
711 2530 760 2565 μὲν
775 2529 888 2556 ἀκούον-

96 2583 155 2607 τες,
169 2575 235 2610 πρὸς
251 2575 367 2611 πόλεμον
382 2575 604 2609 εὐτρεπίζονται·
618 2577 764 2612 θρέμματα
775 2576 803 2602 δὲ
829 2577 890 2606 ταῖς

99 2620 223 2656 σύριγξιν
247 2622 369 2656 ἕπονται,
395 2622 442 2648 καὶ
467 2622 529 2656 τόγε
559 2622 639 2649 πλέον
661 2623 819 2658 τέρπονται,
839 2622 887 2648 καὶ

935 204 1068 230 stantino.
1086 203 1148 230 [huc
1161 211 1223 230 cum
1238 202 1309 229 LXX
1328 203 1507 238 Interpretum
1519 205 1639 232 editione
1655 214 1724 233 cono

935 249 1031 280 sentit,
1045 253 1072 276 et
1087 257 1150 284 qua:
1165 249 1200 276 ab
1217 249 1278 276 aliis
1290 249 1438 283 depravata
1453 249 1573 283 fuerant,
1589 251 1724 286 reproba-

935 294 982 321 rit.

971 339 1038 367 Illud
1072 344 1163 367 autem
1196 340 1326 367 omnibus
1357 340 1533 368 manifestum
1560 347 1620 375 est,
1651 343 1724 378 quod

934 386 1167 420 qnemadmodutn
1197 394 1292 421 greges
1326 387 1437 418 fistula,
1464 387 1504 414 sic
1535 388 1617 415 etiam
1645 391 1723 417 multi

934 431 1075 458 hominum
1093 435 1212 466 aguntur
1239 437 1265 457 ct
1282 432 1435 458 mulcentur
1448 433 1617 460 carminibus
1632 443 1639 460 :
1655 435 1726 462 inter

934 477 1060 503 homines
1078 481 1170 502 autem
1194 477 1281 502 tnulto
1310 478 1395 510 magis
1425 478 1524 504 l'cmina
1555 486 1636 512 quam
1658 480 1720 512 vir;

934 529 985 548 nee
1004 522 1095 547 tnintts
1110 521 1191 547 ctiam
1212 523 1234 548 is
1250 522 1296 556 qui
1312 522 1461 549 immatura:
1473 528 1515 550 est
1531 524 1630 556 mtatis,
1643 533 1726 559 quam

936 567 981 601 qui
1018 566 1097 594 senio
1139 567 1303 600 confectus;
1342 571 1389 593 aut
1426 569 1473 602 qui
1507 568 1628 596 ferocior
1651 575 1726 603 .est,

935 620 1016 647 quam
1047 613 1093 646 qui
1125 613 1239 646 mitior;
1274 618 1319 639 aut
1340 613 1428 640 .docto
1456 613 1615 642 indoctior:
1640 621 1667 644 et
1697 618 1726 645 in

934 657 992 691 ipso
1012 658 1122 691 quidem
1149 659 1258 684 homine
1294 658 1347 684 alia
1379 663 1422 685 est
1452 660 1595 687 rationalis
1627 663 1727 689 animae

933 711 996 738 pars
1025 710 1052 731 et
1082 705 1133 731 alia
1163 705 1334 731 irrationalis
1365 712 1396 731 ac
1422 705 1523 739 ferina,
1542 715 1611 741 quas
1631 715 1727 736 omnes

934 755 1024 776 tamen
1048 750 1174 784 voluptas
1195 751 1280 776 \‘incit
1299 758 1330 777 ac
1351 755 1472 785 superat.
1501 753 1556 779 Hac
1585 753 1668 787 igitur
1693 755 1728 782 de

936 796 1218 830 causa'psalmorum
1247 800 1345 823 cantus
1382 797 1555 825 introductus
1588 803 1650 831 est,
1679 807 1729 834 per

898 834 1014 875 nquem
1045 842 1160 874 utilitas,
1191 850 1252 876 quin
1282 842 1317 870 ab
1345 843 1411 876 ipsis
1440 843 1557 877 psalmis
1587 846 1728 879 provenit,

936 887 1064 914 humanis
1084 888 1184 915 animis
1209 888 1293 915 veluti
1317 895 1365 922 per
1380 888 1490 915 ﬁbulam
1510 890 1658 924 quamdam
1676 891 1728 917 ad-

938 933 1056 959 nectitur
1076 937 1102 959 et
1117 933 1295 968 conjungitttr
1311 943 1317 961 :
1340 934 1401 968 ipso
1417 934 1526 961 scilicet
1541 939 1635 967 cantu,
1649 936 1729 970 quasi

937 979 1014 1006 melle
1030 979 1160 1014 quodam,
1182 979 1319 1007 allerautc
1342 988 1374 1006 ac
1395 980 1554 1007 moderante
1569 982 1727 1016 spiritualis

937 1025 1082 1052 medicina:
1101 1025 1312 1057 austeritatem,
1342 1030 1369 1053 ct
1399 1026 1475 1052 utilia
1502 1026 1627 1054 dulcibus
1656 1035 1728 1055 con-

936 1070 1039 1098 diente.
1058 1070 1126 1098 Nam
1145 1071 1217 1106 quod
1237 1075 1345 1107 gratum
1369 1076 1423 1103 est,
1444 1072 1470 1097 id
1493 1072 1642 1105 jucundius
1657 1073 1730 1100 reci-

937 1117 1012 1152 pitur
1024 1123 1050 1144 et
1065 1118 1237 1144 constantius
1250 1117 1394 1144 retinetur.
1411 1117 1472 1144 llzec
1487 1122 1528 1144 est
1547 1117 1628 1152 igitur
1641 1119 1728 1152 prima
1751 1151 1758 1158 I

937 1166 1034 1190 cantus
1051 1163 1130 1189 ratio.
1151 1161 1276 1189 Secunda
1294 1171 1358 1189 vero
1375 1163 1420 1190 illa
1440 1168 1481 1189 est
1498 1171 1505 1189 :
1522 1163 1585 1197 quia
1602 1163 1676 1190 inani
1697 1171 1729 1191 ac

939 1208 1004 1235 falsa
1026 1209 1176 1242 voluptate,
1194 1209 1301 1234 dtemon
1326 1209 1464 1235 hominem
1488 1199 1656 1242 perdiderat,
1677 1218 1727 1237 co-

937 1254 1036 1288 gitavit
1054 1253 1125 1281 Deus
1144 1261 1192 1288 per
1212 1253 1347 1286 eamdem,
1375 1254 1525 1280 artiﬁciose
1553 1255 1728 1289 dispositam.

937 1300 1013 1326 illum
1032 1307 1130 1326 rursus
1155 1299 1271 1326 salvarc.
1297 1299 1403 1331 Tertio,
1431 1304 1531 1326 cantus
1556 1299 1589 1326 ad
1605 1305 1728 1328 mutuam

938 1345 1113 1373 concordiam
1133 1350 1160 1372 et
1187 1345 1361 1372 dilectionem
1389 1345 1522 1372 inventus
1544 1352 1608 1373 est:
1634 1351 1730 1380 utpote

938 1391 984 1426 qui
1001 1392 1097 1426 possit,
1114 1396 1143 1418 ut
1160 1391 1318 1418 canentium
1339 1398 1432 1422 voces,
1452 1391 1488 1418 ita
1505 1394 1532 1418 et
1554 1398 1648 1418 eorum
1670 1393 1730 1419 ani-

939 1444 1009 1468 mos,
1026 1437 1053 1463 in
1076 1443 1160 1462 unum
1175 1443 1349 1470 comportare.
1365 1435 1435 1468 Ouid
1455 1437 1527 1462 cnim
1547 1438 1676 1471 estquod
1693 1439 1730 1465 ita

940 1481 1099 1508 inimicitias
1119 1486 1244 1514 generet.
1262 1485 1292 1508 ut
1316 1486 1416 1509 cantus
1435 1483 1585 1509 amicitiam
1609 1487 1636 1510 et
1653 1491 1731 1510 amo-

942 1534 997 1554 rem
1013 1526 1169 1553 conciliat?
1186 1526 1232 1553 ille
1250 1526 1377 1554 videlicet
1397 1531 1504 1558 cautus,
1525 1528 1570 1562 qui
1586 1536 1601 1554 a
1615 1528 1730 1563 singulis

941 1576 1023 1607 atque
1045 1572 1079 1598 ab
1100 1571 1243 1603 omnibus,
1270 1579 1320 1605 pro
1345 1572 1460 1605 singulis
1486 1577 1512 1599 et
1532 1581 1581 1607 pro
1600 1574 1731 1601 omnibus

940 1619 1123 1645 connnunitcr
1143 1618 1259 1645 offertur
1286 1617 1351 1644 Deo.
1370 1617 1436 1653 [Aut
1453 1619 1577 1652 quisnam
1595 1619 1662 1646 adeo
1687 1623 1730 1647 est

940 1663 1053 1691 immitis
1066 1668 1092 1691 et
1107 1663 1194 1695 ferox,
1207 1664 1254 1698 qui
1268 1662 1344 1690 illum
1361 1664 1447 1698 possit
1464 1664 1604 1690 inimicmn
1616 1665 1729 1697 ducere,

939 1716 1020 1742 quem
1050 1710 1119 1736 sciat
1136 1709 1218 1736 Deum
1238 1715 1287 1741 pro
1302 1716 1331 1736 se
1346 1708 1467 1743 placasse
1476 1707 1497 1744 ‘3]
1529 1708 1639 1735 Multam
1660 1717 1730 1744 pra:—

941 1759 1013 1782 terea
1032 1755 1083 1780 vim
1110 1754 1253 1781 harmonia
1275 1754 1354 1780 habet
1385 1758 1413 1780 et
1439 1758 1547 1784 cantus,
1570 1759 1598 1780 ut
1624 1755 1730 1789 pOssilll

939 1803 966 1826 ct
981 1800 1068 1826 bonos
1079 1806 1169 1827 mores
1187 1806 1298 1834 parare,
1321 1803 1348 1826 ct
1373 1797 1510 1830 labantes,
1535 1803 1582 1826 aut
1609 1799 1729 1833 perditos

939 1845 1068 1879 dirigere,
1095 1848 1177 1880 atque
1204 1844 1232 1870 in
1264 1844 1364 1871 melius
1390 1851 1566 1878 componere.
1603 1843 1729 1879 Legimus

940 1889 1022 1916 ctiatn
1041 1889 1112 1923 apttd
1134 1889 1263 1923 antiquos
1290 1892 1430 1920 auctores,
1452 1888 1529 1914 varia
1553 1887 1640 1914 fuisse
1665 1896 1731 1915 catt-

940 1939 1016 1961 tuum
1035 1942 1147 1969 genera.
1163 1935 1201 1962 ita
1219 1938 1247 1961 ut
1266 1934 1310 1960 alii
1330 1934 1398 1960 casti
1416 1938 1510 1960 essent
1531 1938 1558 1960 et
1575 1935 1729 1967 temperati,

938 1980 984 2007 alii
1005 1980 1144 2013 amatorii,
1170 1980 1216 2007 alii
1237 1980 1320 2007 etiam
1341 1979 1443 2011 bellici.
1462 1979 1502 2006 sic
1521 1981 1548 2005 et
1571 1978 1678 2012 paciﬁci
1702 1983 1731 2005 ct

939 2026 1029 2053 mmsti
1056 2034 1087 2053 ac
1118 2025 1272 2061 lugubres:
1299 2025 1344 2052 alii
1372 2025 1489 2059 denique
1516 2025 1610 2055 robur,
1639 2029 1666 2051 et
1683 2025 1729 2051 alii

939 2073 1134 2100 bcbeludinem
1149 2076 1322 2107 prmstantes.
1342 2072 1427 2098 Aiunt
1447 2071 1519 2097 enim
1538 2070 1728 2106 Pythagoram,

939 2118 1120 2145 adolescentis
1150 2117 1296 2144 immodice
1327 2117 1469 2149 amantis,
1508 2116 1620 2143 mutatis
1657 2117 1729 2144 tibia:

899 2164 1038 2198 Dinodis,
1067 2171 1187 2190 amorem
1211 2163 1294 2190 simul
1314 2166 1447 2194 mutasse,
1475 2166 1501 2188 et
1527 2161 1610 2188 alium
1639 2161 1730 2195 gladio

939 2208 1106 2234 insilientem
1122 2207 1179 2240 pari
1202 2207 1284 2233 modo
1303 2206 1435 2233 molliissc
1453 2213 1484 2233 ac
1499 2206 1704 2240 conxpcscuisse
1720 2213 1729 2234 :

939 2242 972 2281 cf
989 2251 1166 2280 Timotheum
1190 2253 1217 2279 in
1243 2259 1333 2284 emno,
1350 2256 1432 2286 atque
1460 2252 1532 2279 inter
1561 2253 1729 2286 voluptates,

940 2299 1005 2326 dum
1028 2303 1142 2326 cantum
1163 2298 1308 2333 quemdam
1324 2302 1446 2330 caueret,
1463 2298 1509 2332 qui
1527 2297 1639 2324 Orthius
1655 2297 1731 2324 dice—

942 2346 1036 2378 batur,
1053 2345 1175 2372 animum
1190 2343 1282 2371 ferunt
1305 2344 1463 2371 Macedonis
1487 2344 1625 2370 excitasse
1646 2347 1730 2376 atquo

941 2391 1076 2424 eﬂ‘ecisse,
1100 2396 1139 2424 ut,
1157 2394 1267 2425 arrepta
1281 2395 1433 2422 armatura,
1454 2389 1579 2424 protinus
1595 2388 1728 2415 exsiliret.

941 2437 1015 2465 Adeo
1032 2436 1106 2464 enim
1124 2436 1245 2464 humana
1259 2442 1356 2463 natura
1372 2436 1499 2463 cantibus
1515 2434 1660 2461 familiaris
1675 2438 1728 2465 est,

941 2484 1036 2518 eisque
1053 2483 1215 2516 delectatur,
1236 2488 1265 2510 ut
1284 2482 1423 2518 vagientes
1445 2482 1528 2509 etiam
1552 2480 1671 2507 infantes
1688 2481 1731 2507 bis

941 2529 1008 2556 solis
1034 2533 1257 2564 compescantur.
1276 2528 1386 2555 Canunt
1406 2527 1506 2562 quippe
1529 2526 1582 2552 illis
1606 2525 1729 2552 nutrices

943 2573 1062 2609 pueriles
1090 2574 1206 2605 naenias,
1233 2574 1333 2608 quibus
1358 2580 1453 2600 eorum
1476 2571 1547 2598 oculi
1571 2570 1727 2604 sopiuntur.

946 2619 1074 2647 Viatores
1105 2624 1248 2655 praeterea,
1275 2620 1375 2654 saepius
1392 2619 1424 2645 de
1443 2618 1530 2645 media
1549 2617 1593 2644 die
1611 2615 1728 2652 fatigati,

772 2699 870 2730 Varios
886 2698 1052 2729 lectiones.

137 2777 176 2812 (8)
189 2778 232 2804 ῖσ.
247 2778 382 2812 ἔντεχνον,
395 2779 463 2812 utet
479 2775 592 2802 Latinus
609 2775 674 2811 legit
691 2775 836 2810 interpres.

137 2811 176 2845 l9)
194 2814 237 2840 ῖσ.
252 2813 293 2840 ὅτι
310 2811 359 2845 εὶς,
371 2811 482 2846 exploso
497 2811 554 2837 καί.

982 2771 1246 2812 (l9)nDcsidcr'atur,
1267 2771 1307 2797 vel
1328 2775 1403 2798 certe
1427 2769 1589 2811 suhapditur
1606 2767 1729 2801 verbum,

946 2816 1000 2843 quo
1015 2807 1137 2836 inﬁnitus
1154 2807 1222 2832 εἶναι
1241 2811 1362 2839 regatur.
1473 2807 1480 2811 '
