1893 3068
175 116 210 148 85
737 117 931 146 COMMEN'I‘.
955 116 996 145 ΙΝ
1015 115 1196 146 PSALMOS.
1761 121 1795 150 sc,

175 174 250 207 ἔθνη,
263 174 432 208 προτραπεὶς
458 172 532 208 παρὰ
552 172 599 199 τοῦ
626 172 733 208 Πατρὺς
751 171 898 202 αἰτεῖσθαι,
915 170 955 197 κα¹

1026 178 1068 196 ton
1091 174 1225 204 recepltts,
1239 169 1301 203 jure
1320 171 1440 204 gentium
1459 172 1595 206 nationes,
1624 177 1653 199 ut
1668 180 1733 200 suas
1745 173 1798 201 sibi

175 218 268 245 λαϐεῖν
284 219 323 250 εἰς
339 219 439 253 κλῆρον
457 219 553 245 ταῦτα·
579 219 627 245 καὶ
642 219 695 252 γὰρ
710 218 756 244 καὶ
778 218 849 244 κατὰ
865 217 895 243 τὸ
911 217 959 243 ἀν-

175 264 312 298 θρώπινον
328 265 391 296 Υἱὸς
407 265 474 291 Θεοῦ
490 263 619 298 γεγονὼς,
634 263 802 297 ὲπωφείλετο
820 263 930 297 κλῆρον.

1014 215 1162 242 vindicavit
1181 224 1186 242 :
1212 216 1347 250 prteciptte
1370 224 1430 243 cum
1449 218 1528 245 Pater
1551 226 1612 246 eum
1636 218 1799 247 monuisset.

1017 266 1045 288 ut
1059 261 1119 288 illas
1136 265 1251 295 peteret,
1266 265 1294 288 et
1311 262 1448 295 pollicitus
1469 263 1565 291 fuisset
1582 265 1681 299 petenti
1698 272 1728 291 se
1753 272 1799 291 cus

175 311 351 338 traditurum.
371 311 437 338 Nam
459 319 491 338 ex
507 319 561 346 quo
574 315 601 338 ut
619 311 699 338 ltouto
725 311 775 337 alia
797 310 901 337 ratione
916 309 1004 337 factus
1020 313 1078 336 erat
1093 308 1178 336 Filius
1210 308 1267 341 Dei,
1288 315 1488 344 consequenter
1520 311 1609 346 aliqua
1634 313 1671 339 illi
1700 311 1794 339 deberi

175 357 317 383 videbatur
333 356 488 384 litereditas.

209 414 261 440 Καὶ
279 413 335 446 τὴν
348 413 536 447 κατάσχεσίν
552 422 610 441 σου
625 415 661 440 τὰ
675 414 788 447 πέρατα
812 412 866 446 τῆς
892 412 957 446 γῆς.

173 458 229 485 Καὶ
243 459 293 493 τὴν
310 458 435 491 ἐξουσίαν
457 459 507 494 τῆς
536 460 717 494 κληρονομίας
742 467 789 484 σου
812 459 960 492 διήκουσαν

176 503 257 537 μέχρι
280 503 334 529 τῶν
354 503 481 538 περάτων
500 504 548 538 τῆς
568 505 629 538 γῆς.
658 503 705 535 Ei;
733 504 823 530 πᾶσαν
840 503 894 537 γὰρ
912 502 960 537 τὴν

174 549 237 582 γῆν,
251 549 299 574 καὶ
313 549 352 579 είς
368 549 402 574 τὰ
418 548 523 582 πέρατα
538 549 588 582 τῆς
602 549 799 583 οίκουμένης,ὸ
812 548 856 575 τοῦ
873 548 962 582 Εὐαγ-

174 593 265 626 γελίου
292 594 371 627 λόγος
393 594 515 628 ἐξῆλθεν.
538 595 710 621 ’Υποτίθεται
731 595 788 623 δὲ,ὁ
803 594 896 628 Πατὴρ
916 594 959 620 αἱ-

173 638 288 671 τεῖσθαι,
300 639 338 670 ὡς
354 640 471 666 εὺδοιιῶν
495 641 541 667 καὶ
560 641 646 666 Θέλων
661 641 711 674 τὴν
734 640 790 666 τῶν
807 639 960 674 ἀνθρώπων

173 682 337 710 ἀνάπλασιν.
364 685 484 710 Αίτεῖται
510 684 538 711 δὲ
569 684 671 718 ταύτην
693 685 707 710 ὁ
726 684 798 715 Υἱὸς,
827 683 865 714 ὡς
890 682 960 716 ὑπὲρ

172 729 252 763 ἡμῶν
265 730 490 764 ἐνανθρωπήσας,
520 731 567 756 καὶ
588 730 702 764 μεσίτης
727 729 873 763 γενόμενος
892 727 959 754 Θεοῦ

172 774 220 800 καὶ
242 774 403 810 ἀνθρώπων.
434 775 660 810 Αίσχυνέσοωσαν
688 773 735 801 οὗν
765 775 789 801 oi.
825 774 960 804 Ἰουδαῖοι,

173 821 377 854 προσαρμόζειν
390 821 440 847 οὐκ
457 821 564 855 ἔχοντές
577 830 631 848 τινι
657 822 735 848 ταυτὶ
752 821 786 848 τὰ
811 820 891 855 ῥητά.
911 819 960 850 Τίς

173 866 228 899 γὰρ
243 866 337 900 ἔτερος
354 866 490 900 τοσαύτην
504 867 639 901 ἐκτήσατο
656 866 839 900 κατάσχεσιν;

1046 410 1078 436 ΕΙ
1096 409 1369 442 possessioncmtuam
1387 411 1511 436 termino:
1525 415 1612 438 terra:
1629 411 1661 438 Et
1679 418 1799 447 potcsm-

1011 461 1074 487 tem,
1089 455 1189 489 inquit,
1209 455 1376 483 hereditatis
1401 459 1454 482 tua:
1472 464 1533 491 qua?
1552 457 1585 484 ad
1607 462 1685 485 terrae
1709 467 1796 493 usqtte

1012 501 1079 527 fint-s
1095 501 1234 535 pertingit.
1250 501 1279 527 In
1295 508 1404 528 omnem
1420 502 1492 528 enim
1505 507 1604 529 terram
1615 508 1641 530 et
1658 505 1684 530 itt
1701 512 1797 531 omnes

1011 547 1078 574 fines
1100 547 1175 574 orhis
1193 552 1273 574 terra:
1293 548 1468 582 evangelicus
1486 555 1575 575 sermo
1592 551 1753 582 penetravit.
1768 550 1802 577 Et

1011 592 1069 626 ipse
1080 592 1187 626 quidem
1201 591 1282 619 Pater
1296 599 1311 618 ιι
1327 592 1462 627 Propheta
1476 593 1670 626 introducitur,
1685 602 1800 622 monens

1008 645 1038 664 re
1053 642 1135 672 atque
1148 639 1253 665 instans
1269 643 1299 665 ut
1316 637 1402 666 Filius
1414 638 1600 666 hareditatem
1616 639 1684 666 hanc
1702 645 1776 674 petat
1791 649 1798 668 :

1011 684 1041 707 ttt
1055 681 1185 708 ostendat
1205 689 1286 716 qttant
1310 688 1423 717 cuperet
1444 682 1535 715 Pater,
1556 684 1668 711 humani
1692 687 1800 719 generis

1008 727 1249 754 instaurationem:
1266 727 1352 754 Filius
1362 736 1427 755 vero
1438 737 1492 755 tton
1506 729 1641 757 immerito
1652 731 1732 757 etiam
1750 739 1800 765 po-

1011 773 1115 799 stulare
1132 772 1159 799 id
1179 773 1279 800 dicitur
1294 782 1300 800 :
1313 773 1424 808 quando
1437 775 1546 808 quidem
1561 779 1588 802 et
1602 775 1799 803 humanitatem

1014 818 1172 852 sumpserit,
1183 823 1209 845 et
1226 818 1272 845 Dei
1289 823 1370 853 atque
1385 819 1525 846 hominum
1537 820 1671 847 mediator
1687 821 1800 848 enectus

978 863 997 889 Β
1015 864 1061 890 sit.
1074 864 1245 891 Erubescaut
1262 864 1347 898 igitur
1363 869 1391 892 et
1410 864 1616 893 confundantur
1631 865 1730 898 Judaei.
1750 874 1801 894 ne-

172 911 273 937 minem
295 912 424 938 habentes
442 912 484 938 cui
499 913 579 938 verba
597 912 653 938 hzcc
674 910 876 938 accommodari
907 909 1026 944 possint.
1047 910 1114 941 Quis
1148 910 1221 936 enim
1257 910 1339 942 alius,
1365 914 1463 945 praeter
1488 910 1642 945 Christum,
1691 916 1798 940 lautam

173 957 225 983 sibi
243 958 449 990 possessionem
463 958 567 991 paravit
582 957 593 982 '.’

208 1012 368 1047 Ποιμανεῖς
386 1013 496 1046 αὐτοὺς
515 1013 549 1039 ἐν
562 1012 661 1046 ῥάϐδῳ
677 1013 759 1047 (nam
768 1013 796 1046 ᾷ.
811 1013 896 1039 Τοῦτο
907 1013 960 1038 ἀπὸ

172 1057 219 1084 τοῦ
237 1059 376 1093 προφήτου
405 1059 525 1094 λέγεται·
541 1059 587 1095 Μὴ
611 1059 776 1094 δεξαμένους
799 1059 863 1094 γὰρ,
881 1059 959 1093 φησὶ.

171 1104 234 1131 τοὺς
245 1104 340 1137 λόγους
352 1104 416 1135 τοὺς
433 1105 506 1137 σοὺς,
517 1104 672 1136 παιδεύσεις
683 1105 792 1136 αὐτοὺς,
806 1106 834 1130 ἐν
847 1107 959 1139 μάστιγι

172 1149 284 1184 στερρᾷ·
302 1149 429 1183 σημαίνει
445 1149 473 1176 δὲ
489 1150 537 1185 τὴν
551 1149 606 1176 τῶν
625 1149 768 1183 Ῥωμαίων
780 1149 878 1184 ἀρχήν.
899 1149 960 1183 ’Λρ-

170 1195 318 1229 νησάμενοι
337 1195 390 1229 γὰρ
408 1194 457 1229 τὴν
485 1195 622 1230 βασιλείαν
642 1195 737 1227 αὑτοῦ,
765 1196 812 1222 καὶ
832 1195 958 1230 Καίσαρα

171 1239 243 1274 ἔχειν
258 1239 491 1274 ὁμολογήσαντες,
504 1241 553 1276 τὴν
563 1241 700 1276 Καίσαρος
714 1241 868 1275 ἐπέστησαν
882 1240 958 1272 ἐξου-

172 1285 244 1316 σίαν,
258 1285 303 1320 ὑφ’
320 1283 354 1321 ἦς
366 1285 561 1321 διεφθάρησαν.
580 1287 700 1321 Σιδηρᾶν
715 1286 743 1312 δὲ
758 1285 843 1321 αὐτὴν
861 1286 958 1312 ἐκάλε-

173 1337 230 1362 σεν,
246 1330 289 1357 διὰ
303 1331 333 1356 τὺ
349 1331 467 1365 ἰσχυρόν·
481 1332 541 1357 ἐπεὶ
556 1331 602 1358 καὶ
620 1331 719 1367 Δανιὴλ
742 1331 854 1367 σιδηρᾶν
874 1330 958 1366 αὐτὴν

171 1372 244 1400 ιῐδεν
257 1375 286 1401 ἐν
300 1375 359 1407 ταῖς
376 1375 514 1410 ὁράσεσιν.

213 1487 260 1520 Ὧς
301 1489 398 1522 σκεύη
439 1489 589 1522 κεραμέως
624 1491 802 1524 συν-τρίψεις
834 1491 956 1523 αὐτούς.

168 1534 257 1560 Τοῦτο
271 1534 315 1560 διὰ
329 1534 379 1568 τὴν
394 1534 494 1569 εὐχερῆ
519 1535 622 1561 τούτων
640 1535 841 1571 πανωλεθρίαν.
866 1536 958 1563 Ἀλλοι

169 1579 200 1605 δέ
226 1587 302 1613 φασι,
323 1579 372 1614 τὴν
388 1578 418 1611 ἐξ
440 1579 525 1605 ἐθνῶν
549 1580 717 1606 αἰνίττεσθαι
745 1581 892 1616 σωτηρίαν,
917 1582 958 1608 ὅτι

170 1625 319 1659 Ποιμανεῖς
335 1625 434 1656 αὐτοὺς
449 1626 478 1652 ἐν
492 1626 525 1660 τῇ
544 1627 746 1660 συμπανσοενεῐ
766 1627 890 1662 δυνάμει*
909 1628 957 1654 καὶ
971 1633 992 1662 c

169 1671 296 1706 καθάπερ
310 1672 324 1697 ὁ
343 1671 491 1706 κεραμεὺς,
518 1672 628 1698 ἐπειδὰν
654 1672 702 1698 ἴδοι
726 1673 760 1699 τὰ
777 1673 958 1708 πεπλασμένα

170 1715 258 1751 σκεύη
276 1716 403 1752 ἀδόκιμα,
421 1717 558 1752 συντρίϐει
575 1717 662 1744 ταῦτα
679 1718 732 1753 πρὸ
756 1719 803 1745 τοῦ
826 1728 959 1753 προσομι-

169 1761 253 1795 λῆσαι
272 1761 348 1796 πυρὶ,
363 1762 409 1788 καὶ
421 1762 598 1790 ἀναπλάττει·
614 1762 685 1789 οὕτω
701 1763 748 1789 καὶ
763 1764 794 1789 σὺ
808 1763 909 1789 τούτων
925 1762 959 1789 τὰ

172 1807 334 1842 φρονήματα
350 1807 506 1842 συντρίψεις
523 1807 561 1841 τῷ
578 1807 745 1842 Εὑαγγελίῳ,
772 1808 818 1834 καὶ
835 1807 958 1834 ἀνατιλᾶ-

172 1861 230 1883 σεις
252 1852 289 1886 τῷ
315 1851 420 1888 λουτρῶ
435 1853 487 1887 τῆς
513 1853 734 1887 παλιγγενεσίας,
762 1854 809 1879 καὶ
832 1854 958 1888 στερεοὺς

171 1898 318 1934 ἀπεργάσῃ
335 1897 374 1934 τῷ
385 1898 450 1926 θείω
464 1898 532 1934 πυρὶ
544 1899 591 1925 τοῦ
604 1899 772 1933 Πνεὺματος.

208 2053 262 2080 It'ul.
274 2053 341 2084 νῦν,
365 2053 517 2086 βασιλεῖς,
534 2052 643 2080 σύνετε
656 2061 663 2068 ·
677 2053 854 2087 παιδεύθητε
882 2054 956 2080 πάν-ι

171 2107 221 2131 τες
236 2101 262 2126 οἱ
277 2099 431 2133 κρίνοντες
444 2099 501 2133 τὴν
514 2099 580 2134 γῆν.
604 2098 640 2125 Τὸ
658 2099 728 2129 νῦν,
746 2099 806 2125 ἀντὶ
837 2098 893 2129 τοῦ,
911 2100 957 2126 διὰ

171 2146 259 2175 τοῖτο,
273 2142 295 2172 ὦ
311 2145 429 2179 βασιλεῖς
447 2145 592 2179 Ῥωμαίων
609 2145 656 2170 καὶ
677 2144 732 2170 τῶν
747 2144 835 2171 ἄλλων
860 2144 956 2176 ἐθνῶν,

171 2191 218 2217 καὶ
242 2191 267 2217 οἱ
291 2191 360 2218 κατὰ
379 2192 467 2217 πᾶσαν
493 2190 542 2226 τὴν
567 2191 618 2225 γῆν
635 2191 737 2225 κριταὶ,
766 2189 792 2216 οἱ
817 2189 957 2224 κρίνοντες

171 2236 235 2268 τοὺς
264 2237 375 2271 γηΐνους
401 2235 572 2271 ἀνθρώπους,
589 2235 720 2270 μαθόντες
742 2233 796 2261 οἶαι
818 2236 956 2270 συμφοραὶ

172 2282 320 2308 κατέλαϐον
336 2281 522 2316 ἀθετήσαντας
535 2281 626 2311 αὐτὸν,
645 2281 693 2307 καὶ
713 2280 844 2315 μαθόντες
860 2281 901 2307 ὅτι
916 2282 956 2312 εἰς

174 2327 291 2361 κλήρους
303 2326 376 2360 ὑμᾶς
390 2325 542 2358 ἐξελέξατο,
559 2325 665 2352 συνετοὶ
679 2325 801 2359 γενέσθε,
819 2325 868 2360 τὴν
892 2326 958 2360 πρὶν

172 2372 265 2398 ἄνοιαν
281 2371 494 2407 ἀπορρίψαντες
508 2372 555 2397 καὶ
568 2371 727 2404 παιδεὺθητε
744 2371 796 2397 ἀπό
807 2379 836 2396 τε
853 2370 955 2397 τούτων

172 2418 218 2444 καὶ
234 2417 287 2444 ἀπὸ
302 2418 355 2444 τῶν
373 2417 452 2444 Θείων
467 2417 591 2452 Γραφὼν.
607 2417 656 2443 Διὰ
678 2417 730 2443 τῶν
754 2417 893 2451 ἀρχόντων
927 2417 956 2443 δὲ

173 2463 319 2498 περιέλαϐε
333 2464 380 2491 καὶ
395 2464 459 2495 τοὺς
474 2464 622 2499 ὑπηκόους.

1046 1009 1127 1037 νειις.
1155 1010 1181 1036 9.
1208 1011 1307 1037 Partes
1330 1019 1373 1038 eos
1398 1012 1425 1037 in
1441 1012 1514 1046 virga
1531 1012 1626 1046 ferrea.
1645 1012 1740 1040 Simile
1758 1019 1801 1041 t‘st

1011 1054 1076 1081 illttd
1095 1055 1238 1089 Propheta:
1255 1055 1372 1082 dicentis
1396 1064 1403 1082 :
1425 1055 1477 1083 Eos
1503 1057 1548 1090 qui
1573 1065 1715 1086 sermones
1739 1063 1802 1086 tuos

1010 1107 1065 1126 non
1097 1101 1281 1135 susceperint,
1314 1101 1462 1136 castigabis
1492 1101 1597 1136 ﬂagello
1628 1103 1743 1130 ferreo:
1773 1109 1801 1130 et

1010 1136 1167 1179 significare
1194 1145 1261 1172 mihi
1280 1146 1387 1173 videtur
1404 1146 1448 1174 hic
1466 1147 1557 1175 verbis
1574 1148 1709 1182 Propheta
1722 1168 1729 1180 ,
1747 1149 1801 1175 lto-

1010 1197 1152 1218 manorum
1171 1191 1327 1225 imperium.
1350 1192 1457 1219 Etenim
1482 1200 1543 1220 cttm
1562 1193 1668 1222 Christi
1684 1203 1798 1229 regnum

1010 1234 1261 1270 negassentludazi.
1278 1236 1329 1264 sub
1346 1237 1461 1271 imperio
1475 1237 1593 1265 Czrsaris
1608 1246 1638 1265 se
1654 1246 1715 1266 esse
1728 1239 1800 1266 affir-

1010 1286 1128 1313 mantes,
1148 1281 1264 1309 Caesaris
1285 1282 1383 1309 merito
1400 1284 1549 1317 potentiam
1566 1284 1767 1317 sustinuerunt,
1785 1294 1800 1312 a

1009 1335 1064 1362 qua
1080 1335 1195 1361 prorsus
1217 1334 1285 1361 pene
1301 1327 1403 1362 perditi
1419 1333 1492 1356 sunt.
1509 1329 1637 1356 Ferreum
1660 1337 1723 1356 vero
1740 1337 1799 1357 eam

1008 1372 1086 1405 dixit,
1105 1372 1186 1399 veluti
1202 1372 1318 1398 validam
1344 1380 1375 1399 ae
1398 1372 1514 1405 fortem;
1536 1381 1597 1400 nam
1613 1379 1639 1401 et
1661 1374 1755 1401 Daniel
1773 1375 1802 1402 in

1008 1417 1165 1445 visionibus
1180 1418 1240 1445 suis
1253 1417 1370 1445 ferream
1384 1426 1443 1445 cant
1463 1419 1544 1445 etiam
1559 1419 1719 1453 appellarit.

1047 1486 1183 1521 Tanquam
1193 1494 1256 1513 vara
1268 1487 1343 1522 ﬁguli
1362 1487 1509 1522 confringe:
1526 1497 1581 1515 eos.
1598 1488 1654 1516 Hoc
1671 1488 1799 1523 loquendi

1012 1531 1091 1558 modo
1120 1532 1257 1566 expressit
1275 1531 1421 1566 Propheta,
1439 1540 1520 1567 quam
1552 1533 1632 1561 facile
1658 1533 1756 1565 Judaei,
1772 1539 1798 1561 ct

1012 1584 1093 1610 quam
1111 1576 1231 1604 funditus
1244 1585 1259 1604 a
1278 1577 1332 1605 Deo
1349 1578 1480 1612 perdendi
1501 1579 1664 1606 cssent.Alii
1683 1580 1724 1606 his
1737 1588 1799 1606 vcr-

1010 1620 1051 1648 bis
1068 1621 1216 1656 significari
1236 1622 1316 1649 aiunt
1331 1624 1451 1657 gentium
1468 1624 1604 1652 salutem:
1629 1625 1726 1652 Pttsces
1739 1633 1797 1654 eos.

1010 1665 1146 1700 inquiunt,
1164 1667 1190 1694 in
1212 1668 1299 1694 valida
1315 1676 1346 1694 ac
1360 1668 1422 1695 forti
1441 1671 1561 1703 petentia
1577 1675 1623 1697 tua
1638 1678 1643 1695 :
1662 1675 1686 1698 et
1703 1679 1799 1704 quem-

1010 1712 1156 1739 admodum
1188 1712 1286 1748 ﬁgulus
1311 1714 1356 1741 ubi
1383 1716 1499 1749 rcproba
1516 1723 1578 1743 esse
1600 1716 1699 1743 vident
1723 1726 1795 1749 vasa,

1010 1765 1069 1792 qua:
1087 1757 1225 1791 formarit,
1243 1760 1359 1786 conterit
1373 1759 1418 1786 illa
1431 1779 1439 1791 ,
1460 1767 1491 1788 ea
1507 1761 1635 1787 nimirum
1647 1763 1750 1789 ratione
1768 1769 1798 1790 ut

1010 1811 1110 1830 rursus
1125 1804 1179 1838 igtti
1191 1804 1335 1831 adtrovcat
1351 1808 1377 1832 et
1396 1805 1524 1833 reforntet
1542 1814 1548 1832 :
1563 1807 1598 1833 ita
1612 1811 1638 1834 et
1653 1812 1691 1839 tu,
1706 1808 1797 1834 Douti-

1009 1856 1054 1878 tte,
1085 1849 1179 1874 harum
1207 1850 1327 1884 gentium
1352 1850 1542 1885 cogitationes,
1573 1852 1719 1888 Evangelio
1749 1859 1797 1881 tuo

1009 1894 1146 1924 tlt'sll'llt‘S,
1161 1898 1189 1920 ιιι
1206 1902 1253 1921 eus
1269 1895 1443 1928 postmodum
1458 1895 1568 1923 lavacro
1584 1899 1797 1932 regenerationis

1009 1938 1154 1972 roformcs,
1179 1943 1205 1966 et
1222 1939 1314 1966 divino
1332 1940 1421 1967 sancti
1440 1940 1560 1975 Spiritus
1585 1942 1646 1976 igne
1671 1942 1797 1970 fortiores

1010 1983 1119 2010 reddas.

1046 2048 1127 2076 Vens.
1161 2050 1204 2076 10.
1223 2049 1255 2076 Et
1285 2059 1353 2077 mute
1380 2059 1449 2086 reges
1474 2052 1623 2086 ittlellt‘gite,
1652 2054 1796 2080 crudimim‘

1009 2103 1097 2121 euntes
1113 2097 1157 2130 qui
1169 2096 1298 2128 iudicatis
1309 2102 1417 2123 (errant.
1432 2098 1518 2124 Dictio
1532 2106 1612 2128 nunc.
1627 2100 1679 2126 hoc
1692 2101 1718 2126 itt
1737 2102 1796 2127 loco

1009 2142 1141 2168 rationein
1161 2142 1268 2169 reddit:
1281 2150 1314 2170 ac
1330 2143 1352 2170 si
1370 2143 1473 2170 dictum
1487 2150 1561 2171 esset
1578 2154 1585 2172 :
1603 2145 1634 2172 Et
1651 2151 1797 2181 propterea

1010 2196 1071 2217 vos,
1096 2195 1112 2214 ο
1129 2187 1316 2214 Romanorum
1335 2191 1361 2215 et
1384 2194 1543 2216 camerarum
1565 2191 1685 2225 gentium
1706 2199 1794 2226 rcges.

1009 2241 1119 2267 vosque,
1136 2233 1270 2268 ojudices
1295 2234 1340 2268 qui
1374 2234 1402 2260 itt
1421 2235 1547 2262 universa
1569 2237 1637 2264 estis
1653 2241 1735 2270 terra,
1754 2240 1796 2266 vel

1009 2288 1067 2312 vos,
1084 2289 1101 2307 o
1118 2280 1164 2314 qui
1177 2285 1301 2308 terrenos
1315 2280 1442 2308 homines
1454 2281 1595 2315 judicatis,
1620 2290 1653 2309 ex
1671 2292 1726 2318 quo
1747 2285 1796 2311 ad-

1009 2327 1114 2354 discere
1139 2327 1276 2361 potuistis,
1302 2329 1414 2362 quantis
1440 2328 1646 2357 calamitatibus
1670 2331 1795 2365 oppressi

1011 2372 1111 2399 fuerint
1125 2373 1153 2404 ii,
1172 2373 1219 2407 qui
1236 2373 1375 2400 Christum
1391 2373 1463 2401 hunc
1477 2379 1578 2402 temere
1599 2377 1794 2410 reprobarunt,

1009 2424 1035 2445 et
1052 2419 1115 2445 illud
1138 2420 1240 2454 pariter
1255 2421 1343 2447 nostis
1357 2421 1427 2455 quod
1441 2428 1456 2446 a
1482 2420 1537 2447 Deo
1561 2421 1588 2448 in
1607 2421 1793 2450 lttcretlitatem

1011 2465 1090 2492 electi
1102 2467 1169 2492 estis
1185 2473 1191 2492 :
1208 2473 1255 2493 vos
1269 2473 1376 2497 omnes,
1391 2467 1514 2500 inquam,
1531 2475 1640 2498 moueo.
1655 2469 1796 2503 sapientes

173 2514 269 2541 estote,
291 2515 317 2536 et
333 2510 436 2544 abiecta
459 2510 543 2544 priori
569 2510 614 2536 illa
634 2509 763 2542 amentia,
792 2509 938 2536 erudituini
959 2515 1014 2536 tum
1033 2512 1067 2538 ab
1082 2513 1124 2542 iis,
1147 2517 1203 2539 tum
1220 2519 1234 2539 a
1262 2513 1413 2546 Seripturis
1430 2514 1512 2540 etiam
1548 2514 1658 2541 divinis.
1695 2514 1793 2542 Verum

173 2557 237 2583 dttttt
257 2563 334 2591 reges
351 2564 382 2583 ac
415 2555 552 2591 principes
574 2555 755 2582 admonentur
784 2563 798 2582 a
824 2555 970 2590 Propheta,
992 2558 1066 2591 ipsos
1099 2559 1180 2585 etiam
1197 2559 1312 2593 populos
1327 2559 1367 2586 eis
1381 2559 1520 2593 subjectos
1539 2559 1677 2587 admoueri
1694 2562 1795 2595 pariter

175 2612 198 2630 at
207 2604 354 2631 bitrantur.

209 2674 397 2701 Δουλεύσατε
407 2673 446 2706 τῷ
458 2674 554 2708 Κυρίῳ
561 2674 596 2699 ἐν
606 2674 696 2707 φόϐῳ.
710 2673 851 2704 Συνέντες,
863 2673 956 2708 φησὶν,

175 2722 215 2747 ὅτι
232 2721 279 2747 καὶ
295 2720 361 2752 Θεός
375 2721 444 2752 ἐστι,
467 2721 513 2746 καὶ
527 2719 683 2753 ὲκδικητὴς,
705 2719 752 2745 καὶ
771 2718 895 2754 φοϐερδς,
911 2720 959 2746 καὶ

174 2768 215 2793 ὅτι
230 2766 321 2800 κτῆμα
346 2765 427 2792 αὐτοῦ
442 2765 488 2791 καὶ
503 2765 582 2800 χάρις
607 2765 656 2799 ἤδη
681 2763 893 2798 ἑχρηματίσατε,
911 2764 958 2791 καὶ

176 2809 372 2846 έιελθμισοέντες
399 2809 498 2841 ἱκανῶς
526 2810 558 2835 τὰ
580 2810 642 2843 ἤδη,
664 2809 700 2840 ὡς
717 2808 838 2844 Δεσπότῃ
851 2808 959 2835 δουλεύ-

1046 2670 1127 2697 Vens.
1147 2670 1187 2696 ll.
1203 2669 1301 2696 Serrite
1314 2668 1426 2696 Domino
1439 2670 1465 2696 in
1480 2671 1581 2697 timore.
1601 2670 1794 2705 lntclligrntes,

1012 2717 1111 2751 inquit,
1135 2716 1207 2750 quod
1229 2715 1369 2747 Christus,
1386 2719 1412 2741 et
1433 2714 1505 2742 Deus
1524 2721 1577 2748 est,
1598 2723 1626 2743 et
1641 2716 1750 2748 vindex,
1769 2721 1795 2742 et

1014 2762 1156 2792 terribilis,
1183 2761 1255 2794 quod
1283 2760 1357 2787 illitts
1381 2761 1522 2794 possessio
1544 2767 1570 2788 et
1585 2769 1647 2787 sors
1666 2761 1795 2795 appellati

1012 2813 1092 2842 atque
1111 2806 1198 2832 vili-cli
1220 2806 1296 2837 estis,
1323 2805 1394 2840 quod
1419 2806 1553 2841 reliquum
1579 2812 1630 2839 cst,
1649 2807 1802 2834 moderatis
