1893 3068
178 180 228 211 Illi

808 181 999 212 EUTIIYMII
1024 183 1202 214 ZlGABENI

1757 185 1803 217 Ii“)

177 236 270 271 copias
287 235 452 270 colligendi:
469 237 539 263 utin
565 236 642 264 libris
665 236 767 272 Regum
791 236 873 262 latius
899 243 924 262 sc

1056 238 1110 270 βας.
1125 238 1217 270 Οὕτως
1234 238 1279 265 οὖν
1295 240 1342 266 καὶ
1359 240 1422 272 υίδς
1437 240 1550 274 δεξιᾶς,
1565 242 1578 268 ὁ
1598 241 1683 274 δεξιός
1708 250 1737 268 τε
1759 243 1803 268 καὶ

177 286 253 318 ptum
265 282 409 316 reperitur.
423 282 463 310 Ab
476 281 632 316 huiusmodi
650 281 731 316 igiur
745 285 857 309 strenuo
872 289 965 315 opere,

177 327 388 363 appellationem
402 327 473 355 hanc
485 327 567 355 Cluisi
578 332 742 355 consecutus
751 331 802 360 est,
818 331 846 354 ut
859 326 965 354 Jemeni

177 375 249 402 filius
259 375 406 402 diceretur.
424 374 453 401 Si
468 374 576 409 quidem
597 374 964 408 Jemenidexterainterpre-
980 384 984 387 ·

175 422 244 447 tatur
251 420 316 456 (55).
331 420 388 448 Mos
397 427 462 448 vero
469 427 511 448 εει
522 420 669 456 Scriptura:
679 428 773 452 sacrae.
786 420 819 447 ab
828 419 965 447 exercitiis

176 467 314 500 aliquibus
330 474 379 494 seu
397 466 509 499 studiis,
525 471 654 502 tauquam
681 474 694 493 a
709 467 867 501 parentibus
894 466 964 494 filios

176 512 365 545 denominare,
382 513 465 540 veluti
480 513 567 547 ﬁlium
583 513 654 547 pacis
667 532 674 546 ,
693 513 778 547 ﬁlium
803 512 939 546 sapientia:
955 532 963 544 ,

175 561 202 584 et
227 557 312 591 ﬁlium
336 557 516 592 perditionis;
544 558 580 584 ita
605 558 685 585 etiam
709 561 736 585 et
757 557 828 592 ﬁlius
851 559 964 584 dexterae

175 603 221 630 ille
235 603 345 634 dicitur.
362 604 409 638 qui
430 603 526 631 dexter
546 607 572 631 ct
597 603 758 631 commodus
778 604 866 630 amico
883 602 964 631 fuerit

174 647 292 683 adjutor.
313 649 381 676 Illud
398 650 480 677 etiam
505 649 776 677 animadvertendum
795 654 836 676 est
850 669 857 680 .
885 649 959 684 quod

173 694 317 730 inscriptio
337 695 404 722 dicit
420 703 469 730 pro
483 695 567 723 verbis
583 695 686 723 Cltusi:
704 701 728 722 et
743 699 835 722 tamen
860 696 886 722 in
906 699 963 722 toto

172 741 289 775 psalmo.
309 740 446 777 Propheta
468 741 569 768 nullam
584 741 668 768 Chusi
692 741 849 768 memoriam
879 741 960 774 fecit;

173 785 244 813 unde
258 786 310 812 alia
326 786 414 813 oritur
431 786 568 814 dubitatio
585 795 591 813 :
609 786 748 821 quomodo
763 786 868 814 scilicet
898 793 961 821 per-

172 831 256 858 tineat
270 831 304 859 ad
320 832 453 867 psalmum
478 832 629 867 inscriptio.
649 831 703 860 Nos
718 837 806 860 tamen
830 833 901 869 quod
916 839 962 859 co-

171 877 316 910 gnovimus
335 885 388 904 non
403 877 564 905 celabimus.
581 877 648 905 Cum
667 878 810 912 paeniteret
840 878 961 912 Prophe-

1017 284 1245 318 ἐπιτηδειότατος.
1268 285 1336 311 Ἀλλ’
1353 287 1368 320 ἡ
1386 286 1435 320 μὲν
1455 287 1607 322 ἐπιγραφὴ.
1633 288 1710 322 ὑπὲρ
1744 288 1802 314 τῶν

1017 329 1116 363 λόγων
1131 331 1197 364 φησι
1214 330 1307 357 Χουσί
1323 339 1330 347 ·
1343 340 1378 358 πα
1385 331 1408 366 ρ¹
1421 332 1481 359 ὅλον
1493 332 1521 359 δὲ
1536 334 1581 359 τὸν
1600 333 1727 367 Ψαλμὺν,
1754 335 1802 360 οὐκ

1017 373 1223 408 ἐμνημόνευσεν
1239 376 1252 401 ό
1268 375 1350 402 Δαῦὶδ
1365 378 1412 403 τοῦ
1430 377 1525 410 Χουσῖ,
1551 377 1597 404 καὶ
1620 378 1695 404 δοκεῖ
1721 379 1801 405 πάλιν

1017 419 1129 454 ἄπορον.
1149 420 1219 446 Ἀλλ’
1232 422 1297 456 ἡμῖν
1308 421 1336 448 δὲ
1351 421 1381 448 τὸ
1393 422 1591 458 διεγνωσμένον
1605 423 1654 450 οὐκ
1682 425 1804 459 ἀποκρυ-

1017 464 1119 492 πτὲον·
1139 467 1290 501 μεταγνοὺς
1304 467 1357 501 γὰρ
1375 469 1388 494 ὁ
1405 468 1549 502 προφήτης
1571 468 1614 502 ἐφ’
1628 466 1667 500 οἷς
1687 469 1803 504 ἤλπισεν

1016 511 1062 537 ἐπὶ
1074 513 1106 546 τῇ
1122 512 1229 539 συνέσει
1255 513 1350 542 Χουσὶ.
1377 513 1546 549 ὑποθεμένου
1571 513 1654 540 αὑτοῦ
1675 514 1709 541 τὰ
1741 515 1803 549 περὶ

1014 557 1063 592 τῆς
1079 558 1188 593 ἀπάτης
1207 558 1377 594 Ἀὃεσαλὼμ,
1395 560 1442 586 καὶ
1456 560 1490 586 τὰ
1507 560 1571 594 περὶ
1588 559 1634 586 τοῦ
1657 560 1801 586 διασκεδά-

1015 611 1059 629 σαι
1075 603 1123 638 τὴν
1139 603 1236 639 βουλὴν
1255 604 1409 639 ’Ᾱχιτόφελη
1428 604 1474 630 τδν
1496 604 1604 639 ψαλμὸν
1632 604 1727 630 τοῦτον
1748 604 1804 640 ᾄδει

1014 649 1052 682 τῷ
1082 649 1151 684 Θεῷ,
1175 650 1223 685 οὐχ
1253 651 1326 686 ὑπὲρ
1348 648 1385 677 ὧν
1408 651 1487 686 ἔτυχε
1506 651 1581 686 παρὰ
1597 651 1646 685 τῆς
1659 651 1704 677 τοῦ
1720 651 1804 677 Χουσὶ

1016 695 1162 729 συνέσεως,
1192 696 1249 723 ἀλλ’
1278 697 1349 732 ὑπὲρ
1367 694 1404 723 ὧν
1425 697 1475 732 τῆς
1504 697 1571 732 πρὸς
1601 697 1669 723 est»;
1697 696 1804 726 ἐλπίδος

1014 741 1161 776 ἀφέμενος,
1193 743 1348 778 τεθάρρηκε
1376 743 1432 774 τοῖς
1464 743 1565 776 λόγοις,
1585 741 1625 774 οἷς
1652 743 1764 778 εῐρηχεν
1792 743 1805 768 ὁ

1014 788 1098 814 Χουσὶ
1125 788 1192 822 πρὸς
1213 788 1387 823 Ἀὃεσαλὼμ,
1418 789 1582 820 ἀποσταλεὶς
1615 789 1691 822 παρὰ
1711 788 1804 814 αὑτοῦ.

1017 834 1094 860 Ἐστι
1111 834 1157 861 οὖν
1171 834 1328 870 ἱλαστήριος
1341 836 1357 870 ἡ
1371 835 1437 870 ᾠδὴ,
1460 835 1506 861 τὸν
1529 835 1596 862 Θεὸν
1615 834 1806 869 ἐξευμενίζον-

1016 887 1061 910 ca,
1078 879 1123 905 καὶ
1140 879 1339 914 παρακαλοῦσα
1353 880 1393 911 εἷς
1405 879 1544 914 βοήθειαν.

172 926 238 954 tam.
254 923 328 957 quod
361 931 437 958 spem
458 923 574 963 aliquam
598 924 734 959 posuisset
759 924 786 951 iu
814 924 958 959 prudentia
979 929 1007 952 et
1019 925 1142 953 consiliis
1159 925 1253 958 Cluisi,
1287 927 1333 961 qui
1360 927 1384 954 ei
1410 930 1535 955 suaserat
1567 926 1745 959 decepturum
1776 931 1805 952 sc

171 967 337 996 Absalonem
351 987 359 1000 ,
385 973 411 996 ct
435 969 631 1003 dissipaturum
646 969 760 997 consilia
774 970 936 1004 Achitophcl
948 991 955 1004 ,
978 970 1135 1005 hujusmodi
1151 972 1284 1006 psalmum
1305 973 1460 1008 composuit
1477 977 1501 1000 et
1517 972 1618 1011 cecinit
1648 972 1715 1003 Deo.
1750 977 1804 998 non

170 1021 219 1049 pro
235 1013 373 1041 beneﬁciis
387 1022 446 1049 qua:
461 1019 625 1043 consecutus
640 1015 727 1042 fuerat
760 1024 774 1042 a
803 1015 948 1050 prudentia
963 1020 990 1044 et
1011 1017 1127 1045 consilio
1139 1016 1224 1045 Chusi
1241 1026 1247 1043 :
1269 1017 1316 1046 sed
1334 1019 1399 1054 quia
1417 1019 1475 1054 ipse
1491 1019 1591 1046 amissa
1607 1018 1650 1045 illa
1666 1025 1726 1053 spe.
1739 1025 1800 1052 qua:

171 1059 308 1094 praecipue
322 1060 348 1087 in
362 1060 446 1088 Deum
465 1060 588 1089 habenda
603 1065 683 1094 erat,
698 1063 785 1097 magis
815 1061 901 1090 fretus
921 1063 957 1090 sit
978 1063 1004 1090 in
1022 1063 1111 1092 verbis
1151 1064 1257 1097 Chusi,
1292 1073 1306 1092 a
1335 1073 1365 1093 se
1394 1065 1428 1093 ad
1452 1065 1613 1093 Absalouem
1641 1064 1729 1092 missi.
1759 1064 1804 1090 Est

170 1103 254 1140 igitur
284 1106 330 1134 hic
366 1107 489 1141 psalmus
517 1109 748 1143 propitiatorius,
776 1109 921 1144 placatque
945 1116 973 1138 et
992 1110 1153 1139 benevolum
1175 1112 1263 1139 reddit
1281 1111 1366 1139 Deum
1401 1111 1436 1139 ob
1473 1111 1650 1138 commissum
1683 1117 1805 1138 errorem

171 1152 302 1187 illumque
312 1153 339 1180 in
354 1152 485 1180 auxilium
501 1161 581 1181 suum
603 1154 729 1182 advocat.

205 1196 290 1225 Vens.
305 1198 332 1226 2.
343 1197 454 1225 Domine
463 1198 533 1225 Deus
545 1207 628 1231 meus.
651 1200 677 1226 in
692 1204 715 1226 te
731 1199 844 1232 speravi.
861 1200 952 1226 saltm"

1057 1198 1138 1231 Κύριε
1158 1198 1174 1224 ό
1186 1197 1255 1229 Θεός
1270 1205 1339 1231 μου,
1353 1196 1403 1223 ἐπὶ
1426 1196 1477 1223 σοὶ
1493 1196 1611 1230 ἤλπισα
1630 1204 1636 1210 “
1651 1196 1758 1223 σῶσέν
1770 1204 1804 1231 με

170 1252 211 1271 me
222 1243 265 1279 [ac
283 1251 315 1271 ex
336 1244 457 1271 omnibus
480 1245 693 1279 persequentibus
712 1248 798 1277 nte,et
811 1244 894 1272 libera
908 1254 917 1271 r

1061 1243 1183 1270 πάντων
1197 1241 1256 1269 τῶν
1268 1242 1438 1269 διωκόντων
1451 1250 1500 1276 με,
1516 1242 1565 1269 καὶ
1587 1243 1683 1276 ,ὁύσαι
1699 1251 1744 1276 με.
1774 1243 1803 1269 Εἰ

171 1287 247 1316 Livet.
260 1307 268 1320 ,
284 1288 373 1323 inquit
389 1309 396 1322 ,
411 1288 448 1316 ob
466 1289 637 1323 prudentiam
654 1289 736 1316 Chusi
755 1289 866 1324 adjutus
884 1290 918 1317 sii

1055 1300 1058 1315 ‘.
1074 1289 1150 1324 παρὰ
1164 1289 1213 1323 τῆς
1225 1288 1272 1315 τοῦ
1286 1288 1381 1321 Χουσὶ,
1392 1288 1486 1324 φησὶν,
1495 1288 1641 1323 ὠφέλημαι
1657 1289 1802 1321 συνέσεως,

170 1340 196 1362 et
212 1333 351 1368 paululum
383 1333 575 1369 respiraveriin
591 1355 597 1366 ,
620 1338 783 1369 tempusque
808 1343 917 1370 acccpei

1056 1335 1188 1366 [πνεύσας
1203 1333 1311 1370 μικρὸν,
1323 1335 1371 1361 καὶ
1385 1333 1476 1361 λαὸὼν
1491 1334 1588 1368 καιρὸν
1611 1335 1651 1365 εἰς
1677 1334 1803 1369 παράτα-

169 1379 203 1407 ad
217 1380 438 1415 congregaudum
456 1380 609 1407 exercitum
622 1399 629 1410 ,
656 1388 728 1407 nunc
759 1385 850 1407 tamen
867 1381 893 1408 in
914 1381 960 1407 illo

170 1425 288 1460 amplius
314 1433 367 1452 non
393 1425 568 1453 confido:et
594 1433 656 1452 cum
688 1426 845 1460 propediem
860 1434 959 1462 pugnae

169 1471 228 1499 dies
241 1471 305 1498 mihi
323 1472 424 1504 instet,
442 1478 455 1497 a
470 1475 498 1498 te
516 1478 570 1498 uno
588 1471 692 1506 pendeo
705 1492 713 1504 ,
729 1472 756 1498 in
775 1480 855 1506 quem
875 1480 958 1499 unum

169 1524 265 1544 omnes
281 1524 343 1552 spes
360 1524 435 1544 meas
448 1516 594 1544 collocavi.
610 1517 666 1544 Alia
683 1518 755 1544 enim
774 1518 874 1547 omnia.
891 1518 958 1544 ami-

169 1569 217 1589 cos
232 1562 373 1595 nimirum,
387 1562 478 1590 socios
491 1583 498 1596 ,
513 1570 544 1590 ac
561 1563 662 1590 milites
676 1584 683 1595 .
697 1564 818 1590 Secundo
845 1563 872 1590 in
898 1563 958 1591 loco

169 1615 274 1642 reputo.
288 1609 426 1643 Scriptum
442 1612 485 1636 est
502 1609 573 1636 enim
589 1617 596 1636 :
625 1609 786 1636 Maledicta:
814 1610 890 1636 homo
913 1611 957 1644 qui

169 1663 240 1689 spem
257 1655 330 1689 ponit
370 1655 396 1682 in
409 1655 513 1683 homine
528 1655 562 1683 ".
582 1655 648 1683 Item
666 1665 673 1683 :
699 1655 798 1683 Beatus
818 1656 895 1682 homo
914 1655 959 1690 qui

167 1706 255 1734 sperat
273 1701 300 1728 in
326 1705 350 1728 te
372 1701 416 1734 ’3;
445 1705 472 1728 et
499 1700 729 1736 quemadmodum
755 1701 838 1727 alium
868 1700 958 1728 colere

168 1753 249 1781 quam
287 1747 369 1775 Deum
404 1755 458 1774 non
486 1746 642 1778 debemus,
666 1745 706 1773 sic
733 1745 814 1772 etiam
838 1745 864 1772 in
891 1745 959 1773 alios

169 1800 280 1827 sperare
294 1801 345 1821 nos
369 1801 422 1821 non
447 1792 526 1820 decet
548 1799 629 1826 qttam
646 1791 674 1818 in
700 1790 765 1817 Deo.
791 1789 839 1818 Ille
865 1796 956 1818 autem

169 1839 268 1867 salvari
278 1839 380 1867 dicitur
391 1839 436 1874 qui
452 1838 478 1865 in
490 1837 562 1864 bello
577 1839 636 1864 sine
646 1837 758 1865 vulnere
768 1843 955 1871 conservatur,

166 1888 193 1911 ct
205 1885 272 1920 eripi
292 1885 315 1912 is
332 1885 378 1919 qui
400 1884 435 1911 ab
447 1882 589 1910 invasione
604 1886 686 1917 atque
702 1882 804 1918 impetu
831 1883 957 1910 inimico-

168 1939 228 1958 rum
258 1931 404 1959 liberatur.
428 1929 469 1956 Ea;
492 1929 614 1956 omnibus
637 1933 724 1956 autem
746 1929 957 1964 persequentibus

168 1986 219 2010 lue,
236 1977 316 2010 dixit,
333 1980 445 2012 propter
460 1982 508 2002 eos
527 1975 574 2009 qui
605 1974 770 2010 parricidam
801 1975 885 2002 ﬁliuni
913 1983 957 2003 se-

167 2024 336 2057 quebantur,
348 2026 375 2049 et
388 2021 449 2057 ejus
468 2026 581 2048 mortem
597 2021 771 2056 appetebant.
794 2020 843 2049 Vel
861 2021 955 2050 aliter:

166 2069 213 2097 Ille
228 2069 328 2097 salvari
345 2067 447 2094 dicitur
465 2060 652 2102 quiﬁilirmus
666 2071 709 2094 est
721 2075 730 2100 ς
744 2067 895 2103 eripi-vero
907 2075 955 2095 seu

166 2114 277 2141 liberari
290 2113 334 2140 ille
348 2113 394 2148 qui
411 2117 454 2141 est
470 2112 608 2148 captivus.
635 2111 714 2140 Salva
741 2121 783 2140 me
815 2114 898 2147 igitur
927 2118 957 2140 ut

167 2159 305 2186 inﬁrmum
326 2167 332 2185 :
361 2162 388 2186 et
407 2158 492 2187 libera
515 2166 558 2186 me
582 2159 659 2194 quasi
682 2159 839 2194 captivum;
871 2159 955 2188 timeo

166 2205 239 2232 enim
258 2212 293 2233 ne
311 2204 346 2232 ab
363 2204 482 2234 inimicis
495 2203 722 2241 comprehendar.
745 2203 803 2238 Vel,
818 2205 892 2233 salva
909 2213 953 2232 me

166 2250 202 2278 ab
218 2251 339 2278 inimicis
357 2251 502 2286 presentis
516 2251 579 2278 vita:
598 2259 604 2277 :
619 2256 645 2278 et
660 2251 744 2278 libera
757 2259 800 2279 me
823 2251 858 2278 ab
882 2251 954 2278 invi-

167 2296 293 2324 sibili-bus
309 2296 440 2328 inimicis,
472 2297 520 2331 qui
538 2302 599 2331 post
616 2302 732 2323 mortem
747 2303 834 2323 meam
856 2297 953 2323 animm

1012 1383 1052 1414 ξιν
1068 1390 1074 1396 ·
1093 1381 1161 1408 ἀλλὰ
1177 1380 1224 1407 νῦν
1246 1380 1296 1407 οὐκ
1312 1380 1357 1407 ἐπ’
1384 1380 1481 1415 ἐκείνῳ
1510 1380 1630 1416 οαῤῥῶν,
1653 1380 1804 1415 ἀνταγωνί-

1011 1427 1105 1461 ζεκθαι
1123 1427 1212 1462 μέλλω
1227 1434 1233 1440 ·
1248 1427 1332 1462 μόνης
1351 1426 1379 1453 δὲ
1390 1426 1438 1461 τῆς
1453 1427 1503 1461 σῆς
1527 1426 1635 1458 ἐλπίδος
1660 1426 1802 1461 ἐκκρέμα-

1012 1484 1073 1510 μαι,
1090 1474 1205 1510 δεύτερα
1213 1472 1237 1500 τ’
1252 1472 1320 1500 ἄλλα
1336 1473 1424 1500 πάντα
1439 1473 1625 1507 λογιζόμενος,
1640 1474 1686 1499 καὶ
1696 1473 1803 1506 φίλους,

1010 1522 1058 1548 καὶ
1075 1519 1248 1555 συμμάχους,
1271 1520 1319 1546 καὶ
1339 1518 1520 1555 στρατιώτας.
1542 1519 1700 1554 Γέγραπται
1721 1518 1779 1552 γάρ
1793 1526 1800 1532 ·

1015 1565 1251 1599 Ἐπικατάρατος
1270 1565 1424 1600 ἄνθρωπος,
1447 1565 1461 1591 ὁ
1480 1565 1597 1597 ἐλπίζων
1626 1565 1670 1590 ἐπ’
1695 1564 1802 1599 ἄνοριιμ

1010 1621 1070 1639 πον.
1089 1612 1145 1638 Καὶ
1154 1611 1249 1646 ὥσπερ
1262 1611 1292 1637 οὗ
1308 1610 1361 1646 χρὴ
1374 1611 1439 1638 ἄλλο
1464 1619 1490 1637 τι
1509 1610 1599 1636 σέϐειν
1621 1610 1698 1644 παρὰ
1720 1610 1801 1640 Θεῦν.

1009 1657 1096 1690 οὕτως
1111 1657 1173 1684 οὐδὲ
1189 1657 1232 1683 ἐπ’
1254 1656 1334 1684 ἄλλον
1347 1655 1478 1688 ἐλπίζειν,
1497 1655 1513 1690 ἢ
1527 1656 1572 1682 ἐπὶ
1584 1656 1631 1681 τὸν
1647 1655 1724 1683 Θεόν,
1743 1656 1804 1682 Καὶ

1011 1701 1126 1734 σώζεται
1145 1700 1196 1735 μέν
1212 1709 1254 1733 τις
1269 1700 1486 1735 δια-πηρούμενος
1502 1701 1531 1726 ὲν
1550 1700 1679 1734 πολέμοις
1706 1700 1803 1734 ἄτρω-

1008 1756 1055 1780 τος
1071 1755 1079 1763 ·
1096 1747 1191 1783 ῥύεται
1210 1747 1238 1774 δὲ
1253 1746 1355 1782 πάντῃ,
1370 1746 1423 1772 τῶν
1437 1745 1636 1780 ἐπιτιθεμένων
1659 1746 1803 1773 ἀπαλλατ-

1009 1794 1131 1829 τόμενος.
1150 1793 1275 1820 Πάντων
1289 1792 1323 1819 δὲ
1339 1791 1398 1819 τῶν
1410 1792 1578 1819 διωκόντων
1593 1790 1666 1825 εἷπε,
1679 1792 1722 1819 διὰ
1736 1793 1803 1824 τοὺς

1009 1839 1048 1873 τῷ
1076 1839 1229 1874 πατραλοίᾳ
1257 1838 1538 1873 συναποστήσαντας,
1567 1838 1706 1872 φονῶντας
1737 1838 1801 1864 κατ’

1008 1883 1091 1910 αὑτοῦ
1118 1885 1165 1911 καὶ
1196 1883 1333 1919 διψῶντας
1351 1884 1397 1910 τον
1417 1883 1514 1910 τούτου
1536 1883 1661 1910 θάνατον.
1694 1884 1729 1910 'H
1752 1884 1801 1910 καὶ

1010 1929 1127 1961 σώζεται
1144 1929 1227 1964 μὲν,ὸ
1239 1929 1376 1956 ἀσθενῶν·
1391 1929 1486 1964 ῥύεται
1498 1929 1526 1956 δὲ
1539 1929 1553 1955 ὸ
1567 1931 1595 1955 ὲν
1610 1929 1799 1964 αἰχμαλωσίᾳ.

1008 1974 1098 2001 Σῶσόν
1117 1983 1151 2009 με
1166 1973 1222 2007 οὖν,
1233 1974 1271 2006 ὡς
1285 1974 1388 2009 ἀσθενῆ
1405 1983 1411 1989 ·
1425 1975 1508 2010 ρύσαι
1533 1983 1580 2010 με,
1593 1974 1631 2006 ὡς
1658 1974 1800 2009 αἰχμάλω-

1006 2030 1062 2053 τον,
1084 2021 1186 2053 ἐλπίζω
1211 2021 1278 2056 γὰρ,
1308 2021 1371 2048 ὅσον
1391 2020 1486 2053 οὔπω,
1509 2021 1713 2056 σαγηνευθῆναι
1740 2021 1799 2052 τοῖς

1007 2067 1124 2103 ἐχθροῖς.
1142 2068 1175 2094 Ἥ
1188 2067 1245 2099 καὶ,
1258 2067 1350 2095 Σῶσόν
1362 2077 1411 2103 με,
1423 2067 1517 2103 φησὶν,
1532 2067 1586 2094 ἀπὸ
1608 2067 1664 2093 τῶν
1681 2066 1799 2093 ἐνταῦθα

1010 2111 1235 2139 καταδιωκόντων
1251 2111 1284 2147 μὲ
1301 2111 1441 2147 πολεμίων
1456 2119 1463 2127 ·
1483 2111 1564 2148 ῥῦσαι
1582 2120 1616 2146 με
1627 2111 1655 2138 δὲ
1671 2111 1719 2137 καὶ
1745 2111 1799 2138 ἀπὸ

1009 2158 1063 2184 τῶν
1077 2158 1147 2193 μετὰ
1161 2157 1276 2185 Θάνατον
1288 2157 1369 2189 εὐθὺς
1381 2156 1586 2192 ἐξερευνώντων
1610 2157 1645 2183 τὰ
1660 2156 1798 2191 στίγματα

1008 2204 1057 2239 τῆς
1073 2203 1162 2239 ψυχῆς
1176 2203 1302 2238 ἀοράτων
1322 2203 1439 2238 ἐχθρῶν,
1459 2203 1507 2230 ἐπὶ
1520 2202 1558 2238 τῷ
1579 2203 1738 2237 κατασχεῖν,
1760 2202 1797 2233 ὡς

1009 2248 1079 2276 εἶναι
1098 2249 1148 2284 τὴν
1165 2248 1258 2283 δέησιν
1275 2248 1384 2284 διπλὴν,
1409 2248 1481 2283 ὑπὲρ
1500 2248 1550 2284 τῆς
1576 2248 1729 2284 παρούσης,
1751 2248 1797 2275 καὶ

1008 2295 1057 2330 τῆς
1076 2294 1226 2330 μελλούσης
1241 2294 1324 2329 ζωῆς,

167 2349 235 2370 mea!
250 2342 372 2370 maculas
391 2349 486 2369 omnes
535 2341 732 2376 perserutaturi
758 2345 844 2375 sunt,
876 2341 898 2369 si
939 2349 994 2377 quo
1013 2345 1094 2377 pacto
1124 2339 1241 2368 fortasse
1263 2347 1322 2368 eam
1349 2341 1489 2375 potuerint
1525 2340 1758 2376 comprehendere
1787 2352 1794 2370 τ

167 2386 321 2421 duplexque
334 2391 387 2414 erit
399 2386 477 2421 juxta
489 2385 562 2413 hunc
574 2393 685 2414 sensum
695 2386 801 2421 petitio,
816 2394 866 2421 pro
881 2387 1006 2421 praesenti
1020 2386 1126 2414 scilicet
1139 2386 1204 2417 vita.
1222 2391 1248 2412 et
1259 2394 1308 2421 pro
1325 2385 1427 2414 futura.

202 2433 278 2461 Vsus
301 2433 328 2461 ὅ.
347 2432 496 2468 Nequando
510 2434 598 2467 rapiat
616 2437 644 2459 ut
668 2432 707 2460 leo
724 2434 840 2459 animam
857 2441 949 2459 meum.

1047 2433 1167 2467 Μήποτε
1180 2433 1301 2467 ἁρπάσῃ
1318 2432 1357 2466 ὡς
1368 2432 1447 2460 λέων
1459 2433 1517 2468 τὴν
1531 2433 1638 2468 ψυχήν
1647 2442 1719 2467 μου.
1742 2433 1794 2459 Τὸν

167 2480 331 2508 Ahsalouem
371 2479 457 2507 lilium
485 2479 557 2507 leoni
582 2483 733 2513 comparat,
761 2479 796 2506 ob
822 2487 957 2507 summam

167 2525 242 2553 illius
273 2527 466 2559 temeritatem,
508 2525 648 2558 ferociam,
678 2530 760 2560 atque
788 2526 959 2561 impudentes

169 2580 267 2599 ausus.
285 2572 332 2600 Vel
349 2572 476 2600 fortassis
492 2572 526 2600 de
558 2571 681 2599 daemone
711 2579 801 2599 sermo
828 2577 878 2604 est,
910 2573 957 2607 qui

169 2619 240 2646 leoni
262 2619 457 2647 convenienter
474 2622 668 2652 comparatur;
687 2618 750 2653 quia
777 2618 856 2645 sicuti
886 2619 957 2646 leoni

168 2673 199 2692 os
216 2673 249 2692 ac
275 2665 369 2692 fauces
390 2665 459 2692 male
474 2665 558 2695 olent,
588 2663 624 2691 ita
650 2664 732 2692 etiam
763 2671 794 2691 os
825 2664 957 2692 dzemonis

170 2714 300 2738 eructans
316 2710 501 2745 biaspheruias
521 2710 590 2737 male
608 2709 672 2737 olet.
693 2709 791 2744 Figura
821 2710 900 2736 etiam
916 2710 957 2737 vi-

208 2799 230 2815 "
245 2798 345 2826 .Icrcm.
369 2805 435 2831 svn,
454 2798 480 2825 5.
527 2797 550 2812 "
565 2796 639 2824 Psal.
653 2805 769 2830 uniti,
784 2797 825 2824 I5.

1013 2478 1175 2514 Ἀϐεσαλὼμ
1191 2479 1320 2513 ὀνομάζει
1334 2479 1440 2512 λέοντα,
1456 2479 1500 2506 διὰ
1518 2479 1568 2515 τὴν
1584 2479 1738 2514 ἀγριότητα
1749 2480 1794 2506 καὶ

1008 2524 1179 2560 θρασύτητα,
1203 2525 1251 2552 καὶ
1279 2526 1460 2560 ἀναεσχυντον
1487 2526 1586 2561 ὁρμήν.
1604 2526 1639 2551 ‘H
1674 2526 1721 2552 καὶ
1750 2525 1794 2551 τὶν

1005 2571 1131 2598 διάϐολον
1154 2571 1320 2598 αἰνίττεται·
1349 2572 1466 2603 δυσῶδες
1494 2571 1549 2606 γὰρ
1574 2571 1604 2597 τὸ
1630 2571 1719 2605 στὸμα
1746 2570 1792 2598 τοῦ

1006 2617 1112 2649 λεόντος
1123 2626 1130 2633 ν
1149 2616 1266 2648 δυσῶδες
1280 2617 1308 2644 δὲ
1321 2618 1367 2644 καὶ
1379 2617 1410 2644 τὸ
1433 2616 1479 2643 τοῦ
1506 2616 1640 2649 διαϐόλου,
1673 2615 1791 2651 βλασφη-

1007 2663 1072 2697 μίας
1088 2663 1312 2698 ἐξερευγόμενον.
1330 2663 1384 2690 Καὶ
1405 2663 1458 2698 γὰρ
1483 2663 1497 2689 ὸ
1521 2662 1623 2697 Κύριος
1651 2661 1721 2688 κατὰ
1748 2661 1791 2687 τὶν

1007 2709 1102 2744 καιρὸν
1112 2709 1159 2736 τοῦ
1170 2710 1274 2742 πάθους
1294 2709 1388 2744 ἔλεγε·
1405 2709 1471 2737 Νῦν
1495 2710 1511 2736 ό
1540 2708 1641 2743 ἄρχων
1669 2707 1723 2734 τοῦ
1744 2706 1788 2733 16-

841 2841 940 2872 νεανία)
957 2840 1120 2871 lectiones.

206 2896 259 2925 iam
285 2894 399 2922 Graece:
424 2894 557 2930 Siquidem
587 2894 667 2922 cum
684 2894 757 2922 filius
776 2895 895 2922 dextera:
923 2893 1124 2927 interpretatur.
