1893 3068
167 120 218 152 119

771 125 965 157 EUTHYMII
987 125 1167 156 ZIGABENI

1746 129 1802 159 iit)

165 183 278 210 magnos
311 176 413 204 decidit
452 179 552 205 luctus.
583 178 629 206 Vel
666 180 767 208 aliter:
798 181 950 210 luvisibiles

1037 183 1143 216 τέδωκα,
1161 183 1220 209 ἀνθ’
1236 179 1274 210 ὧν
1288 183 1470 219 ευηργετήθη,
1487 185 1603 212 Θάνατον
1626 186 1689 219 ἐμοὶ
1704 195 1805 212 κατα-

164 222 290 250 inimicos
302 223 354 250 hoc
372 223 433 251 loco
450 224 602 260 intelligere
625 233 784 260 possumus,
810 234 825 254 a
855 227 955 262 quibus

167 267 259 294 inanis
275 268 338 302 quis
356 268 493 297 decidisse
509 270 615 297 dicetur
630 276 656 298 et
669 279 698 298 re
714 271 827 304 inlecta,
855 272 877 299 si
893 272 954 299 illos

164 321 218 341 non
234 307 418 349 superaverit,
436 320 463 342 et
483 316 615 342 virtutum
634 324 748 344 suarum
762 317 820 344 acie
837 325 884 345 eos
898 325 952 345 non

163 359 334 387 confuderit.
361 359 425 387 Haec
451 365 542 388 autem
573 363 656 389 verba
682 371 735 389 non
764 362 952 398 jactabundus

162 406 241 437 dicit,
260 406 306 434 sed
327 407 418 441 potius
432 406 484 434 sibi
502 407 696 435 ronciliaturus
712 409 806 441 Deum,
836 416 898 435 cutn
924 409 950 436 in

164 452 306 487 angustias
324 453 479 480 incidisset.
495 452 537 485 Et,
554 454 576 481 si
591 453 624 481 ad
647 454 715 482 alias
731 462 863 489 personas
877 454 951 482 rele-

163 501 329 528 ranlttrltmc
348 500 520 528 verbaz‘Non
537 501 612 528 alfeci
644 509 706 536 ego,
731 502 830 537 inquit,
861 502 950 530 homi-

163 554 230 573 num
247 546 365 581 aliquem
383 547 495 582 injuria,
509 555 559 574 nec
571 547 646 574 Sauli
661 548 707 582 qui
731 549 796 575 mihi
813 555 861 583 pro
873 555 953 575 acce-

164 591 218 626 ptis
235 591 375 619 bencliciis
392 592 536 620 manifeste
560 597 674 620 mortem
697 593 860 625 intentabat,
881 593 952 628 inju«

164 636 219 665 rias
230 637 321 669 retuli,
338 638 447 666 tametsi
460 639 486 665 in
502 642 667 673 potestatem
683 646 771 666 meam
797 638 947 670 devenerit,

163 686 194 709 ut
210 682 238 709 in
252 683 376 711 historiis
390 683 494 718 Regum
511 685 677 712 continetur.
707 683 768 710 Sive
799 683 881 718 igitur
895 683 950 711 Ab-

164 728 252 755 saloni
275 729 332 756 haec
349 731 500 764 aptaveris,
516 734 543 757 et
560 730 593 757 iis
606 730 726 765 quicum
743 737 776 756 eo
790 733 880 762 erant,
893 729 950 756 sive

1007 228 1174 260 σκευάζοντα
1189 229 1316 264 φανερὶν,
1331 230 1420 255 καίτοι
1431 229 1522 257 λαϐὼν
1535 230 1706 265 ὑποχείριον,
1720 232 1764 264 ὠς
1786 233 1804 266 ἡ

1005 274 1066 299 κατ’
1089 273 1171 300 αὑτὸν
1201 274 1365 309 παρίστησιν
1393 275 1508 311 ἱστορία.
1541 276 1605 303 Εἴτε
1633 277 1730 304 τοίνυν
1761 277 1805 312 τῷ

1009 319 1180 354 Ἀϐεσσλὼμ,
1195 320 1243 346 καὶ
1256 321 1312 351 τοῖς
1331 321 1400 355 ἀμφ’
1415 321 1496 348 αὐτὸν
1525 323 1735 358 προσαρμόσειε
1753 325 1806 350 τὸν

1003 365 1094 399 λόγον,
1113 365 1167 391 εἴτε
1186 366 1233 391 καὶ
1247 366 1316 400 πρὸς
1330 366 1421 398 ἄλλον,
1438 367 1484 393 καὶ
1501 367 1547 394 τὸν
1562 368 1660 402 Σαοὺλ,
1673 370 1758 396 οὐδὲν
1768 371 1803 404 τῇ

1006 411 1122 447 ἀληθείᾳ
1141 411 1316 447 λυμαίνεται.
1345 412 1382 439 Τὸ
1399 412 1427 439 δὲ
1455 414 1564 448 πρῶτον
1586 415 1805 442 ἀνταπδᾶσειικ

1000 459 1087 492 ονομα
1102 459 1342 492 καταχρηστικῶς,
1356 460 1416 486 ἀντὶ
1435 459 1484 494 τῆς
1507 459 1667 491 ἀποδόσεως
1689 461 1801 497 παρεξ-

999 504 1119 538 ληπται·
1151 504 1222 535 δόσις
1239 505 1288 540 μὲν
1310 504 1374 541 γὰρ,
1402 506 1418 540 ή
1442 506 1565 541 καταρχὴ
1579 505 1632 540 τῆς
1651 507 1798 540 εὐποιίας.

1000 551 1016 586 ἢ
1032 550 1179 581 κακώσεως
1196 559 1204 567 ⁸
1217 551 1344 584 ἀπόδοσις
1362 551 1401 584 δὲ,
1414 553 1430 586 ἡ
1444 551 1490 578 τοῦ
1507 553 1566 579 ἴσου
1581 552 1767 588 ἁντιμὲτρησι
1774 561 1797 585 ,ο

999 597 1175 629 ἁνταπόδοσις
1194 597 1231 630 δὲ,
1257 597 1371 633 δευτέρα.
1393 606 1436 630 τις
1472 598 1610 632 κιταὸολὴ
1637 599 1747 629 κακῶν,
1777 598 1796 633 ἦ

999 645 1091 673 καλῶν
1108 645 1160 672 ὑπὸ
1179 645 1233 671 τῶν
1260 645 1360 672 δόντων
1389 645 1429 676 εἰς
1443 645 1507 675 τοὺς
1529 644 1692 676 ἀποδόντας.
1722 644 1799 672 2'3";-

1000 689 1065 726 ηθες
1090 691 1118 717 δὲ
1144 690 1191 717 καὶ
1214 690 1295 717 τοῦτο
1317 691 1350 726 τῇ
1378 691 1486 726 Γραφῇ,
1515 689 1563 716 καὶ
1596 690 1717 724 μάλιστα
1750 690 1798 725 τῷ

1000 736 1093 762 Δαῦίδ.

164 774 254 808 alteri,
269 776 326 803 sire
343 776 424 803 etiam
438 777 488 811 ipsi
506 777 594 810 Sauli,
613 777 713 804 veritas
730 775 797 803 nihil
823 776 945 804 lzedetur.
969 775 1172 805 Retrihutioais
1185 783 1248 803 vero
1262 776 1373 803 nomine
1390 777 1433 804 hic
1468 777 1559 812 primo
1589 777 1652 804 loco
1685 776 1803 809 impro-

164 821 222 855 prie
237 829 303 849 usus
318 825 370 854 est,
385 829 433 856 pro
455 822 570 850 reddidi.
604 821 671 849 Nam
698 823 744 857 qui
774 823 875 849 bonum
906 825 953 848 aut
973 822 1075 849 malum
1097 822 1206 858 aliquod
1222 823 1326 857 primus
1336 822 1429 854 infert,
1456 823 1480 850 is
1512 823 1578 850 dare
1607 822 1719 854 dicitur,
1733 822 1805 849 red—

164 868 229 895 dere
244 875 308 894 vero
320 868 344 895 is
355 868 402 903 qui
435 867 507 895 datis
547 876 639 903 parent
672 870 760 896 vicem
797 869 914 896 tribuit:
942 870 1093 898 retribuere
1109 875 1213 903 autem,
1229 871 1271 898 vel
1284 871 1373 905 potius
1387 871 1426 906 (ut
1440 870 1533 899 Graeca
1561 870 1645 899 dictio
1673 872 1804 898 ἀνταπο-

163 914 257 942 δοῦναι
273 913 474 948 signiﬁcantius
501 914 639 948 exprimit)
666 920 762 942 contra
798 916 952 942 retribuere
970 915 994 943 is
1009 915 1120 950 dicitur,
1134 916 1180 952 qui
1199 916 1352 944 secundum
1387 917 1582 944 beneﬁciorum
1599 921 1646 944 aut
1679 917 1804 951 injuria-

165 966 225 986 rutu
237 957 454 986 vicissitudinem
468 958 668 993 reddit.Httjus
682 964 774 987 atttem
807 960 883 988 verbi
919 967 986 987 usus
1009 960 1140 996 frequens
1167 965 1210 988 cst
1243 961 1316 996 apud
1347 960 1529 996 Scripturam,
1555 962 1691 997 praecipue
1722 962 1804 997 apud

164 1005 274 1032 beatum
289 1004 384 1031 Datid.

200 1051 282 1080 Vsus.
298 1052 326 1080 6.
344 1051 524 1088 Persequalur
549 1054 671 1083 inimicus
690 1055 806 1081 animam
830 1063 914 1082 meam
930 1059 953 1081 ct

1042 1054 1225 1086 Καταδιώξαι
1238 1053 1295 1088 ἄρα
1309 1055 1325 1080 ὀ
1338 1053 1444 1087 ἐχθρές
1455 1053 1512 1086 τὴν
1530 1053 1635 1087 ψυχήν
1652 1063 1723 1088 μου,
1746 1054 1802 1082 καὶ

166 1099 380 1134 comprehendat.
400 1098 596 1134 Perseqnalur,
627 1100 728 1135 inquit,
743 1100 862 1128 Absalon
892 1101 952 1128 ani-

165 1154 236 1173 ntam
254 1153 357 1174 meam:
374 1145 426 1173 hoc
441 1151 484 1174 εει
501 1147 634 1181 meipsum
646 1146 869 1182 (circumlocutio
879 1146 951 1173 enim

165 1192 231 1224 est),
252 1195 279 1218 et
291 1191 520 1226 comprehendat.

201 1235 236 1263 Et
249 1236 382 1263 conculcet
394 1237 420 1263 in
438 1240 507 1263 terra
521 1238 601 1264 vitam
618 1245 716 1264 meant.
732 1236 784 1264 Per
799 1238 883 1264 vitam
900 1237 952 1264 ltoc

166 1282 194 1309 in
211 1282 272 1309 loco
288 1281 452 1317 sanguinem
475 1282 614 1317 intelligit,
628 1283 674 1317 qui
696 1283 757 1310 vitae
784 1290 868 1310 causa
900 1288 951 1313 est,

165 1326 249 1354 veluti
265 1326 434 1361 prmeipuum
455 1327 623 1354 elementum
637 1328 708 1354 inter
724 1332 821 1354 caetera
840 1334 898 1361 qua:
925 1327 952 1354 in

165 1381 280 1407 corpore
290 1377 366 1405 sunt,
383 1378 410 1400 et
422 1381 484 1408 quae
501 1373 568 1400 illud
586 1378 724 1408 coaptant.

203 1419 237 1446 Et
253 1419 368 1455 gloriam
388 1428 473 1446 meum
501 1420 527 1446 in
554 1420 685 1455 pulverem
712 1419 832 1446 habitare
860 1419 951 1453 faciat.

167 1465 217 1492 Per
232 1465 358 1500 gloriam,
372 1465 520 1499 gloriosum
538 1472 570 1491 ac
589 1464 680 1491 uobile
690 1472 789 1498 corpus
806 1471 886 1491 suum
911 1463 953 1490 in-

165 1511 265 1546 telligit
280 1519 286 1538 :
302 1510 375 1546 qttod
397 1515 454 1538 tum
473 1511 507 1537 ob
527 1510 600 1537 vires
626 1510 686 1544 ejus
719 1509 862 1542 maximas,
894 1513 951 1535 tum

166 1557 201 1583 ob
214 1556 429 1592 magnitudinem
442 1560 469 1582 et
495 1556 621 1590 gloriam,
642 1563 702 1590 qua:
729 1555 753 1582 ei
781 1555 814 1581 ab
839 1554 953 1588 imperio

166 1602 398 1638 obveneratapud
417 1609 512 1629 omnes
527 1602 634 1629 celebre
659 1605 718 1628 erat
742 1604 768 1627 et
794 1605 899 1627 notum.
915 1599 952 1634 _ln

167 1648 308 1683 pulverem
325 1655 390 1675 vero
403 1648 528 1674 habitare
544 1647 614 1674 idem
631 1651 672 1675 est
698 1646 771 1681 quod
797 1646 899 1680 jacere.
927 1649 954 1672 et

168 1695 195 1720 in
232 1699 333 1721 terram
361 1693 484 1721 dissolvi.
516 1692 666 1719 Possumus
692 1692 773 1718 etiam
799 1699 952 1719 sermonem

1005 1099 1176 1126 καταλάϐοι.
1198 1098 1381 1130 Καταδιώξαι.
1407 1098 1500 1133 φησὶν,
1518 1099 1531 1124 ὁ
1551 1098 1712 1133 Ἀεεσαλὼμ
1747 1101 1802 1134 τὴν

1003 1145 1094 1179 ψυχήν
1121 1153 1184 1179 μου.
1216 1144 1368 1176 τουτέστιν,
1398 1143 1460 1178 ἐμὲ,
1483 1145 1722 1178 περιφραστικῶς,
1749 1147 1802 1172 καὶ

1005 1191 1182 1227 σνλλήψχιτο.

1039 1238 1092 1264 Καὶ
1111 1237 1318 1270 καταπατῆσαι
1332 1237 1373 1268 εἰς
1392 1236 1451 1271 γῆν
1464 1236 1521 1270 τὴν
1538 1237 1614 1270 ζωήν
1631 1246 1702 1271 μου.
1717 1237 1803 1270 Ζωῆν

1004 1282 1132 1314 ἐνταῦθα,
1148 1283 1178 1308 τὸ
1191 1280 1261 1317 αἷμα
1281 1282 1423 1315 λογιστέον
1441 1291 1448 1297 ·
1465 1283 1513 1308 καὶ
1529 1282 1608 1308 τοῦτο
1635 1283 1690 1316 γὰρ
1719 1282 1801 1316 ζωῆς

1004 1328 1101 1360 αἴτιον,
1117 1328 1154 1359 ὥς
1175 1328 1408 1364 συνεκτικὼτερον
1420 1327 1475 1355 τῶν
1490 1327 1579 1355 ἄλλων
1606 1328 1691 1363 τριῶν
1720 1336 1800 1355 στοι-

1003 1373 1094 1407 χείων.
1109 1373 1127 1400 ἃ.
1140 1373 1170 1399 τὸ
1183 1373 1253 1405 ζῶον
1267 1374 1418 1409 συνέχουσι.

1039 1420 1092 1446 Καὶ
1110 1419 1167 1453 τὴν
1177 1419 1273 1452 δόξαν
1297 1429 1357 1454 μου
1386 1421 1429 1453 εις
1452 1421 1528 1454 χοῦν
1550 1421 1802 1453 κατασκηνώσειι.

1005 1463 1088 1496 Δόξαν
1107 1463 1194 1498 λέγει,
1215 1464 1245 1490 τὸ
1255 1464 1359 1496 ἔνδοξον
1371 1465 1456 1491 αὐτοῦ
1472 1465 1563 1499 σῶμα,
1581 1465 1630 1492 καὶ
1661 1466 1729 1491 πᾶσι
1743 1474 1800 1491 πε-

1007 1510 1146 1545 ριϐόητον,
1165 1509 1209 1536 διά
1221 1519 1253 1536 τε
1265 1510 1313 1545 τὴν
1324 1511 1431 1546 ῥώμην,
1447 1511 1495 1537 καὶ
1511 1511 1558 1537 τὸν
1591 1512 1645 1538 ἀπὸ
1671 1511 1722 1546 τῆς
1744 1512 1803 1546 ἀρ-

1004 1557 1053 1592 χῆς
1069 1557 1321 1592 προσγεγενημένον
1334 1558 1426 1591 ὄγκον.
1442 1557 1658 1592 Κατασκηνὼσσιι
1677 1557 1719 1587 δὲ,
1729 1557 1798 1583 ἀντὶ

1006 1602 1055 1628 τοῦ
1078 1603 1219 1637 ποιήσειαι
1253 1603 1294 1633 εἰς
1324 1602 1377 1637 γῆν
1408 1603 1528 1633 κεῖσθαι,
1552 1603 1601 1628 καὶ
1625 1603 1802 1629 διαλύεσθαι.

1007 1648 1086 1674 Ἐστι
1103 1647 1132 1674 δὲ
1145 1647 1192 1674 καὶ
1204 1648 1278 1682 πρὸς
1294 1648 1341 1674 τὸν
1356 1647 1472 1682 ἀόρατον
1488 1647 1586 1682 ἐχθρὸν
1618 1648 1801 1680 μετενεγκεῖν

1005 1693 1051 1719 τὸν
1065 1693 1144 1726 λόγον
1170 1693 1368 1727 κατευχόμενον
1393 1692 1541 1727 διωχθῆναι
1559 1686 1624 1727 παρ’
1637 1691 1732 1726 αὑτοῦ,
1752 1693 1803 1719 καὶ

169 1739 242 1766 hunc
256 1739 289 1766 ad
308 1738 476 1773 invisibilem
495 1737 636 1764 inimicum
665 1737 824 1770 transferre,
859 1736 895 1763 ita
924 1741 954 1764 ut

1037 1724 1223 1771 ιταλήφθῆναι,
1240 1724 1341 1772 ollim
1366 1724 1516 1772 δυνάςξένον
1547 1724 1729 1770 ἀποιρεὺγειν
1746 1737 1802 1768 τὰς

168 1786 334 1819 imprecetur
363 1784 583 1818 persecmionetn
609 1790 638 1809 se
661 1782 693 1809 ab
708 1789 742 1809 eo
756 1782 903 1815 sustinere,
925 1786 951 1809 et

168 1829 374 1864 comprehendi,
400 1835 451 1855 nec
467 1835 549 1862 posse
576 1827 649 1854 illius
685 1827 800 1854 insidias
827 1827 953 1859 evadere,

168 1875 291 1909 quittimo
317 1874 345 1901 in
374 1877 487 1906 terratn,
519 1873 571 1900 hoc
592 1879 634 1900 est
660 1874 686 1900 in
712 1878 820 1901 terrena
849 1875 954 1908 negotia

168 1922 252 1948 vitam
279 1928 356 1948 suam
387 1920 522 1955 immergi.
544 1919 601 1947 lloc
626 1920 698 1946 enitn
730 1920 887 1954 signiﬁcant
912 1920 956 1946 illa

169 1967 251 1995 verba
269 1975 276 1994 :
298 1965 333 1993 Et
348 1965 484 1993 conculces
500 1966 527 1992 in
539 1969 636 1992 terram
653 1966 734 1992 vitam
756 1973 853 1998 meum,
884 1965 953 1992 adeo

169 2018 199 2040 ut
211 2013 315 2048 jacenli
334 2012 373 2040 illi
390 2012 513 2047 insurgat
524 2012 640 2044 tlmmon,
657 2019 690 2039 ac
704 2012 820 2045 turpiter
831 2010 954 2038 insultet.

169 2058 262 2093 Neque
277 2058 328 2085 ltoc
345 2061 464 2090 tantum,
483 2057 582 2092 inquit,
600 2064 701 2091 corpus
727 2056 882 2085 conculcet.
907 2055 955 2083 sed

169 2108 197 2132 et
208 2104 324 2140 gloriam
338 2124 345 2137 ,
363 2104 414 2132 hoc
431 2107 474 2131 est
487 2103 576 2138 ipsunt
596 2102 678 2129 etiatn
709 2101 890 2133 intellectutn,
911 2101 957 2135 qui

169 2151 267 2178 anima:
277 2150 366 2178 honor
382 2155 423 2178 est
439 2153 466 2178 et
481 2149 579 2184 gloria,
601 2148 628 2175 in
646 2151 748 2175 terram
781 2147 882 2175 deferri
906 2147 959 2174 im-

1008 1782 1145 1814 ὲπιθὲσεις
1160 1782 1253 1814 αὑτοῦ,
1269 1782 1317 1809 καὶ
1332 1783 1372 1813 εις
1388 1783 1449 1817 γῆν,
1461 1782 1599 1809 τουτέστιν
1607 1783 1647 1814 εἰς
1661 1784 1695 1808 τὰ
1708 1783 1802 1818 γεηρὰ

1009 1829 1159 1863 πράγματα
1173 1828 1221 1863 τὴν
1233 1828 1304 1864 ζωὴν
1318 1828 1400 1855 αὐτοῦ
1411 1827 1615 1863 καταλυφθῆναι
1629 1835 1637 1843 δ
1652 1827 1730 1854 τοῦτο
1741 1828 1800 1863 γὰρ

1010 1876 1058 1902 καὶ
1075 1875 1091 1910 ἡ
1107 1874 1300 1908 καταπάῐησις
1321 1874 1458 1909 βούλεται,
1471 1874 1591 1909 κειμένῳ
1601 1874 1693 1900 λοιπον
1711 1874 1801 1908 ἐπεμ-

1011 1920 1161 1953 ϐαίνοντος,
1176 1920 1224 1947 καὶ
1238 1920 1360 1955 αἰσχρῶς
1376 1920 1558 1955 ἐναλλομένου
1572 1928 1579 1934 ·
1595 1919 1643 1946 καὶ
1665 1919 1702 1954 μὴ
1716 1919 1799 1953 μόνον

1004 1967 1034 1993 τὸ
1054 1966 1134 2001 σῶμα
1152 1965 1235 1993 τοῦτο
1248 1966 1357 1999 παθεῖν,
1386 1965 1455 1993 ἀλλὰ
1484 1966 1532 1992 καὶ
1558 1965 1607 2000 τὴν
1621 1965 1710 1997 δόξαν,
1734 1964 1798 1999 ἦτοι

1006 2011 1051 2038 τὸν
1068 2011 1141 2044 νοῦν,
1159 2011 1224 2043 δόξα
1237 2012 1292 2047 γὰρ
1307 2008 1383 2042 οὗτος
1397 2011 1444 2038 καὶ
1464 2011 1532 2046 τιμὴ
1548 2010 1599 2045 τῆς
1627 2009 1728 2044 ψυχῆς.
1756 2011 1797 2040 εἰς

1009 2057 1062 2092 γῆν
1074 2057 1283 2092 κατενεχθῆναι,
1310 2058 1357 2084 καὶ
1387 2056 1601 2091 προσηλιιιοῆναι
1627 2056 1675 2082 καὶ
1702 2055 1798 2081 τοῦτον

1010 2103 1065 2134 τοῖς
1085 2102 1200 2136 γηῒνοις,
1219 2102 1320 2137 μηκέτι
1339 2101 1379 2136 τῷ
1395 2100 1487 2135 πτερῷ
1509 2101 1558 2136 τῆς
1579 2100 1694 2135 θεωρίας
1709 2099 1797 2135 ἀρθῆη

1011 2156 1056 2174 ναι
1072 2147 1140 2179 ποδς
1154 2147 1221 2173 Θεὸν
1235 2147 1395 2182 δυνάμενον.

170 2203 310 2234 precatur,
321 2203 350 2227 et
365 2198 485 2227 terrenis
520 2198 606 2226 rebus
633 2196 776 2232 applicari,
804 2196 842 2223 ita
882 2200 911 2223 ut
932 2195 1175 2231 contemplationis
1209 2196 1259 2224 alis
1291 2197 1325 2223 ad
1353 2195 1436 2224 Deum
1464 2195 1581 2232 amplius
1610 2195 1701 2223 extolli
1744 2203 1799 2223 non

171 2247 271 2281 possit.

210 2294 290 2321 Vsus.
308 2293 333 2320 7.
348 2293 476 2328 Exsurge,
491 2293 609 2325 Domine,
627 2294 653 2319 in
671 2294 712 2320 ira
732 2298 789 2319 tua.
810 2292 962 2326 Exsurgere

171 2345 263 2376 potest
290 2339 375 2372 Deus,
405 2345 430 2366 et
453 2347 507 2366 non
528 2339 554 2366 in
579 2339 708 2372 irajuxta
724 2337 791 2364 illud
808 2346 815 2363 :
835 2336 961 2372 Exsurge

173 2386 296 2418 Domine,
311 2385 415 2412 salvum
432 2392 472 2411 me
485 2384 550 2419 fac;
568 2388 596 2411 at
619 2391 692 2410 nunc
710 2383 743 2410 ad
762 2383 895 2418 supplicia
918 2386 960 2409 at-

1043 2291 1220 2324 :‘Avda’znﬂt,
1231 2291 1329 2323 Κύριε,
1339 2290 1374 2316 ἑν
1383 2289 1457 2324 ὀργῆ
1463 2290 1598 2317 σου.¹¹Ενι
1611 2289 1665 2324 γὰρ
1679 2289 1799 2324 ἀναστῆ-

1013 2348 1067 2370 ναι,
1082 2338 1129 2365 καὶ
1140 2337 1190 2364 οὐκ
1201 2338 1230 2364 ὲν
1254 2337 1334 2372 ὀργῇ,
1351 2335 1389 2368 ὡς
1409 2337 1473 2363 ὅταν
1490 2335 1566 2371 λέγῃ·
1589 2335 1726 2368 Ἀνάστα,
1741 2337 1798 2362 Κύ-

1007 2392 1063 2417 ριε,
1079 2382 1183 2410 σῶσόν
1198 2391 1248 2417 με,
1265 2382 1362 2415 όΘεός
1375 2391 1446 2416 μου.
1465 2381 1522 2408 Νῦν
1534 2381 1563 2408 δὲ
1581 2381 1649 2416 πρὸς
1663 2384 1800 2416 τιμωρίαν

173 2440 227 2467 que
247 2432 280 2459 ad
296 2438 392 2466 pmnas
408 2438 470 2458 cum
486 2431 613 2458 alvocat.
628 2429 781 2465 Intelligere
802 2434 892 2456 autern
909 2428 954 2455 de-

1037 2430 1092 2457 ith
1104 2429 1273 2463 ἐγκαλεῖται.
1290 2429 1423 2463 Καθάπερ
1435 2428 1464 2454 δὲ
1475 2428 1505 2455 τὸ
1520 2427 1658 2463 καοῆσοαι
1672 2428 1719 2454 ἐπὶ
1729 2428 1797 2455 Θεοῦ

173 2478 271 2506 bemus
286 2477 371 2505 Deum
387 2484 499 2511 surgere
524 2483 577 2503 non
594 2475 785 2510 corporaliter,
809 2475 890 2502 sicuti
911 2481 961 2502 nec

174 2523 345 2559 corporalem
379 2522 472 2551 sedem
505 2521 702 2557 intelligimus,
728 2520 837 2556 quando
867 2520 961 2548 sedere

175 2569 251 2596 illum
268 2569 386 2604 legimus
404 2576 411 2594 :
430 2568 477 2595 sed
505 2567 606 2603 regiam
621 2567 682 2602 ejus
698 2566 857 2602 dignitatem
874 2565 961 2593 stabi—

174 2615 336 2649 litatentque
350 2617 377 2641 et
389 2613 530 2648 judicandi
546 2613 738 2640 auctoritatem
753 2611 871 2647 judicari
888 2611 961 2638 arbi-

175 2664 292 2687 tramur.
319 2659 375 2686 Hoc
403 2663 482 2694 pacto
506 2659 589 2686 etiam
611 2666 672 2685 eum
696 2665 845 2693 exsurgere
876 2657 959 2684 Deum

176 2704 305 2736 dicimus,
318 2705 447 2740 puniendi
461 2708 507 2731 aut
518 2703 683 2731 defendendi
702 2703 775 2731 illius
791 2703 961 2738 propositum

1011 2476 1041 2502 οὐ
1056 2475 1219 2510 σωματικῶς
1235 2475 1454 2510 ἑκλαμὸἀνομεν,
1469 2474 1555 2505 οὕτως
1569 2474 1629 2500 οὐδὲ
1645 2473 1675 2500 τὸ
1689 2473 1800 2500 ἀνιστα-

1011 2521 1083 2548 σθαι·
1098 2521 1168 2548 ἀλλὰ
1181 2521 1213 2548 τὸ
1226 2521 1276 2556 μὲν
1292 2520 1441 2556 καθῆσθαι,
1456 2520 1530 2555 δηλοῖ
1540 2520 1571 2547 τὸ
1589 2519 1741 2554 βασιλικδν,
1753 2519 1798 2546 καὶ

1011 2567 1177 2601 δικαστικὸν,
1190 2568 1236 2595 καὶ
1250 2567 1367 2603 ἑδραῖον·
1389 2567 1459 2594 τὸδὲ
1471 2565 1643 2598 ἀνίστασθαι,
1663 2565 1694 2592 τὸ
1712 2573 1799 2599 τιμω-

1013 2613 1123 2648 ρητικὸν
1136 2614 1183 2640 καὶ
1192 2613 1397 2648 ἀντιληπτικόν.
1415 2612 1516 2647 Ὁργὴν
1527 2612 1556 2638 δὲ
1568 2612 1614 2638 ἐπὶ
1624 2610 1690 2638 Θεοῦ
1705 2610 1796 2641 πάλιν,

1011 2659 1042 2684 οὐ
1073 2658 1158 2690 πάθος
1190 2658 1306 2694 οἰητέον,
1327 2658 1395 2685 ἀλλὰ
1418 2657 1555 2692 τιμωρίαν
1573 2657 1627 2683 τῶν
1648 2656 1731 2688 ἀξίων
1749 2656 1797 2683 αὐε-

1018 2712 1080 2738 της.

177 2751 350 2778 denotamus.
368 2751 436 2777 Iram
451 2751 478 2778 in
493 2750 548 2778 Deo
562 2750 621 2785 pari
636 2748 717 2777 modo
732 2756 786 2777 non
805 2749 960 2784 passionem
981 2757 1042 2778 esse
1056 2749 1244 2785 intelligimus,
1270 2748 1318 2777 sed
1333 2748 1539 2784 castigationem
1571 2753 1599 2776 et
1629 2747 1797 2782 punitionem

177 2798 287 2826 illorum
303 2799 348 2834 qui
364 2798 454 2826 divina
471 2799 510 2826 ira
522 2798 596 2832 digni
611 2801 687 2826 sunt.

213 2845 340 2873 Ea‘altare
374 2845 401 2872 in
427 2844 523 2880 ﬁnibus
549 2844 715 2872 inimicorum
745 2848 858 2871 tuorum.
891 2842 959 2870 Cum

1055 2841 1202 2877 Ὑψώθητι
1229 2841 1264 2868 ἐν
1291 2840 1352 2874 τοῖς
1374 2840 1483 2875 πέρασι
1511 2839 1569 2867 τῶν
1592 2837 1706 2873 ἐχθρῶν
1731 2846 1796 2865 σου.
