1893 3068
260 97 309 129 131

854 98 1043 129 EUTHYMII
1063 97 1244 129 ZlGABENI
1808 99 1840 129 iii

254 155 289 182 ad
305 155 379 189 ipsos
395 153 491 181 mundi
508 153 575 181 fines
591 158 650 181 erat
671 159 847 189 perventura.
862 155 933 188 Quid
957 155 1019 190 igitu

1092 156 1145 191 γὰρ
1161 156 1175 182 ὁ
1188 155 1310 187 Ἡσαΐας,
1322 156 1363 181 ὅτι
1382 156 1414 182 Τὸ
1425 155 1519 190 ὄνομά
1531 163 1590 189 μου
1603 155 1636 187 ἐξ
1647 154 1725 190 ὑμῶν
1733 155 1839 190 ,Βλασφη-

254 202 288 228 ad
302 201 353 228 hoc
373 201 465 228 dicent
478 200 585 228 Judaei?
597 204 678 228 antea
693 201 793 236 quippe
809 201 854 229 Dei
868 202 1044 237 omnipoten—

254 248 289 275 tis
313 255 415 274 nomen
443 246 514 282 apud
536 247 669 281 plurimas
688 251 783 281 gentes
807 247 948 282 despectui
970 251 1039 276 erat.

1087 201 1189 236 τμεῖται
1205 201 1240 228 ἐν
1263 201 1326 234 τοῖς
1349 202 1481 228 ἔθνεσιν.
1500 201 1583 228 Ὥστε
1608 200 1733 236 περὶτοῦ
1755 201 1840 237 Χριστιῦ

1094 248 1141 275 νῦν
1153 249 1167 275 ὁ
1180 249 1260 282 λόγος
1272 249 1480 283 ἀναπὶῥρητος.

254 295 333 326 Nam.
351 298 381 321 ut
415 293 504 327 inquit
530 292 633 320 Isaias:
659 293 772 327 Propter
798 302 843 322 vos
864 303 957 322 nomen
985 294 1042 329 ejus
1061 295 1259 329 alam/tentatur
1283 295 1351 334 inter
1379 298 1466 328 gente:
1482 293 1514 320 ".
1547 292 1624 320 Unde
1649 292 1707 320 sine
1737 292 1804 320 dubio
1820 293 1840 320 de

251 342 361 369 Christo
377 340 433 367 haec
453 339 525 366 dicta
541 346 602 366 esse
618 340 830 367 convincuntur.

287 387 421 420 Quoniam
436 387 581 416 elevataest
595 391 792 425 magniﬁcentia
803 396 849 417 tua
860 398 940 425 super
951 390 1039 418 cwlos.

251 433 480 468 Magnilicentiam
501 436 552 464 hoc
569 437 595 463 in
611 437 672 463 loco
689 437 734 464 Dei
752 437 978 464 lmmauationem
994 444 1042 471 ap-

250 479 332 514 pellat
346 488 353 507 :
365 488 425 515 quae
436 485 463 507 et
475 489 572 517 magna
587 487 640 514 est,
649 486 675 510 et
691 490 800 510 omnem
813 491 984 518 exsuperans
998 483 1040 510 in-

249 527 399 553 tellectum.
426 526 538 554 Elevata
557 529 629 556 enim
653 533 706 562 est.
727 533 754 556 et
780 529 950 557 transcendit
979 529 1040 557 illas

249 573 332 600 etiam
349 577 501 607 potestates
521 583 582 609 quae
601 583 682 609 supra
700 576 785 603 eteius
801 580 866 603 sunt
883 586 890 603 :
913 584 946 604 eo
964 576 1038 611 quod

249 618 284 646 ab
300 619 340 646 eis
356 620 438 646 etiam
456 621 652 655 comprehendi
668 630 723 649 non
740 627 839 657 potest.
857 621 935 649 Unde
951 622 1039 649 innxi-

248 670 292 692 me
308 665 348 692 eis
360 669 402 692 est
418 665 611 700 admirationi;
633 675 720 702 neque
739 668 811 694 enim
833 668 959 695 homines
976 673 1038 695 tan-

247 715 316 743 tum,
341 711 388 738 sed
415 711 467 744 ipsi
483 712 564 738 etiam
585 714 672 748 angeli
692 714 725 741 ad
745 714 795 741 hoc
811 717 921 749 stupent
937 719 1038 750 myste-

249 756 333 782 rium.
348 756 397 783 νει
410 757 490 784 aliter
504 767 510 784 :
525 757 687 793 Significat-t3
701 760 778 787 nobis
793 760 887 787 volens
901 760 1035 795 Propheta

247 801 409 830 immensam
426 803 524 830 divina
537 809 641 831 natura:
660 805 810 839 potentiam
824 814 831 832 :
847 805 969 833 Exaltata
984 811 1036 840 est,

246 847 346 882 inquit,
374 849 581 883 magniﬁcentia
599 855 644 877 tua
665 858 748 885 super
763 851 866 884 caelos,
885 860 947 879 eum
963 857 1035 879 terra

246 901 305 920 cam
323 901 376 921 non
393 899 513 930 caperet.
527 896 605 927 Quod
622 896 692 923 alius
710 897 842 931 propheta
858 897 925 925 dicit
940 907 947 925 :
967 897 1038 932 Ope-

246 940 300 966 ruit
317 940 396 967 castos
413 941 496 967 virtut
517 941 587 976 eius,
603 947 627 968 et
643 942 808 970 laudationis
831 942 888 977 ejus
903 943 981 978 plena
997 949 1035 971 est

246 990 316 1012 terra
329 986 374 1012 ⁸²”.

280 1030 365 1058 Vsus.
383 1032 410 1058 5.
424 1030 465 1058 Ea:
478 1040 521 1059 ore
532 1033 674 1067 infantium
686 1037 711 1060 et
725 1033 880 1061 laetantium
899 1035 1036 1069 perfeciin

243 1076 361 1104 tandem.
373 1076 569 1105 Laudationem
598 1086 743 1112 puerorum
770 1080 895 1114 praedicit
920 1079 1032 1116 [factam

243 1122 270 1149 in
289 1122 413 1158 templo].
438 1123 488 1158 Ex.
503 1117 632 1151 omnibus
648 1129 738 1151 autem
754 1124 856 1153 Christi
881 1126 1032 1157 miraculis.

244 1167 326 1202 hujus
341 1174 445 1195 tantum
461 1170 585 1196 meminit
598 1169 747 1204 Propheta,
761 1175 892 1205 tanquam
911 1172 1033 1198 admira-

244 1212 319 1240 tione
337 1216 423 1248 magis
447 1214 534 1249 digni.
558 1214 625 1241 Nam
642 1219 669 1242 et
686 1219 750 1242 ante
764 1215 904 1243 Christum
931 1216 1033 1250 leprosi

243 1258 332 1293 sanati
357 1258 477 1291 fuerant,
499 1263 526 1286 et
553 1259 693 1286 daemones
721 1260 845 1294 expulsi,
872 1264 900 1287 et
927 1260 1030 1287 mortui

243 1305 387 1337 suscitati;
427 1305 547 1332 infantes
576 1313 641 1332 vero
671 1305 779 1333 locutos
795 1313 867 1338 esse,
892 1310 956 1334 tunc
979 1307 1034 1341 pri-

242 1357 317 1376 mum
332 1350 460 1384 legimus.
477 1350 570 1385 Neque
587 1351 659 1378 enim
672 1351 835 1389 simpliciter
854 1353 931 1388 pueri
947 1353 1032 1381 fuisse

241 1394 382 1428 dicuntur,
399 1396 446 1423 sed
463 1395 581 1424 infantes
594 1401 620 1424 et
644 1398 776 1425 lactentes
790 1407 797 1425 :
814 1399 886 1433 quod
915 1400 1031 1427 maxima

241 1442 424 1470 admiratione
444 1443 556 1477 dignum
583 1450 635 1471 est.
656 1444 795 1480 Perfeciui
821 1450 923 1477 autem.
949 1446 974 1472 id
987 1450 1064 1490 estC

242 1487 392 1522 perfectam
414 1489 504 1516 fecisti
522 1489 629 1516 Iaudem
655 1489 728 1517 illam
744 1498 776 1518 ex
788 1491 876 1526 angeli
894 1499 942 1519 ore
954 1492 1028 1528 [cum

241 1533 343 1567 alioqui
358 1533 465 1560 illorum
482 1534 573 1568 lingua
587 1534 677 1561 adhuc
698 1540 773 1563 esset
791 1536 975 1572 imperfecta].

276 1577 390 1614 Propter
404 1580 527 1607 inimicos
558 1585 629 1614 tuos,
649 1586 677 1607 ut
703 1582 826 1608 destruas
853 1583 991 1609 inimicum
1004 1588 1029 1610 et

239 1625 364 1652 ultorem.
379 1625 610 1654 Edisseritetiam
624 1635 736 1655 causam
753 1628 890 1655 miraculi.
916 1627 1028 1656 Factum

239 1676 291 1702 est.
307 1672 406 1706 inquit,
421 1673 448 1699 id
461 1677 573 1707 propter
587 1673 718 1700 scelestos
743 1674 869 1702 inimicos
898 1679 959 1702 tuos
978 1674 1028 1702 Ju-

239 1717 324 1743 daaos.
342 1717 372 1743 lu
398 1717 460 1745 aliis
475 1719 548 1744 enim
564 1717 705 1745 miraculis
722 1718 855 1753 suspicati
879 1723 945 1746 sunt
970 1719 1028 1746 for-

239 1763 322 1789 tassis
339 1761 427 1789 Judaei
460 1763 532 1797 quod
562 1763 704 1798 deciperet
727 1763 856 1792 Christus
870 1769 898 1792 et
922 1765 1029 1794 falleret

239 1815 335 1835 eorum
349 1808 464 1840 oculos;
480 1809 508 1835 in
536 1809 682 1836 infantium
704 1817 770 1836 vero
787 1810 953 1843 laudatione.
982 1811 1028 1846 qui

238 1855 309 1889 apud
325 1862 375 1882 eos
392 1854 584 1886 versabantur,
614 1855 670 1882 imo
696 1855 743 1890 qui
760 1863 856 1883 eorum
875 1857 1027 1892 erantlilii,

237 1904 328 1930 omnis
343 1903 437 1928 aberat
456 1902 589 1936 suspicio.
607 1901 668 1928 Hazc
692 1906 783 1928 autem
811 1902 847 1929 ita
870 1902 1026 1938 dispensata

237 1953 302 1976 sunt
320 1957 335 1975 a
352 1948 407 1975 Deo
432 1949 465 1974 ad
483 1947 710 1979 destructionem,
736 1948 788 1975 hoc
809 1952 851 1975 est
874 1949 908 1976 ad
925 1949 1025 1977 confu-

236 1996 341 2022 sionem
353 1993 459 2021 Judaici
475 1994 579 2028 populi,
596 1994 642 2029 qui
659 1993 790 2021 inimicus
807 1994 889 2022 simul
906 1999 933 2022 et
952 1996 1026 2024 ultor

238 2042 282 2068 Dei
298 2045 356 2068 erat
374 2050 380 2068 :
399 2040 540 2073 inimicus,
560 2041 624 2075 quia
638 2040 698 2075 ejus
720 2040 789 2068 Filio
807 2041 1025 2076 adversabatur;

235 2091 263 2114 et
276 2088 360 2118 ultor,
380 2086 453 2114 Vellll
480 2087 503 2113 is
522 2087 569 2122 qui
583 2094 633 2122 pro
654 2086 709 2113 Deo
725 2095 754 2114 se
772 2087 798 2114 id
821 2087 910 2115 facere
929 2089 1025 2117 existi-

1128 389 1192 415 ὀτι
1215 388 1331 421 ἐπήρθη
1357 387 1375 421 ἡ
1399 385 1642 421 μεγαλοπρέπειά
1663 392 1720 412 σου
1737 385 1840 418 ὑπεράνω

1090 435 1150 462 τῶν
1165 433 1312 467 οὐρανῶν.
1328 432 1577 467 Μεγαλοπρέπειαν
1597 430 1714 458 ἐνταῦθα
1734 430 1775 465 τὴν
1789 430 1840 456 eam
1861 449 1862 470 ἓ

1089 481 1299 514 ὲνανθρώπησιν
1326 478 1466 513 ὀνομάζει·
1489 477 1595 512 μεγάλη
1622 477 1677 512 γὰρ
1707 476 1791 506 ὅντως.
1811 476 1841 500 xc“.
1861 473 1862 477 “

1089 527 1180 554 πάντα
1196 525 1259 552 νοῦν
1285 524 1499 559 ὑπερϐαίνουσα.
1526 523 1613 558 Αὕτη,
1638 523 1728 557 φησὶν,
1747 521 1839 556 ἐπήρθη.
1861 527 1862 558 ἦ

1089 573 1136 599 καὶ
1154 572 1248 603 αὐταῖς
1264 571 1318 597 τῶν
1331 570 1456 606 οὐρανῶν
1469 569 1616 604 δυνάμεσιν
1627 568 1721 603 ὥσπερ
1735 567 1842 602 ὐπερθαύ-

1090 624 1204 650 μαστος,
1223 615 1270 642 καὶ
1286 615 1480 649 ἀκατανόητος.
1500 614 1554 640 Καὶ
1571 613 1601 640 οὐ
1621 613 1702 648 μόνον
1723 612 1841 647 ἄνθρωποι,
1861 626 1862 645 ;

1087 663 1156 689 ἀλλὰ
1170 662 1218 688 καὶ
1239 662 1351 696 ἄγγελοι
1367 661 1397 687 τὸ
1408 660 1530 687 τοιοῦτον
1546 659 1744 694 ἐκπλήττονται
1757 667 1796 685 σου
1810 667 1843 692 μυ-

1087 708 1209 743 στήριον.
1225 708 1260 734 ’Ἡ
1286 709 1332 735 καὶ
1347 707 1444 738 ἄλλως·
1461 706 1582 741 ἐμφῆναι
1600 705 1758 741 βουλόμενος
1773 705 1796 730 τδ
1809 703 1842 737 τῆς

1088 754 1163 785 θείας
1192 753 1300 789 φύσεως
1328 754 1563 788 ἀπειροδὺναμον,
1586 751 1712 787 Ὺψώθη,
1732 751 1811 785 φησὶν.
1832 751 1842 782 ἡ

1091 800 1314 835 μεγαλοπρέπεια
1327 808 1375 826 σου
1393 799 1521 835 ὑπεράνω
1538 798 1594 826 τῶν
1610 798 1742 833 οὐρανῶν,
1764 797 1795 832 μὴ
1806 805 1843 830 χω.

1089 847 1189 882 potior):
1215 848 1300 882 αὐτὴν
1325 847 1374 882 τῆς
1391 849 1452 881 γῆς.
1476 848 1509 873 ’0
1537 847 1584 873 καὶ
1611 846 1752 882 προφήτης
1774 844 1844 879 ἕτερος

1088 893 1190 927 ἔλεγεν·
1211 893 1379 928 Ἐκάλυψεν
1398 893 1546 927 οὐραγοὺς
1565 894 1583 927 ἡ
1598 892 1689 927 ἀρετὴ
1712 891 1795 919 αὐτοῦ
1811 889 1842 916 καὶ

1086 940 1141 975 τῆς
1158 940 1302 972 αἰνέσεως
1316 940 1411 967 αὑτοῦ
1425 939 1545 973 πλήρης
1558 939 1578 973 ἠ
1592 938 1642 973 τῆ.

1128 1030 1174 1057 Ἐκ
1190 1030 1339 1064 στόματος
1351 1028 1468 1063 νηπίων
1485 1027 1535 1055 καὶ
1547 1026 1737 1062 θηλαζόντων
1761 1033 1845 1058 κατηρ-

1085 1076 1160 1102 τίσω
1183 1073 1281 1102 ιιῖνον.
1301 1074 1483 1110 ’Υμνολογιαν
1500 1075 1706 1109 πρωναφωνεί.
1741 1073 1784 1100 Ἐκ
1798 1071 1845 1098 πολ-

1086 1121 1140 1147 λῶν
1152 1120 1180 1148 δὲ
1198 1121 1346 1156 θαυμάτων
1366 1121 1413 1147 καὶ
1436 1120 1557 1154 σημείων
1572 1117 1609 1148 ὧν
1625 1120 1754 1154 ἐποίησεν
1765 1120 1778 1145 ὁ
1796 1118 1845 1151 Χρι-

1085 1169 1156 1199 στὸς,
1183 1168 1289 1194 τέθεικε
1327 1166 1406 1201 μόνον
1431 1167 1462 1192 τὸ
1492 1166 1586 1201 θαῦμα
1615 1166 1669 1192 τῶν
1696 1165 1804 1197 παίδων,
1818 1163 1844 1194 ὡς

1084 1213 1356 1250 ὲκτιληκτικώτερον,
1373 1213 1429 1247 [Iph
1443 1212 1540 1239 τούτου
1568 1213 1618 1247 μὲν
1639 1213 1696 1247 γὰρ
1708 1213 1754 1238 καὶ
1769 1209 1845 1245 νεκρὸς

1082 1261 1199 1297 ἠγέρθη,
1215 1260 1261 1287 καὶ
1278 1260 1380 1295 λεπρὸς
1395 1258 1547 1294 ἐκαθάρθη,
1562 1260 1610 1285 καὶ
1625 1258 1732 1293 δαίμων
1746 1255 1845 1292 nmen-

1083 1307 1162 1342 χορὸς
1177 1307 1205 1333 δὲ
1223 1306 1325 1332 παίδων
1350 1304 1522 1341 ὑπομαζίων,
1554 1304 1615 1331 τότε
1629 1304 1739 1339 πρῶτον
1760 1300 1845 1338 τρανῶς

1083 1351 1243 1386 ἐφθέγξατο.
1276 1351 1346 1378 οὐδὲ
1373 1351 1429 1386 γὰρ
1459 1349 1553 1382 ἁπλῶς
1577 1348 1648 1384 ἦσαν
1679 1349 1782 1380 παῖδες,
1799 1345 1848 1373 (illi

1083 1397 1246 1432 θηλάζοντες
1256 1406 1262 1412 ·
1279 1397 1294 1423 ὃ
1308 1397 1355 1423 καὶ
1369 1395 1607 1431 παραδοξώτατον.
1625 1393 1803 1428 Κατηρτήσω
1819 1390 1846 1419 δὲ.

1082 1445 1149 1471 αὐτὸ
1176 1444 1256 1471 τοῦτο
1281 1443 1385 1470 τέλειον
1413 1442 1552 1478 ειργάσω,
1580 1442 1610 1474 ἐξ
1632 1441 1754 1475 ἀγγέλου
1767 1438 1847 1472 στόμα·

1079 1499 1135 1523 τος.

1115 1581 1228 1608 ’Ἕνεκα
1243 1580 1302 1608 τῶν
1325 1579 1443 1614 ἐχθρῶν
1460 1587 1520 1606 σου
1545 1577 1599 1605 τοῦ
1625 1577 1793 1605 καταλῦσαι
1813 1573 1847 1607 έχ-

1079 1627 1160 1662 θρὸν,
1173 1628 1223 1654 καὶ
1250 1625 1426 1660 ἐκδικητὴν.
1457 1626 1598 1659 Διηγείται
1613 1625 1660 1650 καὶ
1673 1624 1727 1659 τὴν
1742 1621 1785 1650 τοῦ
1801 1618 1847 1645 θαύ-

1080 1682 1165 1710 ματος
1191 1674 1299 1706 αἰτίαν,
1326 1673 1367 1699 ὅτι
1392 1673 1437 1699 διὰ
1466 1672 1530 1703 τοὺς
1555 1670 1692 1706 πονηροὺς
1728 1666 1847 1696 Ἰουδαίους

1077 1721 1140 1752 τοὺς
1157 1720 1273 1755 ἐχθρούς
1288 1728 1335 1745 σου
1351 1719 1478 1752 γέγονεν·
1494 1717 1541 1743 ἐπὶ
1555 1716 1604 1752 μὲν
1624 1715 1680 1751 γὰρ
1696 1718 1760 1748 ταῖς
1773 1713 1846 1741 ἄλλοις

1078 1766 1230 1799 δοξοποιίας
1246 1764 1418 1795 ὑπώπτευον,
1435 1763 1473 1795 ὡς
1487 1763 1613 1797 ἐξαπατᾷ
1629 1762 1695 1794 τοὺς
1714 1758 1849 1796 desumit

1078 1811 1168 1839 αὐτῶν
1196 1811 1262 1842 ῐοως
1274 1819 1282 1827 ·
1299 1810 1346 1836 ἐπὶ
1367 1810 1396 1836 δὲ
1411 1809 1450 1844 τῷ
1475 1808 1553 1844 ’ύμνιρ
1565 1808 1619 1834 τῶν
1642 1807 1764 1842 νηπίων,
1779 1805 1794 1832 ἃ
1804 1801 1848 1836 παρ’

1079 1857 1169 1885 αὐτῶν
1194 1855 1265 1893 ἦσαν
1298 1856 1409 1890 ἔκγονα,
1433 1856 1480 1882 καὶ
1497 1854 1562 1890 παρ’
1586 1854 1679 1885 αὐτοῖς
1709 1854 1846 1889 ἐτρέφοντο.

1079 1905 1170 1939 πάσης
1197 1903 1354 1938 ἀντιλογίας
1386 1901 1618 1937 ἀπεκλείσθησαν.
1648 1899 1815 1936 ᾮκονομήθη
1831 1896 1849 1922 δέ

1077 1951 1167 1982 τοῦτο,
1183 1950 1251 1985 πρὸς
1266 1949 1297 1976 τὸ
1313 1948 1513 1983 καταλυθῆναι,
1528 1948 1669 1974 τουτέστιν
1685 1945 1848 1982 αἱσχυνθῆηι

1077 1998 1122 2025 τὸν
1140 1996 1285 2023 Ἰουδαϊκὸν
1310 1996 1406 2031 δῆμον,
1424 1995 1470 2022 τὸν
1485 1994 1583 2029 ὲχθρὺν
1604 1993 1674 2028 ἅμα,
1692 1994 1744 2020 καὶ
1760 1991 1849 2023 ἐκδικη-

1076 2042 1126 2077 τὴν
1148 2041 1196 2068 τοῦ
1221 2040 1300 2074 Θεοῦ,
1326 2040 1424 2076 ἐχθρὸς
1441 2039 1491 2075 μὲν
1506 2039 1561 2074 γάρ
1577 2040 1662 2071 ἔστιν,
1684 2038 1726 2070 ὡς
1742 2035 1849 2070 πολεμῶν

1075 2088 1115 2123 τῷ
1131 2087 1202 2122 Υἱῷ·
1220 2087 1364 2122 ἑκδικητὴς
1379 2085 1429 2120 ass,
1450 2085 1488 2116 ὡς
1502 2084 1572 2120 ὑπὲρ
1591 2084 1638 2111 τοῦ
1668 2084 1780 2120 Πατρδς
1790 2081 1850 2109 τοῦτο

235 2133 339 2159 mahat.
374 2132 525 2159 Possumus
551 2132 633 2159 etiam
663 2133 813 2161 daemonem
832 2133 974 2161 inimicum
997 2139 1019 2162 et

1085 2135 1166 2160 ποιεῖν
1184 2133 1280 2160 δοκῶν.
1296 2133 1409 2167 Οζητέον
1431 2132 1460 2158 δὲ
1483 2131 1530 2158 καὶ
1554 2131 1600 2157 τὸν
1616 2130 1745 2157 διάϐολον
1774 2128 1850 2164 ὲχθρδν

237 2178 353 2205 ultorem
374 2178 420 2213 Dei
450 2177 544 2205 dicere
560 2186 566 2205 :
584 2178 737 2209 inimicum,
755 2178 820 2213 quia
840 2179 900 2214 ejus
912 2180 1027 2207 manda-

237 2222 272 2248 tis
285 2222 457 2254 adversatur,
470 2227 497 2249 et
513 2223 577 2256 quia
593 2230 704 2257 semper
717 2223 846 2251 infensus
870 2227 914 2252 est
929 2225 1025 2252 amicis

235 2267 284 2293 Dei
295 2274 302 2298 ;
314 2258 431 2293 ultorem
444 2275 510 2294 vero
524 2268 588 2301 quia
603 2268 637 2295 iis
654 2268 725 2303 quia
745 2267 801 2296 Deo
814 2269 930 2304 proiecti
948 2275 1023 2301 sunt,

234 2310 425 2345 improperare
437 2311 517 2342 solet,
529 2311 601 2345 quod
610 2316 816 2347 contemptores
838 2314 885 2341 Dei
902 2314 1004 2341 fuerint
1017 2322 1024 2340 :

231 2360 317 2390 atque
333 2356 394 2383 ideo
410 2357 443 2384 ad
461 2364 570 2391 pugnam
585 2365 633 2384 eos
645 2358 740 2389 trahit,
754 2359 826 2393 quod
841 2359 932 2387 divina
943 2367 1022 2387 man-

230 2403 296 2429 data
312 2402 479 2437 transgressi
497 2409 572 2430 sunt.
587 2402 623 2429 Ex
643 2411 674 2430 ea
693 2404 793 2439 quippe
804 2404 949 2432 infantium
964 2406 1023 2433 lau-

230 2447 354 2480 datione,
385 2448 443 2482 ipse
459 2448 541 2475 etiam
569 2448 676 2476 daemon
693 2450 826 2477 confundi
842 2450 917 2478 visus
937 2456 980 2479 est
995 2457 1022 2480 et

231 2495 347 2521 destrui.
377 2494 478 2521 Futura
501 2499 592 2521 autem
611 2495 747 2530 Propheta
773 2501 868 2524 narrat
891 2501 921 2524 ut
938 2497 1020 2530 facta,

232 2539 316 2566 veluti
341 2539 388 2574 qui
417 2540 586 2574 propheticis
615 2541 702 2568 oculis
730 2549 762 2568 ea
780 2540 907 2576 viderat;
927 2544 970 2571 vel
985 2551 1018 2572 ex

232 2593 350 2620 persona
383 2585 582 2619 Ecclesiarum,
611 2592 641 2614 ut
666 2587 797 2619 diximus,
829 2588 887 2616 haec
913 2590 1018 2623 prolata

230 2635 322 2659 sunt:
342 2631 425 2659 veluti
459 2639 520 2667 qua:
549 2633 583 2660 ab
611 2633 651 2660 eis
677 2633 842 2668 quanquue
863 2635 899 2661 ita
926 2641 1019 2663 essent

230 2676 407 2712 proferenda.

265 2723 348 2752 Vens.
365 2725 391 2751 Δ.
405 2724 537 2756 Quoniam
556 2724 646 2752 videbo
662 2727 740 2753 σανίσι
769 2735 847 2761 a;:era
870 2728 1016 2763 digitorum

266 2813 288 2830 ⁸¹
305 2813 358 2842 lsa.
375 2823 423 2848 ιιι,
452 2814 478 2843 5.
516 2816 549 2832 ⁸³·
570 2815 672 2843 Hahae.
689 2823 728 2849 Ill,
747 2816 772 2843 5.

1076 2180 1125 2207 καὶ
1144 2179 1293 2214 ἐκδικητὴν
1305 2186 1313 2193 ·
1335 2177 1433 2213 ἐχθρὸν
1455 2177 1516 2212 μὲν,
1532 2177 1568 2208 ὡς
1588 2177 1796 2212 ἐναντιούμενον
1806 2174 1850 2202 ταῖς

1075 2225 1195 2256 ἐντολαῖς
1203 2224 1250 2251 τοῦ
1261 2223 1340 2257 Θεοῦ,
1354 2224 1463 2255 καὶτοῖς
1473 2223 1568 2249 τούτου
1575 2223 1664 2258 φίλοις
1673 2223 1742 2249 πολε
1746 2221 1836 2257 μοῦντα
1843 2225 1849 2233 ·

1075 2270 1223 2307 ἐκδικητὴν
1238 2270 1277 2303 δὲ,
1300 2270 1337 2301 ὠς
1360 2271 1430 2305 μετὰ
1445 2270 1476 2296 τὸ
1493 2269 1571 2305 ῥίψαι
1586 2269 1674 2301 τινὰς,
1697 2267 1849 2303 ἐγκαλοῦντι

1075 2317 1181 2349 τούτοις
1198 2318 1248 2353 τὴν
1264 2317 1312 2344 τοῦ
1321 2317 1388 2343 Θεοῦ
1403 2317 1621 2352 καταφρόνησιν,
1634 2317 1684 2343 καὶ
1699 2316 1770 2351 πρὸς
1781 2322 1849 2348 τιμω·

1077 2365 1137 2398 ρίαν
1153 2364 1267 2390 ἕλκοντα
1275 2363 1320 2389 διὰ
1330 2363 1380 2398 τὴν
1395 2363 1450 2390 τῶν
1465 2363 1545 2389 θείων
1558 2362 1674 2389 ἐντολῶν
1691 2360 1848 2397 παράϐασιν

1074 2409 1196 2446 ᾐσχύνθη
1209 2410 1262 2445 γὰρ
1273 2410 1334 2436 τότε
1350 2409 1397 2436 καὶ
1408 2405 1496 2442 οὗτος,
1505 2409 1552 2436 καὶ
1560 2408 1710 2442 κατελύθη.
1734 2408 1777 2439 Ὠς
1786 2413 1850 2440 γεγο⁶

1075 2458 1140 2484 νότα
1165 2457 1193 2484 δὲ
1220 2458 1254 2484 τὰ
1284 2457 1456 2492 γενησομένα
1485 2457 1612 2492 τίθησιν,
1645 2453 1704 2483 οἷον
1733 2452 1849 2491 ἑωρακὼς

1075 2503 1145 2530 αὐτὰ
1164 2504 1221 2535 τοῖς
1242 2505 1422 2539 προφητικοίς
1436 2503 1569 2538 ὄμμασιν.
1586 2503 1623 2529 Ἦ
1646 2503 1695 2529 καὶ
1713 2501 1848 2537 προσώπῳν

1075 2549 1147 2576 καθὰ
1176 2550 1334 2586 δεδήλωται,
1362 2549 1417 2576 τῶν
1451 2549 1632 2585 Ἐκκλησιῶν,
1651 2549 1690 2580 ὡς
1705 2549 1768 2576 τότι
1784 2546 1848 2580 1:16-

1076 2603 1157 2630 μενα.

1107 2731 1167 2758 Ὅτι
1182 2731 1291 2768 {Serapim
1305 2731 1376 2765 τοὺς
1403 2732 1561 2766 οὐρανοὺς,
1577 2732 1649 2766 ἔργα
1671 2731 1732 2759 τῶν
1754 2730 1848 2759 δακτύ-
