1893 3068
252 107 303 139 131

847 108 1036 139 EUTllYMlI
1056 107 1237 138 ZIGABENI
1809 107 1843 138 132

248 165 282 192 ad
298 165 374 199 ipsos
390 164 485 192 mundi
502 164 570 192 ﬁnes
583 167 643 191 erat
664 169 840 198 perventura.
855 164 926 197 Quid
950 164 1013 199 igitu

1085 165 1137 200 γὰρ
1154 166 1167 191 ὁ
1181 164 1302 196 Ἡσαΐας,
1315 165 1356 191 ὅτι
1374 165 1407 192 Τὸ
1417 165 1511 199 ὄνομά
1523 173 1582 199 μου
1594 165 1628 197 ἐξ
1638 163 1721 200 ὑμῶν
1728 165 1842 199 ,βλασφη-

248 212 281 238 ad
296 211 348 238 hoc
368 211 460 239 dicent
473 210 577 237 tudini?
590 213 670 236 antea
686 210 785 245 quippe
801 210 846 238 Dei
860 211 1035 246 omnipoten-

248 258 284 285 tis
308 265 409 284 nomen
437 256 507 291 apud
529 256 661 290 plurimas
680 261 775 290 gentes
799 256 940 291 despectui
962 260 1031 284 erat.

1080 210 1181 245 μεῖται
1198 210 1233 237 ἐν
1255 211 1319 243 τοῖς
1341 211 1473 238 ἔθνεσιν.
1492 211 1574 237 Ὥστε
1600 211 1664 246 περὶ
1680 210 1728 237 τοῦ
1754 210 1843 245 xum)

1086 257 1134 284 νῦν
1145 258 1159 284 ὁ
1172 258 1252 292 λόγος
1265 258 1472 293 ἀναντίῤῥητος.

248 305 327 335 Nam,
344 308 374 330 ut
407 302 496 336 inquit
522 301 625 328 Isaias:
651 301 765 335 Propter
790 311 835 330 vos
856 311 950 331 nomen
977 303 1034 338 ejus
1053 304 1251 338 otasphematur
1276 305 1343 343 inter
1371 308 1458 338 gentes
1473 303 1506 330 ".
1539 302 1615 329 Unde
1639 302 1700 329 sine
1732 301 1805 329 dubio
1821 302 1843 329 de

244 351 354 379 Christo
370 349 426 376 haec
445 347 517 374 dicta
533 355 594 374 esse
609 348 823 376 convincuntur.

280 395 413 428 Quoniam
428 396 573 425 elevataest
587 399 784 434 magniﬁcentia
795 404 841 426 tua
851 407 931 433 super
943 399 1031 426 cwlas.

243 441 472 476 Magniticentiam
493 444 544 472 hoc
561 445 587 471 in
604 445 664 472 loco
681 445 727 472 Dei
745 445 969 472 humauationem
986 453 1034 480 ap-

241 488 324 523 pellat
338 497 345 515 :
357 496 417 523 quae
427 493 454 516 et
467 497 564 525 magna
579 496 632 523 est,
642 495 667 519 et
684 499 792 519 omnem
805 499 975 526 exsuperans
989 492 1032 518 iu-

241 535 391 561 tcllectnm.
418 535 530 563 Elevata
549 537 621 564 enim
645 542 698 570 est,
719 541 746 564 et
772 538 941 566 transcendit
971 538 1032 566 illas

241 581 324 608 ctiam
341 586 493 615 potestates
513 591 573 617 quae
593 591 674 618 supra
692 585 776 612 cmlos
792 589 857 612 sunt
875 594 881 612 :
904 593 937 612 eo
956 584 1030 620 quod

241 627 276 654 ab
291 627 332 655 eis
348 628 430 655 etiam
449 629 643 663 comprehendi
660 638 714 657 non
732 635 831 665 potest.
848 630 927 658 Unde
943 631 1030 658 innxi-

240 680 284 700 me
300 674 340 701 eis
352 678 395 700 est
411 674 602 708 admirationi;
624 683 711 710 neque
730 677 801 703 enim
825 676 950 704 homines
968 682 1029 703 Ian-

240 724 308 752 tum,
333 720 380 746 sed
408 719 459 753 ipsi
475 720 556 747 etiam
576 722 663 755 angeli
683 722 716 749 ad
736 723 786 749 hoc
803 726 911 757 stupent
928 728 1029 758 myste-

241 765 324 791 rium.
342 765 388 792 νει
401 766 482 792 aliter
495 775 502 792 τ
517 766 677 801 Signini-are
691 768 769 795 nobis
784 768 877 795 volens
892 769 1026 803 Propheta

239 810 400 838 immensam
417 811 514 838 divinae
529 817 632 839 natura:
652 814 801 847 potentiam
815 822 822 840 :
837 813 960 842 Exaltata
974 820 1026 848 est,

238 855 337 890 inquit,
365 857 572 892 magniﬁcentia
589 863 635 885 tua
655 867 739 894 super
754 860 857 892 caelos,
875 868 938 887 cum
953 865 1026 888 terra

237 909 296 928 cam
314 910 367 929 non
384 907 504 938 caperet.
517 903 596 935 Quod
612 904 682 931 alius
700 905 833 939 propheta
849 906 916 933 dicit
931 916 938 934 :
958 906 1028 941 Ope-

237 949 292 975 ruit
309 949 388 976 caelos
405 950 487 975 viriut
509 949 578 984 ejus,
594 955 618 976 et
634 951 799 978 laudationis
822 951 879 986 ejus
893 952 972 986 plena
988 958 1026 979 est

238 999 308 1021 terra
321 995 366 1020 ⁸¹·.

272 1039 357 1068 Vnus.
375 1041 402 1068 5.
416 1039 457 1067 Ex
469 1048 512 1068 ure
522 1041 665 1075 infantium
677 1046 701 1069 et
715 1041 871 1070 laetantium
889 1044 1026 1078 perfecisti

236 1086 354 1113 tandem.
365 1086 560 1113 Laudationem
590 1094 734 1121 puerorum
761 1089 885 1122 praedicit
911 1088 1022 1124 [iactam

236 1131 263 1158 in
281 1132 405 1167 templo].
430 1132 479 1166 Ex_
494 1125 623 1160 omnibus
638 1138 728 1160 autem
744 1133 847 1162 Christi
871 1135 1022 1166 miraculis,

236 1176 318 1211 hujus
333 1183 437 1204 tantum
452 1178 575 1205 meminit
589 1178 738 1213 Propheta,
752 1184 882 1214 tanquam
902 1181 1024 1207 admira-

237 1222 310 1249 tione
329 1224 414 1257 magis
438 1223 525 1258 digni.
548 1223 615 1250 Nam
632 1228 660 1251 et
676 1229 741 1252 ante
755 1224 894 1252 Christum
922 1225 1023 1260 leprosl

235 1267 323 1302 sanati
348 1267 467 1299 fuerant,
489 1271 517 1295 et
545 1268 683 1295 daemones
711 1269 836 1303 expulsi,
863 1273 890 1296 et
917 1269 1021 1297 mortui

234 1313 378 1346 suscitati;
418 1314 538 1341 infantes
567 1321 632 1342 vero
662 1314 770 1342 locutos
785 1323 858 1347 esse,
882 1320 946 1343 tunc
969 1317 1024 1351 pri-

234 1365 308 1385 mum
324 1359 451 1393 legimus.
468 1359 560 1394 Neque
578 1361 649 1387 enim
663 1361 825 1396 simpliciter
844 1363 921 1397 pueri
937 1362 1023 1390 fuisse

232 1403 373 1437 dicuntur,
389 1405 437 1432 sed
453 1405 571 1433 infantes
584 1409 611 1432 et
635 1407 767 1434 lactentes
781 1417 787 1434 :
804 1408 876 1442 quod
905 1409 1021 1436 maxima

233 1451 415 1478 admiratione
434 1452 547 1486 dignum
573 1459 626 1479 est.
647 1453 786 1489 Perfecisti
812 1459 914 1486 autem.
940 1456 965 1482 id
978 1459 1054 1499 θεία

233 1496 382 1531 perfectam
405 1497 494 1525 fecisti
512 1498 620 1525 laudem
646 1498 718 1526 illam
735 1507 767 1527 ex
779 1500 867 1535 angeli
885 1508 932 1528 ore
944 1501 1018 1537 [cum

231 1543 333 1577 alioqui
349 1542 456 1569 illorum
472 1543 564 1578 lingua
578 1543 667 1570 adhuc
689 1550 764 1572 esset
781 1545 965 1581 imperfecta].

267 1587 380 1624 Propter
395 1589 517 1616 inimicos
548 1593 620 1622 tuos,
640 1595 667 1616 ut
693 1591 817 1618 destruas
844 1592 981 1619 inimicum
995 1598 1019 1620 et

230 1635 355 1662 ultorem.
370 1634 506 1662 Edisserit
517 1635 600 1662 etiam
615 1644 727 1664 causam
742 1638 880 1665 miraculi.
906 1637 1018 1666 Factum

230 1686 282 1712 cst,
297 1681 397 1716 inquit,
412 1682 438 1709 id
452 1685 563 1716 propter
578 1683 708 1710 scelestos
733 1684 860 1711 inimicos
888 1690 950 1712 tuos
968 1684 1018 1712 Ju-

230 1727 314 1754 datos.
333 1727 362 1754 lu
388 1727 450 1754 aliis
466 1728 538 1754 enim
555 1727 695 1755 miraculis
712 1728 845 1763 suspicati
870 1733 936 1756 sunt
961 1729 1018 1757 for-

230 1773 312 1800 tassis
330 1771 417 1800 Judaei
450 1773 522 1807 quod
552 1773 694 1808 deciperet
717 1773 846 1802 Christus
861 1779 888 1802 et
912 1775 1019 1803 falleret

230 1827 326 1846 eorum
339 1819 454 1851 oculos;
471 1820 498 1846 in
526 1819 672 1847 infantium
694 1827 760 1847 vero
777 1820 944 1853 laudatione,
972 1821 1019 1855 qui

229 1867 300 1900 apud
316 1873 365 1893 eos
382 1865 575 1897 versabantur,
603 1865 661 1892 imo
686 1865 733 1900 qui
750 1873 846 1893 eorum
866 1872 946 1894 erant
958 1867 1018 1901 lilii,

229 1914 318 1941 omnis
333 1914 427 1940 aberat
446 1913 579 1948 suspicio.
597 1911 658 1939 Haec
682 1916 774 1938 autem
801 1911 838 1939 ita
860 1912 1017 1948 dispensata

229 1964 293 1987 sunt
311 1968 326 1986 a
343 1959 398 1986 Deo
423 1961 456 1985 ad
474 1959 701 1989 destructionem,
726 1958 778 1986 hoc
800 1962 842 1985 est
865 1959 898 1986 ad
916 1958 1016 1986 coniu-

228 2007 333 2033 sionem
344 2004 450 2032 Iudaici
466 2005 570 2039 populi,
587 2005 633 2039 qui
650 2004 781 2031 inimicus
797 2004 880 2032 simul
897 2009 924 2032 et
943 2006 1017 2034 ultor

230 2053 275 2079 Dei
290 2056 347 2078 erat
366 2061 372 2078 :
391 2052 531 2083 inimicus,
551 2051 615 2086 quia
628 2050 690 2085 ejus
711 2050 780 2078 Filio
798 2051 1016 2085 adversabatur;

227 2102 254 2124 ct
268 2098 352 2129 ultor,
372 2097 445 2124 Velut
471 2097 495 2123 is
513 2098 560 2132 qui
574 2104 624 2132 pro
646 2097 700 2124 Deo
716 2105 745 2124 se
763 2097 789 2124 id
811 2097 901 2125 facere
920 2099 1016 2126 existi-

1119 399 1184 424 ”οτι
1207 397 1323 430 ἐπήρθη
1348 396 1367 430 ἡ
1391 394 1632 430 μεγαλοπρέπειά
1653 401 1712 421 σου
1732 394 1843 428 ὑπεράνω

1082 444 1142 471 τῶν
1157 442 1303 476 οὐρανῶν.
1320 441 1568 477 Μεγαλοπρέπειαν
1588 440 1706 467 ἐνταῦθα
1728 439 1774 474 τὴν
1789 439 1843 466 θεῖεν

1081 489 1291 524 ἐνανθρώπησιν
1317 488 1457 522 ὀνομάζει·
1480 487 1586 522 μεγάλη
1613 487 1668 521 γὰρ
1698 485 1790 516 ὅντως.
1811 485 1843 510 καὶ

1081 535 1172 562 πάντα
1188 534 1251 561 νοῦν
1276 533 1490 569 ὑπερϐαίνουσα.
1517 532 1604 567 Αὕτη,
1630 532 1722 566 φησὶν,
1743 531 1842 566 ἐπήρθη.

1080 582 1128 608 καὶ
1145 581 1240 612 αὐταῖς
1256 580 1309 606 τῶν
1323 579 1447 615 οὐρανῶν
1460 579 1607 614 δυνάμεσιν
1618 578 1714 613 ὥσπερ
1730 576 1844 611 anapesti-

1082 633 1196 659 μαστος,
1215 625 1262 652 καὶ
1278 625 1472 658 ἀκατανόητος.
1491 623 1545 649 Καὶ
1562 623 1592 650 οὐ
1612 623 1693 657 μόνον
1715 622 1844 657 ἄνθρωποι,

1078 671 1147 698 ἀλλὰ
1161 671 1209 697 καὶ
1231 671 1342 705 ἄγγελοι
1358 671 1389 697 τὸ
1399 670 1522 697 τοιοῦτον
1538 669 1739 704 ὲκπλὴττονταί
1754 677 1795 695 σου
1810 677 1846 702 μυ·

1079 717 1200 752 οτήριον.
1217 718 1251 743 Ἢ
1277 718 1323 744 καὶ
1338 717 1435 748 ἄλλως·
1452 716 1573 751 ἐμφῆναι
1591 715 1754 750 βουλόμενος
1769 715 1795 740 τὴ
1809 713 1845 747 τῆς

1078 763 1154 794 Θείας
1183 763 1291 798 φύσεως
1319 763 1554 798 ἀπειροδὺναμον,
1577 761 1704 796 Ὑψώθη,
1725 761 1811 795 φησὶν,
1834 761 1845 793 ὴ

1081 809 1305 844 μεγαλοπρέπειὰ
1318 818 1365 835 σου
1385 809 1512 844 ὑπεράνω
1529 808 1585 835 τῶν
1601 807 1737 843 οὐρανῶν,
1760 807 1793 842 μὴ
1805 815 1845 841 χω-

1080 856 1180 891 ρούσης
1206 857 1291 890 αὐτὴν
1315 857 1364 892 τῆς
1382 858 1443 891 γῆς.
1467 857 1500 883 ’Ὁ
1528 856 1575 882 καὶ
1602 856 1747 891 προφήτης
1771 855 1846 889 ἔτερος

1079 902 1181 936 ἔλεγεν·
1201 903 1370 937 Ἐκάὶυψεν
1389 903 1536 937 οὐραγοὺς
1555 903 1574 936 ἠ
1589 901 1680 937 ἀρετὴ
1702 901 1794 929 αὑτοῦ
1810 899 1845 926 καί

1077 949 1132 983 τῆς
1149 949 1293 982 αἰνέσεως
1307 949 1401 977 αὐτοῦ
1415 949 1536 982 πλήρης
1549 948 1568 982 ἠ
1583 948 1633 982 τῆ.

1118 1038 1165 1066 Ἐκ
1180 1039 1330 1073 στόματος
1341 1038 1458 1072 νηπίων
1476 1037 1525 1064 καί
1538 1036 1729 1071 θηλαζόντων
1756 1043 1848 1069 κατηρ-

1075 1084 1150 1111 τίσω
1173 1083 1272 1111 αϊνον,
1292 1084 1473 1119 ’Υμνολογίαν
1491 1084 1695 1119 προαναφωνεῑ.
1733 1083 1780 1110 Ἕκ
1795 1081 1848 1108 πολ-

1076 1130 1130 1156 λῶν
1143 1129 1171 1157 δὲ
1189 1130 1336 1165 θαυμάτων
1356 1130 1404 1157 καὶ
1426 1129 1548 1164 σημείων
1562 1127 1600 1157 ὦν
1616 1129 1748 1164 ἐποίησεν
1759 1130 1773 1156 ό
1793 1129 1848 1162 Χρι-

1076 1178 1147 1208 στὸς,
1174 1177 1280 1203 τέθεικε
1317 1175 1397 1210 μόνον
1422 1176 1453 1201 τὸ
1483 1175 1576 1211 θαῦμα
1605 1176 1660 1202 τῶν
1684 1174 1848 1208 παίδων,ὡς

1075 1222 1347 1259 ὲκπληκτικὼτερον.
1364 1222 1420 1257 Πρὸ
1434 1222 1530 1248 τούτου
1558 1222 1609 1256 μὲν
1630 1223 1684 1256 γὰρ
1697 1223 1747 1248 καὶ
1763 1220 1849 1257 νεκρὸς

1073 1270 1190 1306 ὴγέρθη,
1206 1270 1252 1296 καὶ
1269 1269 1370 1304 λεπρὸς
1386 1268 1538 1304 ἐκαθάρθη,
1552 1269 1601 1294 καὶ
1616 1267 1720 1302 δαίμων
1738 1266 1849 1302 ὴλάσθη·

1074 1317 1153 1351 χορὸς
1168 1316 1196 1342 δὲ
1213 1315 1315 1342 παίδων
1341 1314 1512 1350 ὑπομαζίων,
1545 1314 1606 1341 τότε
1620 1313 1731 1349 πρῶτον
1752 1311 1850 1349 τρανῶς

1074 1361 1234 1396 ἐφθέγξατο.
1267 1361 1336 1387 Οὐδὲ
1364 1360 1419 1395 γὰρ
1449 1359 1543 1391 ἁπλῶς
1567 1357 1638 1393 ἦσαν
1669 1359 1776 1391 παῖδες,
1796 1357 1852 1385 ἀλλά

1074 1407 1236 1442 θηλάζοντες
1246 1415 1252 1422 ·
1270 1406 1284 1432 ὃ
1298 1407 1345 1433 καὶ
1360 1404 1598 1441 παραδοξώτατον.
1615 1404 1799 1438 Κατηρτήσω
1819 1401 1849 1431 δὲ,

1073 1455 1140 1480 αὐτὸ
1166 1453 1246 1480 τοῦτο
1271 1453 1375 1480 τέλειον
1404 1452 1542 1487 εἰργάσω,
1570 1451 1600 1483 ἐξ
1623 1451 1743 1485 ἀγγέλου
1759 1449 1851 1484 στόμα-

1070 1509 1125 1532 τος.

1106 1591 1218 1618 Ἕνεκα
1233 1591 1293 1618 τῶν
1316 1589 1434 1624 ἐχθρῶν
1450 1596 1510 1617 σου
1536 1587 1590 1615 τοῦ
1615 1586 1790 1615 καταλῦσαι
1813 1585 1852 1619 ἐχ-

1069 1637 1151 1671 θρὸν,
1163 1637 1213 1664 καί
1240 1636 1416 1670 ἐκδικητὴν.
1447 1636 1589 1669 Διηγείται
1603 1635 1651 1660 καὶ
1664 1633 1713 1668 τὴν
1729 1632 1780 1660 τοῦ
1798 1630 1852 1657 θαύ-

1071 1693 1155 1719 ματος
1181 1685 1290 1715 αίτίαν,
1316 1684 1358 1709 ὅτι
1383 1683 1428 1709 διὰ
1457 1682 1520 1712 τοὺς
1546 1681 1681 1716 πονηροὺς
1714 1678 1851 1707 Ἰουδαίους

1067 1731 1131 1762 τοὺς
1148 1730 1263 1765 ἐχθροὺς
1279 1738 1326 1755 σου
1341 1729 1469 1762 γέγονεν·
1485 1728 1531 1753 ἐπὶ
1546 1727 1595 1761 μὲν
1615 1726 1670 1760 γὰρ
1686 1727 1750 1758 ταῖς
1766 1725 1850 1753 ἄλλαις

1069 1776 1221 1809 δοξοποιίας
1237 1773 1409 1804 ὑπώπτευον,
1426 1773 1464 1804 ὠς
1478 1772 1604 1807 ἐξαπατᾷ
1620 1771 1684 1802 τοὺς
1701 1770 1852 1806 ὀφθαλμοὺς

1068 1821 1158 1849 αὐτῶν
1186 1821 1252 1851 ἴσως
1265 1828 1272 1836 ·
1290 1819 1337 1846 ἐπὶ
1358 1819 1387 1846 δὲ
1401 1818 1441 1853 τῷ
1466 1818 1544 1853 ὕμνῳ
1556 1817 1609 1843 τῶν
1633 1815 1756 1851 νηπίων,
1774 1813 1852 1848 amp‘

1069 1867 1160 1895 αὐτῶν
1185 1864 1256 1902 ἦσαν
1289 1865 1400 1900 ἔκγονα,
1423 1865 1470 1892 καὶ
1487 1863 1553 1899 παρ’
1577 1863 1669 1894 αὐτοῖς
1697 1863 1849 1899 ἐτρέφοντο,

1069 1915 1161 1948 πὰσης
1188 1913 1344 1947 ἀντιλογίας
1377 1910 1608 1946 ἀπεκλείσθησαν.
1638 1910 1814 1946 ᾬκονομήθη
1832 1908 1851 1934 δὲ

1068 1960 1158 1992 τοῦτο,
1174 1959 1242 1994 πρὸς
1256 1959 1288 1986 τὺ
1304 1957 1504 1992 καταλυθῆναι,
1518 1957 1660 1983 τουτέστιν
1675 1956 1850 1991 αἰσχυνθῆναι

1068 2007 1113 2034 τὸν
1131 2005 1276 2033 Ἰουδαϊκὸν
1301 2005 1397 2040 δῆμον,
1415 2004 1460 2031 τὸν
1476 2003 1573 2038 ἐχθρὸν
1594 2002 1665 2038 ἅμα,
1682 2003 1734 2029 καὶ
1752 2002 1851 2035 ἐκδικη-

1066 2052 1117 2086 τὴν
1139 2051 1187 2078 τοῦ
1211 2049 1291 2083 Θεοῦ,
1316 2050 1414 2085 ἐχθρὸς
1432 2049 1482 2084 μὲν
1496 2048 1552 2083 γάρ
1567 2049 1653 2080 ἐστιν,
1674 2047 1714 2079 ὡς
1732 2046 1851 2082 πολεμῶν

1066 2097 1106 2133 τῷ
1122 2096 1192 2132 Υἱῷ·
1211 2096 1356 2131 ὲκδικητὴς
1370 2095 1420 2130 ίδὲ,
1440 2094 1478 2126 ὡς
1492 2094 1563 2129 ὑπὲρ
1582 2093 1629 2120 τοῦ
1659 2094 1774 2129 Πατρδς
1785 2093 1852 2120 τοῦτο

227 2143 331 2170 litabat.
366 2143 517 2169 Possumus
543 2143 624 2169 etiam
653 2143 803 2171 daemonem
823 2143 965 2172 inimicum
988 2149 1013 2172 et

1076 2144 1156 2170 ποιεῖν
1175 2142 1271 2169 δοκῶν.
1286 2142 1400 2176 Οίητέον
1422 2141 1450 2167 δὲ
1473 2141 1521 2167 καὶ
1545 2140 1591 2166 τὸν
1607 2139 1736 2166 διὰὃολον
1767 2139 1851 2175 ἐχθρὸν

229 2189 344 2215 ultorem
366 2188 412 2223 Dei
442 2187 535 2215 dicere
552 2196 558 2215 :
576 2188 728 2220 inimicum,
746 2189 810 2223 quia
831 2189 891 2224 ejus
904 2190 1018 2217 manda-

228 2234 263 2260 tis
276 2233 449 2265 advcrsatur,
462 2237 489 2260 et
504 2233 569 2267 quia
585 2240 694 2268 semper
708 2233 837 2261 infensus
861 2237 904 2261 est
920 2235 1017 2262 amicis

227 2279 275 2305 Dei
286 2286 293 2310 ;
305 2270 423 2305 'ultorem
435 2285 502 2305 vero
515 2279 580 2312 quia
594 2278 628 2305 iis
645 2279 716 2313 quia
736 2278 792 2306 Deo
805 2279 921 2314 proiecti
939 2285 1014 2312 sunt,

225 2323 416 2358 improperare
427 2323 508 2354 solet,
520 2322 592 2357 quod
601 2327 807 2358 contemptores
829 2323 877 2351 Dei
894 2324 995 2351 fuerint
1008 2332 1015 2350 :

222 2374 308 2403 atque
324 2369 385 2396 ideo
402 2369 434 2396 ad
452 2376 561 2404 patriam
576 2376 624 2396 eos
636 2369 732 2400 trahit,
745 2369 817 2404 quod
832 2369 923 2397 divina
934 2377 1013 2397 man-

221 2416 287 2442 data
303 2415 470 2450 transgressi
488 2421 563 2442 sunt.
578 2414 614 2441 Ex
633 2423 665 2441 ca
684 2415 784 2450 quippe
795 2415 940 2443 infantium
955 2416 1014 2443 lau-

221 2461 346 2494 datione,
377 2461 435 2495 ipse
450 2461 532 2488 etiam
560 2461 666 2488 daemon
685 2461 817 2488 confundi
833 2461 908 2488 visus
929 2466 972 2489 est
986 2467 1014 2490 et

222 2507 339 2534 destrui.
368 2507 469 2534 Futura
493 2512 583 2534 autem
603 2507 738 2542 Propheta
765 2511 859 2534 narrat
882 2511 912 2534 ut
930 2507 1012 2540 facta,

223 2553 307 2578 veluti
333 2552 380 2587 qui
408 2553 577 2587 propheticis
607 2553 693 2580 oculis
722 2561 753 2580 ea
771 2552 898 2586 viderat;
919 2554 961 2581 vel
977 2561 1009 2581 ex

223 2606 342 2634 persona
374 2598 574 2631 Ecclesiarum,
603 2605 633 2626 ut
658 2600 788 2631 diximus.
820 2599 878 2627 haec
905 2601 1010 2634 prolata

222 2648 313 2672 sunt:
334 2644 418 2672 veluti
451 2652 513 2679 quae
541 2645 576 2672 ab
602 2645 642 2672 eis
668 2645 834 2680 quandoque
854 2646 891 2672 ita
918 2651 1011 2674 essent

222 2690 398 2725 proferenda.

257 2736 340 2765 Vnus.
358 2738 383 2764 4.
398 2737 530 2770 Quoniam
548 2737 638 2765 videbo
654 2738 732 2765 tortos
761 2746 839 2772 opera
862 2738 1008 2774 digitorum

258 2827 281 2843 “
298 2826 350 2855 lsa.
368 2835 415 2861 ιιι,
445 2827 471 2856 5.
509 2829 542 2845 "'
563 2828 664 2856 Habac.
681 2835 721 2860 Ill,
739 2828 765 2855 3.

1067 2190 1116 2216 καὶ
1135 2189 1284 2223 ἐκδικητὴν
1297 2195 1303 2203 ·
1327 2186 1424 2222 ἐχθρὸν
1446 2186 1507 2222 μὲν,
1523 2186 1559 2218 ὡς
1579 2185 1792 2221 ἐναντιούμενον
1802 2186 1850 2215 ταῖς

1066 2235 1186 2266 ἐντολαῖς
1194 2234 1240 2261 τοῦ
1253 2233 1331 2267 Θεοῦ,
1344 2233 1454 2264 καὶτοῖς
1464 2232 1558 2258 τούτου
1566 2232 1655 2267 φίλοις
1664 2232 1835 2268 πολεμοῦντα
1844 2237 1849 2245 ¹

1067 2280 1214 2317 ἐκδικητὴν
1229 2280 1268 2312 δὲ,
1291 2280 1328 2311 ὡς
1352 2280 1422 2314 μετὰ
1436 2279 1467 2306 τὸ
1484 2278 1562 2314 ῥίψαι
1577 2279 1664 2310 τινὰς,
1687 2278 1849 2312 ἐγκαλοῦντα

1066 2327 1172 2359 τούτοις
1189 2328 1239 2363 τὴν
1256 2327 1303 2354 τοῦ
1312 2326 1379 2353 Θεοῦ
1395 2326 1612 2361 καταφρόνησιν,
1625 2326 1674 2352 καὶ
1689 2326 1763 2360 πρὸς
1776 2334 1850 2359 τιμω-

1068 2374 1129 2408 ρίαν
1144 2374 1258 2400 ἓλκοντα
1266 2373 1311 2399 διὰ
1321 2373 1372 2408 τὴν
1386 2372 1440 2399 τῶν
1456 2372 1536 2399 θείων
1549 2371 1664 2398 ἐντολῶν
1682 2371 1848 2406 παράϐασιν

1065 2419 1187 2456 ᾐσχύνθη
1200 2419 1254 2455 γὰρ
1264 2420 1325 2445 τότε
1341 2419 1388 2445 καὶ
1399 2415 1487 2451 οὗτος,
1496 2418 1544 2445 καὶ
1552 2417 1701 2451 κατελύθη.
1726 2418 1772 2450 Ὠς
1781 2425 1850 2452 γεγο-

1066 2467 1132 2493 νότα
1157 2467 1184 2493 δὲ
1212 2467 1245 2494 τὰ
1275 2467 1448 2501 γενησομένα
1475 2466 1603 2501 τίθησιν,
1637 2462 1694 2492 οἷον
1725 2464 1848 2502 ἑωρακὼς

1066 2513 1137 2540 αὐτὰ
1155 2514 1212 2545 τοῖς
1234 2513 1413 2548 προφητικοῖς
1427 2512 1560 2547 ὄμμασιν.
1577 2512 1614 2539 Ἦ
1637 2512 1686 2538 καὶ
1704 2512 1847 2548 προσώπῳ,

1065 2558 1138 2586 καθὰ
1167 2559 1325 2596 δεδήλωται,
1353 2559 1408 2585 τῶν
1442 2558 1623 2594 Ἐκκλησιῶν,
1642 2558 1681 2590 ὤς
1696 2559 1762 2587 τότε
1778 2558 1846 2592 λεγό-

1067 2613 1148 2639 μενα.

1099 2741 1159 2768 Ὅτι
1174 2741 1283 2779 {Sp-opai
1297 2741 1368 2775 τοὺς
1395 2741 1552 2776 οὐρανοὶ-ς,
1569 2742 1640 2776 ἔρνα
1663 2742 1724 2769 τῶν
1747 2742 1845 2770 casn}-
