1893 3068
62 157 111 191 137

638 152 833 183 COMMENT.
855 153 895 183 IN
917 152 1096 183 PSALMOS.

1636 152 1688 186 138

61 213 148 247 διψᾷ),
165 211 212 238 καὶ
224 210 278 242 τοῖς
296 208 468 244 ἀδιαόλὴτοις
483 207 530 234 τοῦ
548 206 673 243 σώματος
686 207 848 234 ὑποκεῖσθαι

914 207 951 234 ris
972 212 1011 234 ut
1037 208 1100 234 mihi
1135 215 1166 234 ne
1192 215 1356 234 commovcar
1379 207 1401 224 "'
1429 227 1435 234 .
1452 206 1530 241 Quod
1546 215 1609 236 vero
1627 209 1686 236 ait:

61 259 184 286 πάθεσιν.
209 256 440 290 Ἐστεθςὰνωσας
455 254 483 281 δὲ
501 254 606 286 αὐτὸν,
623 254 762 281 τουτέστιν
786 255 846 281 ἐκό-

63 312 167 340 σμησας
179 311 186 317 ·
198 302 273 336 δόξῃ
289 301 350 337 μὲν,
362 302 395 336 τῇ
405 300 525 335 θεότητν
539 299 608 334 τιμῇ
623 299 652 326 δὲ
664 300 697 335 τῇ
708 299 784 335 παρὰ
794 299 849 326 τῶν

62 348 201 383 ἀγγέλων·
217 345 354 381 πολλαχοῦ
371 345 426 381 γὰρ
445 345 626 381 ἐδορυφόρουν
645 344 729 380 αὐτῷ.
745 345 781 371 Ἥ
801 345 849 372 καὶ

63 394 201 430 ὰμσότερα
228 393 305 428 παρὰ
333 392 388 418 τῶν
410 389 583 427 ἀνθρώπων·
610 390 676 418 Θεόν
688 399 718 417 τε
737 390 793 427 γὰρ
824 391 848 417 οἱ

64 440 234 470 πιστεύοντες
250 439 354 472 ἔλεγον,
371 437 418 464 καὶ
429 436 608 468 πανευλασῶς
621 437 734 472 ἐτίμων.
749 436 850 464 Πάντα

67 487 94 513 δὲ
113 485 278 518 ὑπέταξας,
298 485 335 516 ὡς
351 484 404 519 νέῳ
426 483 522 518 Ἀδὰμ,
538 483 568 509 τδ
581 482 641 510 κατ’
655 483 747 509 εἰκόνα
764 483 850 517 φυλά-

65 533 145 565 ξαντι.
157 531 234 558 Κατὰ
245 532 274 557 δὲ
287 531 333 557 τὸν
342 531 389 565 τῆς
398 530 546 564 ἀναγωγῆς
552 529 640 563 λόγον,
652 529 775 564 πρόϐατα
786 529 847 565 μὲν,

66 580 87 605 οἱ
98 578 126 610 ἐξ
141 577 225 604 ἐθνῶν
241 576 467 608 πεπιστευκότες,
484 575 531 606 οὒς
542 575 588 601 ἐπὶ
600 575 635 601 τὰ
656 575 706 610 ὅρη
723 576 770 601 καὶ
786 574 849 606 τοὺς

67 624 171 659 βουνοὺς
187 623 416 658 πεπλανημένους
424 620 524 656 εὑρὼν,
539 622 580 653 εἰς
603 621 653 656 τὴν
670 620 766 648 ἑαυτοῦ
785 629 848 647 σιν-

67 673 148 706 ήγαγε
177 670 315 705 μάνδρανο
350 669 411 704 βόες
438 669 478 702 δὲ,
498 669 524 695 οἱ
544 668 679 700 Ἰουδαῖοι,
701 667 746 694 τὸν
762 666 848 702 βαρὺν

67 716 184 746 ἕλκοντες
196 714 243 741 τοῦ
259 714 343 750 νόμον
360 714 442 748 ζυγόν
454 723 461 730 ·
479 714 565 748 κτήνη
580 713 609 739 δὲ
622 712 670 738 τοῦ
699 712 803 744 πεδίου,
823 712 848 738 oi

69 762 131 795 μήτε
154 759 200 786 τοῦ
215 759 336 790 Μωσέως
361 758 443 794 νόμον
468 758 623 794 δεξάμενοι,
647 759 715 793 μήτε
735 757 781 784 τὸν
799 758 849 793 τῆς

67 806 181 841 χάριτος,
208 804 267 831 ἀλλ’
284 804 554 839 εἰδωλολατροὼτις,
578 804 608 830 ὲν
623 805 656 838 τῇ
680 802 784 830 πεδιάδι
801 804 849 830 καὶ

67 851 249 887 χθαμαλότητι
272 851 327 877 τῶν
356 850 458 885 ἡδονῶν
477 849 525 876 τοῦ
548 849 606 884 βίου
623 850 790 885 βαδίζοντες,
809 848 848 885 τῷ

69 899 102 933 μὴ
114 896 242 924 δύνασθαι
257 897 431 928 ἁναοὲεινιις
445 895 512 931 ὕψος
531 896 658 931 θεωρίας.
673 896 788 923 Πετεινὰ
799 896 850 931 μὲν

68 936 185 978 οὐρα-ιοῦ,
200 943 225 968 οἱ
242 941 373 975 ἄγγελοι·
393 941 483 977 ἰχθύες
497 941 526 967 δὲ
543 941 694 976 θαλάσσης,
711 941 736 967 ol.
755 941 849 976 δαίμο-

67 997 116 1022 νες,
131 989 185 1021 τοῖς
201 988 323 1023 κύμασιν
341 986 539 1023 ὲνσκιρτῶντες
559 987 607 1014 τοῦ
639 986 709 1022 βίου,
719 986 767 1013 καὶ
780 987 848 1013 ἀπο·

68 1035 160 1067 ζῶντες
188 1036 259 1070 τῇ...
285 1034 341 1070 (44)
364 1033 419 1060 τῶν
441 1032 569 1068 πονηρῶν
598 1032 678 1068 ήμῶν
697 1032 846 1066 πράξεων·

50 1113 54 1121 Δ
68 1081 158 1112 πάντες
172 1080 226 1116 γὰρ
250 1079 363 1114 ὕστερον
383 1079 605 1113 ὕποταγήσονται
619 1078 659 1113 τῷ
672 1077 792 1113 Χριστῷ,
808 1077 848 1104 ὅτι

68 1127 135 1162 αὺτῷ
155 1128 208 1154 πᾶν
223 1127 288 1160 γόνυ
302 1125 418 1160 κάμψει,
435 1125 616 1160 ἐπουρανίων,
634 1124 683 1151 καὶ
707 1124 848 1159 ἐπιγείων,

67 1173 108 1198 καὶ
121 1171 316 1207 καταχθονίων.
330 1171 388 1198 Οὐκ
410 1170 525 1206 ἄκαιρον
536 1170 564 1197 δὲ
577 1171 624 1198 καὶ
635 1170 778 1205 γλαφυράν
788 1178 850 1196 τινα.

67 1219 223 1253 παραθεῖναι
240 1218 373 1253 ἐξήγησιν
383 1226 390 1233 ’
405 1217 488 1244 ὅτιτὸ
502 1217 705 1249 Ὴλάττωσας,
724 1217 755 1243 οὔ
773 1217 850 1252 παρὰ

67 1267 123 1296 τοὺς
149 1264 284 1299 ἀγγέλους
306 1264 425 1298 λέγεται,
451 1263 521 1290 ἀλλὰ
536 1263 605 1298 πρὸς
624 1263 674 1298 τὴν
701 1263 781 1295 δόξαν
800 1262 848 1289 τοῦ

68 1310 176 1345 Πατρός.
204 1309 286 1336 οὓτω
301 1309 356 1344 γὰρ
373 1309 576 1343 ἀναγνωστέον·
600 1308 849 1341 Ὴλάττωσαςαὺ-

68 1355 223 1390 τὸνβραχύ
242 1362 283 1388 τι,
303 1355 350 1381 τοῦ
370 1355 417 1382 σοῦ
440 1355 542 1390 δηλαδὴ
555 1353 722 1390 ἀξιώματος,
742 1355 786 1381 διὰ
799 1355 850 1390 τὴν

66 1403 111 1438 τῆς
123 1404 222 1437 σαρκὸς
239 1403 321 1436 φύσιν
333 1410 340 1417 ·
354 1400 414 1429 εἶτα
425 1402 456 1428 τὸ
463 1401 535 1436 ἑξῆς,
545 1402 613 1436 παρ’
619 1401 765 1436 ἀγγέλους
775 1401 851 1435 δόξᾳ

68 1450 110 1476 καὶ
117 1450 183 1484 τιμῇ
191 1449 408 1484 ἐστεφάνωσας
415 1449 519 1482 αὑτὸν,
531 1449 615 1484 ἤγουν
625 1449 670 1475 ἐπὶ
681 1448 781 1475 πλεῖον.
795 1448 850 1475 οὐ·

69 1495 117 1528 δεὶς
128 1496 180 1531 γὰρ
195 1496 323 1530 ἀγγέλων
338 1495 354 1531 ἢ
370 1495 400 1522 τὸ
410 1495 481 1522 θεῖον
490 1495 586 1523 ἐλαϐεν
596 1494 693 1530 ὄνομα,
705 1494 723 1530 ἢ
735 1495 850 1530 δορυφο-

70 1542 124 1576 ρίας
138 1542 267 1578 τοιαύτης
290 1542 435 1577 τετύχηκε.
482 1560 490 1569 .

902 252 1025 281 Minuisti
1046 261 1105 280 eum
1135 253 1266 280 modicum
1287 254 1351 288 quid
1377 253 1409 280 ab
1438 254 1555 290 angelis,
1583 262 1615 282 ea
1643 262 1689 282 ra-

902 299 975 327 tione
1015 298 1118 326 dictum
1149 304 1215 331 est,
1245 300 1310 334 quia
1341 302 1368 326 et
1391 299 1490 326 famem
1533 301 1688 335 patiebatur

901 344 1042 379 Christus,
1064 349 1092 372 et
1114 344 1198 376 sitim,
1226 349 1254 372 et
1276 344 1392 379 reliquis
1414 344 1543 372 omnibus
1562 347 1687 382 corporis

901 390 1088 425 passionibus,
1097 395 1179 425 atque
1191 389 1335 418 allectibus
1350 391 1520 426 subjacebat,
1533 393 1579 427 qui
1595 401 1687 428 repre-

901 435 1051 463 hensibiles
1068 443 1123 462 non
1137 440 1213 463 sunt.
1232 435 1378 463 Cor-onusti
1402 441 1492 464 autem
1503 438 1638 470 cum,hoc
1646 443 1689 466 est

900 482 1017 515 ornasti,
1035 482 1120 517 gloria
1134 481 1256 517 quidem,
1281 482 1434 511 divinitatis
1451 491 1458 511 :
1475 483 1574 511 honore
1587 489 1688 517 autem,

900 536 980 564 quem
996 529 1084 564 angeli
1109 529 1134 556 ei
1163 531 1342 565 praestabant.
1368 529 1446 564 Saepe
1460 531 1535 557 enim
1551 531 1690 558 ministra-

900 573 966 602 bant
981 574 1016 602 ei.
1042 573 1091 602 Vel
1119 575 1201 602 etiam
1215 575 1279 610 quia
1299 578 1446 609 utrumque
1462 575 1497 602 ab
1529 575 1688 603 hominibus

900 620 925 648 ei
955 620 1158 655 praestabatur,
1188 616 1252 656 quia
1280 620 1422 648 credentes
1453 621 1478 647 in
1501 628 1576 654 eum,
1605 621 1688 648 Deum

900 666 1123 701 appellabant,et
1139 666 1345 702 religiosissime
1360 667 1574 694 venerabantur.
1589 667 1689 696 Omnia

900 719 1031 748 prancrea
1059 712 1177 748 subjecit
1211 713 1281 740 Deus
1301 713 1353 740 sub
1370 713 1486 748 pedibus
1512 714 1583 748 ejus,
1605 715 1689 742 veluti

901 766 973 786 novo
1000 759 1098 791 Adam,
1124 759 1171 794 qui
1201 759 1347 794 imaginem
1366 764 1393 787 et
1413 759 1618 788 similitudinem
1643 760 1689 788 Dei

901 813 964 833 vere
991 806 1120 833 servavit;
1156 804 1239 833 Juxta
1267 813 1429 842 anagogem,
1453 814 1519 835 oves
1541 807 1560 834 ii
1583 807 1690 835 dicendi

901 855 966 878 sunt
981 852 1027 886 qui
1036 859 1069 879 ex
1084 852 1210 886 gentibus
1224 852 1416 880 crediderunt:
1431 861 1502 888 quos
1519 855 1547 881 in
1562 854 1689 886 collibus.

901 902 929 928 et
949 899 1090 926 montibus
1103 904 1228 926 errantes
1247 899 1375 927 Christus
1387 900 1501 927 invenit.
1517 905 1544 928 et
1559 901 1591 928 ad
1608 909 1689 928 suum

902 945 975 972 ovile
995 945 1182 980 congregavit.
1203 944 1290 972 Boves
1312 952 1388 978 vero,
1408 945 1494 972 Judaei
1515 951 1591 978 sunt,
1608 954 1691 981 grave

899 990 1002 1017 veteris
1017 990 1084 1024 legis
1099 990 1195 1025 jugum
1211 990 1362 1018 trahentes.
1387 989 1419 1016 Et
1442 998 1540 1025 pecora
1557 992 1646 1026 campi
1659 991 1688 1023 ii,

900 1035 947 1071 qui
962 1042 1012 1062 nec
1037 1035 1122 1070 Moysi
1139 1043 1189 1062 nec
1203 1035 1297 1071 gratia:
1320 1035 1405 1070 legem
1428 1041 1620 1071 susceperunt,
1641 1039 1688 1064 sed

900 1082 972 1109 idola
991 1081 1112 1109 colentes
1140 1081 1166 1108 in
1191 1082 1338 1116 campestri
1352 1082 1517 1115 humilitate,
1533 1089 1565 1110 ac
1582 1089 1689 1110 terrena

900 1128 1054 1163 dejectione
1077 1129 1249 1162 \oluptatum
1266 1128 1409 1162 prxsentis
1436 1129 1500 1156 vita:
1514 1129 1576 1156 ideo
1595 1130 1691 1157 ambu-

900 1174 977 1206 lant,
1003 1174 1067 1209 quia
1103 1173 1341 1208 contemplationis
1373 1173 1570 1202 sublimitatem
1600 1175 1690 1203 susci-

901 1228 965 1256 pere
979 1223 1130 1255 nequeunt,
1143 1219 1191 1246 sed
1207 1219 1287 1254 juxta
1301 1226 1361 1246 eam
1371 1227 1453 1254 quant
1467 1220 1586 1248 diximus
1602 1220 1689 1248 Graeci

901 1266 1019 1293 nominis
1036 1265 1240 1301 etymologiam,
1257 1265 1335 1301 quasi
1361 1273 1460 1300 pecora
1484 1267 1563 1301 proni
1589 1267 1616 1294 in
1635 1271 1692 1294 ter-

900 1321 970 1347 ram,
989 1313 1161 1348 inspiciunt.
1182 1312 1315 1340 Volucres
1335 1313 1419 1340 etiam
1443 1313 1505 1340 coeli
1524 1321 1572 1348 pro
1587 1313 1691 1348 angelis

901 1357 989 1393 accipi
1012 1362 1151 1393 possunt:
1169 1362 1196 1385 et
1217 1358 1306 1392 pisces
1332 1359 1417 1385 maris
1436 1365 1486 1393 pro
1502 1358 1690 1386 diemonibus:

901 1405 949 1440 qui
969 1405 1038 1432 inter
1051 1404 1150 1431 ﬂuctus
1169 1405 1310 1438 prazsemis
1323 1404 1384 1431 vitae
1393 1404 1552 1435 subsiliunt,
1570 1408 1651 1438 atque
1664 1405 1691 1431 in

902 1458 994 1477 amara
1008 1457 1152 1485 pravarum
1168 1451 1307 1477 actionum
1318 1451 1414 1477 vivunt
1429 1450 1576 1485 salsugine.
1588 1449 1691 1477 Omnes

902 1497 974 1524 enim
998 1496 1109 1524 Christo
1134 1496 1244 1523 tandem
1278 1496 1472 1530 subjicietttur,
1505 1497 1634 1531 qttoniam
1651 1496 1690 1523 illi

839 1559 848 1570 ο
863 1557 884 1578 (ε
901 1551 983 1571 omne
1013 1551 1083 1578 gemt
1106 1542 1241 1574 ﬂectetur,
1263 1542 1430 1575 caelestium,
1465 1543 1636 1569 terrestrium
1663 1547 1692 1570 et

903 1588 1088 1625 inferuerunt.
1114 1587 1265 1614 l‘ossumus
1291 1587 1374 1614 etiam
1398 1595 1451 1614 non
1474 1588 1692 1622 iugratamquo-

902 1633 1028 1660 rumdam
1061 1633 1262 1667 expositionem
1294 1633 1552 1667 recensere:quod
1586 1634 1692 1662 scilicet

902 1680 948 1707 illa
963 1679 1043 1706 verba
1060 1688 1065 1705 :
1081 1678 1268 1705 Minuistietun
1287 1678 1420 1704 modicum
1432 1678 1506 1712 quid,
1526 1686 1579 1705 non
1595 1679 1627 1705 ad
1642 1687 1691 1706 θην

839 1743 848 1752 .
900 1726 976 1761 gelos
1001 1724 1145 1752 referenda
1164 1724 1230 1756 sint,
1247 1722 1294 1750 sed
1318 1723 1351 1749 ad
1369 1722 1483 1757 gloriam
1505 1723 1551 1750 Dei
1577 1723 1689 1758 Patris,

901 1777 984 1806 atque
999 1772 1051 1798 hoc
1067 1775 1145 1805 pacto
1167 1771 1320 1804 legendum,
1340 1768 1464 1797 Minuisti
1479 1777 1554 1803 eum,
1566 1778 1582 1798 0
1599 1771 1689 1804 Pater,

840 1835 849 1844 .
901 1817 1038 1846 modicum
1067 1816 1161 1851 quida
1188 1821 1233 1842 tua
1259 1815 1390 1842 nimirum
1420 1816 1553 1850 dignitate
1578 1822 1690 1851 propter

841 1883 848 1890 .
901 1863 994 1892 carnis
1006 1867 1151 1895 naturam;
1167 1865 1194 1888 et
1207 1869 1267 1896 quae
1281 1867 1433 1896 sequuntur
1445 1869 1493 1896 per
1509 1870 1537 1889 se
1553 1862 1688 1896 legantur.

840 1929 848 1937 .
899 1909 952 1936 Sed
971 1908 1098 1941 quoniam
1120 1907 1192 1941 quod
1214 1905 1310 1933 Latine
1335 1906 1450 1940 legimus
1468 1909 1499 1933 ab
1519 1907 1630 1942 angelis,
1661 1908 1689 1934 in

839 1974 847 1983 .
898 1955 993 1982 Cra-co
1002 1954 1099 1988 legitur
1108 1951 1175 1988 παρ’
1185 1945 1328 1986 ἀγγέλῶυς.
1338 1959 1398 1986 qum
1409 1952 1488 1979 verba
1501 1953 1570 1978 ultra
1577 1961 1688 1980 sensum

840 2020 848 2028 .
898 2002 953 2036 jam
971 2000 1119 2030 redditum,
1136 1998 1206 2025 idem
1224 1998 1306 2024 etiam
1326 1997 1491 2032 signiﬁcant,
1515 1998 1588 2032 quod
1605 2006 1689 2033 supra

840 2068 847 2076 .
900 2048 1013 2082 angelos
1029 2054 1036 2072 :
1056 2045 1175 2080 intelligo
1190 2043 1262 2078 quod
1277 2044 1361 2079 gloria
1375 2049 1402 2071 et
1416 2044 1520 2070 horrore
1536 2051 1598 2070 eum
1618 2043 1688 2070 Deus

901 2100 985 2128 supra
1006 2092 1118 2127 angelos
1131 2091 1274 2118 coronavit
1289 2098 1298 2116 :
1322 2090 1374 2117 hoc
1389 2095 1430 2116 est
1443 2090 1588 2124 plusquam
1606 2097 1689 2125 ange-

536 2161 545 2169 .
655 2161 663 2170 .
757 2160 765 2169 .
840 2160 848 2168 .
901 2139 989 2166 lorum
1002 2136 1132 2172 aliquem.
1151 2136 1248 2163 Nullus
1268 2136 1368 2171 quippe
1382 2135 1551 2171 angelorum,
1569 2140 1616 2163 aut
1631 2135 1689 2162 bu-

68 2186 179 2220 jusmodi
196 2189 243 2216 Dei
260 2196 361 2216 nomen
378 2194 545 2217 consecutus
565 2192 619 2223 est,
633 2193 681 2216 aut
701 2188 754 2216 tale
779 2187 895 2215 sortitus
911 2184 1106 2212 ministerium.
1124 2181 1319 2210 Verumtamen
1349 2182 1442 2209 dicunt
1477 2182 1555 2225 nobis
1588 2181 1686 2214 Judmi,

71 2236 171 2267 quando
193 2236 314 2264 infantes
336 2239 363 2262 et
385 2235 520 2263 lactentes
534 2236 612 2271 pueri
641 2235 750 2262 laudem
779 2236 852 2261 hanc
872 2232 1002 2264 dixeiint,
1015 2231 1048 2257 de
1063 2236 1115 2264 qua
1128 2236 1200 2255 nunc
1214 2229 1333 2263 loquitur
1348 2227 1506 2262 Propheta},
1539 2232 1566 2255 et
1591 2235 1687 2262 quem-

70 2289 124 2308 nam
149 2283 289 2311 inimicum
318 2282 474 2317 ltujusmodi
499 2282 559 2310 laus
580 2281 768 2309 destruxerit:
788 2287 843 2315 quo
862 2280 943 2307 etiam
959 2278 1029 2306 dixit
1061 2277 1156 2304 beatus
1188 2276 1272 2302 David
1291 2283 1297 2301 :
1321 2274 1417 2303 Videbo
1429 2275 1506 2301 cadas
1520 2282 1599 2309 opera
1615 2275 1686 2309 digi-

72 2334 276 2363 torummorum,
301 2339 362 2358 cum
375 2331 431 2366 jam
449 2329 557 2365 Moyses
568 2329 602 2357 de
620 2330 662 2357 liis
681 2329 822 2356 docuisset
840 2337 847 2355 :
866 2327 899 2354 In
914 2326 1043 2362 principio
1052 2324 1245 2360 enim,inqnit,
1256 2323 1318 2357 fecit
1327 2322 1396 2349 Deus
1405 2322 1530 2349 catlumet
1540 2327 1649 2349 terram.

102 2379 187 2413 Κύριε
204 2380 219 2406 ὁ
234 2379 345 2413 Κύριος
357 2378 451 2413 ήμῶν,
462 2378 502 2410 ὼς
514 2377 690 2412 θαυμαστόν
706 2376 739 2402 τὸ
752 2375 846 2411 ὄνομά

933 2373 1016 2402 Vens.
1034 2374 1076 2400 l0.
1089 2372 1199 2399 Domine
1217 2371 1344 2398 Dominus
1356 2374 1454 2402 noster,
1469 2377 1547 2404 quam
1567 2369 1686 2396 admira-

72 2431 122 2450 σου
135 2425 168 2450 ἐν
177 2424 260 2459 πάσῃ
277 2423 314 2458 τῇ
332 2423 370 2458 τῇ
385 2424 395 2450 .'
416 2424 492 2450 Ἐπεὶ
506 2424 560 2458 γὰρ
576 2425 590 2450 ὁ
604 2423 710 2458 eatur);
729 2418 806 2453 οὗτος
819 2421 850 2447 τὸ

72 2470 133 2496 κατὰ
148 2471 262 2505 Χριστὸν
287 2470 416 2505 προλέγει
431 2471 592 2505 μυστήριον,
608 2471 622 2496 ό
643 2470 671 2497 δὲ
687 2469 803 2504 Χριστὸς
819 2467 849 2499 ἐξ

72 2514 173 2548 οὐρανοῦ
182 2516 362 2551 καταϐέϐηκε,
376 2515 423 2542 καὶ
431 2515 508 2547 αὖθις
517 2516 585 2550 προς
593 2515 674 2542 αὑτὸν
680 2515 851 2548 ἁναὸέσηκεν

73 2560 156 2594 ὥσπερ
174 2563 202 2588 ὲν
226 2562 318 2597 κύκλῳ
342 2563 398 2598 (45)
429 2562 550 2597 σχήματι
572 2562 640 2596 πρὸς
649 2562 699 2596 τὴν
708 2561 849 2596 Πατρικὴν

73 2606 138 2638 δέξιν
151 2610 306 2635 cinnama:
312 2609 354 2642 ac,
362 2609 406 2636 διὰ
422 2609 507 2636 ταῦτα
516 2609 564 2635 καὶ
574 2610 588 2635 ὁ
595 2609 700 2644 ψαλμδς
710 2607 849 2638 κυκλικῶς

104 2704 204 2734 ll’l’utl.
232 2716 275 2737 xv.
302 2707 330 2736 8.

903 2422 952 2449 bile
967 2426 1004 2448 est
1027 2428 1120 2447 nomen
1134 2424 1206 2446 luunt
1221 2419 1247 2444 in
1261 2418 1382 2444 universa
1395 2422 1475 2443 terra.
1490 2415 1624 2448 Quoniam
1642 2415 1688 2442 llic

903 2467 1025 2502 psalmus
1053 2465 1155 2493 Clu-isti
1182 2464 1305 2499 przedicit
1329 2462 1501 2497 mysterium,
1525 2461 1601 2496 quie
1616 2461 1687 2488 ccelo

902 2513 1053 2544 descendit,
1064 2517 1089 2538 et
1106 2518 1201 2538 rursus
1212 2511 1239 2536 in
1252 2510 1351 2537 malum
1363 2507 1396 2535 ad
1412 2507 1554 2534 Paternam
1572 2506 1686 2541 gloriam

903 2559 1038 2589 ascendit.
1054 2563 1081 2585 et
1098 2556 1225 2584 circulari
1238 2555 1356 2590 quodam
1367 2558 1442 2581 motu
1459 2553 1535 2579 illinc
1551 2551 1624 2579 unde
1638 2559 1687 2582 νο-

902 2609 979 2632 Iterat
994 2611 1120 2632 reversus
1131 2607 1183 2634 est.
1196 2602 1293 2629 merito
1308 2601 1388 2629 etiam
1404 2599 1448 2627 hic
1460 2598 1586 2626 Psalmus
1596 2597 1644 2632 qui
1653 2597 1688 2626 de

715 2774 814 2806 Vat-iac
828 2774 992 2806 lectiones.

104 2847 153 2882 (ll)
170 2849 269 2883 Supple
284 2848 464 2884 ἁλμυρότητι,
480 2853 509 2875 nt
524 2849 623 2883 legisse
639 2849 746 2878 videtur
768 2850 843 2879 Lati-

76 2889 120 2910 nus
134 2890 275 2919 tnti'rpres.

208 2933 340 2962 l’ArnoL.
358 2932 416 2961 Gn.
431 2930 585 2962 CXXVI“.

935 2851 991 2883 (t5)
1004 2849 1203 2886 ῐσ.ὲγκυκ)ἱῳ,
1214 2854 1242 2876 ut
1253 2849 1349 2884 legisse
1359 2849 1464 2878 videtur
1478 2849 1560 2878 etiam
1573 2849 1694 2886 Saulus,

905 2887 946 2914 vel
961 2887 1050 2913 scribe
1067 2885 1179 2912 κύκλου.

1431 2930 1448 2959 5
