1876 3066
165 144 215 177 113

768 141 819 170 EU
830 140 954 170 ilii'iill

1032 141 1161 172 'rABEN'l
1741 145 1783 177 144

164 201 342 237 intelligenda
361 205 435 227 sunt.
452 199 553 227 S.-derc
566 199 637 226 enim
649 197 794 231 iuthrono,
806 204 852 224 aut
867 205 950 232 super

1032 207 1035 221 ι
1052 199 1098 225 καὶ
1115 199 1211 234 πρώην
1220 198 1299 233 ἐάων,
1324 200 1399 234 ὅμως
1423 199 1583 234 ἀπέκρυπτε
1599 200 1643 226 διὰ
1666 200 1785 235 τὴνοίκο-

165 250 305 280 thronum,
321 249 346 274 in
364 247 429 280 Deo,
443 253 469 274 et
482 247 509 272 in
527 246 614 273 Verbo
632 245 692 277 Dei,
717 245 868 279 accipimus
902 253 952 279 pro

161 297 286 332 judiciali
303 299 457 331 potestate:
488 301 569 328 quam
586 293 638 320 etsi
652 298 732 319 antea
760 292 887 323 habebat,
917 291 952 318 ob

164 343 257 371 carnis
281 345 372 368 tamen
402 339 634 373 dispensationem
660 338 788 369 celabat,
834 341 862 363 ut
898 341 954 364 tota

163 389 335 423 impleretur.
363 386 404 412 Tu
439 386 528 417 fuisti,
547 385 648 418 inquit,
666 385 694 411 in
718 384 843 419 jndieiali
875 388 954 418 pote-

1005 245 1111 280 νομίαν,
1129 245 1172 271 ἵνα
1189 245 1265 271 πᾶσα
1281 245 1423 281 πληρωθῇ.
1439 246 1556 280 Γέγονας
1572 246 1619 273 οὖν
1631 248 1659 273 ἐν
1686 247 1786 283 ἐξουσίᾳ

1005 290 1160 326 δικαστικῇ,
1175 291 1223 317 καὶ
1235 291 1329 325 σχῆμα
1345 291 1504 323 δικάζοντος
1524 292 1665 325 ἀνέλαϐες,
1682 293 1695 318 ὁ
1714 293 1784 327 μόνος

1005 337 1110 368 δίκαιος
1126 337 1233 374 κριτὴς,
1247 339 1293 364 καὶ
1319 338 1371 364 ὑπο
1387 339 1521 373 μτ,δεμ.ἄς
1539 339 1651 372 ἀγνοίας
1671 339 1687 374 ἧ
1701 339 1784 365 διειθέ-

1006 391 1076 415 σεως
1091 383 1308 417 ἐμποδιζόμενος
1321 384 1361 415 εἰς
1377 384 1527 418 εὐθύτητα.

164 441 245 466 state,
264 440 290 461 et
304 432 456 468 iudicantis
469 439 614 466 personam
633 431 789 465 sumpsisti,
806 431 852 465 qui
870 431 946 457 solus
961 432 1054 464 justus
1069 430 1209 465 esjudex,
1235 430 1337 465 quique
1351 431 1427 458 nulla
1458 430 1612 465 ignorantia
1638 435 1685 457 aut
1724 430 1785 458 atie-

163 489 210 511 etu
229 481 383 516 impediris,
401 481 550 515 quominus
566 488 674 514 semper
691 480 718 506 in
740 479 868 514 a~quitate
885 485 1056 513 perseveres.

201 529 285 556 Vens.
299 528 480 562 6.1ncrepasli
492 534 593 562 gentes,
606 533 630 553 et
644 528 720 561 petiit
732 528 841 562 impius.
855 527 954 563 Objnr-

166 575 251 610 gasti,
269 574 368 607 inquit,
388 577 495 607 gentes,
511 572 701 606 improperasti
718 573 758 599 eis
770 580 889 600 errorem
907 581 954 600 eo-

167 629 239 651 rum,
256 625 284 646 et
302 619 371 654 fugit
390 619 423 645 ab
438 619 477 645 eis
493 617 618 649 Satanas,
642 618 784 645 veritatem
801 627 853 645 non
869 619 953 646 susti-

166 674 244 693 nens.
257 665 381 699 Apostoli
398 664 544 699 aliquando
560 663 659 690 acerbe
675 664 790 698 gentiles
804 665 954 699 reprehen-

165 712 278 743 ciebant,
297 710 380 736 veluti
395 709 498 736 Paulus
511 710 556 743 qui
575 710 735 737 insensatos
765 710 878 737 Galatas
902 718 952 744 ορ-

165 757 302 791 pellabat:
336 755 408 790 quod
433 755 470 781 illi
489 755 649 787 sentientes,
668 755 702 782 ab
719 755 854 783 idolorum
882 757 957 783 cultu

166 802 341 830 recedebant.
360 801 508 828 Destructo
524 806 614 827 autem
637 801 772 828 idolorum
806 801 893 832 cultu,
919 801 956 828 si-

167 849 223 875 mul
237 848 318 875 etiam
330 847 424 874 abibat
439 854 534 873 eorum
549 847 651 879 praesul
671 847 778 874 daemon
794 855 801 873 :
832 847 900 874 adeo
916 847 955 875 vel

165 894 222 921 sola
240 896 346 928 poterat
356 896 514 918 sanctorum
527 891 690 926 increpatio.

1047 528 1245 563 Ἐπετίμησας
1254 529 1366 560 ἔθνεσι,
1376 528 1423 555 καὶ
1434 527 1570 555 ἀπώλετο
1579 528 1704 562 ἀσεϐής.
1711 528 1786 554 Ὦνεί-

1005 574 1096 606 δισας,
1115 575 1192 610 φησὶ,
1212 575 1269 606 τοῖς
1285 575 1373 601 ἔθνεσι
1385 574 1434 609 τὴν
1443 574 1558 608 πλάνην,
1575 574 1621 600 καὶ
1632 573 1733 608 ἔφυγεν
1745 575 1786 600 ἀπ’

1005 619 1096 646 αὐτῶν
1106 621 1119 646 ὁ
1137 620 1268 653 Σατανᾶς,
1285 621 1335 647 οὐκ
1346 619 1466 654 ἐνεγκὼν
1477 620 1527 655 τὴν
1542 620 1682 654 ἀλήθειαν.
1699 620 1787 653 Οίγὰρ

1006 664 1152 690 ἀπόστολοι
1166 665 1214 691 καὶ
1228 665 1393 700 πικρότερον
1410 664 1486 691 ἔστιν
1509 662 1539 690 οἵ)
1550 664 1725 698 καθήπτοντο
1741 665 1788 690 τῶν

1006 708 1101 742 ἐθνῶν,
1118 709 1155 741 ὡς
1171 710 1184 735 ὸ
1204 709 1311 741 Παῦλος
1323 718 1329 724 “
1346 708 1384 737 τΩ
1398 710 1522 743 ἀνόητοι
1537 709 1683 742 Γαλάται,
1700 709 1787 743 φησιν’

1006 754 1197 789 αἰσθανόμενοι
1214 755 1281 790 γὰρ,
1298 755 1504 790 ἀπηλλάττοντο
1523 756 1572 790 τῆς
1583 755 1786 789 εἰδωλομανίας·

1005 801 1109 833 ταύτης
1126 801 1155 827 δὲ
1167 800 1350 832 ἀπολωλυίας,
1361 801 1410 828 καὶ
1423 801 1437 827 ὁ
1449 801 1607 836 προστάτης
1625 800 1711 836 αὐτῆς
1730 809 1788 826 συν-

1004 846 1155 881 ηφανίζετο
1181 846 1314 878 διάὸολος.
1341 846 1476 874 Τοσοῦτον
1493 847 1510 882 ἡ
1526 844 1685 882 ἐπιτίμησις
1716 846 1790 881 μόνον

1006 894 1147 928 ίσχύσατο.

200 940 300 967 Nomen
315 938 372 972 ejus
389 937 482 965 delesti
493 937 520 964 in
534 938 661 964 swculum
673 942 697 965 et
713 939 740 965 in
755 938 884 965 amulum
898 947 949 965 srv-

1041 940 1076 967 Τὸ
1094 940 1188 975 ὄνομα
1203 941 1296 968 αὐτοῦ
1312 941 1479 976 ἐξήλειψης
1499 942 1542 974 εις
1553 941 1607 968 τὸν
1619 941 1713 968 αιῶνα
1746 939 1791 967 καί

164 985 229 1012 culi.
245 984 313 1012 Cum
330 985 463 1011 honorem
482 983 604 1010 debitum
623 983 675 1011 sibi
693 985 830 1011 daemones
845 985 954 1018 rapuis~

164 1035 236 1065 seut,
253 1030 379 1058 homines
393 1030 420 1057 in
436 1037 531 1057 eorum
546 1029 705 1057 servitutem
723 1029 826 1057 redacti
844 1030 954 1057 nomina

163 1078 204 1105 eis
220 1077 370 1104 dederunt:
390 1075 621 1110 quemadmodum
639 1074 774 1102 Hesiodus
803 1076 828 1102 in
856 1075 952 1110 nugaci

164 1125 210 1152 illo
223 1131 305 1159 opere
313 1122 494 1150 Denativitate
515 1122 623 1148 deorum
637 1121 729 1148 tradit.
745 1122 834 1156 Atque
848 1121 889 1156 (ut
901 1129 953 1148 ca:-

164 1177 221 1198 tera
233 1170 284 1196 alia
294 1168 429 1201 omittam)
441 1167 559 1201 exempli
572 1168 659 1202 gratia
674 1172 778 1194 tantum
796 1168 896 1199 dicam,
907 1166 950 1193 .lo-

164 1218 216 1248 vis.
227 1216 332 1248 Martis,
342 1215 486 1250 Apollinis,
495 1213 869 1248 Mercurii,DianmNeneris,
878 1217 955 1240 etco-

164 1263 249 1298 piose
263 1261 334 1288 illius
342 1261 454 1288 deorum
465 1260 648 1287 multitudinis
658 1259 779 1292 nomina,
788 1259 868 1286 simul
881 1267 914 1285 ac
923 1260 954 1285 li-

164 1309 207 1336 dei
220 1307 330 1334 verbum
343 1305 549 1332 disseminatum
566 1310 619 1336 est,
632 1304 723 1331 statim
735 1304 889 1334 evanuisse.
899 1311 953 1330 non

164 1356 251 1383 solum
267 1355 292 1380 in
309 1353 360 1380 hoc
377 1353 501 1387 praesenti
514 1352 626 1385 saeculo,
639 1352 685 1379 sed
699 1352 781 1379 etiam
799 1352 824 1378 iu
842 1351 933 1378 {utnro
944 1371 950 1383 ,

163 1400 236 1436 quod
250 1398 380 1426 saxulum
397 1398 490 1425 szvculi
508 1405 571 1424 esse
600 1397 809 1432 intelligendum
837 1401 899 1429 est,
926 1401 953 1424 et

165 1447 239 1480 quod
256 1446 365 1482 proprie
382 1444 512 1471 sateulum
526 1443 639 1475 dicitur,
659 1445 722 1478 quia
743 1441 831 1478 [juxta
852 1443 954 1470 Graeca:

160 1492 296 1520 dictionis
319 1489 386 1524 vim]
407 1489 474 1516 αἰὼν
496 1489 740 1523 sempiternitalem
757 1489 881 1516 denotat.
906 1489 953 1515 Est

164 1543 257 1566 autem
278 1544 337 1564 mos
354 1543 439 1563 sacra;
470 1534 620 1568 Scriptura:
648 1541 696 1568 per
728 1534 885 1567 huiusmodi
913 1533 954 1560 lo-

164 1583 265 1619 quendi
279 1582 401 1613 modum,
418 1580 598 1608 honoratiora
614 1587 723 1614 semper
735 1579 908 1614 significare:
925 1584 954 1606 ut

163 1639 225 1658 cum
238 1632 275 1656 ait
284 1628 384 1656 Sancta
395 1631 565 1659 sanctoruml
575 1622 687 1654 Cantica
695 1626 876 1657 canticorum,
885 1626 954 1653 Sab-

165 1678 229 1706 bata
245 1677 436 1707 sabbatorum,
451 1677 478 1701 et
496 1673 549 1700 alia
574 1672 744 1707 huiusmodi.
766 1671 813 1699 Vel
826 1672 903 1699 aliter
912 1673 954 1699 di-

165 1731 230 1750 cere
242 1728 321 1758 potes
336 1719 426 1755 :quod
442 1726 473 1745 ea
489 1718 572 1744 verba
585 1718 612 1743 in
625 1717 751 1744 swculum
765 1716 855 1743 sa‘nili
869 1716 956 1743 intut-

1005 987 1049 1019 εὶς
1075 986 1129 1013 τὸν
1155 986 1247 1013 αἰῶνα
1278 986 1333 1014 τοῦ
1348 987 1465 1020 αἰῶνος.
1489 987 1544 1022 Τὴν
1560 986 1607 1013 τοῦ
1627 987 1695 1013 Θεοῦ
1713 986 1791 1022 τιμὴν

1007 1033 1150 1066 ἁρπάσασι
1160 1033 1216 1063 τοῖς
1231 1033 1340 1067 δαίμοσι
1355 1034 1401 1060 καὶ
1413 1033 1533 1067 ὀνόματα
1553 1032 1693 1067 ἐπέθηκαν
1708 1034 1731 1059 oi
1747 1041 1794 1058 x1-

1004 1077 1219 1109 ταδουλωθέντες
1232 1078 1334 1111 αὐτοῖς,
1347 1078 1384 1109 ὡς
1403 1079 1420 1113 ὴ
1435 1078 1555 1113 φλύαρος
1578 1079 1703 1104 Ἠσιόδου
1730 1079 1793 1104 Θεο-

1005 1124 1092 1158 γονία
1107 1124 1272 1159 παρίστησιν
1282 1132 1289 1138 ·
1310 1124 1358 1150 καὶ
1371 1124 1419 1150 ἵνα
1438 1122 1523 1150 τᾶλλα
1535 1123 1627 1159 παρῶ,
1644 1124 1715 1154 τέως
1729 1122 1792 1157 γοῦν

1005 1170 1065 1201 Δία,
1083 1170 1130 1196 καὶ
1147 1170 1244 1205 Ἄρεα,
1263 1171 1309 1196 καῖ
1330 1169 1501 1201 Ἀπόλλωνα,
1528 1170 1575 1196 καὶ
1605 1169 1723 1204 Ἑρμῆν,
1749 1168 1792 1195 καὶ

1006 1217 1151 1251 Ἄρτεμιν,
1167 1216 1213 1242 καὶ
1228 1215 1402 1250 Ἀφροδίτην,
1416 1216 1463 1241 καὶ
1483 1215 1603 1241 τοιοῦτον
1615 1214 1710 1248 ἐσμὸν,
1725 1213 1792 1247 ειπερ

1004 1261 1125 1295 ὀνόματα
1144 1261 1214 1295 μετὰ
1239 1260 1269 1286 τὸ
1284 1261 1498 1296 κατασπαρῆναι
1515 1261 1560 1287 τὸν
1572 1262 1622 1295 τῆς
1637 1260 1794 1294 οἰκ-νομάς

1004 1307 1093 1341 λόγον.
1108 1306 1322 1340 ὲξηλείφθησαν,
1334 1306 1364 1332 οὺ
1383 1307 1462 1341 μόνον
1477 1306 1510 1333 δι1
1522 1307 1584 1332 ὅλου
1601 1307 1649 1332 τοῦ
1661 1307 1794 1340 παρόντος

1004 1354 1113 1384 αἰῶνος,
1133 1352 1203 1378 ἀλλὰ
1232 1353 1279 1378 καὶ
1301 1352 1391 1386 πολλῷ
1420 1352 1538 1387 μάλιστα
1569 1351 1616 1378 τοῦ
1638 1351 1793 1386 μέλλοντος.

1005 1397 1105 1424 Τοῦτον
1118 1398 1171 1432 γὰρ
1185 1397 1272 1424 αἰῶνα
1281 1398 1375 1429 αίῶνος
1387 1398 1502 1432 οἰητέον,
1515 1397 1543 1428 ὃς
1554 1397 1656 1432 κυρίως
1672 1396 1742 1423 αἰὼν
1753 1395 1794 1421 se

1003 1444 1034 1470 τὸ
1047 1442 1117 1470 εἶναι
1133 1444 1186 1470 ἀεί.
1201 1444 1319 1478 Σύνηθες
1349 1444 1378 1470 δὲ
1402 1445 1436 1478 τῇ
1458 1444 1555 1479 Γραφῇ
1580 1443 1615 1469 τὰ
1641 1443 1794 1477 τιμιώτερα

1004 1489 1111 1524 δηλοῦν,
1123 1489 1168 1516 διὰ
1181 1489 1228 1516 τοῦ
1243 1489 1346 1516 τοιοῦδε
1357 1492 1495 1525 σχήματος
1505 1490 1585 1522 ὀΐον,
1596 1491 1679 1523 ’Ἅγια
1693 1489 1794 1523 ἁγίων,

1008 1535 1137 1571 ’ᾼσματα
1162 1535 1304 1571 ᾀσμάτων,
1333 1536 1460 1563 Σάεϐατα
1490 1536 1646 1568 σαὸὅάτων,
1679 1536 1729 1562 καὶ
1761 1534 1794 1560 τὰ

1004 1581 1167 1609 τοιαῦτα.’Ἡ
1181 1583 1212 1608 τὸ
1231 1583 1274 1615 εἰς
1285 1582 1336 1609 τὸν
1349 1582 1443 1609 αἰῶνα
1452 1582 1504 1609 τοῦ
1519 1581 1642 1614 αἰῶνος,
1657 1581 1796 1611 ἐπίτασις,

1009 1629 1071 1655 ἀντὶ
1087 1628 1146 1660 τοῦ,
1164 1628 1246 1663 μέχρι
1261 1628 1361 1659 παντός
1374 1637 1381 1644 ·
1406 1628 1582 1663 ὴγνοήθησαν
1598 1629 1653 1662 γὰρ
1671 1627 1719 1653 τοῦ
1740 1627 1795 1652 λοι-

1008 1672 1060 1699 ποῦ
1075 1673 1249 1700 παντάπασιν
1259 1675 1286 1699 αί
1303 1673 1492 1707 δαιμονιώδεις
1514 1673 1632 1705 τελεταὶ,
1662 1672 1795 1698 σϐεσθέν-

1008 1726 1063 1744 των
1079 1719 1171 1750 αὐτοῖς
1191 1719 1238 1745 καὶ
1253 1719 1308 1746 τῶν
1323 1719 1475 1752 ὀνομάτων.

164 1770 269 1797 sionem
286 1768 455 1803 signiﬁcant:
476 1774 525 1802 pro
540 1773 573 1792 eo
588 1764 662 1799 quod
674 1768 728 1795 est,
743 1763 770 1790 in
782 1763 991 1797 perpetuunnln
1002 1765 1167 1792 oblivionem
1195 1767 1267 1793 extim
1301 1766 1412 1801 penitus
1453 1766 1516 1793 data
1546 1770 1611 1792 sunt
1638 1765 1797 1792 da-tnonum

164 1816 272 1844 illorum
297 1814 377 1844 festa,
399 1821 433 1840 ac
449 1811 642 1839 celebritates:
671 1816 823 1842 eormnque
841 1809 953 1836 nomina
972 1809 1060 1838 deleta
1072 1811 1276 1846 quodammodo
1292 1816 1365 1844 sunt,
1383 1816 1411 1838 et
1430 1812 1575 1839 exstincta.

198 1860 281 1886 Vens.
294 1859 319 1885 7.
333 1856 597 1890 Inimicidcfeccrunt
617 1855 724 1890 framea:
736 1861 815 1888 usque
839 1853 866 1880 in
876 1854 954 1887 ﬂuent

162 1911 187 1933 et
203 1905 320 1932 tivilales
336 1902 503 1930 dcstruzisti.
517 1901 648 1930 Framere,
669 1900 720 1926 hoc
737 1904 777 1926 est
794 1899 887 1933 gladii,
906 1907 954 1926 seu

163 1959 239 1978 arma
260 1950 376 1981 inimici,
394 1947 582 1982 intelligenda:
599 1949 672 1977 sunt,
690 1944 879 1980 ignominiosa:
901 1944 953 1972 illa!

163 1997 307 2033 passiones
333 2000 416 2030 atque
441 1993 565 2025 affectus,
591 1991 690 2027 quibus
717 1991 836 2018 humana
859 1991 950 2017 anima

162 2053 217 2072 non
251 2051 332 2071 secus
366 2049 398 2069 ac
427 2040 519 2076 gladio
548 2046 699 2074 percussa,
727 2043 753 2064 et
778 2037 887 2072 penitus
915 2036 948 2063 ad

161 2092 291 2118 virtutem
311 2093 418 2116 mortua
435 2086 543 2122 jacebat
554 2086 618 2112 olim
638 2085 796 2119 incorpore
819 2084 898 2118 quasi
919 2084 947 2111 in

161 2137 298 2171 sepulcro.
320 2133 466 2161 Destructa
494 2135 583 2158 autem
607 2130 728 2165 gentium
751 2129 900 2163 impietate,
921 2134 948 2156 et

160 2182 294 2209 tediﬁcata
324 2179 437 2214 pietate,
466 2177 616 2203 destructaa
647 2179 711 2203 sunt
734 2174 861 2201 civitates
901 2173 946 2201 Vel

161 2227 289 2253 vivitnlcs
307 2226 382 2259 ipsos
399 2222 524 2250 homines
539 2220 670 2256 intellige,
693 2221 720 2248 in
745 2219 847 2255 quilms
865 2224 946 2247 antea

1043 1856 1098 1883 Τοῦ
1129 1856 1238 1890 ἐχθροῦ
1261 1857 1406 1888 ἐξέλιπον
1423 1858 1453 1884 αἱ
1468 1857 1611 1891 ,ρομςιαῖαι
1633 1858 1676 1890 εις
1695 1858 1797 1892 τέλος,

1004 1902 1052 1928 καὶ
1081 1903 1185 1934 πόλεις
1209 1903 1357 1935 καθεῖλες.
1381 1903 1542 1938 Ῥωμφαίας
1569 1903 1651 1930 αὑτοῦ
1683 1911 1798 1939 νοητεον

1002 1947 1035 1974 τὰ
1052 1947 1126 1982 πάθη
1149 1948 1200 1982 τῆς
1216 1949 1339 1983 ἀτιμίας,
1363 1946 1446 1975 δι’ὧν
1471 1950 1486 1984 ἡ
1508 1949 1581 1985 ψυχὴ
1606 1950 1796 1987 πληττομένη,

1001 1993 1087 2029 νεκρὰ
1102 1993 1169 2029 προς
1186 1994 1287 2029 ἀρετὴν
1313 1994 1463 2021 ἐντὲθαπτο
1492 1995 1529 2029 τῷ
1552 1995 1669 2029 σώματι,
1698 1995 1796 2031 ὥσπερ

1001 2039 1114 2074 σήματι.
1132 2039 1309 2076 Καθῃροῦντο
1324 2041 1346 2067 δ’
1364 2041 1392 2067 αἱ
1405 2041 1506 2073 πόλεις,
1525 2042 1733 2077 καταλυομένης
1746 2043 1795 2077 τῆς

999 2085 1126 2116 ἀσεεείας
1146 2085 1247 2117 αὐτῶν,
1264 2086 1311 2112 καὶ
1326 2085 1375 2121 τῆς
1393 2086 1536 2117 εὐσεϐείας
1559 2087 1795 2122 ἀντῳκοδομημέ-

998 2139 1058 2165 νης.
1077 2130 1112 2157 "H
1126 2131 1172 2157 καὶ
1184 2131 1277 2163 πόλεις
1291 2132 1464 2166 ὑποληπτέον
1483 2133 1545 2163 τοὺς
1564 2132 1738 2167 ἀνθρώπους,
1755 2131 1796 2165 οἷς

999 2176 1022 2200 oi
1036 2175 1162 2210 δαίμονες
1180 2176 1345 2202 ἐνεπαὺοντο
1363 2176 1431 2211 (ίϐ).
1462 2177 1519 2203 Οὐκ
1545 2177 1660 2212 ἄκαιρον
1676 2178 1723 2203 καὶ
1742 2178 1793 2204 πό-

998 2220 1054 2252 λεις
1068 2222 1154 2247 εἰπεῖν
1172 2222 1218 2248 καὶ
1238 2222 1301 2253 τοὺς
1313 2222 1419 2255 ἐναγεῖς
1436 2223 1516 2254 ναοὺς
1531 2223 1584 2249 τῶν
1610 2222 1741 2251 εἰδώλων.

159 2271 320 2299 habitabant
337 2274 364 2296 et
380 2268 558 2303 quiescebant
583 2267 733 2295 dzemones.
760 2266 923 2302 Quanquam
942 2271 1102 2295 extranequ
1125 2269 1210 2295 etiam
1232 2276 1286 2295 non
1309 2269 1393 2296 fuerit
1422 2277 1469 2304 per
1495 2270 1632 2302 civitates,
1662 2270 1794 2297 obsrmna

157 2319 293 2346 idolorum
310 2315 422 2342 delubra
436 2315 598 2350 intelligi-re.

197 2364 279 2391 Periit
293 2362 421 2389 memoria
447 2361 504 2396 ejus
533 2369 592 2388 cum
624 2360 722 2387 sonitu.
753 2358 839 2388 Nemo
871 2360 944 2388 enim
962 2363 984 2390 D

159 2410 277 2445 amplius
299 2409 322 2436 ei
345 2407 512 2436 sacriﬁcium
531 2407 631 2434 offerre
661 2407 749 2439 novit,
771 2411 817 2433 aut
832 2407 945 2434 omnino

158 2465 220 2484 eum
241 2456 378 2482 invocare.
408 2454 485 2487 Quod
505 2462 569 2481 vero
585 2454 634 2486 ait,
666 2462 725 2480 cum
750 2454 848 2485 sonitu,
876 2453 945 2479 idem

159 2508 211 2533 est.
226 2501 297 2536 quod
317 2509 379 2527 cum
396 2500 529 2528 clamore.
557 2499 710 2526 Clamantia
726 2499 796 2526 enim
813 2498 946 2525 daemonia

159 2556 173 2574 a
189 2540 304 2574 Domino
329 2546 479 2582 fugiebant.
496 2545 543 2573 Vel
569 2554 628 2572 cum
653 2547 753 2578 sonitu,
778 2545 805 2572 id
824 2549 866 2572 est
886 2552 946 2571 cum

156 2593 287 2629 jartautia
316 2593 373 2624 illa,
402 2600 434 2619 ac
455 2592 584 2626 supetbia
603 2601 610 2619 :
628 2596 674 2618 aut
698 2599 760 2617 cum
780 2589 947 2617 clamoribus

162 2640 217 2666 illis
240 2645 266 2666 et
291 2639 416 2665 cantibus
449 2637 659 2665 sacriﬁciorum.
693 2635 830 2671 Singulari
857 2639 947 2662 autem

159 2681 287 2712 sermone
299 2685 325 2711 in
337 2685 488 2711 daemonem
502 2683 651 2714 invehitur,
666 2682 779 2717 impium
792 2689 853 2709 eum
867 2687 949 2717 atque

158 2731 305 2770 inimicum
335 2730 502 2766 appellans,
538 2730 627 2764 ipsum
657 2729 707 2756 hoc
733 2734 811 2764 pacto
832 2728 948 2754 aliorum

1042 2359 1192 2387 Ἀπώλετο
1218 2360 1252 2387 τὸ
1281 2361 1480 2396 μνημόσυνον
1497 2362 1597 2388 αὐτῶν
1614 2361 1677 2396 μετ’
1704 2361 1793 2396 ἤχου.

1000 2405 1095 2437 Οὐδεὶς
1110 2405 1162 2441 γὰρ
1175 2405 1249 2441 αὐτῷ
1260 2406 1355 2433 θυσίαν
1371 2407 1538 2442 προσφέρειν
1547 2405 1612 2439 οἵδε,
1624 2406 1640 2442 ἢ
1654 2406 1723 2439 ὅλως
1735 2408 1795 2433 ἐπι-

1001 2451 1154 2480 καλεῖσθαι.
1164 2451 1200 2478 Τὸ
1214 2451 1253 2485 δὲ,
1264 2452 1329 2486 μετ’
1345 2451 1434 2486 ἤχου,
1451 2452 1522 2485 ἀντὶ,
1534 2452 1604 2487 μετὰ
1613 2452 1677 2487 βοῆς
1687 2461 1694 2468 ·
1712 2453 1794 2488 βοῶν-

1001 2505 1034 2522 τα
1053 2497 1106 2532 γὰρ
1127 2497 1241 2532 ἔφευγον
1265 2498 1300 2524 τὰ
1325 2498 1461 2533 δαιμόνια.
1479 2498 1513 2525 Ἦ
1538 2498 1585 2524 καὶ
1609 2499 1674 2533 μετ’
1700 2499 1790 2534 ἤχου.

1002 2543 1071 2577 ἀντὶ,
1094 2544 1189 2571 Ὠλετο
1218 2545 1287 2579 μετὰ
1315 2544 1365 2578 τῆς
1381 2544 1540 2576 ἀλαζονείας
1566 2544 1685 2578 ἐκείνης,
1701 2545 1718 2580 ἢ
1747 2545 1791 2570 καὶ

1001 2589 1050 2623 τῆς
1076 2592 1200 2626 κραυγῆς
1226 2590 1279 2617 τῶν
1294 2591 1452 2626 ἐπιὸωμίων
1472 2591 1614 2626 ᾀσμάτων.
1636 2590 1747 2621 Ἐνικῶς
1763 2590 1790 2616 δὲ

1003 2634 1175 2662 καθάπτεται
1197 2635 1242 2662 τοῦ
1260 2636 1397 2671 δαίμονος,
1412 2636 1500 2670 ἁσεὸῆ
1516 2635 1612 2662 τοῦτον
1629 2636 1676 2662 καὶ
1691 2635 1786 2670 ὲχῦρδν

1004 2681 1155 2716 ὀνομάζων,
1171 2682 1216 2708 τὸν
1242 2683 1398 2717 προστάτην
1423 2682 1478 2709 τῶν
1502 2682 1632 2709 ἐναντίων
1649 2682 1790 2715 δυνάμεων

1005 2728 1104 2762 μᾶλλον
1130 2727 1258 2763 ὑϐρίζων,
1275 2729 1311 2761 ὡς
1330 2729 1377 2755 καὶ
1393 2730 1448 2761 τοῖς
1466 2728 1555 2761 ἄλλοις
1570 2729 1655 2756 αἴτιον
1670 2730 1785 2755 ἀποστα-

832 2817 932 2848 Varioa
948 2816 1114 2848 lectiones,

195 2872 250 2909 (46)
267 2872 308 2898 Fc.
327 2870 541 2898 ἐπα-ιεπαὺοντο.
