1876 3066
161 132 210 166 151
783 139 902 170 EUTHl

1059 141 1176 173 ABENI
1752 143 1799 177 152

157 197 198 221 est
214 201 259 228 per
275 201 377 222 eorum.
392 193 451 222 Alia
464 194 645 222 similitudine
657 194 782 223 eamdem
797 202 895 223 rursus

1056 206 1081 229 ις
1090 196 1200 224 αὐτῶν.
1216 197 1252 224 Τδ
1269 197 1334 225 αὺτδ
1350 199 1430 226 πάλιν
1442 195 1514 233 εἶπε,
1532 200 1565 227 δι’
1581 201 1680 237 ἑτέρα;
1693 204 1797 235 εἰκόνος

159 239 227 274 petit
249 239 423 272 sententiam,
437 240 584 275 quamdam
602 241 807 276 quodammodo
821 249 900 276 pomp

1056 242 1193 277 πομπεύων
1205 244 1237 279 τῇ
1256 246 1433 281 καταστροφῇ
1448 245 1501 272 τῶν
1515 246 1632 282 ἐχθρῶν.
1651 249 1758 281 Παγίδα
1771 249 1797 275 δὲ

158 293 243 320 agens
259 289 308 313 aut
320 287 492 320 triumphum
505 286 538 313 de
560 286 735 314 inimicorum
748 286 899 315 destructio

1057 297 1079 314 ει
1094 288 1145 324 τὴν
1162 289 1289 325 μελέτην,
1311 290 1360 326 τὴν
1383 291 1549 327 ἐπιϐουλήν
1570 294 1646 320 πᾶσα
1660 293 1717 328 γὰρ
1746 302 1798 319 πα-

159 329 212 358 Per
231 331 360 366 laqueum
383 338 449 359 vero
465 331 627 359 insidiarum
644 332 828 367 cogitationes
844 331 900 359 inte

1057 356 1059 366 ,
1077 336 1106 361 ὲν
1122 337 1225 372 κρυφῇ,
1242 336 1369 373 καθάπερ
1397 338 1444 364 καὶ
1459 338 1528 373 α’ύτη
1541 347 1548 353 ·
1577 339 1718 375 λαθραίως
1745 340 1798 374 γὰρ

160 378 209 412 git.
226 377 256 404 In
281 377 392 405 occulto
404 379 506 405 etenim
523 378 584 405 loco
612 378 687 405 tendi
715 378 806 406 solent
831 379 901 407 insid

912 378 949 412 iai,
1005 381 1240 414 ἐπιϐουλεύοντες,
1258 384 1298 415 είς
1313 383 1371 418 φῶς
1385 384 1485 418 ἐξῆγον
1497 385 1544 411 τὸν
1561 386 1653 419 φόνον.

159 425 392 459 quemadmodum
422 429 447 454 cl
463 427 553 461 laquei
582 428 720 455 :tametsi
759 428 829 455 clam
872 431 1012 455 struentes
1032 429 1160 464 insidias,
1185 435 1302 459 mortem
1331 432 1508 466 postmodum
1537 433 1563 460 in
1604 433 1694 460 lucem
1732 434 1798 461 edu-

160 476 235 499 cant.

202 516 287 546 Vens.
316 517 361 545 Π.
389 517 568 552 Cognoscetur
603 518 730 546 Dominus
760 520 868 554 judicia
901 521 943 556 {a-

1055 519 1225 547 ἰνώσκεται
1245 521 1354 556 Κύριος
1373 521 1501 556 κρίματα
1531 522 1636 549 ποιῶν.
1664 523 1796 558 Κρίματα

161 564 243 591 ciem.
261 563 371 591 Iudicia
391 563 442 591 hoc
466 564 495 590 in
520 564 579 591 loco
598 565 717 592 ultiones
743 566 872 600 appellat.
899 565 902 591 i

1057 567 1082 593 εἰ
1093 566 1143 598 τὰς
1161 567 1318 603 ὲκδικήσεις
1331 575 1340 584 ·
1363 568 1510 595 ἀποδίδωσι
1523 569 1578 604 γὰρ
1595 568 1707 604 ἑκάστῳ
1729 570 1797 605 πρὸς

161 610 258 638 tribuit
272 610 347 638 extitit
361 609 494 638 Dominus
507 611 643 647 condigna
662 612 811 647 unicuique
827 619 877 647 pro
895 619 951 640 me-
1003 612 1095 645 ἀξίαν.

159 657 232 686 ritis.

195 703 230 731 In
249 705 373 739 operibus
398 715 528 734 manuum
555 714 667 734 suarum
689 706 890 740 comprehensus
911 714 936 732 es

1055 705 1096 731 Er
1110 703 1172 737 τοῖς
1185 704 1283 739 ἔργοις
1293 703 1353 730 τῶν
1371 702 1482 738 χειρῶν
1495 703 1600 737 αὐτοῦ,
1616 704 1796 738 συνελήφθη

159 755 293 785 peccator.
313 750 372 779 Hoc
384 753 468 783 etiam
486 752 679 788 superioribus
692 756 735 779 est
749 752 850 779 simile.
866 751 900 778 Po

1054 750 1219 784 μαρτωλός.
1235 749 1290 776 Καὶ
1302 749 1381 776 τοῦτο
1395 751 1453 782 τοῖς
1471 750 1658 786 προλαϐοῦσιν
1682 751 1779 786 ὅμοιον
1789 759 1795 766 ·

160 800 206 823 tur
217 796 289 823 enim
302 805 386 825 causa
399 806 486 833 quare
497 803 682 834 cognoscatur
699 798 833 826 Dominus
846 798 895 834 jud

1058 805 1122 823 ιιται
1135 796 1190 832 γὰρ
1201 796 1275 823 αἰτία
1287 796 1334 823 τοῦ
1349 796 1534 830 γινώσκεσθαι
1549 797 1675 833 κρίματα
1689 797 1799 824 ποιοῦν-

160 841 251 870 facere
270 851 278 869 :
295 843 360 878 quia
376 844 481 872 scilicet
505 851 537 872 ex
571 844 622 872 hoc
655 845 828 879 potissimum
862 846 901 879 ius

1057 842 1099 868 τὸν
1114 841 1217 878 Κύριον
1228 850 1234 857 ·
1253 842 1302 877 οὐχ
1316 842 1418 877 ἥκιστα
1440 843 1468 870 δὲ
1482 843 1537 870 ἀπὺ
1553 843 1659 870 τούτων
1671 843 1798 877 φαίνεται

160 888 247 916 videri
265 875 364 922 potest,
384 890 448 918 dum
478 891 556 924 facit,
573 895 603 919 ut
621 875 668 926 qui
691 892 754 919 aliis
771 891 887 918 insidias

1056 897 1107 920 ιιος
1126 875 1233 924 κριτὴς,
1249 875 1514 924 υἷέ-παρασκευάζει
1525 889 1590 921 τοὺς
1604 875 1797 925 ἐνεδρεύοντας

159 939 234 967 rant,
252 935 302 969 ipsi
320 936 440 964 maxime
453 937 479 964 in
494 944 542 964 eas
559 937 704 965 incidant:
721 942 748 965 et
760 937 834 972 quod
851 937 900 964 dol.

1056 943 1107 968 οις,
1119 936 1152 970 τῇ
1169 935 1244 969 σφῶν
1256 935 1352 971 ἐνέδρᾳ
1369 935 1557 971 περιπίπτειν,
1572 936 1605 963 ὲκ
1614 935 1797 971 περιτροπῆς.

160 987 226 1008 suos
255 981 429 1016 potissimum
457 986 585 1011 auctores
612 987 820 1011 convertantur.
851 982 901 1011 Pec

1073 979 1102 1006 δὲ
1120 980 1283 1014 ἁμαρτωλὸν
1297 980 1423 1012 ἐλκύσεις
1435 981 1483 1007 ἐπὶ
1503 981 1568 1013 τοὺς
1579 981 1656 1016 τρεῖς
1679 981 1800 1016 τρόπους

159 1031 247 1053 torem
263 1027 346 1054 etiam
376 1027 422 1055 hic
442 1027 575 1063 inteilige,
601 1036 657 1057 uno
686 1037 719 1057 ex
745 1029 834 1056 tribus
862 1036 900 1056 mc

1066 1025 1245 1061 ἀποδοθείσης
1255 1025 1413 1061 ἐξηγήσεως
1421 1026 1476 1053 τῶν
1492 1026 1578 1055 ἐθνῶν
1587 1035 1594 1044 ·
1609 1026 1627 1062 ἢ
1641 1026 1690 1054 καὶ
1704 1026 1798 1059 ἁπλῶς

156 1072 212 1106 jam
248 1072 399 1107 praedictis,
435 1080 499 1100 cum
544 1081 639 1102 vocem
668 1078 757 1109 gentes
786 1074 897 1109 interprt

1069 1072 1170 1107 ρτιυλὸν
1187 1071 1262 1106 λέγει
1273 1072 1364 1101 πάντα
1378 1072 1476 1099 δόλιον.
1806 1096 1808 1111 ξ

163 1124 266 1149 remur,
284 1118 327 1145 vel
343 1118 510 1154 generaliter
534 1120 630 1154 accipe
653 1127 704 1155 pro
718 1126 887 1154 quocunque
902 1118 952 1146 do-
1804 1121 1808 1137 ί

1806 1161 1811 1174 l

158 1162 230 1190 loso.

193 1208 363 1242 Diapsalma.
376 1209 414 1238 De
433 1211 485 1239 hoc
499 1211 602 1239 dictum
615 1215 667 1240 est.

1041 1205 1213 1240 Διάψαλμα.
1232 1205 1301 1241 Περὶ
1315 1205 1412 1233 τούτου
1428 1206 1548 1242 εἴρηται.

194 1252 282 1281 Vtzns.
311 1254 356 1282 18.
369 1255 564 1284 Convertuntur
579 1261 730 1291 peccatores
752 1258 779 1284 in
808 1259 935 1293 infernum

1056 1252 1349 1286 Αποστραερήτωσαν
1359 1253 1386 1279 οὶ
1401 1252 1571 1288 ἁμαρτωλοί
1581 1252 1626 1286 εις
1641 1252 1697 1280 τὸν
1709 1253 1797 1288 ᾅδην.

161 1297 213 1326 Per
228 1303 389 1332 peccatores
403 1300 456 1328 hoc
473 1301 500 1328 in
523 1301 584 1329 loco
617 1301 742 1330 inﬁdeles
773 1302 899 1339 intelligit

1056 1298 1211 1333 ιαρτωλοὺς
1245 1297 1365 1325 ἐνταῦθα
1396 1299 1460 1330 τοὺς
1481 1298 1616 1330 ἀπίστους
1646 1299 1797 1333 ὀνομάζει·

160 1351 208 1378 per
237 1344 375 1373 infernum
406 1346 552 1382 supplicia.
594 1347 798 1375 Couvertantur
819 1349 901 1384 ilaqUt

1061 1353 1075 1370 ν
1089 1344 1129 1376 δὲ,
1138 1344 1188 1378 τὴν
1202 1344 1326 1371 κόλασιν.
1343 1344 1643 1379 Ἀποστραφήτωσαν
1671 1344 1713 1376 δὲ,
1738 1343 1799 1370 ἀντὶ

161 1392 288 1425 praesenti
303 1392 431 1420 nimirum
446 1393 514 1426 vita,
533 1398 560 1421 et
576 1395 642 1422 illuc
672 1395 724 1423 sub
751 1399 853 1423 terram
879 1396 902 1424 dt

1059 1410 1067 1423 ,
1094 1390 1149 1417 ἀπὸ
1171 1390 1222 1424 τῆς
1241 1390 1384 1425 παρούσης
1398 1390 1472 1426 ζωῆς
1488 1390 1709 1426 καταχθήτωσαν
1728 1398 1734 1404 ’
1747 1389 1798 1417 {me

159 1443 265 1470 rantur,
278 1439 322 1466 ubi
338 1439 469 1467 dicuntur
483 1447 544 1468 esse
559 1449 699 1475 pteuarum
712 1441 783 1469 loca.
798 1441 844 1469 Vel
860 1442 900 1469 ali!

1056 1444 1059 1457 ν
1075 1436 1130 1471 γὰρ
1145 1435 1273 1470 λέγονται
1288 1435 1323 1462 τὰ
1350 1435 1519 1471 κολαστήρια
1542 1432 1623 1462 εἶναι.
1638 1436 1673 1462 Ἦ
1698 1435 1746 1462 καὶ
1773 1435 1797 1462 oi

160 1481 178 1508 ii
195 1483 242 1516 qui
261 1483 297 1510 de
314 1487 386 1510 terra
411 1484 467 1511 nati
489 1488 555 1512 sunt
572 1485 599 1512 in
616 1485 709 1513 eadem
739 1491 894 1519 versentur,

1056 1482 1106 1516 γῆς
1122 1481 1277 1516 γεγονότες,
1293 1482 1333 1513 εἰς
1357 1481 1444 1516 αὐτὴν
1468 1482 1681 1518 στραφήτωσαν,
1713 1482 1797 1517 μηδὲν

161 1527 200 1554 hil
216 1527 290 1554 aliud
302 1529 424 1557 valentes
441 1531 564 1565 cogitare
580 1539 661 1566 quam
675 1535 796 1560 terrena.
816 1531 849 1559 Et
865 1542 899 1568 qu

1058 1535 1079 1562 :p
1105 1526 1139 1553 τὰ
1167 1527 1250 1561 γήϊνα
1274 1526 1372 1561 νοῆσαι
1396 1526 1553 1562 δυνάμενοι.
1590 1527 1669 1560 Γίνας
1697 1528 1726 1554 δὲ
1755 1527 1799 1554 λέ-

160 1580 221 1599 nam
250 1573 381 1609 intelligat
399 1583 449 1609 per
461 1580 631 1611 peceatores,
645 1585 677 1604 ex
689 1577 733 1605 itis
747 1585 809 1614 quae
829 1585 897 1614 sequ

1074 1571 1267 1607 ἁμαρτωλοὺς,
1294 1571 1339 1598 διὰ
1366 1571 1423 1599 τῶν
1455 1571 1521 1608 ἑξῆς
1552 1572 1703 1609 ἐδήλωσεν,
1731 1573 1798 1599 ἑπε-

160 1619 332 1647 turdeclarat
346 1621 441 1649 dicens
456 1631 463 1649 :

388 1630 441 1649 :ens
456 1631 463 1649 :
1006 1619 1112 1654 νεγκὼν
1122 1627 1129 1635 ·

196 1663 292 1692 Omnes
307 1672 395 1701 gentes
412 1676 471 1702 quo:
500 1669 695 1696 obliviscuntur
724 1670 818 1697 Deum.
851 1670 937 1698 Oblivi

1055 1666 1143 1694 Τάντιι
1157 1666 1194 1693 τὰ
1208 1668 1281 1700 ἔθνη
1299 1666 1335 1693 τὰ
1353 1665 1617 1700 ἐπιλανθανόμενα
1639 1664 1693 1692 τοῦ
1710 1664 1796 1693 Θεοῦ.

161 1715 288 1742 scuntur.
306 1713 464 1741 voluntaria
483 1714 588 1742 scilicet
603 1716 752 1743 oblivione.

581 1720 588 1741 t
603 1716 752 1743 oblivione.
1007 1713 1046 1739 Δι’
1060 1712 1184 1739 ἑκούσιον
1199 1712 1322 1746 ἄγνοιαν.

196 1755 337 1786 VansJ9.
354 1759 489 1792 Quoniam
506 1769 557 1788 non
585 1762 613 1788 in
642 1762 722 1797 ﬁnem
750 1763 874 1791 oblivioni
903 1772 937 1791 ert

1052 1760 1104 1785 Ὸτι
1125 1760 1181 1786 οὐκ
1203 1759 1247 1790 εἰς
1264 1758 1352 1790 τέλος
1370 1756 1612 1791 ἐπιλησθήσδται
1626 1757 1643 1784 ὁ
1662 1757 1793 1791 πτωχός.

158 1811 268 1838 panper.
287 1804 358 1838 Haec,
376 1806 476 1841 inquit,
493 1807 650 1842 hujusmodi
664 1809 793 1844 gentibus
806 1811 899 1838 evenic

1056 1807 1094 1832 ἱτο
1104 1805 1143 1838 δὲ,
1166 1805 1243 1840 φησὶ,
1258 1804 1446 1831 πείσονταιτὰ
1469 1803 1583 1832 τοιαῦτα
1600 1804 1675 1839 ἔθνη.
1695 1804 1735 1831 ὅτι
1766 1804 1797 1830 οὗ

159 1848 223 1880 quia
240 1848 328 1877 ﬁdelis
351 1850 392 1876 vir
420 1851 446 1878 in
475 1852 641 1880 oblivionem
666 1854 777 1880 omnino
807 1862 860 1882 non
889 1863 900 1882 ε

1056 1861 1090 1887 ζρι
1108 1851 1206 1883 παντὸς
1220 1850 1433 1885 ἑπιλησθὴσεται
1457 1851 1471 1877 ό
1496 1850 1603 1882 πιστός.
1638 1850 1667 1877 '0
1690 1850 1797 1886 πτωχὺς

159 1893 309 1928 Paupercm
321 1903 386 1923 vero
400 1903 460 1923 eum
473 1897 550 1929 dicit,
566 1899 612 1933 qui
627 1899 827 1934 temporalibus
843 1901 900 1935 quit

1056 1908 1067 1929 ι,
1084 1897 1130 1924 τὸν
1143 1897 1198 1924 ἀπὸ
1217 1896 1369 1932 χρημάτων
1379 1895 1496 1922 πλοῦτον
1509 1904 1516 1911 ·
1534 1896 1661 1928 πλούσιος
1689 1896 1728 1929 δὲ,
1752 1896 1797 1922 τὸν

160 1939 263 1968 divitiis
275 1945 318 1968 est
334 1949 448 1976 pauper,
466 1943 514 1970 scd
545 1943 675 1976 virtutum
693 1944 793 1979 opibus
810 1946 846 1972 sit
865 1946 901 1973 (ἰίι

1054 1943 1166 1978 ὶρετῶν.
1185 1943 1220 1970 Ἦ
1236 1943 1284 1969 καὶ
1297 1942 1405 1977 πτωχὸν
1427 1942 1501 1976 λέγει
1518 1942 1564 1969 τὸν
1580 1942 1609 1976 ἐξ
1624 1942 1710 1970 ὲθνῶν
1720 1942 1795 1975 λαὸν,

159 1985 208 2014 νει
225 1995 374 2023 pauperem
390 1989 457 2017 dicit
474 1990 605 2025 populum
642 1998 674 2018 ex
709 1991 846 2026 gentibus,
869 2001 900 2019 vc

1061 1989 1255 2017 ἀπολωλεκότα
1273 1988 1305 2015 τδ
1320 1989 1369 2023 τῆς
1393 1988 1484 2024 ψυχῆς
1502 1989 1621 2024 ἀξίωμα,
1650 1989 1698 2015 καὶ
1726 1997 1797 2015 πτω-

159 2033 205 2067 qui
226 2034 325 2062 anima:
345 2034 506 2069 dignitatem
523 2036 663 2069 amiserat,
676 2036 843 2072 pietatisque
863 2038 900 2064 vit

1059 2045 1143 2063 σαντα
1183 2035 1232 2071 τὴν
1277 2034 1438 2069 περιουσίαν
1471 2035 1521 2070 τῆς
1564 2033 1709 2066 εὐσεεείας
1749 2035 1796 2061 καὶ

159 2085 216 2106 lttm
233 2080 339 2115 peculio
355 2081 434 2117 inops
446 2088 514 2111 erat.

377 2088 434 2117 tops
446 2088 514 2111 erat.
1005 2083 1118 2119 ἀρετῆς.

197 2125 371 2160 Exspectatio
388 2136 536 2163 pauperum
556 2137 607 2156 non
622 2129 717 2164 peribit
731 2130 756 2157 in
779 2130 868 2165 ﬁnem.
882 2131 937 2159 l’au

1055 2132 1082 2157 Η
1099 2128 1238 2164 ὑπομονὴ
1270 2127 1331 2155 τῶν
1346 2129 1484 2162 πενήτων
1500 2128 1556 2154 οὐκ
1573 2127 1731 2155 ἀπολεῖται
1754 2129 1796 2161 είς

158 2180 238 2206 pet-es
257 2173 302 2201 hic
316 2175 433 2209 gentiles
449 2176 526 2207 dicit,
543 2168 660 2211 quorum
685 2178 853 2212 exspectatio
867 2186 898 2206 us

1059 2185 1103 2208 ος.
1119 2175 1243 2210 Πένητας
1257 2173 1383 2201 ἐντεῦθεν
1397 2174 1460 2205 τοὺς
1475 2173 1505 2206 ἐξ
1519 2173 1606 2201 ἐθνῶν
1630 2182 1726 2209 φησιν,
1760 2170 1797 2201 ὧν

159 2219 186 2244 in
226 2218 305 2245 ﬁnem
351 2220 441 2248 inanis
493 2229 548 2248 non
590 2223 651 2248 erit.
680 2222 857 2257 lixspectatio
885 2231 900 2248 v

1056 2220 1192 2256 εροσδοκία
1208 2220 1238 2246 οὐ
1258 2220 1348 2255 μάτην
1360 2219 1436 2246 ἔσται
1449 2219 1532 2254 μέχρι
1560 2219 1664 2251 τέλους.
1682 2219 1797 2255 Προσδο-

159 2265 280 2296 gcntiutu
297 2265 426 2293 Christus
441 2272 492 2294 (πει.
512 2268 548 2293 De
561 2276 615 2302 quo
629 2269 692 2295 aliti
720 2270 854 2304 scriptum
873 2277 900 2296 es

1078 2265 1133 2292 τῶν
1152 2265 1249 2298 ἐθνῶν,
1280 2265 1458 2304 όΧριστός·
1489 2265 1544 2292 Καὶ
1566 2265 1669 2298 αὐτὸς,
1702 2266 1795 2300 φησὶν,

159 2309 218 2343 Ipse
235 2310 285 2337 erit
301 2312 463 2346 exspectatio
475 2314 591 2347 gentium
607 2314 641 2340 θ’.
663 2314 695 2340 Ει
721 2315 759 2342 ad
784 2323 854 2350 qttas
886 2323 900 2342 a

1054 2320 1094 2339 rat
1113 2311 1284 2346 προσδοκία
1295 2310 1403 2344 ἐθνῶν,
1418 2311 1487 2347 πρὸς
1503 2310 1551 2342 οὓς
1577 2311 1626 2338 καὶ
1650 2311 1685 2338 δι’
1700 2312 1795 2347 ἐτέρου

159 2363 208 2390 per
223 2356 307 2383 alium
328 2357 489 2391 prophetam
515 2359 616 2385 clatnat
645 2359 761 2387 dicens:
793 2360 900 2394 Empect

1053 2358 1149 2394 ιφήτου
1164 2358 1228 2393 βοᾷ·
1244 2357 1425 2392 Ύπόμεινόν
1437 2365 1476 2391 με
1488 2357 1532 2389 εις
1546 2356 1653 2390 καιρὸν
1663 2356 1794 2384 ἀναστά-

159 2410 200 2429 me
212 2402 238 2428 in
251 2407 365 2436 tempore
377 2405 583 2431 resurrectionis
602 2412 674 2431 metr.

423 2405 583 2431 ttrrectionis
602 2412 674 2431 metr.
1004 2404 1082 2437 σεὼς
1089 2413 1159 2440 μου.

196 2447 278 2476 Vens.
290 2448 336 2476 20.
350 2449 484 2484 Exsurge.
503 2450 631 2483 Domine;
647 2451 850 2483 nouprtevalettt
862 2451 937 2479 homo

1046 2450 1219 2484 Ἀνάστηθι,
1237 2450 1336 2484 Κύριε,
1347 2448 1390 2483 μὴ
1405 2449 1612 2482 κραταιούσθω
1628 2449 1786 2483 ἄνθρωπος

158 2494 237 2522 Alius
254 2494 391 2530 interpres
407 2495 535 2527 reddidit,
554 2495 616 2523 Non
647 2501 742 2523 temere
769 2502 831 2532 agat
862 2498 894 2524 ho

1054 2496 1115 2528 λλος,
1129 2495 1179 2529 Μὴ
1196 2493 1407 2529 θρασυνέσθω,
1423 2494 1537 2529 εἴρηκεν
1552 2501 1560 2509 ·
1578 2492 1660 2519 τοῦτο
1669 2493 1698 2519 δὲ
1712 2493 1795 2527 λέγει,

160 2540 218 2568 lloc
232 2545 322 2569 autem
336 2542 401 2570 dicit
431 2542 562 2578 propheta
593 2543 628 2570 ob
659 2547 770 2571 mutuas
795 2543 867 2571 inter
891 2551 901 2571 ε

1062 2542 1114 2573 τὰς
1129 2541 1191 2569 κατ’
1200 2540 1324 2576 ἀλλήλων
1338 2539 1541 2570 ἐπαναστάσεις
1557 2537 1612 2564 τῶν
1639 2538 1736 2564 ἐθνῶν.
1765 2537 1796 2564 Ol

160 2587 303 2614 hominum
321 2589 535 2616 insurrectiones
558 2594 640 2624 atque
673 2589 846 2617 insolentias.
873 2590 901 2616 Vt

1051 2598 1062 2624 ο
1076 2588 1226 2624 ἄνθρωποι,
1241 2587 1318 2622 παρὰ
1327 2586 1358 2613 τὸ
1375 2586 1413 2622 μὴ
1436 2585 1510 2621 ἔχειν
1527 2584 1639 2620 ἀληθεῖς
1664 2584 1792 2611 διδασκά-

159 2634 261 2669 quippe
278 2641 310 2662 ac
319 2635 394 2662 sanis
409 2640 537 2663 carentes
551 2635 778 2671 pratceptoribus,
794 2640 875 2670 atque
890 2635 897 2662 i

1057 2644 1080 2668 ς,
1093 2635 1277 2670 ἀγνοήσαντες
1293 2634 1333 2660 ὅτι
1347 2633 1383 2668 γῆ
1407 2633 1488 2664 εἰσιν,
1517 2632 1588 2667 ὑπὲρ
1610 2631 1661 2667 τὴν
1685 2630 1794 2657 Eae-.6»

161 2686 261 2707 terram
279 2688 309 2708 se
321 2688 353 2709 ac
368 2682 462 2709 limum
490 2690 553 2710 esse
582 2682 751 2717 ignorantes,
780 2689 864 2717 supra
885 2689 902 2717 p

1052 2682 1190 2710 ιασύνοντο
1203 2681 1285 2717 φύσιν
1300 2689 1307 2696 ·
1326 2681 1373 2707 καὶ
1389 2679 1479 2707 πάντα
1504 2679 1670 2714 τολμῶντες,
1689 2677 1730 2704 ἐτι
1750 2679 1793 2704 καὶ

160 2728 247 2763 priatn
272 2732 400 2756 naturam
431 2737 494 2757 sese
529 2729 691 2757 extollentes
729 2733 832 2756 temere
866 2737 901 2756 ml

1066 2728 1144 2760 θεοὺς
1159 2727 1272 2758 ἑαυτοὺς
1290 2726 1452 2761 ἐνέγραφον.
1471 2724 1616 2756 Ἐπέξελθε
1635 2720 1693 2753 οὗν,
1717 2721 1791 2757 φησὶ,

161 2774 278 2810 agebant
292 2783 299 2801 :
311 2780 337 2802 et
348 2775 440 2802 omnia
455 2775 601 2809 audentes,
621 2776 694 2803 inter
712 2775 777 2803 deos
808 2775 889 2803 ctiam

1066 2773 1243 2801 κατάστειλον
1263 2773 1294 2799 τδ
1307 2771 1429 2800 τοιοῦτον
1450 2770 1596 2807 φρύαγμα.
1610 2769 1688 2797 Ἔστι
1704 2768 1733 2795 δὲ
1749 2766 1793 2794 καὶ

192 2867 215 2884 ⁹¹
231 2866 297 2895 Gen.
313 2875 387 2898 thx.
405 2867 449 2894 10.
