1876 3066
73 169 118 202 Ῑῶ

644 175 841 207 COMMENT.
864 177 905 207 IN
922 179 1108 210 PSALHOS.

1646 183 1694 217 154

71 231 276 267 γλαφυρώτερον
296 232 405 260 εἰπεῖν⁸
436 234 505 268 πρὸς
530 234 580 269 μὲν
600 235 632 261 τδ
665 235 725 262 κατ’
748 237 828 264 εικόνι

922 241 1088 269 scribebant.
1105 241 1154 270 Exi
1174 243 1316 277 itaquetu,
1334 244 1416 278 Deus,
1437 246 1535 280 inquit,
1548 249 1574 272 et
1588 249 1692 272 tau'am

71 278 128 310 θεός
142 279 217 305 ἔστιν
228 279 374 314 ἄνθρωπος
384 288 391 296 ’
409 281 479 316 πρὸς
495 281 524 308 δι
541 282 576 309 τὰ
591 281 682 317 γεώδη
698 283 785 319 πάθη,
802 284 850 312 ἄν-

70 324 181 358 θρωπος.
201 325 309 352 Τούτων
329 325 375 353 οὖν
388 327 613 363 ἐπικρατούντων
629 328 658 354 ἑν
676 329 849 364 ἀνθρώποις,

69 371 215 405 ἀναστῆναι
232 372 279 398 τοῦ
295 372 411 400 θανάτου
422 374 579 408 παρακαλεῖ
593 374 639 401 τὸν
653 375 784 410 Χριστὸν,
811 377 852 403 δι-

68 415 176 448 δάξαντα
187 417 232 443 διὰ
247 418 302 444 τῶν
315 418 489 451 ἀποστόλων,
506 419 544 455 μὴ
571 421 790 457 κατεπαιρεσοαι
815 423 850 449 τὰ

69 462 137 497 πάθη
163 463 214 498 τῆς
236 464 335 499 ψυχῆς,
360 465 427 500 μηδὲ
462 465 509 492 τὸν
534 466 598 501 χοῦν
623 467 672 494 τοῦ
695 467 765 499 νοός.
795 468 851 495 Καὶ

68 509 148 542 ἄλλως
177 510 230 537 δέ·
254 512 324 546 μετὰ
348 512 397 547 τὴν
430 513 581 541 ἀνάστασιν
592 515 640 541 τοῦ
669 514 850 550 κηρύγματος

69 555 233 588 ἁπλωθέντος
253 558 294 589 εις
306 558 357 593 τὴν
379 558 556 594 οἰκουμένην,
584 560 612 586 αἱ
639 559 700 587 κατ’
726 560 849 595 ἀλλήλων

68 602 260 634 ἐπαναστάσεις
270 604 326 630 τῶν
342 603 447 631 πόλεων
460 605 622 640 ἐπαύθησαν

904 293 1000 313 eorum
1020 286 1199 314 elevationem
1213 295 1371 322 compesce.
1389 289 1455 316 Illud
1470 291 1551 316 ctiam
1572 290 1625 316 dici
1643 298 1692 323 po-

904 335 958 359 test
971 332 1044 367 quod
1055 340 1087 360 ea
1100 333 1218 365 ratione,
1231 341 1284 368 qua
1311 335 1345 361 ad
1365 334 1511 369 imaginem
1541 340 1568 362 et
1595 336 1693 362 simili-

905 377 1027 405 tudinem
1044 378 1088 406 Dei
1110 379 1192 406 homo
1221 379 1308 406 factus
1337 383 1390 410 est.
1426 379 1496 406 Deus
1514 380 1615 406 dicitur
1635 389 1642 407 :
1661 388 1692 407 ea

903 431 967 452 vero
982 432 1036 459 qua
1053 425 1169 452 terrenis
1186 425 1330 453 affectibus
1346 434 1378 453 ac.
1392 426 1567 460 passiouibus
1588 426 1694 452 dctinc~

903 473 959 500 tur,
978 468 1059 496 homo
1071 469 1169 496 merito
1182 470 1344 504 appellatur.
1362 470 1430 497 Cum
1447 470 1538 504 itaque
1568 469 1608 496 hze
1631 478 1693 504 pas-

900 514 993 542 siones
1009 514 1036 541 in
1057 514 1216 542 hominibus
1237 515 1427 550 praevalerent,
1460 515 1586 542 hortatur
1607 516 1690 542 Deum

899 559 1035 594 Propheta
1052 564 1081 587 ut
1093 565 1223 596 exsurgat
1238 569 1253 588 a
1267 565 1364 593 morte,
1392 565 1420 589 et
1452 565 1480 588 ut
1512 569 1560 595 per
1580 566 1691 589 sanctos

900 606 1040 640 apostolos
1056 606 1153 634 doceat
1170 607 1309 642 quomodo
1318 607 1460 642 passiones
1473 616 1554 642 supra
1571 608 1690 634 animum

68 656 94 676 se
104 650 229 678 extollere
246 658 300 678 non
317 651 426 684 debent.
442 660 532 686 neque
548 653 638 687 pulvis
657 660 740 689 supra
767 653 950 681 intellectum.
968 653 1015 681 Vel
1034 654 1116 681 aliter
1147 659 1208 690 post
1245 655 1475 682 resurrectionem
1508 654 1615 681 Domini
1649 654 1691 680 di-

67 696 165 730 vulgato
181 696 329 732 Erangelio
361 698 389 726 in
420 698 579 727 universum
605 700 711 734 orbem,
742 706 843 729 mutuae
863 701 915 729 illa
934 701 1056 737 gentium
1081 702 1296 730 insurrectiones
1316 707 1398 738 atque
1425 702 1578 730 insolentiae
1612 702 1689 736 quie-

67 747 164 769 VCl‘lllll.

95 790 284 824 Κριθήτωσαν
297 791 369 826 ἔθνη
389 792 519 821 ἐνώπιόν
532 801 602 821 σου.
621 794 694 822 ’Λντὶ
705 795 764 829 τοῦ,
784 796 828 830 Τῆη

932 794 1093 822 Judicentur
1109 798 1196 828 gentes
1212 794 1239 820 in
1253 799 1396 827 conspectu
1415 798 1469 819 tuo.
1493 792 1549 819 Hoc
1566 796 1607 820 cst
1624 801 1686 827 pro-

66 837 109 870 οῆς
134 838 286 872 ἐπισκοπῆς
301 839 507 874 ἀξιωθήτωσαν,
529 840 559 868 ’0
576 842 676 877 κρίνων
709 843 762 878 γὰρ
789 845 828 878 6ρὲ

919 841 1013 868 :t-tione
1030 844 1057 866 et
1072 839 1198 867 custodia
1218 844 1264 866 tua
1280 840 1369 875 digna:
1387 839 1548 866 efﬁciantur.
1562 838 1628 865 Nam
1639 839 1686 873 qui

65 881 103 907 τὺν
123 883 293 927 κρινόμενον.
324 885 422 919 Κρίσιν
438 886 465 912 δὲ
483 887 531 920 τὴν
546 888 616 914 κατὰ
641 888 687 914 τοῦ
715 889 828 915 διαὸὁλοι

919 884 998 911 ulicat
1014 884 1047 911 ad
1066 884 1190 918 eumqui
1213 884 1354 919 iudicatur
1381 885 1503 919 aspicere
1533 884 1610 911 solet.
1635 884 1686 911 Ju-

65 927 158 962 νὸησον,
172 926 276 964 περὶῆς
289 931 334 956 καὶ
351 931 395 957 διὰ
413 932 523 958 Ἡσαΐου
538 934 620 968 φησὶν
633 935 646 961 ὁ
661 934 727 966 Θεός
738 942 746 951 ·
765 935 828 962 Ἰδοί

919 930 999 957 :cium
1020 937 1086 957 vero
1103 930 1169 956 illud
1187 930 1308 965 intellige
1323 930 1396 964 quod
1419 935 1514 957 contra
1529 930 1683 957 daemonem

64 975 148 1008 ὀπαῖς
159 985 218 1009 μου
233 977 270 1003 ὃν
284 977 418 1011 ᾑρέτισα,
436 979 453 1005 ό
480 979 623 1013 ἐκλεκτός
653 989 723 1015 μου,
746 983 792 1014 εις
809 982 828 1008 δη

919 976 1052 1003 n-ieudum
1072 979 1131 1003 erat
1148 985 1155 1002 :
1171 976 1205 1002 de
1217 983 1272 1010 quo
1298 983 1345 1010 per
1373 976 1469 1003 Isaiam
1499 976 1565 1003 dicit
1592 976 1684 1003 Deus:

63 1021 223 1054 ηἶδόκησεν
241 1023 260 1056 ἠ
283 1023 367 1057 ψυχή
379 1033 439 1058 μου
451 1032 457 1039 ·
479 1025 563 1059 θήσω
579 1026 612 1052 τὸ
645 1026 768 1060 Πνεῦμὰ
783 1035 828 1061 μα

919 1021 966 1048 'cce
985 1029 1048 1055 puer
1064 1029 1137 1049 metu
1151 1030 1227 1056 quem
1254 1021 1331 1056 elegi,
1351 1022 1449 1048 electus
1480 1029 1551 1048 metu
1582 1022 1608 1047 in
1633 1029 1684 1055 quo

62 1067 101 1092 ἐπ’
114 1069 199 1101 αὐτῷ,
218 1069 267 1096 καὶ
283 1070 385 1103 κρίσιν
397 1071 458 1104 τοῖς
469 1071 590 1099 ἔθνεσιν
605 1072 730 1104 ἐξοίσει.

919 1067 1055 1098 ηιι,ννι‹ισιιίι
1072 1068 1161 1094 anima
1172 1076 1238 1100 mea,
1251 1076 1347 1102 ponam
1368 1067 1497 1100 Spiritum
1509 1075 1593 1094 meum
1607 1075 1686 1102 super

90 1157 295 1191 Κατὰστησον,
323 1159 423 1193 Κύριε,
446 1159 613 1194 νομοθέτην
648 1161 695 1187 ἐπ’
716 1161 838 1193 αὐτούς.

65 1203 188 1230 Ἐνταῦθα
204 1204 252 1230 τὸν
265 1205 384 1239 Χριστὸν
407 1205 567 1236 αἰνίττεται.
589 1206 661 1233 κατὰ
686 1207 733 1234 τό·
768 1208 840 1241 Ἐγὼ

61 1249 237 1282 κατεστάθην
250 1250 402 1284 ,ϐασιλεὺς
416 1251 467 1278 ὑπ’
485 1251 579 1278 αὑτοῦ
592 1261 598 1268 ⁸
617 1253 678 1279 νέον
703 1252 758 1286 γὰρ
776 1253 840 1280 Eritne

59 1301 100 1319 κεν
113 1295 202 1329 νόμον,
217 1295 265 1322 τὸν
280 1296 327 1322 τοῦ
342 1296 522 1330 Εὐαγγελίου.

87 1383 251 1412 Γνὼτωσαν
281 1385 353 1419 ἔθνη
382 1386 426 1412 ὅτι
465 1386 617 1420 ἄνθρωποι
643 1388 734 1414 εἰσιν.
771 1387 836 1422 Ὀψέ

57 1437 114 1455 ποτε
142 1430 316 1465 μαθέτωσαν,
349 1431 387 1463 ὡς
401 1431 540 1468 ἄνθρωποι
570 1433 631 1468 ζῇν,
656 1433 704 1460 καὶ
726 1432 765 1464 ὡς
797 1432 835 1468 μὴ

58 1473 139 1509 θηρία.

893 1122 951 1141 eum
969 1118 993 1140 et
1004 1114 1135 1148 judicium
1151 1113 1242 1146 a/feret
1256 1113 1374 1149 gentibus
1391 1113 1425 1141 ".

931 1159 1013 1186 Vens.
1027 1159 1074 1186 '21.
1091 1159 1240 1190 Constitue,
1259 1158 1379 1191 Domine,
1395 1158 1574 1193 legislatarem
1602 1166 1682 1192 super

889 1214 943 1233 eos.
958 1205 1008 1232 Per
1021 1205 1204 1239 legislatorem
1222 1205 1265 1231 hic
1278 1205 1417 1231 Christum
1438 1204 1575 1239 intelligit,
1597 1205 1678 1238 juxta

888 1251 954 1278 illud
971 1259 977 1278 :
999 1245 1053 1284 Εέιο
1069 1254 1157 1276 autem
1170 1249 1329 1276 constitutus
1343 1257 1401 1276 sum
1417 1248 1474 1276 Rea:
1498 1250 1530 1275 ab
1561 1257 1600 1278 eo.
1629 1249 1676 1282 qui

888 1295 1029 1331 logislator
1044 1303 1141 1323 novam
1154 1295 1193 1323 eis
1212 1296 1297 1330 legem
1317 1295 1379 1322 tulit
1396 1303 1403 1321 τ
1427 1299 1552 1322 sanctum
1568 1295 1674 1321 scilicet

887 1341 1079 1376 Evangelium.

925 1386 1092 1421 Coguoscaut
1102 1391 1189 1422 gentes
1203 1386 1272 1422 quod
1281 1387 1397 1414 [remittes
1410 1391 1482 1413 sunt.
1500 1386 1566 1414 Sero
1582 1385 1680 1413 saltem

890 1432 1037 1467 aliquando
1051 1433 1196 1460 addiscant
1215 1433 1304 1460 vivere
1325 1437 1354 1459 ut
1375 1433 1514 1464 homines,
1529 1437 1554 1460 et
1576 1439 1628 1459 non
1651 1435 1682 1458 ut

889 1477 964 1505 ferte.
979 1477 1039 1514 [Vel
1056 1479 1134 1506 aliter
1152 1488 1159 1505 :
1177 1478 1342 1511 Doceantur,
1354 1478 1456 1512 inquit,
1485 1478 1557 1513 quod
1581 1485 1680 1504 corru-

57 1524 153 1558 ptibiles
166 1527 241 1558 sunt,
272 1524 399 1560 quodque
428 1524 508 1559 longe
535 1528 600 1553 sunt
632 1533 648 1553 a
669 1525 742 1554 diis:
773 1533 834 1561 quae
853 1527 966 1561 propria
981 1534 1028 1554 eos
1041 1526 1170 1562 gloriatio
1185 1534 1218 1554 ac
1235 1526 1364 1561 superbia
1385 1526 1419 1553 de
1451 1526 1550 1560 seipsis
1583 1526 1680 1553 suadet

57 1569 188 1606 cogitare.]

84 1616 141 1644 Ἵνα
157 1617 194 1649 τί,
220 1618 321 1651 Κύριε,
331 1618 506 1652 ἀφέστηκας
529 1619 704 1654 μακρόθεν;
728 1618 828 1646 Ἐντεῦι

924 1617 1022 1646 PSAL.
1039 1617 1062 1645 Χ
1078 1617 1192 1645 JUXTA
1213 1617 1399 1645 HEBBEOS.
1418 1617 1500 1645 Vens.
1517 1618 1541 1644 Ι.
1566 1617 1676 1652 (liquid,

56 1660 144 1694 θενεῖς
157 1663 220 1695 τοὺς
245 1664 309 1698 περὶ
335 1665 467 1699 προνοίας
488 1665 625 1692 εἰσϐάλλει
645 1665 752 1699 λόγους,
775 1665 831 1692 τῶν

55 1708 170 1743 πονηρῶν
185 1709 238 1744 μὲν
249 1709 469 1745 εὐημερούντων,
483 1711 714 1746 δυσπραγοῦντων
733 1711 763 1738 δὲ
776 1711 832 1738 τῶν

56 1753 154 1786 ἀγαθῶν
167 1762 174 1769 ·
190 1755 239 1782 καὶ
254 1755 395 1790 προσώπῳ
407 1756 461 1783 τῶν
473 1755 640 1792 θλιϐομένων
654 1758 772 1783 ποιεῖται
782 1756 831 1792 τὴν

54 1799 236 1835 δικαιολογίαν.
257 1801 346 1835 Διατῐ,
357 1802 450 1836 φησὶν,
469 1802 579 1837 ἀφῆκας
593 1803 658 1833 τοὺς
668 1802 831 1838 ἀνθρώπους

55 1844 86 1875 ὡς
103 1845 175 1881 ἔτυχε
197 1847 353 1882 φέρεσθαι;
378 1848 410 1874 ὲκ
429 1848 588 1883 μεταφορᾶς
608 1847 664 1874 τῶν
685 1848 828 1884 πόρρωθεν

55 1891 202 1925 ἱσταμένων,
218 1893 268 1919 καὶ
281 1892 470 1927 ἀμελούντων.

884 1665 1005 1695 Domina,
1023 1665 1156 1691 recessisti
1171 1665 1245 1699 longe
1261 1665 1273 1692 Ρ
1288 1663 1386 1698 Incipit
1401 1668 1520 1690 tractare
1536 1663 1568 1690 de
1584 1663 1675 1691 divina

885 1710 1058 1738 Providentia
1076 1719 1083 1737 :
1101 1718 1132 1737 ac
1142 1710 1224 1737 veluti
1237 1717 1381 1745 pravorum
1393 1710 1533 1736 hominum
1545 1718 1588 1737 res
1607 1710 1676 1737 bene

886 1763 918 1784 ac
930 1756 1046 1784 feliciter
1059 1756 1249 1788 succederent,
1259 1760 1352 1784 contra
1367 1761 1468 1788 autem,
1483 1756 1550 1790 justi
1568 1763 1598 1783 ac
1611 1756 1676 1783 houi

884 1802 935 1829 viri
952 1801 1100 1829 infeliciter
1121 1801 1262 1837 degerent,
1289 1809 1321 1829 ex
1350 1809 1465 1836 persona
1491 1801 1628 1836 justormu
1648 1801 1677 1828 in

886 1846 1078 1874 afﬂictionibus
1101 1847 1290 1875 exsistentium
1324 1854 1476 1874 sermonem
1511 1846 1601 1874 facit:
1645 1852 1673 1874 et

887 1892 1025 1920 rationem
1054 1892 1259 1926 quodammodo
1294 1892 1414 1926 exquirit
1430 1899 1444 1918 a
1461 1892 1527 1924 Deo,
1555 1892 1649 1919 dicens
1667 1901 1674 1919 :

30 1961 34 1965 .
55 1934 133 1966 Quare
152 1937 291 1970 permittis
307 1937 433 1965 homines
448 1943 551 1966 temere
572 1945 605 1966 ac
632 1945 697 1967 casu
711 1938 775 1966 ferri
790 1945 845 1973 quo
864 1944 925 1965 sors
937 1937 1024 1972 jubet,
1041 1944 1091 1964 nec
1105 1936 1187 1963 ullam
1203 1944 1296 1963 eorttm
1313 1944 1406 1964 curam
1428 1937 1512 1964 habes
1532 1938 1543 1964 '!
1557 1938 1628 1973 quod
1641 1947 1674 1966 ex

54 1983 195 2018 metaphora
215 1984 326 2012 illorum
348 1989 488 2020 sumptum
501 1991 555 2019 est,
567 1986 614 2021 qui
628 1986 724 2021 procul
742 1986 882 2018 abierunt,
901 1990 929 2012 et
941 1984 1101 2012 relictorum
1120 1984 1223 2012 nullam
1231 1992 1325 2011 curam
1345 1984 1458 2012 habent.

87 2030 241 2066 Ὑπερορᾷς
260 2031 296 2058 ὲν
310 2033 478 2066 εὐκαιρίαις
491 2033 527 2059 ἐν
537 2033 701 2068 θλίψεσιν;
727 2033 828 2069 ’Υπερ-

53 2075 107 2110 ορᾷν
120 2077 184 2106 ἐστι.
205 2077 236 2103 τὸ
252 2077 462 2113 προσποιεῖσθαι
487 2077 524 2113 μὴ
556 2079 636 2114 ὁρᾷν,
670 2078 743 2105 ἀλλὰ.
765 2079 829 2110 τοὺς

54 2120 192 2156 ὀφθαλμοὺς
204 2122 297 2157 αἷρειν
315 2122 386 2158 ὑπὲρ
399 2123 428 2150 τὺ
442 2123 592 2158 ὁρώμενον.
610 2124 672 2151 "Iw:
690 2124 827 2156 τίτοίνυν,

54 2166 120 2200 φησὶ,
137 2167 241 2203 παρὼν,
257 2168 410 2201 ἀφεστάναι
434 2169 522 2201 δοκεῖς
547 2170 591 2197 διὰ
618 2169 668 2205 τὴν
689 2170 829 2204 μακροθυ-

54 2211 184 2244 pluma!
203 2213 311 2248 βλέπων
337 2215 458 2248 ἅπαντα,
483 2217 619 2251 προσποιῇ
647 2216 685 2252 μὴ
705 2216 826 2250 βλέπειν,

53 2255 88 2282 διὰ
100 2257 128 2282 τὸ
144 2258 179 2293 μὴ
192 2259 345 2293 ἐπαμύνειν
360 2261 416 2292 τοῖς
438 2260 594 2295 πράγμασι,
617 2261 664 2287 καὶ
686 2260 781 2288 ταῦτα¹
798 2261 827 2288 ἐν

53 2303 144 2336 καιροῖς
156 2303 293 2336 δεομένοις
304 2305 355 2339 τῆς
369 2306 417 2340 σῆς
437 2306 602 2341 ἐπισκοπῆς,
626 2306 711 2342 ἤγουν
728 2307 758 2334 ὲν
772 2307 828 2333 ολι-

51 2345 104 2379 ψεσι
117 2349 167 2376 τῶν
180 2350 275 2382 κακῶς
294 2351 453 2385 πασχόντων
468 2360 476 2384 ;
490 2351 584 2378 Ταῦτα
595 2351 623 2378 δὲ
637 2352 713 2386 λέγει
731 2360 823 2388 παρα-

53 2389 140 2422 καλῶν,
154 2393 204 2418 οὐκ
216 2394 356 2428 ἐγκαλῶν.
371 2392 425 2421 Εῐδ¹
447 2395 481 2421 ἂν
495 2396 509 2422 ὁ
522 2395 589 2427 Θεὸς
606 2395 674 2431 πρὸς
688 2396 775 2423 ταῦτα
792 2397 824 2424 τὸ

51 2436 230 2472 γεγραμμένον
239 2447 247 2454 σ
261 2441 298 2466 At
311 2439 450 2474 ἁμαρτίαι
466 2440 551 2475 ὑμῶν
562 2440 700 2468 διιστῶσι
708 2441 824 2476 μεταξὺ

51 2479 114 2513 ἐμοῦ
125 2484 171 2510 καὶ
189 2484 286 2519 ὑμῶν.

915 2032 1035 2066 Despicis
1051 2032 1078 2059 in
1090 2032 1312 2066 prosperitatibus
1327 2032 1352 2058 in
1367 2031 1537 2058 tribulatione
1551 2032 1564 2057 7
1578 2031 1673 2066 Despi-

878 2084 940 2105 cere
958 2082 1001 2105 est
1015 2077 1203 2108 dissimulare.
1219 2085 1273 2105 non
1291 2077 1394 2108 videre,
1405 2084 1436 2103 ac
1451 2077 1530 2112 quasi
1543 2077 1671 2105 deorsum

878 2123 1014 2157 aspicere.
1039 2127 1134 2150 etnon
1154 2123 1187 2149 ad
1200 2130 1256 2149 rem
1281 2122 1368 2152 illam,
1400 2129 1461 2156 quae
1485 2126 1548 2149 ante
1577 2123 1672 2150 oculos

880 2169 969 2204 posita
985 2171 1037 2195 cst.
1063 2168 1133 2200 Quid
1165 2168 1261 2202 igitur,
1288 2167 1386 2201 inquit,
1407 2172 1434 2194 tu
1467 2168 1513 2202 qui
1541 2169 1670 2196 omnibus

881 2221 1004 2249 praesens
1017 2221 1048 2241 es
1063 2217 1140 2240 tanta
1168 2218 1213 2240 tua
1246 2213 1456 2247 longanimitate
1482 2220 1514 2240 ac
1537 2214 1669 2249 patientia

881 2259 979 2288 abesse
995 2259 1106 2291 videris,
1139 2263 1166 2286 et
1197 2266 1259 2286 cum
1290 2260 1383 2286 omnia
1411 2259 1516 2292 videas,
1555 2260 1670 2288 Simulus

879 2313 933 2333 non
947 2306 1051 2338 videre,
1068 2309 1098 2332 ut
1111 2305 1191 2333 rebus
1206 2305 1310 2333 nostris
1327 2305 1460 2332 auxilium
1480 2313 1533 2333 nou
1569 2305 1641 2334 feras
1655 2326 1663 2339 ,

877 2356 960 2386 atque
979 2352 1030 2378 hoc
1048 2358 1081 2378 co
1097 2351 1272 2386 potissimum
1290 2355 1424 2386 tempore,
1448 2351 1556 2386 quando
1578 2356 1670 2386 prote-

877 2398 970 2425 ctione
986 2401 1032 2423 tua
1053 2397 1227 2431 potissimum
1253 2397 1420 2431 indigemus,
1462 2403 1536 2423 nunc
1561 2397 1669 2424 scilicet
1723 2396 1728 2401 '

875 2450 938 2471 cum
949 2443 977 2470 in
991 2443 1215 2470 tribulationibus
1228 2443 1370 2470 constituti
1384 2442 1493 2469 sumus?
1504 2441 1566 2468 Haec
1575 2446 1666 2469 autem

876 2497 930 2517 non
944 2497 1080 2518 accusans
1099 2494 1146 2516 attt
1176 2490 1292 2524 culpans
1316 2489 1402 2516 Deum
1432 2489 1584 2524 Propheta,
1617 2489 1665 2516 sed

51 2533 137 2562 rogans
149 2530 249 2558 dicitet
259 2531 420 2559 exhortans.
436 2532 504 2560 Nam
516 2534 638 2569 alioquin
651 2534 820 2568 respondere
839 2534 864 2562 ei
898 2535 972 2564 Deus
990 2535 1138 2571 potuisset,
1165 2534 1193 2562 id
1228 2535 1302 2570 quod
1336 2535 1400 2562 alibi
1441 2538 1573 2570 scriptum
1601 2539 1665 2563 est:

51 2571 148 2602 Putate
161 2583 248 2604 vestra
261 2578 383 2605 diuidunt
398 2580 466 2607 inter
481 2589 522 2608 me
535 2586 560 2607 ot
576 2590 631 2608 t'os.

85 2621 131 2648 Ἑν
144 2622 183 2655 τῷ
197 2624 477 2659 ὑπερηφανεύεσθαι
503 2627 557 2655 τὸν
571 2629 679 2663 ἀσεϐῆ,
700 2630 822 2664 ἐμπυρί-

51 2662 115 2711 ζεται
129 2669 144 2695 ό
155 2671 343 2704 πτωχός-,Τοῦ
360 2672 487 2706 ἀσεὸοῦς,
505 2674 600 2708 φησὶν,
626 2662 819 2711 ἐπαιρομένου,

908 2629 992 2657 Vens.
1009 2629 1037 2656 2.
1053 2629 1124 2656 Dum
1135 2628 1252 2663 superbit
1264 2628 1372 2662 impius,
1383 2628 1535 2654 incenditur
1551 2635 1662 2663 pauper.

871 2674 997 2709 Quando.
1018 2676 1116 2711 inquit,
1129 2675 1230 2710 aliquis
1244 2674 1397 2705 extollitur,
1411 2674 1523 2708 quando
1537 2674 1605 2701 bene
1623 2674 1662 2705 illi

51 2709 88 2738 διὰ
111 2713 139 2740 τὸ
167 2715 326 2744 εὐοδοῦσθαι
356 2718 425 2753 πρὸς
456 2718 574 2754 ἅπαντα,
605 2709 734 2756 βλέπων.
754 2723 821 2749 πᾶσι

919 2725 971 2759 Icta
987 2709 1151 2753 succedunt,
1176 2709 1249 2748 tunc
1266 2720 1288 2747 si
1307 2719 1370 2754 quis
1404 2719 1523 2746 ﬁdelium
1545 2724 1598 2750 est,
1613 2717 1659 2751 qui
1677 2753 1683 2758 -

51 2759 216 2803 uti-animm:
231 2762 358 2795 εὐσεϐὴς,
389 2766 570 2800 πυρπολεϊται
605 2766 644 2802 τῷ
671 2767 745 2803 ζήλῳ
769 2768 821 2803 τῆς

873 2767 1064 2802 frequentibus
1084 2771 1215 2802 urgeatur
1229 2765 1445 2797 calamitatibus,
1464 2765 1488 2792 is
1517 2763 1575 2791 zelo
1589 2771 1660 2798 quo-

51 2799 252 2837 εῦδοκιμήσεως,
267 2804 324 2833 οἷόν
339 2816 400 2836 τινα
417 2799 521 2837 καπνὸν
533 2811 579 2838 τὸν
611 2799 762 2848 «ﬁmum

919 2822 931 2840 ιι
947 2818 1029 2848 atque
1041 2813 1215 2841 aemulatione
1229 2811 1369 2847 opinionis
1387 2818 1418 2838 ac
1445 2811 1507 2838 boni
1540 2809 1661 2836 nominis

74 2890 92 2907 "
103 2891 152 2921 lsa.
166 2902 239 2930 sum,
263 2898 304 2925 10.
