1876 3066
191 138 244 170 159

187 246 287 278 inquit,
305 253 334 272 se
351 245 378 272 in
401 245 521 278 insidiis,
536 246 619 272 simul
637 253 699 272 cum
726 246 770 276 iis,
787 247 833 280 qui
850 247 924 274 vitiis
938 247 980 275 di-

188 293 273 318 tiores
290 294 374 323 sunt;
398 292 449 318 hoc
467 295 510 319 est
531 291 577 326 qui
595 292 785 326 prmciat'iores
801 297 828 319 et
846 293 981 320 celebrio-

186 344 232 363 res
261 340 325 363 sunt
355 337 381 364 in
412 336 625 372 delictis:quos
648 339 733 366 veluti
764 340 858 367 eadem
886 349 979 369 svcum

187 383 342 411 sentientes
355 383 446 411 socios
462 384 514 411 sibi
531 384 652 412 habebit.
681 385 782 413 Deinde
801 388 916 415 insidias
932 389 981 416 de-

188 428 308 462 clarans,
329 430 493 458 in5idiarum
509 431 590 458 etiam
607 439 719 459 causam
733 433 820 461 addit:

226 474 260 501 In
285 475 398 502 occultis
423 481 452 502 ut
476 477 622 511 interﬁciat
645 478 823 508 innocentem.
841 480 875 508 Ut
888 482 980 514 morti,

188 521 291 556 inquit,
305 522 364 550 sine
380 530 463 550 causa
478 531 540 550 eum
557 524 656 555 tradat.
686 526 731 559 qui
748 527 823 554 nulla
840 536 902 555 cum
916 529 982 556 alte-

190 568 226 594 cit
242 567 353 600 injuria.
371 568 448 596 Hanc
468 569 541 596 enim
557 571 721 605 particulam
737 573 784 599 τοῦ
796 593 803 605 ,
828 582 890 608 qua:
912 583 980 603 catt-

189 620 247 640 sam
264 613 412 648 signilicat,
428 615 560 643 adhibere
574 622 681 645 veteres
698 626 917 649 consueverunt.

225 659 306 686 Vsus.
323 660 350 687 9.
370 660 446 687 Oculi
463 662 521 696 ejus
538 662 565 689 in
578 671 718 698 pauperem
736 666 890 697 respiciunt.
906 667 981 695 Assi-

189 706 272 733 duam
289 714 321 733 ac
337 712 496 742 perpetuam
516 709 596 745 hujus
610 711 781 740 insidiatoris
800 708 980 742 attentionem

189 756 280 779 narrat
296 762 302 780 :
321 753 367 787 qui
395 761 456 780 eum
473 759 714 788 pertranseuntem
743 759 861 793 aliquem
880 760 982 788 viderit

189 806 298 825 summa
322 799 408 826 animi
431 801 620 830 sollicitudine
650 804 818 837 considerat,
842 807 982 841 quomodo

191 851 254 871 eum
267 846 494 879 comprehendat.

225 888 379 918 Insidiatur
392 892 419 918 in
436 893 591 922 abscondito
607 897 684 930 quasi
694 898 733 924 leo
742 898 769 925 in
782 900 907 934 spelunca
920 910 980 928 sua.

190 933 313 962 Tandem
330 938 430 971 repetit
447 941 626 974 sententiam,
658 945 738 971 vario
762 933 980 980 quodammodo,

191 983 348 1016 propalans,
376 988 402 1011 et
431 985 456 1012 in
482 987 619 1019 publicum
636 990 783 1020 traduCens
803 1001 898 1020 eorum
919 1003 982 1023 sce-

189 1027 248 1054 lera
272 1033 335 1055 actu
350 1037 382 1056 ac
406 1032 510 1060 malitia
527 1034 712 1071 undecunque
730 1039 810 1072 plena
825 1047 833 1067 :
853 1041 982 1077 ferasque

189 1073 395 1106 quodammodo
421 1076 483 1104 illos
501 1077 559 1105 ﬁeri
591 1079 773 1111 demonstrat.
793 1083 859 1112 Nam
886 1073 983 1120 quem-

189 1118 339 1147 admodum
357 1120 410 1153 leo,
427 1130 459 1149 ex
478 1125 589 1160 propria
602 1134 719 1157 caverna
741 1135 789 1157 aut
813 1132 918 1160 latehra
940 1134 983 1161 in-

191 1163 364 1194 ﬁrmioribus
381 1168 548 1198 animalibus
565 1171 723 1206 insidiatur,
741 1183 802 1210 qua:
832 1178 899 1205 nihil
928 1180 984 1208 tale

189 1211 318 1240 timentia
338 1222 437 1242 secura
454 1221 653 1250 pertranseunt
671 1230 678 1247 :
693 1222 729 1249 ita
749 1225 831 1251 etiam
850 1227 903 1254 iste
919 1227 984 1255 fecit

191 1258 312 1286 occultis
326 1267 395 1288 usus
411 1262 579 1291 latebrarum
600 1266 720 1295 insidiis.

176 1306 181 1308 “
224 1303 376 1333 Insidiatur
384 1312 412 1334 ut
422 1310 510 1342 rapiat
528 1318 680 1346 pauperem,
698 1320 725 1342 ut
742 1318 982 1354 rajfatpauperem

191 1350 254 1378 dum
267 1352 377 1380 aura/tit
397 1362 468 1382 eum.
484 1355 551 1383 Cum
570 1358 638 1386 leoni
657 1368 719 1388 eum
742 1362 778 1390 ob
802 1350 917 1392 insidias
931 1388 938 1399 ,
956 1371 983 1394 et

192 1397 308 1424 catdium
326 1399 505 1434 cupiditatem
523 1407 722 1439 comparaverit
739 1428 746 1440 ,
769 1415 873 1444 perstat
893 1397 984 1441 adhuc

192 1442 221 1469 in
235 1446 456 1478 comparatione,
476 1448 579 1478 docens
593 1459 744 1487 congruere
753 1456 777 1483 ei
788 1456 876 1485 leonis
888 1465 980 1493 opera.

191 1487 284 1523 lrruit,
301 1490 398 1526 inquit,
413 1497 442 1520 ut
459 1494 509 1525 leo.
524 1501 553 1523 ut
572 1498 688 1531 prtedam
708 1502 807 1536 rapiat,
822 1507 851 1530 ut
867 1487 983 1533 adllate-

800 140 996 170 EUTHYMII
1016 141 1198 170 ZiGABENi

187 201 288 231 cmdes,
319 204 403 234 atque
430 200 483 226 alia
503 199 674 234 hujusmodi.
700 199 860 226 Abscondat
888 202 962 228 enim

1067 206 1103 228 ις,
1127 198 1174 223 καὶ
1190 197 1223 223 τὰ
1242 196 1365 224 τοιαῦτα.
1388 196 1676 232 Ἐγκατακρύτττεται,
1693 198 1779 232 φησὶ,
1795 200 1824 233 τῇ

1779 140 1826 173 160

1033 243 1131 276 ἐνέδρᾳ.
1150 243 1219 278 μετὰ
1235 243 1290 268 τῶν
1303 243 1451 274 πλουσίων,
1468 244 1519 278 τὴν
1535 243 1637 270 κακίαν
1654 243 1710 270 τῶν
1725 244 1827 278 Ettigi-

1034 290 1170 322 νεστέρων
1186 289 1277 323 αὐτῷ·
1308 288 1421 320 τούτους
1434 289 1489 324 γὰρ
1517 289 1555 320 ὡς
1581 289 1685 323 ὁμοίως
1714 289 1828 324 ἔχοντας

1033 334 1293 370 προσεταιρίζεται·
1307 332 1368 361 εἶτα
1388 335 1547 371 σαφηνίζων
1562 335 1613 370 τὴν
1628 336 1755 370 ἓνεδραν,
1773 336 1828 371 ἅμα

1032 380 1060 407 δὲ
1076 381 1124 407 καὶ
1138 380 1186 416 τὴν
1198 381 1289 407 αἰτίαν
1307 381 1393 416 αὐτῆς
1412 381 1580 416 προστιθεὶς,
1594 382 1739 418 ἐπήγαγεν
1749 391 1757 397 ⁸

1074 472 1127 498 Ἐν
1139 471 1327 507 ἀποκρύφοις
1345 473 1398 500 τοῦ
1419 472 1596 500 ἀποκτεῖναι
1620 473 1731 500 ἀθῶον.
1746 473 1827 499 'Qm

1033 517 1190 544 θανατῶσαι
1217 517 1362 553 ἄνθρωπον
1379 518 1511 550 ἀναίτιον,
1538 519 1623 554 μηδὲν
1640 519 1828 554 ἀδικήσαντα.
1850 535 1853 536 ν

1034 565 1071 590 Τὸ
1086 565 1139 592 τοῦ
1155 565 1210 600 γὰρ
1239 564 1424 599 αἰτιολογικὸν
1451 564 1584 596 πολλάκις
1612 564 1828 599 παρα).αμῆάνει

1032 611 1088 638 τῶν
1104 611 1260 647 παλαιῶνή
1277 611 1430 644 διάλεκτος.

1069 659 1102 685 οι
1127 658 1277 692 ὀφθαλμοὶ
1301 658 1397 685 αὐτοῦ
1418 658 1462 690 εις
1480 657 1536 684 τὸν
1559 657 1676 691 πένητα
1697 657 1828 684 ἀποϐλέ-

1033 712 1138 732 πουσι.
1164 704 1220 739 Τὴν
1244 704 1365 739 ἔμμονον
1391 704 1474 731 αὐτοῦ
1501 703 1680 737 κατασκοπὴν
1709 703 1828 729 ἐνταῦθα

1032 751 1179 786 διηγεῖται,
1199 750 1344 785 βλέποντος
1360 750 1474 783 ἀτενῶς,
1490 751 1556 777 πότε
1571 750 1706 786 παριόντα
1732 748 1827 776 τοῦτον

1033 796 1171 832 εὐκαίρως
1187 796 1365 832 συλλήψεται.

1070 897 1237 931 Ἐνεδρεύει
1247 897 1283 924 ἐν
1296 897 1460 931 ἀποκρύφῳ
1470 896 1510 929 ὡς
1520 896 1599 923 λέων
1610 896 1645 922 ὲν
1659 894 1697 929 τῇ
1709 895 1828 930 μάνδρᾳ

1033 943 1137 970 αὑτοῦ.
1171 942 1209 970 Τὸ
1232 943 1298 970 αὐτὸ
1316 943 1362 969 καὶ
1385 941 1434 969 νῦν
1463 942 1549 977 δηλοῖ,
1579 942 1629 977 τὴν
1656 942 1827 976 πανουργίαν

1034 989 1140 1016 ἐκείνου
1171 989 1299 1024 ποικίλην
1327 988 1525 1024 ἐκπομπεύων,
1551 989 1600 1015 καὶ
1628 988 1727 1022 θηρίον
1746 988 1826 1014 αὑτὸν

1034 1035 1165 1070 ἄντικρυς
1195 1034 1382 1070 γεγενημένον
1412 1034 1560 1060 δείκνυσιν.
1579 1034 1688 1068 Ὥσπερ
1718 1035 1732 1060 ὁ
1760 1032 1827 1059 λέων

1034 1079 1073 1115 τῷ
1105 1080 1200 1115 οἰκείῳ
1227 1080 1324 1115 φωλεῷ
1352 1080 1578 1114 ὲγκρυπτόμενος
1598 1088 1604 1095 ·
1625 1079 1705 1106 τοῦτο
1732 1079 1790 1113 γὰρ
1813 1078 1827 1112 ἡ

1037 1125 1143 1160 μάνδρα
1176 1124 1323 1160 βούλει-αν
1340 1126 1398 1156 τοῖς
1422 1124 1630 1159 ἀσθενεστέροις
1658 1123 1743 1155 ζώοις
1772 1124 1828 1149 ἑπι-

1036 1171 1159 1198 ϐουλεὺει
1169 1192 1176 1204 ,
1190 1171 1408 1206 παρερχομένοις
1422 1171 1567 1205 ἀπονήρως
1577 1179 1584 1185 ·
1599 1170 1671 1196 οὕτω
1685 1171 1735 1196 καὶ
1751 1167 1826 1199 οὗτος

1035 1218 1118 1251 ποιεῖ,
1132 1217 1170 1252 τῷ
1183 1217 1337 1253 ἀποκρύφῳ
1348 1217 1425 1252 τόπῳ
1442 1216 1539 1252 φωλεῷ
1550 1216 1703 1252 χρώμενος.

1076 1312 1240 1347 Ἐνεδρεύει
1270 1313 1323 1340 τοῦ
1350 1313 1483 1348 ἁρπάσαι
1513 1314 1653 1348 πτωχὸν,
1692 1311 1825 1347 ἁρπάσαι

1035 1359 1155 1394 πτωχὸν
1165 1359 1248 1392 ἐντῷ
1263 1359 1393 1386 ἐλκῦσαι
1416 1360 1522 1386 αὐτόν.
1549 1359 1644 1385 Λέοντι
1658 1359 1714 1394 γὰρ
1746 1358 1826 1386 αὐτὸν

1034 1405 1199 1437 ἀπεικάσας,
1218 1406 1290 1433 κατά
1306 1414 1336 1432 τε
1359 1406 1409 1440 τὴν
1430 1405 1589 1441 ἐπιϐουλὴν.
1618 1406 1669 1432 καὶ
1694 1405 1747 1440 τὴν
1772 1405 1824 1431 ἁπ-

1035 1451 1140 1486 ήνειαν,
1154 1451 1247 1477 καὶτὸ
1270 1451 1390 1486 φονικὸν,
1417 1451 1545 1486 ἐπέμεινε
1567 1451 1600 1486 τῇ
1620 1452 1721 1486 τροπῇ,
1745 1458 1826 1485 12900-

1035 1497 1164 1531 αρμόζων
1182 1497 1257 1532 αὑτῷ
1271 1497 1306 1524 τὰ
1319 1497 1387 1532 ἔργα
1400 1497 1448 1523 τοῦ
1463 1497 1582 1528 λέοντος.
1609 1496 1746 1531 Ἀρπάζει
1763 1496 1823 1530 γὰρ,

192 1535 257 1563 bras
281 1537 382 1564 trahat.
393 1538 485 1574 Neque
496 1542 569 1576 epim
581 1543 725 1573 insidiatur
734 1535 761 1574 ut
770 1548 965 1584 feramaliquat

1067 1544 1175 1571 τιπεσὼν
1200 1545 1334 1579 αἰφνίδιον
1361 1546 1374 1572 ὁ
1397 1544 1477 1576 λέων,
1506 1545 1555 1571 καὶ
1585 1543 1679 1571 ὲλκύει
1699 1544 1771 1579 πρὸς
1781 1541 1825 1576 τὴν

191 1582 376 1615 perniciosam
392 1590 440 1613 aut
453 1586 592 1616 inimicam
605 1591 705 1625 capiat,
718 1593 764 1620 sed
777 1599 804 1621 ut
821 1582 979 1630 pauperem,

191 1633 339 1662 pauperem
357 1629 481 1665 inquam,
500 1637 526 1659 et
540 1633 620 1663 bonis
634 1639 661 1663 et
676 1637 781 1666 viribus
796 1629 932 1670 humanis.
949 1642 982 1669 Et

191 1672 255 1699 dum
270 1675 408 1704 attrahere
424 1684 488 1704 eum
513 1679 600 1714 dicit,
627 1684 717 1717 magis
740 1684 863 1714 declarat
880 1689 982 1723 rapinae

191 1718 315 1747 modum.
343 1720 516 1755 Repetitione
531 1732 596 1752 vero
613 1726 670 1760 illa,
686 1733 715 1754 ut
729 1731 827 1764 rapiat,
844 1718 981 1762 summam

192 1763 275 1798 hujus
288 1765 406 1794 hominis
421 1768 588 1802 impietatem
605 1772 728 1801 denotat.
743 1775 791 1803 Vel
808 1763 868 1805 ideo
882 1778 983 1807 fortas-

193 1808 232 1835 sis
239 1817 394 1838 sermonem
408 1813 597 1848 ingeminavit.
608 1823 637 1845 ut
645 1824 855 1856 exaggeratione
863 1826 980 1860 quadam

194 1853 278 1882 Deum
296 1857 381 1892 magis
395 1859 530 1894 excitaret
544 1862 577 1890 ad
593 1853 753 1895 vindictam.

229 1944 310 1974 Vens.
328 1946 371 1997 10:
388 1947 421 1976 In
436 1949 528 1985 laqueo
545 1961 593 1981 suo
607 1954 759 1986 humiliabit
773 1967 844 1988 eum.
860 1961 916 1991 Hoc
927 1967 981 1997 est,

191 1990 254 2019 dolo
279 1996 306 2019 et
318 1993 466 2024 calliditate
482 2005 531 2025 sua
542 2000 566 2026 ei
576 2000 762 2032 dominabitur
778 2015 785 2033 :
804 2008 844 2035 vei
859 2010 980 2037 occisum

191 2038 220 2066 in
248 2043 348 2069 terram
370 2043 505 2077 projiciet.
535 2045 650 2076 Humilis
673 2051 746 2078 enim
773 2057 816 2081 est
836 2055 881 2090 qui
905 2055 981 2084 humi

192 2090 347 2120 prostratus
364 2087 448 2124 jacet.

228 2130 410 2161 lnclinabitur
420 2155 428 2168 ,
441 2140 466 2163 et
478 2138 553 2165 cadet
573 2147 632 2167 cum
650 2141 804 2173 dominatus
816 2146 898 2180 fuerit
912 2155 982 2182 pau-

193 2183 296 2212 perum.
314 2178 364 2206 Ubi
381 2185 478 2215 potens
494 2183 545 2211 iste
556 2192 706 2221 pauperum
717 2178 872 2220 dominatus
887 2178 980 2226 fuerit,

194 2228 260 2251 tunc
280 2229 307 2252 et
323 2226 381 2260 ipse
403 2227 564 2258 humiliatus
590 2231 786 2270 inclinabitnr,
811 2242 838 2265 et
870 2240 981 2274 peribit.
999 2226 1022 2254 Β

193 2268 261 2297 Nam
291 2272 337 2306 qui
362 2272 464 2301 cadunt
494 2277 571 2310 prius
595 2268 783 2311 inclinantur;
801 2268 981 2314 Haec-autem

193 2317 285 2344 omnia
301 2317 375 2350 ﬁent,
389 2323 418 2346 ut
435 2324 462 2348 et
474 2322 675 2355 immedicabile
691 2329 752 2364 ejus
767 2331 863 2358 vitium
877 2337 980 2367 pateat,

193 2367 221 2389 et
238 2363 282 2390 Dei
302 2365 405 2398 pariter
421 2366 616 2402 longanimitas
629 2391 637 2404 ,
661 2378 688 2400 et
705 2383 852 2410 pauperum
867 2363 981 2414 oppres;

195 2414 287 2435 sorum
305 2410 446 2445 patientia,
458 2416 485 2439 et
495 2415 652 2444 earumdem
665 2418 774 2447 demum
791 2410 921 2450 vindicta.

231 2499 313 2527 Vens.
324 2501 334 2528 Ι
344 2501 366 2528 Ι.
381 2500 453 2529 Dixit
464 2503 534 2530 enim
544 2504 571 2531 in
581 2506 657 2534 corde
667 2515 715 2535 suo
724 2517 733 2536 :
741 2509 843 2538 Oblitus
853 2516 892 2538 est
902 2512 982 2547 Deus,

193 2547 290 2573 arertit
307 2547 402 2581 faciem
418 2557 495 2577 suam
508 2558 540 2577 ne
550 2551 636 2579 videat
663 2553 690 2580 in
707 2555 796 2589 ﬁnem.
811 2556 835 2584 ls
851 2558 907 2593 cui;
920 2566 982 2593 per-

196 2592 310 2620 missum
325 2602 387 2623 esse
406 2596 526 2624 diximus
550 2598 649 2626 anima:
674 2608 730 2628 sua:
743 2603 983 2637 concupiscentias

196 2639 308 2674 explere
326 2641 352 2668 in
366 2642 444 2670 valde
458 2643 594 2672 absurdas
608 2645 709 2674 decidit
733 2648 877 2681 opiniones
894 2659 901 2677 :
919 2652 982 2677 dum

195 2686 267 2714 intra
283 2688 404 2723 seipsum
425 2695 533 2730 reputat
549 2692 621 2726 quod
653 2693 722 2721 Deus
748 2696 865 2729 propriae
892 2696 984 2731 provi-

194 2733 295 2761 dentia:
309 2735 411 2764 oblitus
435 2736 481 2770 sit,
498 2745 551 2772 qua
572 2739 704 2766 mundum
726 2741 870 2775 gubernat,
895 2743 983 2777 quod-

1036 1591 1133 1618 ἑαυτοῦ
1147 1591 1279 1626 μάνδραν.
1302 1591 1452 1626 Ἐνεδρεύει
1471 1590 1525 1625 (49)
1541 1591 1581 1623 δὲ,
1596 1592 1691 1624 φησιν,
1713 1590 1766 1625 οὐχ
1787 1589 1824 1614 ἵνα

1036 1636 1190 1668 ἐπίϐουλον,
1202 1636 1217 1672 ἢ
1228 1636 1293 1663 πολέ
1299 1636 1394 1671 μιον,ἢ
1407 1636 1499 1672 θηρίον
1508 1636 1566 1671 ἕλῃ,
1576 1635 1644 1661 ἀλλὰ
1654 1633 1824 1669 πτωχὸν,τήι

1036 1683 1065 1709 ἐν
1080 1683 1204 1718 χρήμασι
1223 1683 1395 1718 περιουσίαν,
1420 1683 1467 1709 καὶ
1489 1681 1758 1717 καταπεπονημένον
1780 1687 1824 1713 την

1036 1727 1212 1763 ἀνθρωπίνην
1230 1726 1320 1762 ίσχύν.
1342 1726 1496 1761 Ἑξηγεῖται
1510 1725 1539 1752 δὲ
1553 1725 1600 1752 καὶ
1620 1721 1823 1772 τηνγαρπαγὴνέ

1039 1773 1081 1799 ὅτι
1099 1773 1238 1808 ἑλκυσμός
1261 1774 1331 1800 ἔστι.
1355 1773 1406 1799 Διὰ
1432 1771 1462 1799 δὲ
1482 1772 1532 1807 τῆς
1559 1770 1762 1804 ὲπαναλήψεως
1780 1770 1823 1794 τοὶ

1035 1818 1167 1853 ὀνόματος
1183 1818 1324 1853 ἁρπαγῆς,
1348 1817 1475 1852 ἐμφαίνει
1495 1814 1689 1851 σχετλιασμὸν.
1719 1814 1757 1839 Ἢ
1781 1819 1824 1839 και

1035 1864 1080 1891 διὰ
1092 1864 1143 1898 τῆς
1159 1865 1300 1899 συνεχείας
1315 1864 1370 1890 τῶν
1385 1862 1546 1898 παθητικῶν
1568 1860 1712 1896 ῥημάτων,
1727 1857 1823 1892 διεγεί-

1037 1918 1079 1945 ρει
1094 1909 1139 1937 τὸν
1153 1910 1220 1937 Θεὸν
1229 1910 1269 1941 είς
1281 1910 1397 1944 ἄμυναν.

1077 1956 1126 1982 Ἐν
1137 1955 1177 1990 τῇ
1194 1955 1303 1990 ζπατίδι
1328 1954 1423 1982 αὑτοῦ
1450 1953 1627 1981 ταπεινώσει
1650 1951 1758 1978 αὐτόν.
1785 1948 1822 1974 Ἐι

1035 2002 1074 2037 τῷ
1088 2001 1146 2038 ίδίῳ
1158 2001 1225 2038 δόλῳ
1237 2000 1472 2037 κυριεύσειαὺτοῦ
1489 2008 1497 2016 ·
1516 2000 1532 2034 ἦ
1548 1999 1595 2026 καὶ
1615 1999 1655 2030 είς
1676 1998 1729 2033 γῆν
1756 1995 1823 2033 ῥῖψε.

1036 2049 1170 2080 κτείνας’·
1187 2048 1317 2080 ταπεινὸς
1329 2048 1394 2083 γὰρ,
1407 2048 1421 2074 ό
1438 2047 1597 2083 πρόσγειος.

1071 2148 1168 2182 Kell-et
1179 2147 1228 2174 καί
1244 2146 1379 2173 πεσεῖται
1391 2146 1426 2172 ἐν
1442 2145 1480 2178 τῷ
1505 2145 1602 2173 αὐτὸν
1630 2144 1822 2179 natamque?-

1035 2201 1088 2221 σαι
1098 2193 1157 2220 τῶν
1168 2192 1315 2225 πενήτων.
1329 2192 1393 2218 Ὅτε
1406 2191 1620 2226 κατακυριεύσει
1632 2192 1688 2217 τῶν
1703 2192 1821 2226 πενήτων

1035 2240 1050 2265 ὁ
1066 2239 1211 2273 δυνάστης,
1225 2239 1287 2264 τότε
1304 2238 1353 2265 καὶ
1376 2237 1460 2269 αὐτὸς
1489 2237 1652 2272 κλιθήσεται
1678 2237 1821 2264 ταπεινού-

1038 2293 1118 2319 μενος
1148 2285 1196 2311 καὶ
1226 2285 1377 2311 ἀπολεῖται.
1404 2284 1436 2311 Οἱ
1466 2284 1520 2319 γὰρ
1547 2284 1697 2316 πίπτοντες
1718 2284 1819 2319 πρῶτον

1036 2330 1181 2356 κύπτουσι.
1194 2329 1280 2355 Τοῦτο
1294 2329 1322 2355 δὲ
1331 2329 1447 2363 γίνεται,
1464 2329 1507 2355 ἵνα
1524 2329 1572 2355 καὶ
1585 2329 1617 2355 τὸ
1633 2329 1747 2355 ἀνίατον
1777 2329 1820 2355 αὒ-

1035 2375 1083 2402 τοῦ
1093 2376 1174 2410 φανῇ,
1192 2375 1238 2401 καὶ
1251 2375 1281 2402 τὸ
1295 2375 1472 2410 μακρόθυμον
1488 2375 1534 2401 τοῦ
1558 2375 1637 2407 Θεοῦ,
1665 2375 1714 2401 καὶ
1727 2377 1744 2410 ἡ
1773 2375 1820 2400 τῶν

1037 2421 1212 2448 πεπονθότων
1225 2421 1359 2457 ὑπομονὴ,
1379 2422 1426 2448 καὶ
1441 2422 1457 2456 ἡ
1475 2421 1616 2457 ἐκδίκησις
1638 2421 1693 2448 τῶν
1718 2422 1819 2448 ἀδίκου·

1038 2467 1139 2502 μένων.

1072 2510 1148 2540 Eine
1162 2513 1217 2547 γὰρ
1232 2512 1268 2539 ἐν
1289 2511 1396 2546 καρδίᾳ
1422 2511 1517 2538 αὐτοῦ
1534 2519 1540 2526 ·
1573 2511 1789 2544 Ἐπιλέλησται
1805 2510 1819 2536 ὁ

1037 2559 1121 2593 Θεὸς,
1143 2559 1336 2593 ἀπέστρεψεν
1350 2558 1383 2585 τὸ
1399 2559 1567 2593 πρόσωπον
1588 2558 1694 2587 αὑτοῦ.
1717 2559 1770 2585 τοῦ
1781 2556 1817 2592 μὴ

1032 2606 1163 2639 ,βλέπειν
1181 2606 1226 2639 εἷς
1241 2605 1339 2638 τέλος.
1358 2606 1615 2641 Παραχωρούμενος
1628 2608 1684 2639 γὰρ
1704 2603 1817 2639 πληροῦν

1035 2653 1084 2684 τὰς
1101 2651 1250 2686 ἐπιθυμίας
1262 2652 1312 2685 τῆς
1324 2651 1414 2685 ψυχῆς
1424 2651 1518 2682 αὐτοῦ,
1534 2651 1603 2685 πρὸς
1624 2651 1816 2694 adueniun-

1035 2698 1133 2734 λήψεις
1147 2697 1288 2728 ἐκπίπτει,
1305 2697 1483 2732 λογιζόμενος
1496 2698 1524 2724 ὲν
1543 2697 1633 2732 ἑαυτῷ
1647 2696 1816 2732 ἐπιλελῆσθαι

1036 2744 1083 2771 τὸν
1097 2744 1163 2770 Θεὸν
1174 2744 1223 2779 τῆς
1237 2743 1286 2770 τοῦ
1313 2744 1418 2779 κόσμου
1449 2743 1588 2779 προνοίας,
1612 2744 1815 2780 ἀποστρέψαντα

857 2823 956 2854 Variae
970 2823 1135 2854 lectiones.

233 2883 289 2918 (ω)
306 2883 398 2912 Graece
413 2885 453 2914 sic
468 2894 474 2913 :
492 2885 552 2914 Non
567 2888 634 2915 enim
648 2888 800 2924 insidiatur,
819 2895 844 2916 ut
865 2890 915 2918 insi
926 2890 1049 2917 Iialurcnt
1064 2890 1175 2925 aliquem
1190 2890 1287 2924 capiat,
1306 2890 1343 2916 t'cl
1357 2889 1503 2922 inimictnu,
1517 2889 1553 2917 rc!
1566 2890 1662 2924 feram.
