1876 3066
813 123 1009 155 EUTIIYMII
1031 122 1211 154 ZIGABENI
1780 121 1824 153 163

1073 178 1104 205 Ὀ
1119 177 1154 203 δὲ
1168 176 1286 208 δικαίος
1303 177 1331 203 τί
1342 177 1470 210 ἐποίησε
1484 185 1494 209 ;
1509 176 1540 204 Ti
1556 176 1583 204 δὲ
1600 177 1731 204 ἔπταισεν
1748 179 1762 204 ὁ
1788 179 1825 204 δί·

200 131 253 164 167
274 144 279 147 λ

232 186 329 212 Justus
339 187 427 210 autem
443 181 505 217 quid
523 181 584 215 fecit
600 181 612 207 ἱ)
629 179 701 213 Quid
727 178 800 211 fecit,
822 178 921 213 inquit,
935 178 978 212 jn-
997 179 1017 205 Α

196 236 270 262 stus,
287 235 318 256 ut
333 227 493 263 huiusmodi
515 226 735 261 persecutionem
751 224 889 252 sustinere
905 224 961 251 ἀεὶ»

1065 233 1123 255 ιιος,
1138 224 1182 250 ἵνα
1196 223 1282 255 οὓτως
1307 223 1440 257 διώκηται
1454 231 1461 256 ;
1477 223 1546 259 Περὶ
1574 224 1672 251 ἑαυτοῦ
1700 224 1728 251 δὲ
1752 225 1826 251 τος)τέ

197 280 240 305 ret
253 277 264 302 ’ἶ
276 275 348 310 quod
367 274 401 301 de
414 273 507 308 seipso
530 271 668 306 Propheta
688 270 766 303 dicit,
782 269 865 297 veluti
879 269 925 304 qui
941 269 961 296 ir

1065 278 1129 303 '16W,
1142 268 1179 300 ὡς
1197 269 1246 295 οὐκ
1256 268 1434 303 ἀδικήσαντος
1450 269 1513 300 τοὺς
1526 268 1700 300 ἀδικοῦντας.
1716 270 1753 296 Ἦ
1768 272 1825 304 περὶ

195 322 268 358 juria
291 328 340 348 eos
358 320 471 346 minime
491 317 623 349 aﬂeccrit,
641 317 688 352 qui
705 317 758 344 sibi
785 316 852 344 adeo
875 315 961 343 fuerat

1065 324 1084 349 ις
1108 314 1212 342 ἄνωθεν
1237 314 1394 349 ἐπισκοπῆς
1422 314 1549 349 βούλεται
1576 314 1739 342 διδάσκειν·
1764 316 1780 342 6
1802 316 1826 342 δὲ

195 367 313 395 inimici.
333 365 428 394 Velde
440 372 559 400 superna
571 363 618 391 Dei
632 363 757 391 custodia
769 367 796 390 et
811 363 961 397 protection

1065 361 1114 392 εὸς,
1127 361 1141 387 ό
1154 360 1256 394 κυρίως
1268 361 1383 392 δίκαιος,
1398 360 1412 385 ὸ
1435 361 1524 395 μισῶν
1540 361 1588 396 τὴν
1606 361 1728 393 ἀδικεαν,
1745 362 1761 388 ὁ
1781 362 1827 396 μόο

195 413 273 447 loqui
293 411 421 443 intendit,
442 410 537 437 dicens
554 418 560 436 :
583 409 654 436 Deus
670 409 715 443 qui
740 409 850 443 proprie
872 415 903 435 ae
918 415 982 436 vere

191 457 287 492 justus
299 455 411 486 dicitur,
425 454 472 488 qui
485 460 593 480 omnem
609 460 717 487 semper
737 453 795 479 odit
807 452 982 487 injustitiam,

1037 416 1081 438 νος
1098 407 1198 441 κρίνων
1208 407 1306 442 ὀρθῶς,
1318 407 1421 434 τούτων
1436 408 1508 434 οὕτω
1521 407 1682 442 γινομένων,
1696 407 1724 434 τί
1735 408 1827 442 ἐποιη-

1038 461 1102 484 οεν;
1119 450 1175 488 ἄρα
1195 453 1342 489 παρεῖδεν;
1359 453 1398 479 Οὐ
1414 453 1464 488 μὲν
1479 451 1537 480 οὖν.

194 503 241 538 qui
253 502 329 530 solus
345 500 540 535 rectejudicat,
556 500 621 535 quid
647 500 712 527 fecit
726 501 737 527 τ
752 503 813 534 post
836 503 911 526 tanta
932 499 1062 527 nimirum
1075 500 1179 528 seclera
1193 507 1254 535 qua
1284 500 1319 527 ab
1351 499 1404 527 illis
1431 504 1539 534 patrata
1568 504 1633 528 sunt
1650 500 1662 528 ?
1697 501 1827 537 numquid

195 549 321 576 fortassis
336 548 469 583 despiciet
489 552 602 574 autnon
621 546 748 574 videbit?
766 546 887 574 Minime.

229 595 313 623 Vsus.
326 595 353 623 5.
369 595 498 622 Dominus
513 594 540 620 in
561 593 655 627 templo
675 599 767 620 sancto
795 602 855 625 suo.
884 594 977 620 Domi-

194 649 244 668 nus
257 641 285 668 in
305 641 368 667 coelo
381 641 453 667 sedes
474 640 544 675 ejus.
572 639 629 670 Est,
660 637 769 673 inquit,
791 639 924 667 Dominus
950 640 978 666 in

194 686 296 720 templo
313 685 485 718 Jerusalem;
503 688 545 711 cst
566 684 648 711 etiam
678 683 812 711 Dominus
835 684 935 711 sedens
951 684 978 711 in

195 731 276 758 coelo.
294 731 377 764 Quasi
393 731 487 757 dicat:
506 729 613 764 Ubique
635 729 713 756 adest
731 729 813 763 Deus,
831 733 858 756 et
884 737 979 757 omnes

195 777 330 811 prospicit
341 776 388 811 qui
406 775 508 810 injuria
524 775 680 802 ailiciuntur
694 783 700 801 :
717 775 790 809 quod
806 783 840 802 ex
861 783 980 811 sequen-

183 823 270 850 .tibus
284 823 370 857 magis
386 822 468 849 etiam
484 821 607 848 declarat
623 821 729 848 dicens:

231 868 309 896 Oculi
335 868 390 902 ejus
418 868 445 894 in
473 875 613 901 pauperem
644 869 819 902 prospiciunt,
847 869 1018 918 palpebra’B

194 914 252 949 ejus
262 914 401 948 exquirunt
414 913 488 948 ﬁlios
504 913 651 940 hominum.
668 913 727 940 Non
748 914 818 942 dixit
831 916 980 950 Aspiciunl,

195 960 243 988 sed
258 960 440 992 Prospieiuut,
468 960 668 994 protectionem
693 961 768 988 illam
798 962 928 990 nimirum
944 963 982 990 si-

194 1006 337 1041 gniﬁcans,
363 1013 445 1040 quam
471 1013 503 1032 ex
531 1005 587 1033 allo
613 1006 704 1034 habet.
723 1007 803 1035 Oculi
827 1012 918 1036 autem
933 1008 980 1036 Dei

194 1051 361 1086 intelligendi
377 1055 453 1083 sunt,
466 1051 602 1086 exquisita
619 1052 664 1079 illa
681 1053 799 1080 scientia
813 1057 841 1080 et
858 1055 981 1090 cognitio

193 1104 284 1124 rerum
298 1096 421 1124 omnium
443 1095 504 1131 quae
520 1098 588 1123 iiunt
607 1105 614 1123 :
642 1097 778 1132 palpebra!
802 1106 867 1126 vero
884 1099 980 1134 hujus,
997 1109 1000 1112 ’

193 1142 254 1177 ejus
271 1143 438 1177 cognitionis
453 1143 588 1169 velamen.
608 1143 747 1178 Palpebrae.
761 1145 896 1180 siquidem
920 1149 982 1180 teg-

194 1189 266 1215 mina
276 1189 419 1216 oculorum
448 1193 524 1215 sum.
537 1189 590 1216 Per
608 1190 755 1223 palpebras
775 1191 860 1225 igitur
876 1191 981 1226 signiti-

192 1241 256 1260 care
284 1234 380 1265 voluit,
407 1233 480 1267 quod
506 1234 529 1260 si
556 1234 667 1268 quando
689 1235 802 1263 videtur.
826 1235 897 1263 Deus
926 1244 980 1264 non

194 1278 331 1313 aspicere,
346 1278 394 1306 sed
408 1279 434 1305 in
461 1279 632 1307 absconditis
651 1281 735 1307 animi
756 1288 786 1308 ac
803 1282 903 1309 mentis
923 1290 980 1310 mo-

192 1325 260 1357 rari,
283 1328 348 1351 tunc
380 1329 469 1351 tamen
499 1325 586 1352 nihilo
613 1326 704 1353 minus
731 1326 803 1354 videt
822 1336 830 1354 :
850 1328 891 1355 vel
907 1329 980 1363 quod

194 1370 287 1397 omnia
315 1371 458 1405 prospicit,
488 1371 571 1398 veluti
598 1373 644 1406 qui
659 1380 712 1399 non
742 1373 831 1402 oculis
860 1378 980 1408 tantum,

194 1415 242 1443 sed
258 1416 326 1450 ipsis
352 1417 433 1443 etiam
467 1417 605 1451 palpebris
630 1418 780 1450 intueatur,
800 1425 828 1447 et
851 1428 884 1447 ex
904 1422 979 1448 omni

192 1465 270 1496 parte
285 1461 375 1487 omnia
391 1466 549 1496 cognoscat.
570 1462 720 1498 Exquirere
738 1465 822 1492 etiam
848 1466 919 1494 idem
933 1471 976 1495 est

192 1506 265 1540 quod
278 1514 453 1542 cognoscere.
470 1507 554 1535 Filios
576 1514 668 1536 autem
695 1510 839 1538 hominum
869 1520 918 1546 pro
930 1513 980 1540 bo-

1067 591 1176 625 Κύριος
1190 590 1225 618 ἐν
1244 589 1307 623 ναῷ
1319 589 1393 624 ἁγίῳ
1409 589 1514 621 αὐτοῦ,
1531 590 1640 623 Κύριος
1657 589 1693 616 ἐν
1711 590 1827 624 οὐραγῷ

1033 640 1050 666 ὁ
1064 639 1171 672 θρόνος
1186 636 1290 666 αὑτοῦ.
1311 636 1356 662 Ἐν
1371 636 1410 670 τῷ
1422 636 1494 663 κατά
1506 636 1557 671 τὴν
1575 636 1760 672 Ἰερουσαλὴμ
1774 636 1826 670 ναῷ

1034 684 1103 716 ἐστι,
1118 684 1166 710 καὶ
1179 683 1217 718 τῷ
1232 681 1341 717 οὐρανῷ
1356 681 1485 716 κάθηται,
1500 681 1651 713 τουτέστιν,
1667 682 1826 717 ἁπανταχοῦ

1035 728 1161 764 πάρεστι,
1178 728 1297 759 καὶτοὺς
1317 727 1513 762 ἀδικουμένους
1531 728 1592 762 ὁρᾷ.
1611 727 1698 754 Τοῦτο
1715 728 1771 763 γὰρ
1785 728 1826 754 διὰ

1033 775 1090 802 τῶν
1103 773 1166 808 ἑξῆς
1183 774 1324 808 ἐπήναετεν
1338 781 1346 789 ·

1073 864 1105 890 Oi
1123 863 1270 898 ὀφθαλμοὶ
1295 863 1389 890 αὺτοῦ
1417 863 1461 896 εις
1484 863 1537 890 τὸν
1565 862 1684 897 πένητα
1708 863 1825 890 ἐπιϐλέ-

1031 917 1143 938 πουσι·
1170 910 1207 937 τὰ
1227 909 1370 944 ,ϐλέφαρα
1397 909 1491 937 αὑτοῦ
1507 909 1635 942 ἐξετάζει
1653 910 1725 943 τοὺς
1743 911 1825 943 υιοὺς

1032 956 1092 983 τῶν
1105 955 1280 989 ἀνθρώπων.
1298 956 1355 982 Οὐκ
1376 952 1437 981 εἶπε
1452 955 1616 986 Βλέπουσιν,
1633 955 1693 982 ἀλλ’
1707 956 1824 983 ἐπιϐλέ-

1032 1009 1138 1034 πουσι,
1154 1002 1204 1036 τὴν
1219 1001 1249 1033 ἐξ
1272 1001 1357 1035 ὕψους
1377 1001 1466 1035 δηλῶν
1489 1001 1654 1036 ἐπισκοπὴν.
1675 1002 1824 1037 Ὀφθαλμοὶ

1030 1047 1060 1073 δὲ
1073 1047 1152 1078 Θεοῦ,
1166 1048 1182 1082 ή
1198 1047 1317 1082 ἀκριϐὴς
1331 1046 1432 1080 γνῶσις
1444 1046 1500 1072 τῶν
1515 1046 1667 1081 γινομένων
1680 1055 1686 1062 ·
1701 1047 1824 1082 βλέφαρα

1031 1093 1071 1126 δὲ,
1100 1095 1116 1128 ἡ
1142 1093 1228 1129 ἐποχὴ
1251 1093 1301 1128 τῆς
1326 1093 1456 1128 τοιαύτης
1477 1094 1624 1127 γνώσεως·
1639 1093 1676 1121 τὰ
1702 1094 1824 1130 βλέφαρα

1032 1140 1098 1174 γὰρ,
1112 1139 1270 1175 καλύπτραι
1281 1139 1335 1165 τῶν
1349 1139 1509 1174 ὀφθαλμῶν.
1524 1140 1573 1166 Διὰ
1587 1139 1680 1174 μέντοι
1694 1141 1750 1166 τῶν
1764 1140 1824 1175 βλε-

1032 1185 1128 1219 φάρων
1145 1185 1331 1220 παρέστησεν,
1349 1185 1387 1217 ὠς
1402 1185 1450 1212 καὶ
1464 1185 1509 1212 ὅτε
1520 1186 1596 1212 δοκεῖ
1619 1186 1657 1221 μὴ
1673 1187 1752 1222 ὁρᾷν,
1770 1184 1823 1213 οἷον

1032 1232 1061 1258 ὲν
1075 1233 1132 1263 τοῖς
1147 1231 1320 1266 ὰποκρύφοις
1332 1232 1383 1266 τῆς
1402 1231 1503 1266 ψυχῆς,
1523 1232 1574 1258 οὐκ
1589 1231 1701 1258 ἔλαττον
1716 1233 1779 1268 ὁρᾷ.
1791 1233 1822 1258 ἸΙ

1033 1278 1078 1305 καὶ
1100 1278 1131 1304 τὸ
1155 1278 1326 1313 παντέφορον
1350 1277 1434 1304 αὑτοῦ
1464 1278 1602 1305 δείκνυσιν
1628 1278 1767 1311 ἐντεῦθεν,
1793 1280 1821 1306 οὗ

1033 1323 1114 1358 μόνον
1130 1323 1292 1359 ὀφθαλμοῖς,
1318 1323 1386 1350 ἀλλὰ
1403 1324 1448 1350 καὶ
1463 1323 1610 1359 βλεφάροις
1632 1324 1762 1359 ὁρῶντος,
1778 1325 1823 1350 καὶ

1032 1371 1202 1405 πανταχόθεν
1230 1371 1320 1398 πάντα
1337 1370 1529 1404 γινώσκοντος.
1553 1370 1709 1404 Ἐξετάξειν
1732 1371 1772 1402 δὲ,
1795 1371 1823 1396 τὴ

1031 1416 1234 1449 διαγινώσκειν.
1253 1416 1333 1447 Υὶοὺς
1348 1416 1375 1442 δὲ
1396 1415 1558 1450 ἀνθρώπων,
1573 1416 1679 1447 πάντας
1701 1416 1764 1447 τοὺς
1780 1417 1823 1441 ἁν-

1032 1461 1169 1497 θρώπους,
1188 1461 1295 1494 ’Δπλῶς
1310 1462 1398 1494 διττὸς
1419 1464 1467 1488 καὶ
1488 1463 1502 1489 ὁ
1525 1462 1620 1498 πένης,
1642 1462 1716 1488 κατά
1732 1471 1762 1488 τε
1776 1463 1822 1497 τὴν

1033 1508 1061 1534 ὲν
1071 1508 1195 1543 χρήμασι
1211 1508 1384 1543 περιουσίαν,
1394 1508 1441 1535 καὶ
1449 1509 1498 1543 τὴν
1510 1509 1539 1535 ὲν
1552 1509 1677 1544 ἀρεταῖς.
1697 1509 1786 1542 Σαφὲς
1796 1509 1821 1534 δὲ

192 1552 312 1581 minibus
329 1552 492 1587 simpliciter
505 1553 607 1588 posuit.
625 1554 734 1591 Pauper
754 1564 819 1584 vero
835 1556 961 1592 duplicitc

1067 1562 1131 1586 τως·
1150 1555 1201 1581 Τὸν
1216 1555 1266 1589 μὲν
1278 1552 1326 1581 οὗν
1341 1555 1413 1581 κατὰ
1431 1554 1480 1590 τὴν
1493 1555 1522 1581 ἐν
1533 1555 1656 1590 χρήμασι
1666 1556 1821 1590 περιουσίαν

190 1598 303 1630 dicitur,
329 1599 487 1633 patrimonii
509 1600 615 1629 scilicet
632 1602 819 1636 possessione,
843 1607 871 1630 et
896 1604 981 1631 virtu-

190 1647 261 1670 tum.
277 1643 376 1670 Verum
401 1644 467 1671 illud
495 1645 670 1673 manifestum
688 1651 730 1674 est
756 1647 830 1682 quod
855 1649 980 1683 pecuniis

192 1696 350 1722 pauperem,
381 1690 426 1724 qui
444 1691 545 1719 virtute
556 1692 634 1720 dives
653 1693 700 1722 sit.
728 1694 859 1727 respiciat
884 1695 977 1722 Donni-

193 1741 267 1783 nus:
288 1735 417 1769 quodque
440 1741 548 1768 contra.
563 1739 711 1766 virtutibus
738 1746 886 1774 pauperem
911 1740 979 1768 abo-
1004 1770 1020 1783 ,

191 1778 326 1811 minatur,
343 1788 510 1817 quamquam
533 1782 659 1817 pecuniis
684 1783 720 1811 sit
741 1784 828 1813 dives.
855 1786 979 1813 Primum

1034 1601 1139 1636 πένητα
1155 1600 1309 1633 ὲπιὸλέπει,
1325 1600 1493 1627 πλουτοῦντα
1509 1600 1559 1635 τὴν
1584 1601 1697 1635 ἀρετήν·
1723 1601 1768 1627 τὸν
1795 1601 1821 1627 δὲ

1035 1648 1108 1674 κατὰ
1121 1646 1170 1682 τὴν
1185 1647 1215 1673 ὲν
1230 1647 1343 1681 ἀρεταῖς
1356 1647 1571 1682 ἀποστρέφεται,
1597 1646 1768 1674 πλουτοῦντα
1794 1647 1820 1672 ἐν

1032 1694 1169 1729 χρήμασι.
1184 1693 1236 1720 Τὸν
1251 1694 1301 1729 μὲν
1315 1693 1361 1720 οὖν
1379 1693 1487 1729 πρῶτον
1503 1693 1567 1728 ὁρᾷ,
1591 1693 1761 1721 πλουτοῦντα
1783 1689 1821 1724 οἷς

1042 1741 1055 1766 ὁ
1076 1740 1204 1776 δεύτερος
1220 1740 1332 1766 πένεται
1343 1747 1350 1753 ·
1362 1740 1406 1766 τὸν
1423 1739 1452 1766 δὲ
1469 1740 1595 1774 δεύτερον
1606 1739 1820 1775 ἀποστρέφεται,

1037 1786 1186 1821 πενόμενον
1197 1783 1238 1817 οἷς
1252 1785 1386 1820 ὁπρῶτος
1415 1785 1536 1818 πλουτεῖ,
1570 1784 1630 1812 κατ’
1659 1785 1819 1820 ἐναλλαγήν,

190 1824 274 1861 igitur
289 1833 434 1862 pauperem
455 1827 589 1856 Dominus
616 1829 740 1863 respicit,
763 1831 809 1866 qui
831 1832 960 1860 rebusiis
973 1832 1106 1866 abundat,
1123 1834 1225 1868 quibus
1240 1833 1381 1862 secundus
1392 1832 1517 1868 indiget:
1538 1839 1554 1859 a
1582 1833 1707 1860 secundo
1735 1838 1819 1860 autem

190 1874 334 1907 avertitur,
372 1875 418 1908 qui
433 1874 466 1902 iis
483 1879 569 1907 caret,
585 1875 687 1910 quibus
706 1877 828 1905 abundat
845 1879 960 1913 primus.

227 1920 309 1948 Vens.
325 1920 352 1948 6.
379 1920 508 1948 Domitius
536 1922 651 1956 exquirit
680 1923 786 1957 justum
811 1930 835 1952 el
853 1926 976 1961 impium.

189 1967 240 1994 Per
251 1966 302 1993 hoc
320 1966 477 1994 declaratur
489 1967 555 2001 quid
571 1968 728 2003 signiﬁcent
743 1970 789 1997 illa
799 1971 892 2003 verba,
904 1973 977 2007 ﬁlios

188 2011 443 2046 liouziuunujustos
455 2012 586 2039 nimirum
604 2017 631 2041 et
641 2013 773 2049 injuslos,
790 2023 860 2050 quos
877 2017 977 2052 impios

186 2058 268 2085 etiam
284 2058 412 2093 appellat.
434 2058 499 2092 quia
529 2058 615 2086 Deum
640 2060 792 2096 negligunt,
812 2063 877 2089 dum
906 2064 978 2092 illius

186 2108 320 2138 puecepta
336 2104 485 2131 observare
497 2109 691 2134 contemnunt.

222 2149 274 2181 Qui
291 2153 377 2176 autem
393 2149 480 2184 diligit
496 2150 670 2184 injusliliam,
688 2151 744 2179 odit
757 2153 876 2182 animum
887 2164 974 2184 suam.

186 2193 249 2221 llaec
268 2199 310 2222 est
337 2200 428 2222 autem
455 2203 540 2224 causa
564 2204 651 2232 quare
679 2199 801 2228 conﬁdat
827 2200 974 2237 Propheta.

1073 1927 1180 1961 Κύριος
1205 1927 1334 1959 ἐξετάζει
1357 1927 1413 1954 τὸν
1429 1926 1558 1960 δίκαιον,
1579 1927 1628 1954 καὶ
1647 1928 1703 1953 τὸν
1716 1928 1820 1961 ἀσεϐῆ·

1032 1972 1120 1999 Τοῦτο
1152 1971 1324 2007 διακριτικὸν
1340 1972 1392 2006 τῆς
1420 1972 1476 1998 τῶν
1500 1971 1653 2007 ἀνθρώπων
1671 1973 1819 2008 σημασίας,

1031 2019 1072 2045 ὃτι
1090 2019 1138 2046 καὶ
1149 2019 1212 2050 τοὺς
1224 2018 1344 2050 δικαίους
1360 2018 1447 2052 λέγει,
1469 2019 1517 2044 καὶ
1534 2018 1598 2048 τοὺς
1619 2017 1744 2050 ἀδίκους,
1760 2019 1820 2046 ἀσε-

1031 2064 1145 2096 ϐοῦντας
1159 2065 1188 2091 ὲν
1202 2064 1241 2099 τῷ
1260 2064 1405 2099 ἀτιμάζειν
1418 2063 1495 2097 Θεὸν,
1512 2063 1558 2090 διὰ
1570 2063 1620 2098 τῆς
1633 2064 1690 2091 τῶν
1707 2065 1820 2092 ἐντολῶν

1032 2110 1115 2137 αὑτοῦ
1136 2110 1380 2146 καταφρονήσεως.

1071 2156 1099 2182 ὀ
1111 2156 1145 2183 δὲ
1156 2155 1282 2191 ἀγαπῶν
1296 2155 1354 2190 τὴν
1377 2155 1510 2189 ἀδικίαν,
1531 2155 1618 2190 μισεῖ
1635 2156 1694 2190 τὴν
1715 2155 1822 2183 ἑαυτοῦ

1030 2200 1147 2235 ψυχήν.
1160 2200 1301 2227 Καὶτοῦτο
1316 2200 1433 2236 θάρσους
1444 2201 1543 2232 αἴτιον,
1560 2201 1607 2227 καὶ
1619 2201 1820 2231 διδασκαλικὸν.

186 2239 385 2268 Documentum
405 2247 536 2276 praeterea
554 2245 699 2272 continent
721 2245 780 2274 haec
797 2247 890 2282 verba,
903 2256 959 2283 quo

1065 2255 1069 2278 ζ
1091 2247 1184 2279 ἄδικος
1198 2247 1247 2282 τῆς
1274 2246 1370 2273 ἑαυτοῦ
1397 2246 1472 2282 ζωῆς
1487 2247 1534 2273 τὸν
1554 2246 1670 2274 θάνατον
1686 2248 1821 2282 κατεργά-

186 2285 307 2319 injustus
334 2287 453 2322 quisque
471 2288 532 2316 vitae
562 2290 681 2325 propria:
700 2296 816 2320 mortem
833 2298 974 2329 operatur,

185 2331 284 2358 animae
325 2339 381 2359 suae
409 2333 536 2362 inimicus
561 2334 688 2364 eil‘ectus.
731 2336 828 2366 Pravis
873 2340 974 2368 etenim

185 2384 218 2405 ac
244 2377 369 2405 scelestis
398 2380 554 2408 actionibus
572 2382 641 2414 suis,
659 2381 744 2409 Deum
764 2391 872 2418 semper
887 2385 975 2420 magis

184 2423 273 2450 irritat
285 2431 316 2451 ac
334 2430 464 2459 provocat
477 2427 611 2454 adversus
622 2428 741 2454 animam
758 2436 848 2456 suam.

219 2468 304 2497 Vens.
320 2470 347 2497 7.
366 2469 441 2498 Pluet
463 2479 543 2506 super
563 2477 714 2505 peccatores
738 2473 856 2508 laqueos.
874 2475 973 2503 Addu‘

183 2520 238 2549 cet,
253 2516 354 2551 inquit,
371 2515 505 2543 Dominus
539 2517 675 2552 supplicia
699 2525 782 2553 super
804 2525 972 2555 peccatores,

181 2563 282 2597 quibus
296 2563 401 2590 detenti
430 2571 445 2590 a
475 2563 592 2598 pristino
617 2564 720 2600 impetu
749 2573 970 2601 compescentur.

182 2608 239 2636 llac
256 2613 347 2636 autem
358 2609 457 2643 pluviae
470 2609 644 2644 metaphora,
664 2617 800 2638 summam
816 2613 970 2648 supplicio-

181 2663 242 2683 rum
261 2655 458 2683 abundantiam
473 2663 506 2683 ac
530 2656 737 2690 perpetuitatem
749 2657 900 2687 denotavit.

218 2703 291 2738 Ignis
302 2707 326 2729 et
342 2703 454 2737 sulphur
469 2707 493 2730 ct
511 2703 622 2737 spiritus
650 2704 774 2739 pracellce
791 2713 854 2740 pars
877 2706 971 2734 calicls

179 2750 248 2785 ejus.
269 2749 342 2786 ignis
355 2750 464 2785 quidem
481 2750 689 2778 eﬂicacissimus
700 2756 760 2786 est;
777 2753 893 2787 sulphur
905 2761 970 2782 vero

180 2797 289 2832 pinguis
306 2801 333 2824 et
352 2804 446 2824 crassa
474 2797 548 2825 illius
573 2804 646 2825 esca.
678 2797 736 2824 Hoc
765 2798 839 2826 enim
863 2799 968 2827 fomitis

179 2849 294 2878 genere,
310 2843 381 2879 ignis
411 2843 488 2872 valde
507 2844 638 2872 nutritur.
661 2844 780 2880 Spiritus
813 2845 894 2873 etiam
917 2853 967 2874 seu

1031 2294 1123 2328 ζηται,
1136 2292 1234 2328 ἐχθρὸς
1249 2293 1299 2328 τῆς
1314 2292 1418 2324 οἰκείας
1430 2291 1521 2327 ψυχῆς
1538 2292 1690 2326 γινόμενος.
1705 2294 1757 2320 Διὰ
1772 2295 1819 2328 γὰρ

1030 2339 1086 2366 τῶν
1112 2338 1229 2366 ἀνοσίων
1252 2338 1382 2374 πράξεων
1410 2338 1559 2374 παροξύνει
1581 2339 1642 2365 κατ’
1667 2338 1754 2375 αὐτῆς
1779 2342 1818 2366 τν

1029 2385 1106 2412 Θεόν.

1067 2473 1233 2508 Ἐπιϐρέεει
1266 2473 1315 2500 ἐπὶ
1345 2473 1540 2508 ἁμαρτωλοὺς
1575 2474 1716 2508 παγίδας.
1746 2476 1816 2502 Ἐπι-

1025 2521 1128 2557 6ρέξει,
1145 2521 1285 2548 τουτέστιν
1308 2519 1414 2547 ἄνωθεν
1433 2520 1542 2553 ἑπάξει,
1567 2521 1624 2552 τοῖς
1643 2521 1816 2556 ἁμαρτωλοῖς

1024 2567 1152 2601 παγίδας,
1176 2566 1236 2602 ἦτοι
1263 2566 1411 2603 τιμωρίας,
1441 2567 1476 2593 δι’
1497 2563 1535 2593 ὧν
1559 2566 1754 2602 θηρευόμενοι,
1770 2567 1816 2602 τῆς

1023 2613 1113 2648 ὁρμῆς
1127 2614 1280 2646 ὲφέξονται.
1308 2613 1347 2648 Τῇ
1373 2613 1466 2648 μέντοι
1487 2613 1572 2649 βροχῇ
1601 2613 1651 2648 τὴν
1675 2613 1814 2648 δαψίλειαν

1026 2660 1075 2696 και
1086 2658 1229 2693 συνέχειαν
1242 2658 1297 2684 τῶν
1311 2658 1455 2693 τιμωριῶν
1472 2658 1594 2693 ᾐνίξατο.

1060 2705 1125 2739 Πῦρ
1143 2704 1200 2732 καιι
1208 2704 1289 2732 θεῖον
1310 2705 1358 2731 καὶ
1373 2704 1493 2740 πνεῦμα
1512 2705 1684 2739 καταιγίδος
1697 2705 1718 2740 ἠ
1734 2706 1814 2740 μερίς

1024 2751 1077 2778 τοῦ
1091 2751 1236 2785 ποτηρίου
1263 2750 1368 2781 αὑτοῦ.
1399 2751 1572 2786 Δραστήριον
1600 2751 1652 2785 μὲν
1678 2752 1710 2778 τὸ
1739 2752 1811 2786 πῦρ·

1024 2797 1127 2832 λιπαρὶι
1149 2797 1176 2823 δὲ
1197 2796 1286 2832 τροφὴ
1303 2796 1401 2831 πυρὸς,
1422 2797 1452 2824 τὸ
1471 2797 1559 2824 θεῖον·
1573 2796 1644 2829 εἶδος
1667 2798 1723 2832 γὰρ
1738 2797 1812 2824 τοῦτο

1023 2843 1084 2871 λίαν
1100 2843 1247 2879 θρεπτικὸν
1262 2843 1358 2879 πυρός·
1368 2844 1597 2880 ἀναῤῥιπιστικὺν
1605 2844 1633 2871 δὲ
1643 2845 1692 2880 τῆς
1703 2844 1813 2880 φλογὸςι
