1870 3069
75 184 119 216 ‘05
618 181 814 213 COMMENT.
842 182 880 212 ΙΝ

75 288 140 314 λοντα
163 283 347 319 συμϐήσεσθαι
373 284 428 315 τοῖς
452 283 558 319 ἐχθροῖς
575 282 670 310 αὑτοῦ.
698 283 728 310 Ei
745 282 773 308 δὲ
790 282 837 309 καὶ

75 332 201 367 ἐπαρᾶται,
213 330 323 364 νομικὸν
336 329 424 360 τοῦτο,
441 328 513 356 καθὰ
529 328 701 364 προείρηται.
717 328 771 354 Καὶ
790 327 837 355 ἆλ-

75 379 117 408 ὶως
127 371 189 412 γάρῖ
205 376 297 403 Τύπτε
320 374 475 408 ἀδόκιμον,
494 374 587 408 φησὶν,
603 373 755 408 ἀργύριον,
786 373 834 399 καὶ

74 422 302 457 ιαθαρισθήσεται
321 421 402 448 ἅπαν
413 429 419 436 ·
437 421 559 455 ἐπηρᾶτο
581 419 646 454 γὰρ,
664 420 713 454 οὐχ
737 419 775 450 ὼς
790 427 835 446 πι-

74 469 136 504 χρδς,
149 468 201 494 ἀλλ’
216 467 253 498 ὡς
269 467 464 502 μισοπόνηρος,
480 466 523 492 ῐνι
548 465 754 500 μαστιχθέντες,
782 464 836 499 φύ-

73 523 134 548 γοιεν
151 514 196 548 τὴν
215 513 367 548 μέλλουσαν
382 513 493 547 κρίσιν’
517 512 533 547 ἢ
550 513 594 539 ἵνα
612 511 715 538 τούτων
740 511 839 538 παθόν-

73 569 127 591 των,
138 560 218 594 ἕτεροι
228 560 362 593 γάνυνται
379 558 511 593 βελτίους.
524 559 570 584 Δεῖ
582 558 610 585 δὲ
623 557 780 592 γινώσκειν,
797 557 838 583 ὃτι

72 606 99 631 τὰ
115 605 213 631 πλείονα
227 606 274 632 καὶ
291 605 458 640 καιριώτερα
471 604 520 631 τοῦ
535 604 642 639 ψαλμοῦ
658 605 698 634 εἰς
710 604 756 629 τὸν
771 604 839 642 Χριτ

73 651 123 676 στὺν
135 651 353 685 ἑκλαμϐἀνονται,
371 650 426 677 τῶν
454 650 610 686 ἀχαρίστων
634 649 769 676 Ἰουδαίων
786 657 837 675 κα-

72 696 236 723 ταδιωκόντων
249 697 340 724 αὐτόν.

901 183 1081 214 PSALMOS.
1617 189 1673 221 406

892 287 979 308 autem
995 283 1053 309 dico
1067 282 1137 309 vobis
1153 290 1162 310 :
1181 283 1289 318 Diligite
1313 284 1436 311 inimicos
1467 292 1578 318 vestros,
1600 287 1676 315 benc-

890 326 971 353 dicite
997 327 1212 362 persequentibus
1233 336 1278 355 vos
1294 328 1318 344 ⁷⁸
1335 338 1341 361 ;
1364 329 1407 356 vel
1429 330 1491 364 quia
1518 332 1599 358 verba
1619 332 1676 360 hasc

891 372 960 399 beati
978 372 1059 399 David
1085 373 1261 408 intelligenda
1287 378 1362 406 sunt,
1392 383 1446 402 non
1474 381 1503 402 ut
1522 377 1676 411 imprecen-

891 424 945 451 tur,
961 418 1009 446 sed
1023 419 1096 454 quod
1116 420 1168 446 sub
1191 420 1402 455 imprecationis
1421 422 1501 448 modo
1517 429 1548 449 ea
1579 424 1677 458 praedi-

888 468 962 497 cant,
975 472 1036 499 quae
1055 465 1176 493 inimicis
1192 471 1325 494 eventura
1341 472 1431 494 erant.
1451 467 1499 495 Vel
1520 476 1552 495 ea
1569 469 1676 497 ratione

891 510 1017 538 fortassis
1041 511 1220 546 lmprccatur,
1246 519 1298 547 qua
1324 513 1455 548 scriptum
1480 518 1522 541 est
1539 523 1546 542 :
1566 514 1678 542 Percutc

890 560 1029 590 argentum
1053 556 1206 589 reprobum,
1228 562 1250 583 et
1277 558 1446 593 purgabilur.
1474 559 1679 594 lmprecahatur

890 606 980 629 autem
996 602 1038 630 eis
1046 602 1151 630 ‘boalus
1167 602 1262 635 David,
1279 612 1333 631 non
1351 609 1378 632 ut
1390 605 1506 634 acerbus
1519 606 1618 639 hostis,
1629 607 1678 634 sed

891 647 976 674 veluti
997 648 1020 674 is
1047 648 1093 682 qui
1119 655 1220 682 pravos
1249 656 1347 677 omnes
1375 651 1500 679 homines
1527 652 1632 685 oderat,
1652 656 1678 680 et

891 693 1003 727 optabat
1020 701 1068 721 eos
1084 694 1268 729 caSIigatione
1283 696 1436 730 emendari,
1461 702 1489 724 ut
1507 697 1628 726 futurum
1646 705 1678 724 ac

73 742 183 770 horribile
204 743 337 778 judicium
354 744 512 776 evaderem,
537 744 577 772 vel
596 749 625 771 ut
644 751 692 778 per
715 743 823 770 illorum
846 749 941 776 poenas
963 741 1008 768 alii
1026 740 1123 769 ﬂerent
1155 742 1291 771 meliores.
1333 743 1400 771 Illud
1426 745 1537 780 insuper
1579 746 1681 774 adden—

72 789 125 818 dum
165 795 290 824 putamus
321 791 354 818 ad
383 791 523 826 praedicta,
565 791 637 826 quod
662 790 738 825 plura
765 796 797 816 ac
839 789 945 823 potiora
967 787 1055 822 ipsius
1082 788 1179 822 psalmi
1201 789 1284 817 verba
1311 790 1422 818 Christo
1467 791 1584 821 Domino
1607 798 1682 821 recte

71 837 252 864 accommodari
270 842 396 873 possunt,
413 839 546 866 adversus
565 838 770 873 ingratissimos
784 835 903 864 Iudaeos.

147 884 195 917 εις
206 883 294 917 τέλος
307 885 345 918 τῷ
361 885 443 912 παιδὶ
455 886 577 919 Κυρίου,
592 884 632 917 τῷ
641 884 739 911 Audit.

332 931 478 958 ΨΑΔΜΟΣ
495 932 556 958 ΛΕ’.
858 936 879 963 Β

98 977 255 1012 Διωκόμενος
281 979 295 1005 6
317 978 399 1005 Δασὶδ
424 979 478 1005 ὑπὸ
506 978 604 1011 Σαοὺλ,
630 978 784 1012 κατέφυγεν
800 979 840 1010 εἰς

72 1022 184 1058 σπήλαιον
206 1022 445 1057 κοιμηθησόμενος
456 1031 463 1038 ·
480 1021 548 1058 ἦλθε
562 1023 591 1049 δὲ
609 1024 656 1049 καὶ
678 1022 775 1054 Σαοὺλ,
793 1021 840 1048 καὶ

69 1068 207 1103 ὲνεκυλισθη
223 1068 323 1103 τούτῳ,
345 1068 382 1103 μὴ
404 1068 492 1100 εἰδὼς,
508 1069 550 1095 ὅτι
566 1068 649 1095 Δαὸὶδ
665 1068 725 1095 iast
738 1068 839 1103 κέκρυ-

71 1124 133 1141 πται.
144 1115 246 1147 Νυκτὸς
258 1115 286 1141 δὲ
301 1114 383 1141 Δασὶδ
395 1114 526 1146 ἀναστὰς,
541 1115 677 1150 ἐπέστησε
692 1113 766 1149 αὑτῷ
782 1122 840 1141 κοι-

71 1162 180 1196 μιιιμένῳ,
200 1161 248 1188 καὶ
268 1161 444 1195 φεισάμενος,
469 1160 590 1195 περιεῖλε
607 1160 686 1195 μόνον
697 1160 728 1186 τὸ
741 1159 842 1194 πτερύ-

73 1216 120 1239 γιον
130 1208 173 1242 τῆς
188 1207 324 1239 διπλοΐδος
340 1206 434 1238 αὑτοῦ,
450 1207 517 1241 πρδς
534 1205 681 1239 ἀπόδειξιν.
697 1205 765 1233 Εἶτα
782 1206 841 1241 μεθ’

69 1254 159 1288 ἡμέραν
182 1254 270 1281 Σαοὺλ
288 1254 338 1287 μὲν
353 1253 464 1289 ἐξῆλθεν
474 1262 482 1269 ο
505 1253 586 1280 Δαὸὶδ
601 1253 629 1279 δὲ
644 1252 841 1286 ἀκολουθήσας,

68 1299 149 1333 ὲὸόησε
166 1299 320 1336 πόρρωθεν,
346 1300 393 1326 καὶ
418 1299 557 1326 ὠνείδισεν
580 1298 656 1333 αὑτῷ
673 1299 721 1334 τὴν
749 1298 841 1326 ἄδικον

68 1345 203 1381 ἐπιϐουλήν.
220 1345 385 1381 Ἀνήγγειλε
407 1345 434 1372 δὲ
451 1345 498 1372 καὶ
514 1345 564 1380 τὴν
580 1344 679 1371 ἑαυτοῦ
701 1345 841 1372 δικαιοσύ-

68 1399 117 1424 νην,
142 1391 283 1424 ὑποδείξας
299 1391 330 1418 τδ
346 1391 396 1426 τῆς
420 1391 555 1422 διπλοΐδος
584 1390 742 1426 πτερύγιον.
768 1392 798 1418 ’0
813 1391 842 1418 δὲ

67 1437 454 1474 καταισχυνθεὶς-ὡμολόγησε.
469 1438 517 1464 καὶ
531 1437 681 1473 κατενύγη,
697 1438 743 1464 καὶ
752 1437 842 1472 λόγοις

66 1483 297 1519 ὲπικεχρυσμένοις
319 1483 415 1519 ἀγάπῃ
439 1483 508 1518 πρὸς
522 1483 606 1510 Δαὸὶδ
621 1483 768 1519 ἐχρήσατο.
785 1484 842 1510 Πά-

65 1530 100 1555 λιν
120 1530 146 1557 δὲ
166 1531 345 1557 κατεδεωκεν.
377 1529 460 1556 Ὅθεν
491 1529 690 1565 βαρυθυμήσας
710 1530 724 1555 6
748 1529 841 1563 Δαὸὶδ,

68 1576 197 1612 συνέθηκεν
212 1577 257 1603 τὸν
274 1576 398 1612 παρόντα
412 1574 530 1610 ψαλμὸν,
547 1576 766 1610 προηγουμένως
793 1576 842 1610 μὲν

67 1622 136 1649 αὐτοῦ
152 1623 367 1657 καθαπτόμενος,
383 1622 480 1649 ἔπειτα
492 1622 540 1650 καὶ
552 1622 651 1653 παντὸς
663 1622 750 1649 δολίου
773 1630 839 1657 στη-

67 1668 163 1695 ὶιτεύων
172 1669 365 1704 κακοτροπιαν.
378 1669 430 1700 Εις
442 1667 475 1695 τὸ
487 1668 575 1701 τέλος
584 1668 612 1695 δὲ
624 1669 838 1703 ἐπιγέγραπται,

66 1713 101 1739 δά
115 1714 142 1740 τὸ
166 1712 350 1749 προφητεύειν
368 1713 398 1740 ὲν
412 1712 488 1747 αὐτῷ
502 1713 552 1748 τὴν
568 1715 609 1744 εις
624 1713 699 1744 τέλος
723 1713 839 1748 £16561}-

67 1759 132 1785 κυῖαν
143 1760 193 1786 τῶν
211 1759 320 1797 ἐχθρῶν
335 1758 486 1787 ἀπώλειαν.
505 1759 573 1791 Παῖς
592 1759 620 1785 δὲ
636 1759 739 1795 Κυρίου
758 1761 772 1786 6
785 1760 840 1786 Δα-

65 1804 108 1836 ea,
122 1806 155 1838 ὡς
168 1807 195 1833 ἐν
212 1809 243 1842 τῇ
261 1808 403 1840 ἐπιγραφῇ
419 1804 467 1833 τοῦ
484 1805 715 1833 ἑπτακαιδεκάτου
731 1806 839 1841 ψαλμοῦ

68 1851 232 1886 πρεεξηγτ,σ⁴·
286 1863 294 1871 κ

854 1606 876 1634 C

93 1981 183 2013 Φησὶν
196 1984 213 2011 δ
228 1983 404 2018 παράνομος
417 1983 471 2010 τοῦ
485 1983 667 2018 ἁμαρτάνειν
684 1983 719 2010 ἐν
731 1983 837 2016 ἐαυτῷ.

64 2026 93 2051 Τδ
106 2029 206 2062 Φησιν,
221 2030 283 2056 ἀντὶ
309 2029 368 2060 τοῦ.
390 2029 495 2063 οἴεται,
509 2030 617 2064 νοήσεις
628 2038 635 2045 ·
647 2031 694 2056 καὶ
717 2030 758 2062 τὸ,
773 2029 838 2062 τοῦ,

63 2074 188 2108 περιττάν·
206 2075 241 2102 ἵν’
259 2073 414 2113 ᾗτοιοῦτος
437 2076 452 2102 6
472 2075 552 2106 νοῦς·
569 2075 662 2102 οἴεται
682 2075 696 2100 6
719 2076 840 2110 παράνο-

63 2127 130 2152 ναμος
144 2121 315 2157 ἁμαρτάνειν
340 2122 368 2148 ἐν
384 2121 485 2156 ἑαυτῷ,
512 2114 652 2147 τουτέστιν
666 2122 695 2147 ἑν
712 2121 780 2155 μόνῃ
804 2121 837 2156 τῇ

62 2163 143 2192 ἑαυτοῦ
168 2167 323 2202 συνειδήσει
350 2166 512 2201 λεληθότως,
530 2165 568 2198 ὠς
584 2166 668 2201 μηδὲν
691 2165 740 2192 τοῦ
767 2165 836 2192 Θεοῦ

62 2210 197 2244 βλέποντος.
214 2213 249 2239 Ἦ
266 2213 316 2239 καὶ
328 2212 416 2244 ἄλλως
425 2221 431 2227 ·
449 2213 533 2246 Φησὶν
546 2213 576 2238 ὲν
592 2211 682 2246 ἑαυτῷ
693 2212 706 2238 6
717 2211 839 2246 παράνο-

1018 880 1049 907 tu
1070 881 1148 914 finem
1165 881 1215 914 ipsi
1233 889 1312 914 puero
1328 882 1434 909 Domini
1456 883 1551 913 Dauid.

1143 926 1303 955 PSALMUS
1323 927 1431 957 XXXV.

926 974 995 1001 Cum
1012 973 1111 1001 beatus
1128 973 1215 1001 David
1228 974 1332 1002 veritus
1349 974 1442 1003 Saulis
1457 978 1677 1012 persecutionem

891 1023 1045 1047 moraretur
1071 1020 1098 1046 in
1115 1019 1235 1053 deserto,
1265 1024 1292 1047 et
1317 1020 1466 1055 quamdam
1489 1021 1544 1048 illic
1567 1022 1681 1056 spelun-

891 1073 951 1092 cam
964 1065 1136 1094 dormiturus
1158 1065 1356 1099 subintrasset,
1375 1068 1451 1094 venit
1470 1075 1502 1094 eo
1514 1068 1566 1095 loci
1588 1076 1682 1103 perse-

892 1117 972 1140 cutor
987 1111 1048 1146 ejus
1065 1111 1142 1145 Saul,
1165 1113 1403 1148 pernoctavitque,
1422 1113 1508 1141 latere
1525 1115 1580 1142 illic
1605 1116 1682 1151 igno-

891 1165 957 1185 rans
966 1158 1074 1185 beatum
1088 1157 1184 1185 David.
1200 1157 1286 1186 Noctu
1304 1159 1396 1194 itaque
1408 1159 1491 1188 David
1501 1168 1679 1197 consurgens.

893 1203 981 1231 astitit
998 1211 1081 1238 supra
1095 1203 1288 1236 dormientem,
1303 1212 1475 1241 parcensque
1493 1208 1530 1239 ei,
1544 1208 1680 1235 lluihriam

893 1254 998 1276 tantum
1019 1249 1148 1284 diploidis
1161 1249 1254 1285 gladio
1274 1251 1398 1283 abstulit,
1419 1253 1446 1279 in
1472 1252 1535 1280 lacti
1559 1255 1682 1281 testimo-

895 1295 980 1322 nium.
1002 1295 1035 1322 Et
1051 1300 1162 1330 postera
1180 1295 1225 1323 die
1238 1300 1384 1323 exeuntem
1400 1297 1475 1324 illinc
1489 1297 1598 1325 Saulem
1614 1307 1681 1326 cmi-

893 1345 1017 1374 scculus,
1032 1345 1143 1368 ostensa
1163 1341 1269 1369 ﬂmbria
1294 1341 1424 1376 diploidis
1441 1343 1615 1376 acclamavit,
1633 1353 1682 1371 ex-

892 1387 1027 1422 probrans
1048 1386 1166 1421 injustas
1183 1386 1256 1414 illius
1284 1387 1412 1419 insidias,
1429 1392 1457 1415 et
1484 1395 1562 1417 suam
1582 1390 1684 1423 pariter

891 1432 1025 1467 justitiam
1053 1432 1231 1460 annuntians.
1248 1432 1297 1460 Ille
1320 1437 1410 1460 autem
1432 1433 1536 1468 pudore
1561 1434 1682 1464 suffusus

894 1485 947 1505 non
966 1478 1108 1511 mediocri,
1122 1479 1269 1506 confessus
1289 1483 1345 1512 est,
1358 1482 1385 1507 et
1407 1485 1597 1515 compunctus,
1625 1489 1683 1509 ver-

894 1524 993 1559 bisque
1008 1523 1183 1552 dilectionem
1207 1524 1368 1558 simulabat,
1395 1533 1492 1554 rursus
1509 1530 1600 1554 tamcn
1618 1535 1681 1554 eum

894 1569 1118 1604 persequebatur.
1136 1568 1213 1601 Quod
1241 1576 1313 1604 aegre
1344 1568 1434 1596 ferens
1462 1569 1559 1597 beatus
1584 1570 1681 1601 David,

893 1618 1056 1649 praesentem
1086 1613 1220 1648 psalmum
1249 1614 1404 1648 composuit
1426 1622 1433 1641 :
1458 1615 1546 1649 primo
1572 1614 1680 1649 quidem

892 1660 1033 1696 propesito
1047 1665 1075 1687 ut
1091 1660 1164 1688 illius
1184 1659 1279 1687 vitium
1297 1664 1432 1695 carperet,
1444 1660 1541 1687 deinde
1556 1660 1637 1687 etiam
1654 1666 1682 1687 ιιι

891 1706 978 1734 dolosi
995 1706 1141 1741 cujuslibet
1166 1706 1376 1741 perversitatem
1396 1710 1516 1733 notaret.
1551 1705 1582 1733 In
1602 1707 1682 1741 ﬁnem

891 1757 981 1781 autem
998 1753 1168 1786 inscribitur,
1189 1752 1252 1788 quia
1271 1753 1349 1780 in‘eo
1367 1752 1544 1780 inimicorum
1571 1752 1682 1779 destru-

892 1799 946 1828 ctio
960 1799 1128 1834 prmdicitur,
1145 1807 1210 1834 quae
1236 1799 1268 1827 ad
1283 1799 1376 1832 linem,
1391 1806 1438 1826 seu
1454 1798 1557 1826 exilqu
1587 1806 1682 1834 pervc-

891 1847 942 1873 nit.
961 1845 1033 1873 Puer
1048 1850 1141 1873 autem
1155 1845 1262 1872 Domini
1286 1845 1389 1873 dicitur
1403 1844 1500 1872 beatus
1519 1843 1604 1871 David
1628 1844 1681 1871 du-

892 1891 955 1927 plici
985 1892 1102 1925 ratione,
1120 1891 1351 1927 quemadmodum
1378 1898 1461 1926 supra
1493 1889 1629 1918 declaravi
1653 1890 1679 1917 in

891 1937 1070 1973 inscriptione
1081 1938 1179 1972 psalmi
1198 1945 1262 1964 xvn.

926 1982 1009 2011 Vsus.
1021 1983 1049 2009 ‘2.
1068 1982 1139 2010 Dicit
1157 1983 1264 2017 iniquus
1279 1982 1432 2017 delinquere
1443 1981 1469 2008 in
1484 1981 1580 2015 seipso.
1597 1979 1679 2013 Dicit,

891 2027 918 2056 id
930 2032 983 2061 est,
997 2032 1085 2064 putat.
1108 2028 1250 2056 Articulus
1267 2032 1357 2055 autem
1373 2027 1431 2061 τοῦ,
1448 2027 1494 2062 qui
1518 2026 1635 2053 habetur
1651 2026 1679 2053 in

890 2074 986 2102 Graeco
1000 2079 1062 2102 ante
1075 2075 1188 2102 verbum
1207 2073 1375 2109 Delinquere.
1403 2072 1560 2108 superﬂuus
1578 2075 1632 2104 est,
1649 2076 1680 2099 ut

891 2120 928 2148 sit
949 2128 1071 2148 sensus:
1096 2119 1177 2147 Putat
1204 2120 1315 2155 iniquus
1331 2126 1444 2154 peccare
1460 2119 1486 2146 in
1505 2118 1607 2153 seipso,
1627 2117 1680 2145 hoc

890 2169 944 2200 est,
963 2170 1041 2201 putat
1057 2173 1086 2194 se
1101 2166 1172 2193 clam
1190 2172 1222 2194 ac
1239 2166 1356 2197 latenter
1368 2164 1529 2200 delinquere
1546 2171 1637 2200 posse,
1653 2168 1681 2191 et

890 2213 918 2239 in
936 2219 985 2241 sua
1000 2213 1058 2240 sola
1073 2212 1254 2246 conscientia,
1269 2212 1306 2240 ita
1322 2216 1354 2240 ut
1366 2219 1455 2247 neque
1472 2212 1506 2240 ab
1520 2211 1580 2247 ipso
1597 2211 1678 2239 etiam

62 2264 110 2290 μοι,
124 2258 205 2292 ἤγουν
227 2259 343 2294 μελετᾷ,
359 2258 429 2285 ὥστε
456 2259 642 2294 ἁμαρτάνειν·
674 2257 753 2284 τοῦτο
784 2258 838 2292 γὰρ

917 2265 948 2285 eo
966 2257 1051 2286 videri
1069 2258 1167 2293 possit.
1185 2257 1232 2285 Vel
1248 2258 1271 2286 si
1292 2257 1439 2286 articulum
1457 2257 1504 2284 τοῦ
1531 2257 1602 2284 nolis
1616 2263 1680 2283 esse

61 2302 114 2328 ποτὲ
136 2304 182 2337 μὲν
195 2303 426 2340 ἑπιρῤηματικῶς
439 2304 537 2336 κεῖται,
554 2304 684 2338 σημαῖνον
698 2302 727 2328 τὸ
742 2301 836 2329 ὥστε*

917 2304 1074 2339 Iperlluum,
1089 2309 1117 2332 et
1134 2304 1242 2339 legere:
1265 2303 1335 2332 Dicit
1352 2304 1475 2340 iniquus,
1496 2309 1524 2331 ut
1537 2303 1679 2337 delinquat

61 2346 116 2372 ποτὲ
128 2348 164 2381 δὲ,
188 2349 337 2384 περιττῶς.
357 2349 518 2384 Παράνομος
531 2348 560 2375 δὲ
574 2348 588 2374 6
604 2347 700 2379 Σαοὺλ,
716 2348 730 2374 6
746 2348 836 2382 μισῶν

917 2360 920 2376 ι
935 2358 966 2378 se
980 2350 1061 2384 ipso:
1077 2349 1122 2377 dic
1140 2358 1252 2382 sensum
1268 2357 1342 2383 esse,
1367 2349 1440 2384 quod
1456 2348 1611 2385 hujusmodi
1637 2347 1678 2374 vir

59 2391 96 2417 'Jw
107 2393 176 2427 φίλον
187 2394 273 2421 αὑτοῦ
293 2394 340 2421 καὶ
351 2393 486 2429 γαμϐρόν.

921 2395 1001 2430 iquus
1015 2395 1117 2431 cogitat
1134 2395 1162 2422 in
1176 2395 1278 2431 seipso,
1297 2395 1348 2423 hoc
1364 2400 1406 2422 est
1424 2396 1498 2422 intra
1512 2402 1550 2425 se.
1573 2398 1602 2422 ut
1614 2401 1678 2428 per-

62 2443 102 2466 crt.
122 2439 213 2467 Solent
230 2441 306 2468 enim
323 2440 482 2475 hujusmodi
503 2439 610 2467 articuli
624 2440 771 2475 aliquando
786 2440 914 2475 superﬂui
930 2441 1033 2476 jacere,
1053 2440 1202 2477 aliquando
1218 2441 1300 2469 etiam
1317 2439 1512 2469 adverbialiter
1537 2440 1611 2475 poni,
1646 2443 1676 2466 ut

61 2483 256 2513 rleclaravimus.
276 2485 328 2513 Per
339 2486 463 2521 iniquum
479 2489 570 2513 autem
581 2486 632 2512 hoc
647 2486 673 2512 in
695 2486 754 2514 loco
778 2487 886 2515 Saulem
907 2487 996 2522 ipsum
1019 2487 1156 2522 intelligit,
1174 2494 1256 2523 quem
1275 2493 1381 2515 summa
1398 2490 1505 2515 constat
1519 2493 1599 2513 usum
1615 2493 1676 2513 esse

61 2528 197 2565 iniquitate,
213 2533 281 2559 dum
301 2532 418 2559 amicum
437 2531 552 2568 [pariter
568 2540 601 2560 ac
616 2532 831 2568 benefactorem]
853 2537 880 2561 ct
894 2541 1023 2569 generum
1042 2539 1118 2562 tanto
1135 2534 1198 2561 odio
1213 2537 1437 2569 prosequeretur.

85 2577 139 2603 Οὐκ
152 2577 218 2605 ἐστι
232 2579 329 2613 φόϐος
349 2579 423 2606 Θεοῦ
436 2579 585 2607 ἀπέναντι
599 2580 660 2607 τῶν
673 2579 838 2615 ὀφθαλμῶν

922 2580 986 2608 Non
1000 2586 1038 2608 est
1055 2582 1133 2608 timor
1152 2580 1198 2608 Dei
1214 2585 1275 2607 ante
1291 2579 1382 2607 oculos
1400 2580 1467 2614 ejus.
1481 2578 1537 2607 Hoc
1547 2584 1599 2612 est,
1613 2583 1676 2607 ante

60 2620 148 2649 αὺτοῦ,
175 2623 228 2649 Τοῦ
251 2624 376 2651 τοιούτου
400 2625 429 2651 δὲ
444 2626 498 2660 πρὸ
512 2625 660 2661 ὀφθαλμῶν
674 2626 723 2662 τῆς
746 2626 836 2661 ψυχῆς

917 2628 981 2656 :ulos
996 2627 1094 2655 animae
1109 2627 1190 2662 hujus
1207 2626 1302 2661 iniqui.
1323 2626 1412 2661 Atque
1436 2625 1498 2653 ideo
1511 2626 1547 2652 ita
1564 2626 1674 2661 cogitat,

60 2665 100 2691 οὐκ
112 2666 165 2694 ἔστι
184 2669 268 2703 φόἤος
280 2670 366 2697 Θεοῦ·
391 2670 432 2697 διὸ
446 2672 493 2698 καὶ
510 2671 623 2699 τοιαῦτα
636 2672 733 2705 οἷεται,
753 2672 769 2707 ἢ
788 2680 835 2707 με-

917 2682 940 2700 m
956 2674 1128 2709 perspiciens
1144 2681 1173 2701 se
1186 2673 1271 2700 latere
1288 2679 1342 2700 non
1354 2679 1446 2707 posse.

59 2710 165 2747 ὶετᾰται,
181 2715 217 2750 μὴ
232 2716 450 2752 ἐνθυμούμενος,
463 2718 500 2750 ὼς
516 2718 546 2744 οὐ
570 2718 692 2754 λέληθεν.

90 2759 146 2787 Ὀτι
161 2762 317 2789 ἐδόλωσεν
331 2763 458 2791 ἐνώπιον
471 2764 575 2797 αὑτοῦ,
589 2764 642 2792 τοῦ
655 2764 753 2799 εὑρεῖν
776 2763 833 2798 τὴν

923 2764 1053 2797 Quoniam
1074 2763 1164 2790 dolose
1184 2762 1234 2797 egit
1251 2762 1279 2789 in
1290 2764 1427 2795 conspectu
1446 2768 1505 2792 mo,
1526 2763 1554 2785 ut
1573 2765 1666 2792 cogno-

60 2802 172 2838 ἀνομίσν
187 2808 295 2840 αὑτοῦ,
312 2809 358 2835 καὶ
371 2808 511 2844 μισῆσαι.
526 2811 580 2837 Καὶ
596 2811 661 2846 γὰρ,
677 2811 770 2845 φησὶν,
783 2810 833 2845 ὅρα

917 2815 967 2837 eret
983 2813 1117 2843 peccatum
1135 2816 1222 2841 ruunt,
1241 2813 1265 2835 et
1279 2807 1389 2835 odisset.
1405 2805 1482 2838 Vide,
1496 2805 1594 2840 inqult,
1607 2801 1673 2838 quid

92 2894 110 2909 "
121 2894 212 2924 Matth.
224 2906 250 2930 ν,
270 2898 318 2930 45,
333 2899 375 2927 Η.
