1858 3071
44 161 90 192 529

575 160 680 190 COMM
687 160 772 190 ENT.
804 160 843 189 IN
864 161 1048 191 PSALMOS.

1597 161 1650 191 5'30

42 218 204 246 υπικουσιέον
232 218 271 248 :t,
305 219 477 244 Ἀκούσατε.
505 220 641 247 Amani):
667 220 696 246 δὲ
728 219 800 253 λέγει

898 227 922 245 m
949 223 1002 252 est,
1029 219 1080 246 hoc
1108 219 1134 246 in
1166 219 1236 250 loro,
1262 219 1386 252 verbum,
1405 219 1572 246 Auscultate.
1597 218 1650 244 Ρο-

43 265 90 295 νῦν,
104 264 129 289 οὐ
144 262 201 294 τοὺς
216 263 246 288 ἐν
260 262 332 297 ἔργῳ
349 263 439 296 μόνονΙ
449 263 517 289 ἀλλὰ
532 264 578 289 καὶ
593 264 656 294 τοὺς
673 264 701 289 ὲν
715 263 787 298 λόγῳ
797 272 805 279 ·

41 309 144 339 καὶτοὺς
159 307 309 340 πλουσίους,
329 308 360 334 οὑ
373 309 435 340 τοὺς
454 309 484 334 ἐν
497 309 620 344 χρήμασι
636 309 727 343 μόνον,
738 308 806 335 ἀλλὰ

41 355 78 381 καὶ
89 355 145 386 τοὺς
159 355 185 380 ἐν
195 354 312 388 λογικοῖς
331 353 502 389 θεωρήμασι.
516 355 640 385 Καλέσας
653 355 681 380 δὲ
694 354 805 386 τούτους

41 401 93 435 ἰδίᾳ,
107 401 182 435 φησιν
191 408 198 415 ·

861 265 968 292 testatis
995 269 1086 292 autem
1116 273 1214 293 nomen
1248 265 1322 300 large.
1350 265 1555 300 inzelligentlum
1590 269 1649 295 est,

861 310 897 337 ita
930 315 959 337 ut
978 318 1032 338 non
1053 315 1158 338 tantum
1178 311 1210 337 ad
1229 318 1275 338 eos
1292 311 1429 345 dirigatur
1443 318 1544 341 sermo,
1557 311 1602 344 qui
1621 311 1650 337 in

859 356 991 391 Operibus
1009 376 1016 388 ,
1048 357 1096 384 sed
1126 357 1158 384 ad
1185 364 1232 384 eos
1263 357 1345 384 etiam
1383 356 1431 390 qui
1468 356 1493 382 in
1523 363 1650 382 sermone

858 406 984 436 potentes
1000 407 1073 430 sunt.
1093 402 1180 429 Simili
1197 403 1276 429 modo
1290 401 1400 428 divitias
1416 401 1493 432 dicit,
1528 408 1582 427 non
1602 408 1650 431 ea,-

41 449 138 476 lantum,
155 453 211 479 quae
224 445 250 471 in
264 445 398 479 pecuniis,
422 450 469 472 aut
496 445 559 473 aliis
589 445 705 472 fortuna:
727 445 807 474 bonis
821 446 989 479 consistunt,
1008 447 1055 475 sed
1068 455 1116 475 eas
1127 448 1210 475 etiam
1231 455 1291 482 qua:
1304 447 1337 474 ad
1353 447 1506 474 doctrinam
1520 451 1546 473 et
1563 446 1652 479 philo-

39 491 126 525 sophiae
138 491 224 518 studia
243 491 391 525 pertinent.
420 491 468 518 llis
495 491 575 525 igitur
595 492 630 518 ita
649 491 790 526 sigillatim
818 494 989 525 convocatis,
1017 501 1172 521 sermonem
1199 493 1394 528 prosequitur,
1419 492 1541 520 dicens:

69 538 193 572 Ἀδελρὸς
201 540 237 565 οὐ
251 539 424 573 λυτρυῦται,
442 539 625 573 λυτρώσεται
633 540 806 573 ἅνθρωπος

42 584 111 614 Ἐκεῖ,
123 584 211 617 φησὶν,
224 584 283 610 οὐδὲ
297 584 410 618 ἀδελφὸς
421 584 534 610 δύναται
549 584 742 619 λυτρώσασθαι
751 587 802 619 τῆς

37 629 163 660 κολάσεως,
173 629 272 662 ὁφύσει
281 629 418 663 φίλτατος
429 630 445 664 ἡ
457 629 510 664 γὰρ
519 630 595 664 laxi);
606 630 653 656 καὶ
661 630 694 656 τὰ
703 631 807 665 χρῆμα.

896 540 979 569 Vsus.
1002 541 1029 568 8.
1062 540 1160 568 Frater
1186 550 1238 568 non
1261 541 1377 571 redimit,
1415 540 1522 566 redimet
1548 537 1650 566 homo?

859 588 929 620 Illic,
944 588 1043 622 inquit.
1062 595 1149 622 neque
1165 587 1223 622 ipse
1240 587 1322 614 etiam
1340 587 1422 613 frater
1441 586 1574 612 redimere
1594 585 1649 611 t‘ra-

861 637 930 660 trem
944 637 1035 668 potest
1054 641 1068 659 a
1082 633 1228 668 supplicio,
1251 632 1347 663 frater.
1371 632 1492 666 inquam,
1511 631 1556 665 qui
1582 638 1647 657 san-

860 676 941 710 guine
975 676 1053 704 nobis
1078 676 1323 711 conjunctissimus
1349 680 1390 702 est
1406 684 1412 701 :
1428 676 1500 702 vircs
1525 675 1596 701 cnim
1620 678 1647 701 et

858 720 962 747 divitiae
989 721 1055 747 illuc
1084 722 1228 749 nobiscum
1252 723 1353 756 pariter
1381 729 1434 748 non
1458 720 1646 748 descendent:

858 766 929 801 quod
945 766 966 793 si
979 766 1065 793 frater
1077 775 1129 793 non
1147 767 1269 799 redimit,
1285 775 1338 801 quo
1352 771 1432 802 pacto
1446 766 1553 793 alienus
1565 766 1647 792 homo

34 818 103 836 σεται
117 810 278 844 ἄνθρωπος,
301 811 371 837 κατὰ
388 812 533 846 ἐρώτησιν,
553 812 621 846 μετὰ
639 811 800 846 βαρύτητος,

894 811 1027 838 lenlerit?
1050 811 1137 846 Hujus
1155 816 1244 838 autem
1276 811 1403 838 versiculi
1429 811 1512 838 verba
1534 809 1645 836 divisim

33 856 116 882 Ᾱοιπδν
129 853 172 883 οὖν
200 858 250 883 οὐκ
272 857 344 883 ἔστιν
359 858 419 884 ἐκεῖ
434 857 579 892 λύτρωσις,
601 857 659 884 ἀλλ’
685 857 800 884 ἐνταῦθα

894 856 969 889 :enda
986 861 1061 889 sunt,
1078 858 1115 883 ita
1132 861 1162 884 ut
1188 857 1313 884 absolute
1341 861 1368 883 et
1393 864 1454 884 cum
1481 856 1648 882 determina-

32 902 119 936 χρὴδιὰ
128 902 270 936 μετάνοιαν
297 903 394 930 ἑαυτόν
405 911 466 930 τινα
480 902 653 939 λυτροῦσθαι.
669 903 738 938 Φησὶ
750 903 800 936 γὰρ

898 911 931 930 ne
943 904 1053 930 dicatur
1065 913 1072 931 :
1093 903 1190 930 Frater
1205 912 1257 930 non
1270 904 1373 930 redimit
1387 912 1395 936 ,-
1407 907 1434 930 et
1448 907 1549 938 puncto
1563 901 1646 933 facto,

32 947 44 981 ἠ
58 947 141 982 Γραφή
152 955 159 963 ·
179 949 250 976 Ἐὰν
261 949 381 983 ἀναστῇ
392 949 455 976 Νῶε
468 950 515 976 καὶ
538 949 599 976 Ἰὼϐ
612 949 660 977 καὶ
672 949 796 984 Δανιὴλ,

894 948 975 975 dimet
994 948 1072 975 homo
1089 950 1101 976 7
1121 948 1318 983 Interrogatire
1342 948 1523 976 enuntiando.
1551 947 1647 974 Restat

31 994 100 1025 υἱοὺς
108 994 201 1020 αὐτῶν
214 994 263 1021 καὶ
279 994 443 1028 θυγατέρας
458 996 494 1022 οὐ
510 994 721 1029 μὴρύσονται.

894 998 949 1024 tur.
963 997 992 1020 ut
1003 993 1078 1020 nulla
1094 993 1148 1020 illic
1164 994 1297 1028 speranda
1313 994 1347 1020 sit
1362 993 1510 1027 redemptio
1525 1002 1531 1018 :
1546 999 1606 1018 cum
1619 991 1646 1018 in

31 1041 140 1074 presenti
154 1041 206 1068 vita
225 1041 392 1074 paenitentiae
408 1041 535 1076 lacrymis
549 1045 654 1067 tantum
674 1039 905 1074 veniaimpetrari
923 1039 1067 1073 possit.Ail
1081 1039 1153 1067 enim
1168 1039 1232 1066 alibi
1256 1039 1395 1074 Scriptura
1411 1047 1417 1065 ε
1437 1038 1466 1066 Si
1483 1037 1646 1069 surrexerim

32 1085 89 1117 Noe,
103 1085 159 1118 Job,
175 1091 199 1113 et
223 1086 329 1118 Daniel,
352 1087 424 1120 ﬁlios
449 1095 510 1113 sua:
533 1090 559 1113 et
583 1086 653 1120 ﬁlias
673 1093 735 1112 sua:
755 1093 807 1111 non
822 1084 982 1112 liberabant.

62 1133 98 1159 οὺ
118 1131 204 1159 δώσει
231 1132 270 1165 τῷ
298 1132 359 1165 Θεῷ
389 1133 540 1167 ἐξίλασμα
566 1132 686 1159 ἑαυτοῦ.
705 1131 800 1158 Οΰτεέ

894 1130 949 1157 Non
960 1130 1034 1158 dabit
1048 1131 1102 1158 Deo
1113 1131 1289 1165 placatione»:
1302 1132 1353 1158 sui.
1371 1130 1423 1158 Nec
1434 1130 1530 1162 frater,
1545 1129 1645 1164 inquit,

33 1178 138 1212 ἁδελφὸς,
163 1178 225 1205 οὔτε
246 1181 260 1205 6
280 1179 355 1211 ξένος
379 1179 460 1206 δώσει
479 1180 537 1205 ἐκεῖ
552 1179 697 1214 ὲξίλασμα,
721 1179 800 1214 ἤγουν

894 1183 905 1203 c
920 1181 1069 1203 extraneus
1085 1177 1159 1211 quis,
1178 1176 1233 1203 illic
1253 1177 1319 1204 dare
1335 1177 1436 1210 poterit
1449 1175 1645 1211 plaeationem,

854 1219 908 1246 hoc
939 1222 993 1251 est,
1010 1220 1224 1254 redemptionem
1246 1221 1287 1247 sui
1303 1221 1405 1255 ipsius:
1423 1227 1483 1247 cum
1512 1221 1569 1254 ipse
1599 1227 1647 1253 po-

854 1266 909 1292 tius
939 1268 1044 1300 pmnasi
1062 1267 1164 1301 pariter
1201 1267 1317 1294 daturus
1339 1267 1375 1294 sit
1392 1286 1399 1299 ,
1419 1270 1513 1300 utpote
1527 1265 1647 1300 peccatis

857 1311 1007 1339 olmorius.

35 683 63 700 τα
85 675 111 700 οὐ
124 674 344 701 συνδιαϐαίνουσι.
361 676 414 702 Καὶ
432 676 456 701 εἰ
469 675 582 709 ἁδελφὸς
598 676 628 702 οὗ
645 675 801 710 λ.υτροῦται,

35 720 182 753 turpibus-rat
191 721 348 754 ἄνθρωπο;;
361 721 391 747 τὺ
400 721 449 756 μὲν
457 721 523 756 γὰρ,
543 721 690 755 Ἀδελφὸς
702 722 737 747 οὐ
748 723 804 748 .lv-

34 765 144 797 τροῦνται,
157 765 226 790 κατὰ
234 765 372 800 ἀπόφασιν
386 766 573 798 ἀναγνωστέον
584 775 590 781 ·
606 766 635 792 τὸ
648 766 676 792 δὲ
689 766 804 800 Λυτρώ-

33 1223 115 1259 λύτρον
130 1225 238 1257 ἑαυτοῦ,
251 1225 361 1252 κολάσει
376 1226 424 1252 καὶ
440 1226 521 1257 αὐτὸς
534 1225 572 1252 ὢν
588 1225 749 1256 ὑπεύθυνος.

40 1388 42 1390 _
60 1357 107 1384 Kal
121 1357 175 1391 τὴν
193 1357 285 1391 τιμὴν
304 1357 358 1391 τῆς
375 1357 552 1391 λυτρώσεως
563 1357 618 1391 τῆς
637 1357 740 1391 ψυχῆς
755 1358 808 1384 αὐ-

34 1403 87 1429 τοῦ.
100 1403 150 1430 Καὶ
167 1404 197 1429 οὑ
215 1403 298 1429 δώσει
317 1404 366 1438 τὴν
380 1404 474 1438 τιμὴν,
501 1404 585 1438 ἤγουν
601 1403 734 1438 ὲξὼνησιν
758 1403 808 1437 τῆς

34 1448 172 1483 ἐλευθερίας
182 1449 268 1476 αὑτοῦ
279 1451 328 1484 τῆς
337 1449 426 1484 ψυχῆς
436 1458 443 1465 ·
455 1449 544 1484 duxi];
567 1450 622 1484 γὰρ
635 1449 808 1484 ἀνθρωπίνης

33 1494 79 1520 οὐδ’
92 1494 104 1519 ό
116 1495 213 1528 κόσμος
230 1495 290 1525 ὅλος
310 1493 449 1525 ἀντάξιος·
464 1486 527 1520 ὲπεῖ
540 1495 585 1520 καὶ
597 1495 610 1520 ὁ
623 1494 718 1528 Σωτὴρ
728 1493 805 1528 ἡμῶν

34 1540 124 1573 μέλλων
136 1539 300 1575 λυτροῦσθαι
323 1539 373 1575 τὴν
389 1540 563 1573 ἀνθρωπίνην
576 1539 675 1574 ψυχὴν,
702 1540 804 1574 αἰχμα-

33 1584 192 1612 λωτισθεῖσαν
210 1586 266 1612 rma
292 1585 340 1611 τοῦ
359 1585 493 1616 διαϐόλου,
521 1585 552 1611 οὐ
565 1586 617 1619 γῆν
643 1585 752 1615 ἔδωκεν,
774 1585 804 1611 οὐ

892 1355 976 1384 Vens.
990 1357 1018 1388 9,
1037 1357 1081 1384 10.
1096 1357 1128 1384 Et
1144 1359 1256 1391 pretium
1269 1358 1455 1393 redemptionis
1472 1358 1566 1384 anima:
1578 1365 1644 1384 suae.

859 1401 891 1428 Et
906 1411 959 1430 non
985 1403 1059 1430 dabit
1077 1403 1195 1438 pretium
1216 1403 1423 1438 redemptionis,
1441 1403 1493 1430 hoc
1515 1407 1566 1434 est,
1588 1409 1643 1428 non

858 1448 934 1475 dabit
947 1449 1162 1483 redemptionem
1176 1456 1226 1484 pro
1238 1449 1364 1477 libertate
1378 1450 1476 1477 animae
1487 1457 1544 1476 sua:
1557 1467 1565 1480 ,
1584 1456 1645 1475 cum

858 1500 908 1528 pro
929 1494 1011 1520 unius
1043 1494 1162 1521 hominis
1176 1494 1266 1521 anima
1294 1495 1439 1522 universus
1466 1495 1548 1522 etiam
1571 1494 1647 1520 orbis

858 1538 997 1566 sufficiens
1021 1540 1136 1573 pretium
1161 1548 1215 1567 non
1239 1541 1275 1567 sit
1295 1550 1302 1566 ε
1327 1540 1428 1574 quippe
1442 1548 1502 1566 cum
1521 1539 1646 1565 Salvator

861 1589 967 1615 noster.
984 1585 1126 1612 hominum
1142 1586 1249 1612 animas
1263 1594 1278 1612 a
1291 1594 1363 1613 εαξνο
1374 1587 1496 1612 dzrmone
1514 1586 1539 1612 in
1559 1585 1646 1618 capti-

32 1630 163 1662 θάλασσα-ι,
182 1632 214 1659 οὐ
239 1632 353 1667 κόσμον,
377 1631 445 1658 ἀλλὰ
458 1631 487 1657 τὸ
504 1631 601 1657 ἑαυτοῦ
617 1631 707 1665 τίμιον
724 1628 800 1666 αἷμα.

894 1635 970 1658 :atem
988 1635 1065 1658 actas
1082 1632 1274 1668 redempturus
1290 1652 1297 1664 ,
1315 1637 1418 1659 terram
1448 1640 1503 1658 non
1529 1631 1646 1663 dederit,

34 1676 102 1702 Ποῖον
113 1675 157 1704 οὖν
172 1678 287 1712 εὑρήσει
300 1685 342 1708 τις
365 1677 421 1702 ἐκεῖ
436 1676 533 1711 λύτρον
553 1676 645 1709 ἄξιον;
664 1677 733 1712 Ὀρα
760 1679 805 1703 καὶ

34 1721 92 1754 σοφὰ
107 1723 225 1757 ῥήματα,
242 1722 290 1748 καὶ
304 1722 412 1754 συνετὰ,
424 1722 471 1748 καὶ
486 1722 685 1757 αἰνιγματώδη.

861 1685 916 1705 non
945 1685 1019 1705 mare
1035 1698 1044 1711 ,
1066 1685 1120 1705 non
1142 1679 1239 1713 ipsum,
1250 1679 1371 1714 denique
1385 1679 1491 1710 orbem,
1505 1678 1552 1705 sed
1567 1685 1647 1704 suum

860 1731 910 1758 pro
936 1724 1015 1751 nobis
1050 1725 1281 1758 pretiosissimum
1312 1725 1474 1760 sanguinem
1509 1723 1646 1751 eﬂ‘uderit.

35 1766 168 1797 Quamnam
184 1768 273 1802 igitur
285 1767 502 1802 redemptionem
514 1767 569 1794 illic
590 1768 724 1802 quispiam
741 1767 868 1796 idoneam
882 1769 1004 1797 invenire
1018 1771 1118 1804 poterit
1132 1771 1144 1797 τ
1161 1770 1201 1798 Tu
1249 1779 1313 1798 vero
1355 1771 1413 1806 ipsa
1457 1771 1538 1798 etiam
1574 1769 1641 1796 Pro—

34 1812 108 1845 plietze
124 1813 204 1840 verba
220 1813 369 1840 considera
383 1832 390 1844 .
407 1817 536 1846 quantam
557 1813 802 1841 suboscurioribus
819 1815 912 1842 verbis
932 1815 1095 1850 sapientiam
1112 1817 1279 1844 reconditam
1297 1817 1426 1844 habeant.

67 1858 242 1886 Ἐκοπίασεν
253 1859 296 1891 εις
311 1860 363 1886 τὸν
377 1859 480 1890 αἰῶνα,
499 1859 548 1886 καὶ
567 1859 686 1892 ζήσεται
701 1861 744 1893 εὶς
757 1859 804 1886 τέ-

32 1906 86 1936 λος.
104 1906 306 1940 Καθαψὰμενος
319 1905 373 1931 τῶν
390 1906 595 1940 ἀμετανοήτων,
614 1906 745 1940 τρέπεται
758 1906 805 1933 καὶ

33 1950 90 1983 πρὸς
103 1951 161 1982 τοὺς
177 1950 390 1984 μετανοοῦντας,
417 1951 465 1976 καὶ
479 1952 635 1986 παρηγορεῖ
658 1952 704 1978 τὸν
722 1952 806 1978 κόπον

32 1995 72 2028 τῆς
91 1996 233 2029 μετανοίας
247 1996 306 2026 ταῖς
326 1995 416 2022 ἐλπίσι
431 1995 478 2022 τοῦ
498 1996 649 2030 μέλλοντος.
674 1997 730 2023 Καὶ
742 1997 806 2022 ὲκο-

35 2040 112 2073 niues,
133 2041 224 2076 φησιν,
246 2041 285 2072 εἰς
295 2041 341 2068 τὸν
356 2041 442 2068 αιῶνα
459 2042 554 2068 τοῦτον
569 2042 584 2068 ὀ
600 2042 747 2076 μετανοῶν,
760 2042 807 2068 καὶ

32 2083 110 2111 λοιπὸν
123 2086 239 2121 ζήσεται
261 2086 421 2117 διαπαντός·
440 2085 520 2112 τοῦτο
539 2086 594 2120 γὰρ
610 2086 652 2118 τὸ,
678 2086 807 2120 Ζήσεται

31 2131 67 2162 εις
91 2131 186 2164 τέλος.
201 2131 282 2166 Ζωὴν
297 2131 325 2158 δὲ
341 2131 414 2165 λέγει
439 2132 488 2166 τὴν
504 2131 607 2166 κυρίως
621 2132 667 2158 καὶ
689 2132 787 2158 ἄπονον
800 2139 806 2145 ·

32 2177 43 2209 ἡ
56 2177 103 2212 γὰρ
117 2178 250 2210 ἐνταῦθα,
263 2179 498 2213 καταχρηστικῶς,
507 2179 544 2211 ὡς
551 2180 725 2215 παραδίδοται
737 2179 806 2213 (75).

30 2221 100 2254 Τέλος
112 2224 139 2250 δὲ
155 2225 267 2259 νοήσεις
282 2224 328 2250 καὶ
341 2223 387 2250 τὸν
403 2223 535 2259 μέλλοντα
549 2225 650 2251 αἰῶναι
668 2224 742 2256 τέλος
754 2225 807 2260 γὰρ

30 2265 121 2301 ικείνος
133 2269 181 2296 τοῦ
198 2269 346 2304 παρόντος.

895 1861 928 1888 Et
944 1861 1072 1889 laboravit
1091 1863 1118 1889 in
1138 1863 1273 1894 sarculum,
1292 1867 1315 1889 et
1332 1863 1398 1889 vive!
1424 1863 1450 1888 t'n
1470 1862 1560 1896 ﬂuent.
1577 1861 1646 1888 Cum

858 1907 1003 1941 pupugerit
1017 1907 1152 1942 Prop‘teta
1176 1915 1223 1935 eos
1234 1907 1280 1942 qui
1308 1907 1499 1942 paenitentiam
1516 1914 1569 1933 non
1584 1914 1647 1940 cge-

858 1956 922 1979 runt
941 1952 968 1978 in
983 1953 1109 1986 praesenti
1123 1952 1177 1980 vita
1189 1973 1195 1983 ,
1211 1960 1282 1979 nunc
1299 1953 1332 1979 ad
1351 1952 1515 1987 poenitentes
1532 1958 1648 1977 conver-

863 1998 941 2027 titur,
956 2003 982 2024 ct
998 1997 1151 2024 futurorum
1167 2005 1225 2032 spe,
1247 1997 1416 2032 paenitentia:
1427 1997 1568 2024 molestias
1582 2003 1648 2022 con-

861 2043 977 2069 sulatur.
992 2043 1025 2070 Et
1038 2043 1182 2075 laboravit,
1200 2043 1300 2078 inquit,
1321 2045 1348 2070 in
1365 2043 1496 2071 suillum
1514 2042 1565 2069 hoc
1581 2048 1648 2076 prte-

862 2096 936 2120 seus,
959 2089 1004 2115 ille
1021 2089 1148 2116 nimirum
1166 2089 1212 2124 qui
1229 2088 1416 2123 paenitentiam
1432 2087 1489 2122 agit
1506 2091 1553 2114 τοι
1569 2086 1647 2112 dein-

863 2142 927 2169 ceps
944 2135 1025 2162 etiam
1052 2135 1124 2161 vivet
1145 2139 1287 2170 perpetuo.
1314 2133 1370 2161 lloc
1391 2133 1463 2160 enim
1493 2132 1649 2166 significant

863 2180 944 2206 verba
965 2179 1009 2206 illa
1023 2189 1030 2207 :
1054 2179 1124 2206 Vivet
1144 2181 1170 2206 in
1183 2181 1271 2214 finem.
1288 2179 1378 2207 Vitam
1392 2182 1482 2205 autem
1494 2185 1552 2205 eam
1570 2178 1648 2208 dicit,

863 2232 925 2259 quae
953 2225 1062 2260 proprie
1084 2226 1140 2252 vita
1163 2229 1216 2257 est,
1237 2229 1264 2252 et
1291 2225 1350 2251 sine
1376 2224 1480 2250 labore.
1500 2223 1552 2250 Ista
1575 2222 1647 2249 enim

863 2278 984 2305 praesens
999 2271 1145 2305 improprie
1157 2271 1211 2297 vita
1219 2270 1330 2302 dicitur,
1346 2273 1376 2296 ut
1388 2269 1452 2296 alibi
1466 2268 1647 2296 tradidimus:

864 2323 913 2350 per
930 2315 1010 2342 linem
1040 2323 1105 2342 vero
1126 2315 1250 2343 futurum
1271 2315 1403 2343 szeculum
1425 2315 1547 2350 intcllige
1563 2335 1570 2348 ,
1591 2321 1646 2345 quo

864 2369 984 2396 prtesens
1003 2361 1133 2389 saeculum
1150 2362 1323 2388 terminatur.

54 2402 110 2429 Οὐχ
120 2403 231 2437 ὄψεται
247 2405 448 2439 καταφθορὰν,
462 2404 535 2431 ὅταν
546 2405 595 2439 ιδῃ
610 2405 726 2439 σοφοὺς
737 2406 800 2433 ἀπο-

900 2405 982 2432 Vens.
1002 2406 1043 2432 11.
1066 2405 1127 2432 Non
1143 2405 1236 2432 uidebit
1248 2405 1441 2439 corruptionem
1455 2424 1463 2436 ,
1481 2412 1539 2430 cum
1556 2403 1649 2430 viderit

30 2447 221 2483 θνήσκοντας.
254 2449 284 2477 '0
300 2450 420 2482 τοιοῦτος
444 2450 726 2486 πεπληροφορημένος
744 2452 810 2486 περὶ

29 2493 70 2526 τῆς
85 2495 240 2531 μελλούσης
267 2496 395 2531 κρίσεως,
419 2497 484 2524 ὅταν
510 2497 552 2532 ῐδῃ
575 2497 639 2528 τοὺς
659 2498 758 2532 σοφοὺς
777 2497 811 2524 τὰ

30 2537 90 2571 Beia,
106 2541 166 2576 ἦτοι
181 2542 249 2573 τοὺς
270 2542 413 2576 ἐναρέτους
434 2542 668 2577 ἀποθνήσκοντας.
696 2544 727 2569 οὑ
741 2543 811 2575 δόξει

30 2583 126 2617 βλέπειν
141 2586 324 2621 καταφθορὰν
337 2588 377 2618 εις
399 2587 430 2614 τὸ
448 2587 545 2622 μηκέτ’
556 2586 625 2614 εἶναι
637 2608 645 2620 ,
664 2587 723 2614 ἀλλ’
735 2588 812 2614 ὲναλ-

30 2627 105 2665 λαγὴν
127 2631 182 2658 ἀπὸ
207 2631 312 2666 φθορᾶς
325 2633 366 2664 εἰς
386 2632 552 2667 ἀφθαρσίαν.
576 2634 611 2659 Ἦ
623 2633 671 2659 καὶ
688 2634 752 2660 ὅταν
767 2633 809 2668 ῐδῃ

29 2675 83 2707 τοὺς
94 2678 192 2710 σοφοὺς
207 2677 246 2703 τὰ
256 2677 357 2711 μάταια
372 2677 603 2713 ἀποθνήσκοντας,
619 2679 650 2704 οὗ
665 2678 735 2712 δόξει
753 2679 810 2714 βλέ-

31 2727 84 2747 πειν
96 2722 277 2757 καταφθορὰν
288 2722 412 2759 σώματος
423 2723 491 2759 ὁμοῦ
508 2724 554 2751 καὶ
567 2723 666 2760 ψυχῆς,
679 2724 716 2756 ὡς
733 2725 811 2752 αὐτοὶ

863 2453 996 2487 sapientes
1025 2453 1176 2480 morientes.
1212 2451 1374 2486 llujusmodi
1408 2451 1513 2482 homo,
1543 2449 1588 2484 qui
1616 2449 1650 2476 de

864 2499 957 2526 luturo
987 2498 1091 2533 judicio
1112 2502 1205 2526 certus
1231 2503 1284 2529 est,
1301 2505 1361 2524 cum
1387 2497 1486 2524 viderit
1510 2496 1650 2530 sapientes

863 2546 938 2573 viros
969 2553 1001 2572 ac
1020 2545 1123 2573 virtute
1146 2545 1277 2580 praeditos
1303 2544 1385 2575 mori,
1406 2551 1458 2570 non
1481 2541 1651 2569 existimabit

840 2622 845 2626 η
864 2599 894 2619 se
911 2592 1114 2627 corruptionem
1124 2599 1217 2619 eorum
1232 2590 1332 2622 videre.
1344 2597 1410 2617 eam
1419 2589 1480 2616 dico
1493 2587 1651 2621 corruptio-

866 2645 940 2669 nem,
955 2645 1007 2672 qua
1024 2638 1141 2672 amplius
1159 2637 1243 2664 lutttri
1260 2644 1314 2664 non
1328 2640 1392 2664 sunt
1410 2645 1416 2662 :
1434 2634 1558 2670 quinimo
1573 2633 1648 2660 arbi-

866 2683 984 2710 trabitur
999 2683 1255 2711 scimmutationem
1270 2682 1363 2710 videre
1373 2689 1387 2708 a
1402 2681 1490 2716 fragili
1508 2681 1558 2706 hac
1568 2683 1594 2706 et
1608 2685 1674 2707 ειν-

866 2725 937 2754 duca
952 2727 1006 2755 vita
1018 2728 1051 2756 ad
1065 2728 1189 2756 stabilem
1201 2726 1345 2763 quamdam
1359 2731 1387 2754 et
1400 2726 1595 2760 incorruptam.
1606 2721 1656 2749 Vel

701 2814 803 2846 Variae
825 2815 992 2848 lectiones.

61 2861 114 2897 (τε)
128 2863 172 2891 Al.
186 2865 491 2901 προπαραδεδώκαμεν.
