1858 3071
199 141 253 171 559

814 141 1002 170 hU'lllYlltl
1021 140 1204 171 ZlGABENl
1764 147 1805 178 566

191 201 273 227 tiora.
285 196 363 230 Quod
387 196 411 225 si
433 196 497 232 quis
520 196 643 233 objiciet,
665 198 775 226 beatum
800 199 885 226 David
912 205 968 235 post

1051 200 1115 227 ῑθίει
1126 201 1205 227 τοῦτο
1216 200 1260 227 διὰ
1276 201 1320 228 τὸν
1337 201 1429 237 νόμον,
1445 203 1492 230 καὶ
1506 203 1548 231 ὅτι
1565 204 1643 232 οὔπω
1657 205 1707 240 τῆς
1723 207 1806 241 καινῆς

189 244 347 279 hujusmodi
374 243 457 270 verba
481 243 536 270 Deo
571 244 673 278 smpius
699 246 885 278 sacriﬁcasse,
908 246 974 273 illud

1031 246 1126 278 θυσίας
1136 247 1150 273 ὁ
1166 247 1261 282 καιρὸς
1275 248 1411 282 ἐληλύθει.

187 289 760 325 animadvertendumducimus,quodnon
773 300 804 318 ex
818 293 970 327 pr0posito,
993 301 1081 328 neque
1099 301 1130 320 ex
1147 294 1259 328 propria
1288 293 1431 322 voluntate
1475 295 1501 323 id
1531 297 1640 331 agebat,
1664 298 1712 325 sed
1748 298 1803 333 legis

186 339 351 370 reverentia,
377 342 403 365 ct
433 338 497 373 quia
521 339 583 365 novi
614 339 745 366 sacriﬁcii
772 340 832 367 dies
852 341 972 367 nondum
995 346 1117 368 venerat.

220 387 304 415 Vens.
339 387 382 414 l9.
414 386 585 421 Sacriﬁcium
606 387 660 414 Dea
691 388 801 422 spiritus
828 390 971 415 contritus.

187 435 297 466 Anima,
310 432 410 467 inquit,
425 440 485 467 qua:
498 432 651 460 humilitate
668 440 700 460 ac
720 433 888 461 demissione
903 442 972 468 qua-

187 473 253 507 dani
267 478 423 505 voluntaria
453 478 569 504 contrita
595 478 690 510 luerit,
703 484 810 514 gratum
832 485 913 514 atque
927 487 974 506 ac-

186 524 323 559 ceptabile
345 524 399 550 Deo
414 523 583 550 sacriﬁcium
600 523 702 551 reddit.

221 571 272 599 Cor
290 571 434 598 contritum
460 575 486 597 et
501 570 673 596 humiliatum
689 570 759 597 Deus
774 579 825 597 non
840 570 973 605 despiciet.

185 617 401 652 Smpcnumero,
434 620 464 643 ut
505 616 638 648 diximus,
672 616 814 649 Scriptura
851 624 898 651 per
926 624 975 644 cor

184 664 305 690 animam
339 661 479 696 intelligit,
513 669 546 688 eo
588 662 664 695 quod
693 662 792 688 anima:
821 662 901 689 sedes
927 662 974 694 sit,

183 713 211 734 et
225 710 252 734 in
264 716 296 734 c0
308 707 481 742 potissimutn
494 707 669 734 diversetur:
687 712 770 741 atque
782 708 844 735 ideo
862 707 908 734 ubi
926 715 974 735 cor

184 754 298 788 patitur,
321 753 413 780 anima
433 752 527 779 statim
553 760 567 779 a
594 757 650 779 toto
664 752 755 779 evolat
769 760 894 788 corpore.
912 752 974 780 Non

183 799 305 833 despiciet
321 804 412 825 autem
436 805 497 832 pro,
526 805 579 824 non
612 802 722 831 avertet,
748 798 799 824 hoc
818 802 869 831 est,
892 806 972 825 suum

183 845 218 871 ab
231 852 263 871 eo
281 851 333 870 non
352 843 501 870 dimovebit
525 848 677 878 aspectum.

217 890 301 918 Vens.
317 890 362 917 20.
376 889 500 922 Benefac,
513 889 632 923 Domine,
650 890 676 916 in
691 889 759 916 bona
772 889 908 917 voluntate
924 895 970 916 tua

182 935 257 964 Sion.
286 936 428 970 Supplicat
450 936 501 963 hoc
530 936 557 962 in
584 936 644 963 loco
670 943 721 971 pro
757 936 969 964 reazdiﬂcationc

180 982 345 1013 Jerusalem.
362 989 422 1016 qua:
444 981 534 1009 futura
546 987 605 1009 erat
630 987 691 1017 post
705 983 825 1009 reditum
841 990 857 1010 e
877 982 969 1018 Baby-

181 1028 252 1054 lone.
271 1027 282 1063 ι
302 1027 432 1060 Quaedam
461 1035 526 1054 vero
547 1028 713 1062 exemplaria
729 1035 782 1054 non
800 1029 828 1054 in
844 1035 964 1055 accusa-

180 1074 236 1100 tivo
254 1081 331 1104 casu.
359 1073 406 1101 sed
420 1074 447 1100 in
471 1072 563 1100 dativo
576 1073 677 1100 habent
692 1073 854 1105 dictionem,
884 1072 969 1101 Sion:

179 1119 251 1153 quod
271 1127 303 1146 cx
325 1119 444 1146 lectione
465 1118 559 1146 Grmca
585 1119 684 1146 melius
696 1119 848 1154 percipitur
859 1124 970 1154 propter

178 1164 347 1196 articulum,
377 1163 457 1197 juxta
497 1171 579 1198 quem
614 1167 642 1190 et
669 1170 721 1190 nos
745 1163 971 1190 commodissime

180 1209 269 1245 legere
282 1216 432 1243 possumus
446 1209 563 1243 primam
589 1209 727 1235 litteram:
751 1208 867 1242 Benefac
884 1208 968 1241 ipsum
985 1207 1068 1239 Sion,
1086 1207 1130 1233 vel
1159 1208 1185 1233 in
1212 1206 1323 1233 dativo;
1352 1206 1467 1240 Benefac
1493 1207 1544 1240 ipsi
1566 1206 1633 1233 Sion

1061 389 1155 416 Θυσία
1166 389 1206 422 τῷ
1213 389 1283 422 Θεῷ,
1293 389 1413 424 πνεῦμα
1423 392 1690 425 συντετριμμένον.
1701 392 1806 428 sospes-

1025 436 1119 467 δεκτος
1150 435 1230 462 θυσία
1273 437 1312 471 τῷ
1337 436 1407 472 Θεῷ,
1433 436 1508 472 ψυχὴ
1541 439 1758 474 συντετριμμένη
1779 441 1804 472 ἐξ

1026 482 1150 508 ἑκουσίου
1164 482 1367 515 ταπεινώσεως.

1058 573 1190 606 Καρδίαν
1206 572 1467 607 συντετριμμένην
1489 580 1538 600 και
1554 566 1806 608 τεταπεινωμένην

1026 620 1042 645 ὁ
1055 619 1128 651 Θεὸς
1141 619 1195 645 οὐκ
1205 618 1414 650 ἐξουδενώσει.
1440 618 1562 653 Καρδίαν
1587 619 1637 653 τὴν
1647 619 1736 654 ψυχὴν
1748 620 1805 645 πολ-

1025 663 1105 695 λάκις
1120 664 1136 698 ἡ
1156 663 1252 699 Γραφὴ
1268 663 1357 695 καλεῖ,
1380 663 1424 689 διὰ
1440 663 1471 689 τὸ
1487 665 1534 690 καὶ
1549 663 1598 698 τὴν
1613 665 1728 698 καρδίαν
1743 665 1804 697 ἄγαν

1024 709 1135 743 ἔχεσθαι
1164 710 1213 744 τῆς
1239 708 1340 743 ψυχῆς,
1353 708 1399 735 καὶ
1411 708 1461 744 τὴν
1469 709 1559 743 ψυχὴν
1570 708 1639 742 ἄγαν
1656 709 1804 742 ἐμπεφυκέ-

1025 755 1115 790 ναιτῇ
1136 754 1247 790 καρδία.
1266 754 1348 781 Ὀθεν
1373 754 1420 781 καὶ
1438 753 1579 788 παθούσης
1595 755 1645 789 τῆς
1657 754 1801 789 καρδίαςμξ

1025 800 1098 835 ψυχὴ
1119 799 1273 834 ἁφίπταται
1294 800 1348 826 ἀπὸ
1358 797 1405 825 τοῦ
1419 799 1546 835 σώματος
1561 800 1635 827 ὅλου.
1654 800 1803 832 Ἐξουδένωι

989 862 1009 890 Β
1026 855 1068 873 σιν
1083 847 1111 872 δὲ
1126 846 1201 880 λέγει
1215 846 1264 881 τὴν
1278 846 1466 890 ἀποστροφήν.

1059 891 1234 925 ’Δγάθυνοικ
1247 891 1348 924 Κύριε,
1361 891 1396 916 ἐν
1410 889 1448 924 τῇ
1460 890 1582 924 εὐδοκία
1592 897 1652 917 σου
1661 890 1717 923 τὴν
1727 890 1802 916 Σιών.

1029 937 1160 964 Ἐνταῦθα
1169 937 1324 972 παρακαλεῖ
1338 937 1402 972 περὶ
1416 938 1464 972 τῆς
1476 938 1546 972 μετὰ
1557 938 1605 971 τὴν
1614 940 1646 963 ὲκ
1655 937 1802 967 Βαῦυὶῶνος

1023 982 1153 1008 ἐπάνοδον
1166 981 1343 1015 ἀνοικοδομῆς
1353 982 1400 1015 τῆς
1419 980 1602 1016 Ἰερουσαλήμ
1615 987 1623 994 ·
1637 980 1667 1006 τὸ
1677 981 1715 1011 δὲ,
1740 979 1802 1012 ἀλγί-

1023 1026 1127 1055 θυνον,
1149 1024 1210 1050 ἀντὶ
1238 1021 1295 1055 τοῦ,
1314 1024 1516 1058 ἀγαθοποίησον
1534 1031 1542 1040 ·
1561 1024 1656 1059 ἕτερον
1677 1024 1730 1058 γὰρ
1745 1023 1802 1057 παρ’

1024 1071 1113 1095 ὲκεῖνο
1128 1068 1216 1100 τοῦτο,
1233 1069 1270 1100 ὡς
1285 1069 1316 1095 τό
1329 1077 1335 1083 ·
1351 1068 1523 1104 Ἀγάθυνσν,
1549 1069 1647 1103 Κύριε,
1659 1069 1720 1101 τοῖς
1739 1069 1799 1102 ἀττι-

1024 1115 1096 1147 θοῖς.
1115 1115 1167 1140 Ἐν
1189 1113 1226 1148 τῇ
1242 1113 1365 1148 εὐδοκίᾳ
1383 1122 1442 1141 σου
1457 1115 1496 1142 δὲ.
1513 1114 1651 1146 τουτέστι,
1662 1115 1696 1148 τῇ
1713 1122 1801 1147 συνερ-

1026 1161 1087 1196 γείᾳ
1106 1169 1152 1186 σου

1661 1215 1668 1234 :
1692 1209 1718 1233 et
1743 1210 1800 1232 tunc

177 1256 297 1292 t-xpnne]
314 1255 441 1289 Benefac,
468 1262 528 1290 pro,
546 1255 620 1282 Bona
639 1255 733 1283 facito.
749 1256 830 1282 Aliud
846 1256 918 1282 enim
930 1259 973 1283 est
993 1255 1046 1282 hoc
1062 1255 1096 1282 ab
1120 1254 1188 1287 illo;
1215 1254 1291 1288 iuxta
1308 1254 1380 1288 quod
1405 1254 1469 1281 alibi
1514 1254 1653 1289 legimus:
1679 1253 1798 1288 Benefac,

179 1305 299 1336 Domine,
311 1304 384 1330 bonis
407 1309 430 1330 et
466 1304 544 1330 rectis
568 1303 656 1330 corde.
672 1303 704 1330 In
719 1305 785 1330 bona
801 1307 890 1330 autem
908 1303 1039 1329 uoluntate
1063 1307 1118 1335 tua,
1137 1303 1189 1329 hoc
1205 1307 1256 1333 est.
1276 1302 1378 1328 auxilio
1393 1306 1420 1328 et
1435 1301 1486 1335 Ope
1500 1305 1556 1328 tua.

214 1352 248 1378 Et
277 1350 442 1384 wdiﬁcentur
468 1350 537 1375 muri
561 1349 723 1377 Jerusalem.
738 1349 864 1384 Optantis
879 1357 969 1377 sermo

178 1399 231 1427 est,
258 1396 367 1422 tametsi
399 1402 432 1422 ex
458 1393 551 1421 Grteca
575 1394 695 1422 lectione
715 1396 871 1430 imperativi
893 1395 968 1423 modi

177 1449 238 1470 esse
255 1443 390 1468 videatur.

212 1488 296 1516 Vsus.
325 1488 372 1515 21.
404 1488 477 1515 Tunc
493 1488 644 1522 aceeptabis
658 1489 824 1523 sacriﬁcium
838 1488 964 1523 justitiw.

177 1536 266 1566 Tunc,
283 1535 382 1570 inquit,
398 1534 504 1569 justum
523 1534 659 1568 suscipies
673 1535 849 1562 sacriﬁcium.
866 1534 894 1561 ln
911 1534 964 1561 alio

177 1582 249 1609 cnim
267 1588 338 1608 mmc
353 1588 436 1618 quam
453 1581 479 1606 in
503 1579 658 1607 Jerusalem
682 1581 821 1607 sacriﬁcia
840 1581 890 1608 tibi
910 1589 964 1607 uon

176 1630 227 1656 rite
240 1628 406 1659 otl'cruntur,
435 1634 497 1653 cum
523 1626 565 1653 lex
590 1626 619 1653 in
647 1634 678 1653 ea
697 1631 802 1653 tantum
815 1627 965 1654 sacriﬁcari

176 1682 257 1709 posse
269 1674 454 1701 mandaverit.

211 1719 633 1749 Oblationeinetholocausta.Per
640 1719 803 1747 oblationem
818 1728 849 1747 ea
865 1721 966 1748 intelli-

175 1768 216 1802 git
225 1766 492 1801 sacriﬁcia,quorum
501 1773 563 1800 pars
572 1765 662 1800 aliqua
673 1770 777 1793 tantum
785 1765 964 1794 offerebatur:

175 1821 223 1848 per
230 1813 389 1840 holocausta
403 1815 504 1844 autem,
515 1819 546 1838 ea
557 1819 618 1846 qua?
627 1811 964 1846 integrainccndehantur.

211 1859 285 1886 Tum:
315 1859 431 1891 imponet
451 1865 529 1891 super
556 1857 643 1884 altare
669 1863 744 1884 tuum
770 1858 878 1885 vitulos.
902 1858 965 1886 Haec

173 1903 283 1938 quidem
309 1902 386 1937 juxta
409 1901 530 1929 historiae
561 1909 672 1929 sensum
706 1902 778 1929 dicta
798 1907 872 1934 Sunt,
886 1902 963 1937 juxta

175 1956 316 1984 auagogcn
350 1955 415 1974 vero
452 1955 485 1974 ea
517 1947 641 1982 prtedicit
664 1947 811 1982 Propheta,
835 1956 896 1982 quze
929 1949 963 1975 ad

174 1995 324 2022 Ecclesiaui
363 1993 482 2021 ﬁdelium
523 1997 550 2020 et
577 1993 609 2019 ad
649 1994 838 2028 evangelicum
877 1995 964 2021 sacri-

175 2040 264 2067 ﬁcium
294 2040 444 2074 pertinent.
490 2038 522 2065 Et
563 2047 610 2073 per
638 2039 738 2066 bonam
792 2040 961 2067 voluntatem

175 2084 327 2112 Salvatoris
349 2083 566 2110 incarnationem
595 2084 733 2118 intelligit,
754 2084 840 2111 veluti
859 2084 961 2111 bonum

173 2130 310 2164 quoddam
326 2129 499 2163 propositum
513 2137 520 2155 :
535 2132 563 2155 et
575 2136 623 2162 per
644 2129 719 2161 Sion,
743 2129 961 2156 Christianorum

173 2175 430 2207 conversationem;
447 2181 494 2208 per
510 2181 603 2201 tnuros
629 2174 693 2201 item
715 2173 877 2206 Jerusalem,
905 2177 961 2209 epi-

1057 1349 1113 1375 Kal
1129 1348 1354 1382 οῖκοδομηθήτω
1378 1341 1512 1381 τὰ”τει’κη
1536 1348 1745 1383 Ἰερουσαλήμ.
1759 1349 1800 1379 Τὸ,

1018 1397 1245 1432 Οἰκοδομηθήτω,
1262 1397 1470 1432 παρακλητικόν
1481 1397 1566 1428 ἐστιν,
1577 1397 1602 1422 εί
1626 1397 1675 1422 καὶ
1690 1404 1801 1430 προστα-

1017 1443 1111 1469 κτικὸν
1129 1443 1254 1477 φαίνεται
1263 1463 1270 1469 .

1055 1490 1123 1516 Τότε
1131 1486 1308 1522 ε’ὑδοκήσεις
1319 1488 1431 1516 θυσίαν
1438 1488 1649 1522 δικαιοσύνης.
1659 1488 1726 1514 Τότε
1738 1488 1800 1514 ἀπο·

1018 1535 1080 1570 δέξῃ
1115 1535 1211 1561 θυσίαν
1237 1535 1362 1561 δικαίαν”
1389 1535 1418 1560 ὲν
1436 1534 1521 1568 ἑτέρῳ
1557 1534 1613 1568 γὰρ
1637 1534 1714 1568 τόπῳ
1757 1533 1801 1559 vix

1019 1581 1076 1607 ἐστι
1101 1581 1214 1611 δικαίως
1240 1580 1329 1606 θύειν·
1356 1581 1385 1606 ἐν
1403 1579 1471 1614 μόνῃ
1491 1579 1545 1614 γὰρ
1560 1580 1593 1614 τῇ
1626 1578 1800 1614 Ἰερουσαλὴμ

1018 1627 1092 1654 θύειν
1103 1628 1116 1654 ὁ
1135 1627 1217 1662 νόμος
1233 1626 1397 1661 ἐπέτρεψεν.

1051 1715 1217 1749 Ἀναφυρὰν
1235 1713 1284 1741 καὶ
1303 1713 1547 1748 ὁλοκαυτώματα.
1574 1713 1730 1748 Ἀναφορᾶν
1756 1711 1800 1746 μὲν

1015 1761 1090 1795 λέγει
1105 1762 1139 1788 τὰ
1147 1761 1339 1796 ἀφαιρὴματα,
1351 1759 1384 1785 τὰ
1396 1761 1428 1785 ἐκ
1445 1759 1544 1794 μέρους
1572 1758 1784 1793 προσφερόμενα
1793 1764 1799 1770 ·

1015 1806 1232 1840 ὁλοκαυτώματα
1248 1805 1286 1836 δὲ,
1304 1804 1339 1830 τὰ
1355 1803 1415 1830 καθ’
1430 1803 1592 1838 ὁλοκληρίαν
1605 1803 1751 1836 καιόμενα.

1054 1853 1122 1879 Τότε
1149 1851 1332 1878 ἀνοίσουσιν
1363 1850 1412 1876 ἐπὶ
1441 1849 1475 1876 τὸ
1497 1848 1719 1882 θυσιαστήριὸν
1746 1855 1802 1874 σσν

1012 1898 1161 1932 μόσχους.
1188 1897 1280 1923 Ταῦτα
1306 1896 1366 1930 μὲν,
1386 1895 1446 1922 καθ’
1464 1894 1585 1928 ἱστορίαν
1596 1902 1603 1908 ·
1620 1892 1800 1927 ἁναγωγικῶς

1014 1945 1053 1976 δὲ,
1069 1944 1192 1978 περὶτῆς
1214 1942 1382 1977 Ἐκκλησίας
1396 1942 1451 1968 τῶν
1467 1940 1572 1966 πιστῶν
1586 1940 1636 1966 καὶ
1656 1941 1707 1974 τῆς
1722 1940 1800 1971 εὐαγ-

1015 1990 1127 2024 γελικῆς
1157 1988 1252 2019 θυσίας
1279 1988 1467 2023 προφητεύει’
1493 1986 1619 2012 εὐδοκίαν
1641 1986 1692 2020 μὲν
1714 1985 1798 2018 λέγων

1014 2035 1063 2069 τὴν
1074 2033 1280 2068 ἐνανθρώπησιν
1287 2032 1334 2058 τοῦ
1348 2031 1484 2065 Σωτῆρος,
1497 2031 1534 2062 ὡς
1545 2030 1652 2064 ἀγαθὴν
1663 2030 1797 2064 βούλησιν·

1014 2079 1083 2106 Σιὼν
1107 2079 1144 2111 δὲ,
1160 2079 1208 2113 τὴν
1237 2078 1376 2103 πολιτείαν
1399 2077 1452 2102 τῶν
1468 2077 1657 2111 Χριστιανῶν·
1678 2076 1758 2109 τείχη
1773 2074 1798 2100 δὲ

1014 2127 1109 2161 αὐτῆς,
1136 2127 1199 2156 τοὺς
1225 2124 1393 2155 ἐπισκόπους
1410 2123 1457 2149 καὶ
1470 2123 1647 2153 διδασκάλους
1663 2129 1671 2136 ⁸
1690 2122 1751 2147 τότε
1773 2119 1799 2144 δὲ

1014 2171 1176 2202 ἀποδέξεται
1192 2170 1239 2196 καὶ
1260 2169 1356 2195 θυσίαν
1378 2167 1563 2202 δικαιοσύνης,
1586 2168 1672 2202 ἧγουν
1688 2166 1797 2201 ἀρετῆς·

173 2227 273 2254 scopos
287 2224 314 2246 et
333 2220 474 2247 doctores.
499 2219 532 2245 Et
558 2224 635 2252 tunc,
661 2220 763 2255 inquit,
783 2221 902 2255 accipies
917 2228 961 2248 sa-

1051 2217 1061 2242 i.
1075 2216 1215 2251 ἀναφορὰν
1231 2215 1291 2250 μὲν,
1308 2214 1356 2246 τὰς
1367 2214 1412 2241 διὰ
1421 2214 1539 2249 Χριστὸν
1554 2214 1586 2239 ὲκ
1614 2214 1719 2248 μέρους
1734 2212 1799 2238 καύ-

157 2263 305 2291 .‹τίίίοἰιιιη
330 2263 456 2298 iustitiae,
489 2264 540 2290 hoc
561 2268 613 2296 est.
635 2265 803 2292 sacriﬁcium
825 2266 960 2292 universa:

173 2310 299 2343 virtutis;
315 2310 537 2340 etoblationcm.
564 2311 615 2337 hoc
637 2315 688 2341 est,
709 2315 822 2338 sanctos
849 2311 961 2339 confes-

174 2363 269 2389 sores;
290 2359 317 2382 et
335 2354 507 2386 holocausta,
534 2354 587 2382 hoc
605 2346 660 2386 est,
679 2361 789 2384 sanctos
813 2363 959 2393 martyres.

174 2400 239 2435 [liii
266 2400 339 2426 enim
380 2399 582 2429 oblationibus,
621 2401 666 2426 isti
695 2408 761 2428 vero
789 2402 960 2430 holocaustis

175 2445 272 2472 merito
313 2444 470 2478 comparari
506 2449 642 2478 possunt,
670 2452 733 2472 cum
768 2448 878 2482 utrique
904 2449 960 2476 Deo

174 2490 259 2517 oblati
287 2496 319 2516 ae
335 2489 499 2516 sanctiﬁcati
523 2490 596 2522 sint;
616 2495 643 2517 et
658 2491 830 2520 conl'essores
850 2494 958 2527 quidem

175 2544 208 2562 ex
239 2540 315 2570 parte
344 2542 375 2561 se
408 2534 462 2561 Deo
483 2534 617 2562 obtulisse
641 2535 778 2570 videntur,
795 2543 905 2573 propter
916 2547 961 2567 as-

175 2579 372 2606 severationem
401 2578 476 2611 ﬁdei,
505 2583 641 2614 martyres
669 2584 759 2607 autem
789 2589 821 2608 ex
834 2583 959 2618 iintegro,

175 2633 237 2652 cum
268 2629 296 2652 et
321 2625 442 2651 animum
476 2625 591 2659 pariter,
622 2629 649 2652 et
679 2627 768 2660 ipsum
799 2634 900 2662 corpus
931 2630 957 2655 in

176 2674 265 2696 totum
283 2669 338 2697 Deo
350 2669 522 2697 devoverint.
549 2670 609 2702 Vel.
627 2678 674 2705 per
691 2671 855 2703 oblationes,
874 2681 958 2700 mein-

175 2715 287 2742 brorum
334 2715 521 2743 extremitates
548 2716 683 2751 intellige,
713 2717 747 2744 de
770 2717 956 2746 confessorum

173 2768 287 2795 corpore
301 2760 497 2795 detruncatus;
514 2769 562 2796 per
581 2762 741 2790 holocausta
759 2771 834 2795 vero,
853 2764 957 2798 integra

173 2811 323 2841 martyrum
339 2807 477 2841 incendia,
497 2812 545 2835 aut
560 2808 658 2836 caedes.
673 2808 721 2835 Vel
736 2809 815 2836 aliter
828 2810 955 2837 :Oblatio

173 2849 299 2878 virtutem
328 2851 438 2882 quidem
463 2852 611 2887 signiﬁcat,
628 2853 676 2880 sed
691 2859 723 2880 ex
738 2857 815 2887 parte
835 2854 956 2881 diminu-

1013 2270 1071 2293 σεις
1088 2261 1142 2287 τῶν
1161 2260 1338 2295 ὁμολογητῶν
1353 2267 1360 2275 δ
1379 2258 1596 2293 ὁλοκαυτώματα
1612 2258 1653 2289 δὲ,
1670 2258 1721 2288 τὰς
1740 2255 1798 2282 καθ’

1012 2309 1160 2344 ὁλόκληρον
1173 2308 1226 2334 τῶν
1243 2307 1332 2343 μαρτύ
1339 2315 1402 2342 ρων.
1411 2308 1446 2333 Ἢ
1455 2307 1484 2332 τὺ
1497 2308 1557 2340 μὲν,
1570 2307 1633 2336 τοὺς
1645 2306 1690 2332 διὰ
1709 2305 1800 2338 ξίφους

1014 2353 1254 2390 ἀκροτηριασμοὺς
1286 2353 1341 2379 τῶν
1362 2352 1536 2388 ὁμολογητῶν
1550 2361 1557 2367 ·
1584 2352 1615 2378 τὸ
1630 2351 1671 2384 δὲ,
1685 2352 1735 2382 τὰς
1748 2350 1800 2376 τῶν

1015 2400 1164 2436 μαρτύρων
1190 2399 1307 2434 σφαγάς.
1325 2399 1360 2425 Ἦ
1372 2398 1402 2424 τὸ
1419 2398 1478 2433 μὲν,
1497 2398 1546 2432 τὴν
1561 2398 1593 2423 ἐκ
1611 2399 1713 2432 μέρους
1737 2397 1799 2431 ἁρε-

1012 2447 1072 2480 τὴν,
1088 2446 1126 2477 ὡς
1144 2445 1193 2480 τὴν
1210 2447 1240 2472 ἐν
1257 2446 1349 2480 γάμῳ,
1367 2445 1466 2479 ἢᾶλλῳ
1481 2443 1601 2478 βιωτικῷ
1619 2445 1758 2478 σχήματι·
1771 2440 1800 2467 τὸ

1012 2492 1051 2523 δὲ,
1073 2491 1122 2526 τὴν
1139 2491 1254 2524 τελείαν,
1272 2491 1310 2521 ὼς
1324 2491 1374 2525 τὴν
1405 2491 1433 2516 ὲν
1450 2490 1568 2524 ἀγα-μία,
1588 2489 1605 2524 ἢ
1623 2491 1652 2515 ὲν
1666 2488 1797 2523 μοναδικῇ

1012 2537 1145 2571 πολιτείᾳ.
1157 2537 1261 2571 Μόσχοι
1279 2536 1318 2567 δὲ,
1330 2537 1354 2562 ol
1368 2536 1459 2561 πιστοὶ
1472 2537 1505 2570 τῇ
1515 2535 1634 2570 χορηγίᾳ
1651 2535 1707 2562 τῶν
1733 2535 1796 2568 ἁρε-

1009 2584 1074 2615 τῶν,
1105 2583 1153 2609 καὶ
1177 2583 1269 2613 πίονες
1297 2582 1336 2617 τῷ
1354 2581 1424 2615 ἁγίῳ
1451 2582 1602 2615 Πνεύματι,
1621 2583 1668 2607 καὶ
1685 2579 1796 2615 κερατί-

1009 2628 1102 2658 ζοντες
1117 2627 1162 2653 τὸν
1178 2628 1312 2659 διάϐολον,
1330 2627 1444 2654 καθόλου
1468 2627 1570 2657 πάντες
1580 2627 1604 2652 οί
1618 2627 1714 2652 τέλειοι
1728 2624 1793 2659 πρά-

1010 2674 1049 2706 ξει
1065 2674 1113 2700 καὶ
1134 2674 1217 2708 λόγῳ,
1234 2674 1258 2700 οἳ
1279 2674 1326 2700 καὶ
1353 2675 1393 2705 εἰς
1410 2674 1440 2699 τὺ
1457 2673 1621 2708 ἐπουράνιον
1647 2672 1791 2705 ἀνάγονται

1009 2719 1214 2753 θυσιαστήριον,
1238 2719 1279 2750 εἰς
1307 2718 1395 2753 ὀσμὴν
1418 2718 1532 2750 εὐωδίας
1549 2717 1590 2752 τῷ
1609 2718 1678 2752 Θεῷ.
1694 2716 1753 2749 Χρὴ
1763 2714 1790 2739 δὲ

1009 2765 1165 2797 γινώσκειν,
1188 2764 1230 2790 ὃτι
1251 2764 1344 2790 πολλοὶ
1375 2764 1506 2795 πολλάκις
1532 2763 1582 2799 τὴν
1609 2763 1729 2790 διάθεσιν
1742 2756 1787 2785 τοῦ

1011 2809 1153 2844 μέλλοντος
1163 2810 1260 2845 χρόνου
1289 2811 1348 2836 ἀντὶ
1363 2809 1489 2837 εὺκτικοῦ
1517 2808 1786 2844 παραλαμὸανουσινι

1011 2855 1107 2889 ἰδίωμα
1120 2855 1166 2882 καὶ
1177 2855 1256 2882 τοῦτο
1265 2856 1313 2891 τῆς
1330 2857 1470 2893 Ἐϐραΐδος
1483 2855 1626 2883 διαλέκτου
1656 2855 1788 2889 λέγοντεςν
