1858 3071
29 140 64 171 Π3

599 139 795 171 COMMENT.
810 141 849 171 lN
867 141 932 171 PSA
938 141 1045 172 LMOS.

1584 143 1636 175 574

51 198 113 224 ὀτι
128 196 162 222 ἐκ
178 195 280 228 πάσης
294 194 425 229 θλίψεως
440 195 557 229 sepem
577 204 626 230 με.
651 197 794 224 Διεσκέδα·

884 199 965 227 Vens.
981 200 1007 227 9.
1024 200 1158 233 Quoniam
1179 209 1212 228 ex
1231 202 1303 229 omni
1322 202 1494 230 tribulatione
1514 202 1638 237 eripuisti

29 253 62 275 ta;
73 244 116 271 καὶ
127 242 176 270 νῦν
189 243 239 278 τὴν
252 241 375 269 ἐπίθεσιν
387 241 434 268 τοῦ
450 242 548 275 Σαοὺλ,
561 243 609 269 καὶ
625 242 795 275 ἀνοέλχυσας

29 290 92 316 ιὺτδν
106 289 145 321 είς
162 288 257 324 ἕτερον
276 288 408 323 πόλεμον.

51 336 99 364 Kal
115 336 149 362 ἐν
170 335 234 368 τοῖς
249 334 366 369 ἐχθροῖς
387 343 448 369 μου
466 334 587 361 ἐπεῖδεν
606 335 623 361 δ
641 335 795 369 ὀφθαλμός

31 392 80 409 ιου.
99 382 142 413 Ὠς
157 381 302 416 προφήτης
318 379 381 407 ίδὼν
400 379 439 415 τῷ
467 379 518 414 τῆς
543 379 634 415 ψυχῆς
660 379 796 415 ὀφθαλμῷ

29 430 63 464 ;ὴν
87 426 275 462 καταστροφὴν
291 426 340 453 τοῦ
356 435 385 453 τε
409 426 496 453 Σαοὺλ
513 426 560 452 καὶ
583 425 637 452 τῶν
662 426 794 460 Ζιφαίων,

29 475 150 509 προεῖπεν,
175 473 219 500 ὅτι
243 472 294 508 ήδη
316 471 452 499 Ἐπεῑδεν
466 472 482 498 ὁ
498 471 651 506 ὀφθαλμός
668 480 728 506 μου
760 471 795 498 ἐν

29 520 74 552 τοῖς
93 519 211 553 ἐχθροῖς
232 526 308 553 μου·
325 518 416 545 λείπει
445 517 475 545 δὲ
491 517 532 550 τδ,
547 516 566 544 Δ
582 517 766 551 ἐϐουλόμην,
779 515 794 551 ἢ

29 567 41 593 ti
65 566 231 598 πείσονται,
247 565 285 596 ὼς
300 565 330 591 ὲν
345 564 385 598 τῷ
400 564 437 591 λδ¹
452 563 553 599 ψαλμῷ
569 561 796 598 προαποδεδώκα-

29 621 73 638 ιεν.
98 611 209 646 Λέγοιτο
225 611 247 637 δ’
258 611 292 638 ἂν
311 610 359 637 καὶ
374 607 454 642 οὗτος
467 611 481 636 ὀ
499 610 606 645 ψαλμδς
622 609 688 644 παρ’
704 608 795 643 ἡμῶν,

29 657 82 683 ατὰ
96 657 148 683 τῶν
161 656 308 691 δαιμόνων,
323 656 349 682 οἳ
371 657 419 682 καὶ
433 655 570 690 ἁλλότριοί
585 655 638 681 εἰσι
661 653 741 685 Θεοῦ,
757 654 794 684 ὠς

29 703 170 734 immittat,
188 703 236 730 καὶ
248 703 447 738 ἀντικείμενοι,
474 702 522 729 καὶ
543 700 670 737 κραταιοὶ
684 701 724 731 είς
741 707 793 725 κα-

29 749 85 781 κίαν,
96 749 129 781 ὡς
142 749 299 784 ἀσώματοι,
316 749 362 775 καὶ
381 748 419 780 ὠς
439 748 674 783 κοσμοκράτορες.

845 251 893 270 me.
920 244 1076 280 lnterrupto
1101 245 1203 274 etenim
1238 253 1312 273 nunc
1337 245 1428 274 Saulis
1449 247 1565 282 impetu,
1582 255 1636 282 quo

844 289 871 316 in
896 297 938 316 me
957 289 1108 323 ferebatur,
1125 291 1151 318 in
1164 291 1238 319 aliud
1253 292 1355 320 bellum
1373 301 1435 320 cum
1450 294 1597 321 divertisti.

853 373 855 376 ν
883 334 918 361 Et
935 335 961 361 in
980 336 1097 363 inimicis
1114 337 1179 364 meis
1207 337 1326 372 despexit
1349 339 1443 366 multis
1469 347 1551 366 meus.
1568 340 1635 366 Ani-

846 389 899 408 mae
918 381 1048 410 nimirum
1077 383 1177 415 oculis,
1190 391 1221 410 ac
1239 383 1321 411 veluti
1340 384 1484 419 propheta,
1507 384 1635 418 Ziphaeo-

846 434 908 453 rum
935 434 967 454 ac
995 426 1086 456 Saulis
1112 429 1252 456 interitum
1272 436 1398 456 cernens.
1423 429 1519 456 Sermo
1545 435 1635 457 autem

845 471 998 500 defectivus
1021 477 1075 506 est,
1100 479 1127 501 et
1155 475 1196 503 sic
1220 475 1401 509 intelligitur:
1418 474 1521 503 Oculus
1547 483 1635 506 meus,

846 517 945 551 inquit,
972 518 1096 554 despexit
1126 528 1159 547 ac
1189 520 1258 548 vidit
1287 520 1314 547 in
1343 519 1464 548 inimicis
1493 521 1583 547 meis:
1602 528 1635 547 ea

847 564 938 590 omnia
965 564 1096 593 nimirum
1120 574 1182 601 qum
1207 567 1324 602 optavit,
1341 567 1383 594 vel
1406 575 1437 594 ca
1460 567 1551 593 omnia
1575 573 1636 600 quae

847 608 958 642 passuri
974 613 1059 642 sunt;
1076 611 1308 645 quemadmodum
1327 612 1409 639 etiam
1428 611 1592 638 tradidimus
1607 610 1634 637 in

849 653 957 686 psalmo
982 662 1076 681 uxrv.
1106 655 1201 683 ΕπειὛί
1232 656 1314 683 etiam
1339 663 1353 683 a
1379 657 1459 683 nobis
1480 659 1570 691 potest
1591 656 1635 683 hic

848 699 972 732 psalmus
988 700 1121 728 adversus
1137 702 1289 735 daemones,
1306 702 1353 737 qui
1376 710 1390 729 a
1407 703 1462 729 Deo
1473 702 1554 729 alieni
1571 705 1637 729 sunt

848 748 878 769 ut
893 744 1008 774 rebelles
1023 746 1047 774 ei
1065 752 1149 782 atque
1170 747 1340 781 adversarii;
1356 752 1384 775 et
1405 747 1491 775 fortes
1506 748 1636 776 similiter

29 800 78 822 :unt
92 798 122 823 ad
134 795 267 831 patranda
286 795 390 823 scelera
423 799 553 830 tanquam
586 791 741 828 incorporei
773 789 898 825 spiritus,
927 797 955 818 et
983 797 1114 830 tanquam
1146 795 1229 830 hujus
1259 795 1341 822 etiam
1389 795 1485 823 mundi
1532 794 1635 830 princi-

40 849 70 869 t‘S.

40 852 70 869 es.

29 852 90 923 ΡΕἰς
104 890 133 916 τὸ
153 890 240 922 τέλος
256 889 292 916 ἐν
308 889 425 923 ὕμνοις,
440 888 596 921 συνέσεως
609 887 648 920 τῷ
662 884 763 913 Δαϐίδ.

280 979 429 1006 ΨΑΛΜΟΣ
450 979 512 1005 NA’.

55 1026 103 1053 Kal.
118 1025 211 1052 τοῦτον
238 1025 375 1059 συνέθηκε
399 1025 445 1052 τὸν
469 1025 588 1060 ψαλμὸν,
614 1024 725 1059 φεύγων
747 1024 794 1051 τὸν

29 1071 108 1104 Σαοὺλ,
134 1072 179 1099 καὶ
203 1071 362 1107 περιπολῶν
389 1071 439 1106 τὴν
457 1071 580 1106 ἔρημον·
612 1072 640 1098 ὲν
657 1072 714 1102 τοῖς
732 1071 794 1097 καθ’

29 1118 106 1144 ἑπυτὺν
127 1117 154 1144 δὲ
168 1117 270 1145 πάθεσι
288 1117 446 1151 προγράφει
463 1117 510 1143 καὶ
534 1116 568 1144 τὰ
595 1116 641 1143 τοῦ
661 1117 792 1151 Χριστοῦ.

29 1165 64 1190 Διὸ
77 1163 117 1190 καὶ
136 1164 178 1196 εἰς
198 1163 290 1196 τέλος
308 1163 520 1198 ἐπιγέγραπται,
539 1163 587 1189 καὶ
620 1162 656 1189 ὲν
674 1163 794 1197 ὕμνοις,

29 1211 65 1235 :u't
90 1210 251 1243 συνέσεως,
269 1207 312 1236 οἶα
327 1210 523 1245 παραπέμπων
537 1209 582 1236 τὸν
598 1211 738 1245 ἀκροατὴν
754 1210 795 1242 είς

29 1256 89 1286 τέλος
100 1256 148 1282 τῶν
165 1257 193 1282 ἐν
209 1255 301 1290 τούτῳ
320 1256 386 1290 περὶ
404 1255 525 1290 Χριστοῦ
542 1256 794 1292 προφητευοέντων,

30 1301 66 1325 καὶ
90 1301 176 1335 ὑμνεῖν
199 1301 247 1328 τὸν
277 1301 311 1327 δι’
330 1301 404 1336 ἡμᾶς
434 1301 550 1328 τοιαῦτα
575 1301 795 1336 καταδεξάμενον

31 1347 244 1382 προτρεπόμενος,
264 1348 312 1374 καὶ
334 1347 403 1382 μετὰ
424 1347 559 1379 συνέσεως
583 1347 666 1380 ἀξιῶυ
691 1349 795 1383 ἀκροᾶο

31 1391 90 1425 σθαι,
103 1392 142 1419 διὰ
158 1393 186 1419 τὺ
203 1393 439 1428 συνεσκιασμένον
455 1394 504 1429 τῆς
520 1394 699 1430 προφητείας.

807 1488 831 1519 C

63 1524 208 1559 Ὲνώτισαι,
228 1528 246 1554 ὁ
274 1525 362 1560 Θεὸς,
379 1526 438 1561 τὴν
462 1528 642 1562 προσευχήν
659 1537 729 1562 μου,
745 1528 795 1555 καὶ

29 1569 62 1603 μὴ
75 1571 205 1605 ὑπερίδῃς
219 1571 283 1606 τὴν
304 1572 413 1606 δέησίν
428 1581 498 1608 μου,
527 1573 660 1608 πρόσχες
671 1582 730 1609 μοι,
747 1574 795 1600 καὶ

32 1615 189 1643 εισάκουσόν
205 1626 281 1652 μου.
308 1617 473 1652 Προείρηται
499 1619 566 1653 περὶ
577 1619 681 1645 τούτων
709 1619 738 1646 ὲν
757 1619 795 1654 τῷ

33 1659 128 1696 δευτέρῳ
144 1663 225 1697 στὶχῳ
247 1662 297 1689 τοῦ
320 1661 360 1696 νγ¹
375 1663 497 1698 ψαλμοῦ.
524 1663 738 1699 Παρατηρητέον
756 1664 794 1697 δὲ,

34 1705 65 1731 ὅτι
82 1707 94 1732 ὁ
112 1710 145 1739 ις’
158 1707 266 1742 ψαλμδς
278 1709 416 1736 ἀνάπαλιν
429 1708 486 1743 ἔχει
505 1709 574 1743 πρὸς
589 1709 637 1736 τὸν
653 1709 775 1744 παρόντα
786 1717 794 1725 ·

35 1752 121 1785 πρῶτον
137 1754 187 1789 γὰρ
211 1755 239 1781 ὲν
270 1754 367 1790 ἐκείνῳ
393 1754 424 1781 τὸ
448 1754 654 1787 Είσάκουσον,
681 1753 740 1781 εἶτα
765 1755 796 1782 τὸ

36 1798 147 1833 Πρόσχες
160 1821 167 1833 ,
186 1801 234 1828 καὶ
260 1801 417 1827 τελευταῖον
432 1801 462 1829 τὸ
484 1800 655 1835 Ἐνώτισαι,
673 1801 710 1833 ὡς
725 1799 795 1828 εἶναι

35 1845 131 1879 φινερὰν
141 1846 187 1882 ήδη
202 1847 253 1881 τὴν
268 1846 430 1882 ἀδιαφορίαν
444 1847 493 1882 τῆς
505 1847 615 1879 λέξεως.

65 1978 220 2014 Ἔλυπήθην
230 1981 268 2008 ἐν
282 1979 319 2014 τῇ
333 1979 502 2014 ἀδολεσχία
513 1989 584 2014 μου.
615 1979 652 2006 Τὸ
668 1979 717 2013 τῆς
735 1979 796 2006 ἁδο-

35 2023 123 2060 λξσχίας
135 2026 228 2062 ὄνομα,
244 2027 354 2062 κυρίως
373 2026 434 2061 μὲν,
453 2027 500 2053 ἐπὶ
515 2026 566 2060 τῆς
580 2026 714 2061 φλυαρίας
731 2026 797 2053 τάτ-

36 2078 101 2098 τεται.
116 2072 251 2108 Λαμϐάνει
267 2073 295 2099 δὲ
317 2072 397 2099 τοῦτο
411 2072 543 2104 πολλάκις
559 2074 573 2099 ὁ
587 2074 731 2108 προφήτης
750 2073 796 2100 καὶ

36 2116 70 2141 ἐπὶ
81 2117 122 2151 τῆς
135 2119 263 2154 συνεχοῦς
293 2118 504 2153 ὲμμελετήσεως
515 2137 523 2151 ,
538 2118 575 2150 ὥς
592 2119 638 2144 τό*
652 2118 707 2145 Καὶ
722 2118 794 2152 ἠδο-

36 2162 146 2197 λέσχουν
164 2165 196 2192 ἐν
211 2166 276 2198 τοῖς
290 2164 470 2199 δικαιώμασί
484 2172 555 2197 σου,
580 2165 717 2197 τουτέστι,
733 2165 796 2199 ἐμε-

36 2207 101 2235 λέτων
114 2211 139 2237 ὲν
153 2210 191 2245 τῷ
207 2211 284 2247 νόμῳ
303 2219 362 2238 σου.
380 2211 435 2237 Καὶ
452 2210 500 2237 νῦν
514 2207 560 2237 οὖν
589 2210 690 2245 ὁμοίως
701 2211 794 2246 φησιν,

37 2256 67 2282 ὅτι
89 2257 234 2295 Ἐλνπήθην
255 2261 285 2286 ἐν
298 2260 332 2294 τῇ
344 2257 444 2296 μελέτῃ
462 2268 523 2294 μου,
537 2260 569 2295 τῇ
588 2259 652 2294 περὶ
669 2259 716 2285 τοῦ
738 2259 796 2290 πῶς

37 2302 61 2328 ἂν
78 2304 177 2338 ἐκφύγω
192 2306 240 2337 τὰς
258 2304 409 2336 ἐπιϐουλὰς
424 2304 478 2331 τῶν
503 2304 610 2340 ὲχθρῶν
621 2313 628 2320 ·
656 2304 796 2340 ἐλυπήθην

37 2346 65 2379 δὲ,
81 2350 111 2384 μὴ
125 2350 256 2387 εὑρίσκων
278 2350 417 2386 μηχανήν.
435 2349 615 2385 Δαμὸάνεται
637 2350 665 2376 δὲ
681 2350 728 2376 καὶ
750 2350 797 2376 ἐπὶ

36 2394 72 2420 τοῦ
85 2397 148 2424 κατὰ
171 2397 234 2424 θέαν
270 2395 472 2432 μετεωρισμοῦ,
499 2396 536 2428 ὡς
566 2396 613 2422 τό·
652 2395 797 2429 Ἐξῆλθεν

42 2438 125 2468 Ἰσαὰκ
147 2443 202 2479 {89)
217 2442 428 2478 ωολεσχιῙο-αι
440 2443 483 2475 εὶς
496 2441 528 2469 τὸ
540 2441 657 2472 πεδίον,
668 2441 702 2468 τὸ
721 2440 797 2474 πρὸς

38 2483 129 2520 δείλης,

810 2152 832 2179 D

815 886 835 913 Β

971 885 1004 912 In
1017 886 1094 919 ﬁnem
1115 887 1142 913 in
1154 887 1257 922 hymnis
1273 888 1454 922 intelligentia:
1467 887 1520 920 ipsi

1190 934 1287 962 David.

1122 979 1282 1008 PSALMUS
1303 979 1369 1007 LIV.

883 1023 960 1052 Hunc
982 1025 1116 1060 psalmum
1142 1025 1202 1059 pari
1234 1024 1316 1052 modo
1341 1026 1508 1061 conscripsit
1534 1026 1632 1054 beatus

846 1069 941 1102 David,
957 1078 1018 1098 cum
1036 1070 1145 1098 Sanlem
1165 1071 1279 1106 fugeret,
1293 1076 1320 1099 et
1338 1072 1520 1106 vagabundus
1536 1072 1563 1099 in
1575 1080 1636 1100 ere-

846 1124 890 1143 mo
908 1116 1110 1145 diversaretur.
1127 1117 1239 1149 Verum,
1258 1118 1322 1144 dum
1349 1118 1473 1152 proprias
1490 1118 1634 1152 passiones

846 1166 940 1189 narrat
966 1162 1112 1197 Propheta,
1134 1163 1340 1198 quodammodo
1369 1163 1471 1190 Christi
1490 1164 1635 1198 passiones

846 1207 991 1237 describit.
1012 1209 1101 1244 Atque
1118 1209 1179 1236 ideo
1190 1209 1217 1236 in
1229 1209 1308 1243 ﬁnem
1324 1209 1494 1241 inscribitur,
1515 1210 1541 1236 in
1558 1209 1634 1243 hym-

847 1254 900 1286 nis,
918 1258 946 1281 et
969 1254 1165 1289 intelligentiw.
1188 1255 1353 1282 Auditorem
1376 1255 1450 1283 enim
1475 1255 1509 1282 ad
1537 1263 1632 1282 eorum

847 1299 928 1327 linem
946 1301 1070 1333 remittit,
1085 1309 1147 1336 qua:
1163 1302 1196 1329 de
1211 1300 1322 1329 Christo
1335 1301 1380 1328 hic
1401 1302 1532 1336 praedicta
1544 1306 1609 1329 sunt
1625 1309 1632 1328 :

847 1345 998 1380 suadetque
1026 1351 1053 1374 et
1076 1347 1204 1374 hortatur
1227 1355 1278 1375 nos
1290 1347 1324 1373 ad
1351 1347 1425 1374 illius
1456 1347 1562 1379 laudes,
1587 1348 1634 1381 qui

847 1395 964 1426 propter
981 1400 1031 1420 nos
1049 1396 1140 1420 tantas
1156 1392 1299 1427 passiones
1311 1391 1458 1419 sustinuit.
1472 1390 1540 1418 Cum
1553 1391 1635 1418 intel-

853 1437 967 1471 ligentia
983 1438 1065 1464 etiam
1080 1437 1171 1464 omnia
1187 1437 1244 1464 inec
1255 1436 1344 1463 audiri
1360 1436 1500 1468 admonet,
1521 1439 1634 1470 propter

847 1482 970 1509 umbram
995 1486 1076 1516 atque
1087 1483 1281 1510 obscuritatem
1295 1482 1457 1516 propinetim.

882 1528 967 1556 Vsus.
989 1529 1016 1562 Ξ,
1034 1529 1061 1556 5.
1080 1528 1196 1555 Auribus
1224 1529 1340 1563 percipe.
1369 1527 1450 1560 Deus,
1485 1527 1634 1553 orationem

847 1583 944 1607 meam,
961 1579 985 1602 et
1011 1582 1043 1601 ue
1070 1574 1220 1607 despexeris
1239 1573 1452 1608 deprecationem
1478 1580 1575 1603 nteant,
1593 1572 1635 1598 in-

848 1623 922 1648 tende
948 1620 1012 1648 mihi
1035 1625 1059 1648 et
1082 1619 1183 1647 exaudi
1205 1627 1256 1646 me.
1288 1618 1455 1652 Hujusmodi
1479 1618 1573 1649 verba,
1601 1624 1634 1644 ac

847 1667 1013 1696 sententiam
1037 1666 1216 1701 exposuimus
1236 1665 1364 1700 superius
1384 1665 1410 1692 in
1430 1663 1553 1691 secundo
1573 1670 1632 1689 ver-

847 1714 935 1742 siculo
954 1714 1053 1748 psalmi
1075 1720 1135 1740 uu.
1153 1711 1360 1739 Observandum
1373 1715 1415 1738 est
1441 1715 1544 1742 tamen,
1559 1709 1633 1744 quod

848 1759 874 1786 in
893 1759 998 1793 psalmo
1009 1766 1053 1786 xv:
1069 1757 1139 1785 alius
1154 1765 1185 1785 ac
1199 1757 1326 1785 diversus
1336 1761 1378 1784 est
1392 1756 1538 1784 verborum
1553 1754 1632 1786 ordo,

847 1810 930 1839 atque
955 1804 1001 1831 hic
1033 1804 1158 1831 habetur.
1190 1803 1269 1830 Prius
1298 1803 1372 1830 enim
1408 1802 1445 1828 ibi
1480 1801 1592 1835 ponitur
1621 1808 1629 1827 :

850 1850 966 1882 Exaudi,
978 1849 1087 1883 deinde,
1101 1848 1223 1881 Intende,
1236 1854 1262 1876 et
1274 1853 1415 1884 postremo
1427 1848 1504 1875 loco:
1520 1846 1635 1873 Auribus

847 1897 972 1931 percipe;
990 1896 1026 1922 ita
1043 1899 1073 1922 ut
1091 1894 1238 1922 manifeste
1255 1898 1347 1929 pateat
1369 1893 1471 1921 nullam
1485 1900 1546 1921 esse
1563 1891 1634 1927 apud

847 1940 1010 1976 Prophetam
1025 1941 1121 1967 harum
1132 1939 1283 1967 dictionum
1300 1938 1491 1966 differentiam.

884 1985 1066 2013 Contristatus
1086 1992 1144 2011 sum
1162 1984 1188 2010 in
1206 1982 1380 2011 meditatione
1394 1989 1463 2008 mea.
1483 1980 1561 2012 Quod
1581 1978 1634 2005 La-

849 2033 903 2059 tine
917 2031 961 2058 hic
975 2031 1180 2059 meditationem
1193 2029 1319 2064 legimus,
1336 2027 1430 2055 Griece
1443 2026 1560 2053 habetur
1569 2024 1634 2051 ἅδο-

852 2075 1026 2110 laexla,qu:e
1048 2073 1133 2100 dictio
1154 2072 1377 2108 propriequidem
1387 2069 1635 2105 nugacitatem,seu

849 2121 892 2157 [ut
904 2121 948 2147 alii
962 2119 1074 2154 propius
1088 2117 1152 2145 huic
1171 2117 1265 2146 sensui
1279 2114 1470 2150 reddiderunt]
1486 2113 1637 2148 argutatio-

848 2174 910 2195 nem
921 2164 1068 2200 significat,
1079 2167 1106 2190 et
1120 2162 1190 2198 apud
1205 2161 1368 2197 Prophetam
1380 2164 1505 2187 nostrum
1513 2165 1638 2193 saepenu-

848 2218 923 2238 mero
932 2217 980 2245 pro
991 2209 1101 2237 assidua
1115 2207 1290 2235 meditatione
1299 2205 1435 2241 reperitur
1445 2215 1452 2232 :
1463 2205 1540 2240 juxta
1562 2202 1636 2237 quod

847 2256 911 2283 alibi
925 2256 1011 2282 dicit:
1036 2253 1070 2281 Et
1086 2254 1235 2280 meditabar
1255 2253 1284 2280 in
1299 2250 1533 2286 iustificationibua
1550 2249 1600 2276 tuis
1612 2248 1635 2276 τ.

848 2302 925 2338 [Nam
935 2301 1007 2337 quod
1018 2301 1065 2332 ait,
1077 2299 1235 2332 meditabar,
1244 2293 1636 2332 ϐτωθοιεεῑῑυτὴδολέσχουν]

846 2347 1036 2375 Contristatus
1055 2353 1129 2378 sum,
1146 2345 1248 2380 inquit,
1265 2345 1292 2370 in
1308 2343 1486 2371 meditatione
1502 2348 1572 2373 mea,
1584 2346 1633 2367 co-

847 2394 958 2431 gitando
974 2400 1093 2428 quonam
1114 2396 1193 2427 pacto
1209 2393 1313 2420 evitare
1329 2396 1438 2425 possem
1461 2388 1635 2415 inimicorum

847 2440 962 2469 insidias
978 2448 986 2467 :
1005 2445 1124 2474 cumque
1138 2437 1241 2465 nullam
1254 2442 1352 2468 artem,
1365 2439 1412 2462 aut
1427 2434 1572 2461 consilium
1589 2439 1636 2459 re-

849 2487 979 2521 perirem,
1002 2484 1184 2511 contristatus
1212 2490 1285 2511 sum.
1312 2480 1469 2515 Ἀδολεσχία
1488 2479 1570 2506 etiam
1586 2484 1635 2512 pro

39 2534 165 2564 sublimiori
180 2537 225 2565 illa
238 2545 271 2565 ac
288 2535 418 2565 diviniori
436 2535 668 2570 contemplatione
701 2534 852 2569 accipitur,
877 2534 955 2568 iuxta
971 2533 1036 2560 illud
1056 2541 1062 2560 :
1083 2531 1173 2559 Exivit
1188 2530 1299 2562 Isaac/1,
1334 2534 1364 2556 ut
1398 2527 1574 2555 meditaretur
1606 2525 1634 2552 in

40 2588 98 2612 "aro.
120 2583 258 2610 inclinante
280 2584 337 2616 iam
358 2583 399 2610 die
412 2582 423 2597 ⁸
442 2582 479 2617 [in
493 2581 588 2608 Grmco
599 2580 671 2608 enim
700 2581 794 2608 eadem
815 2580 935 2608 dictione
951 2580 988 2607 ibi
1004 2579 1170 2614 Prophetam
1187 2585 1267 2606 usum
1282 2573 1422 2611 videmus]

66 2629 110 2654 Καὶ
129 2630 288 2665 ἐταράχθην
301 2630 361 2658 ἀπὸ
383 2628 487 2664 φωνῆς
509 2627 634 2663 ἐχθροῦ,
662 2628 711 2655 καὶ
734 2629 793 2656 ἀπὸ

41 2670 148 2706 θλίψεως
162 2674 346 2709 ἀμαρτωλοῦ.
372 2673 425 2701 Τὸν
441 2673 528 2700 Σαοὺλ
551 2673 681 2708 ὀνομάζει
696 2673 794 2708 ὲχορὺν

68 2758 77 2772 ⁷
93 2758 156 2788 Psal.
182 2769 272 2796 cum,
290 2763 334 2790 47.
375 2764 385 2777 ⁸
401 2763 470 2791 Gen.
488 2771 562 2798 xxiv,
579 2766 622 2794 65.

888 2626 921 2655 Et
938 2626 1060 2654 turbatus
1078 2634 1136 2654 sum
1152 2635 1168 2653 a
1185 2633 1246 2653 voce
1266 2623 1379 2655 inimici,
1396 2627 1420 2649 et
1434 2621 1635 2650 atribulatione

849 2675 1006 2708 peccatoris.
1036 2672 1181 2701 inimicum
1211 2671 1323 2699 Saulem
1345 2669 1475 2705 appellat,
1502 2672 1632 2703 tanquam

685 2809 784 2841 Varias
806 2810 967 2842 lectiones.

73 2854 118 2889 (80)
131 2857 168 2884 Al.
188 2858 320 2896 ’Δῦραάμη
