1885 3070
52 133 94 163 107
609 130 805 160 ΕΟΜΜΕΝΤ.

908 129 1064 160 SALMOS.

1608 134 1662 166 2.98

77 187 126 214 Kal
142 185 343 219 ἐξηπορήθην.
363 186 418 212 Καὶ
441 185 521 212 τοῦτο
532 205 539 217 ,
556 186 618 213 ὅσον
635 187 682 212 ἐπὶ
698 187 730 221 τῇ
749 186 816 212 ὑπο-

907 185 937 211 Ει
970 185 1112 211 deslilulus
1138 193 1207 212 sum.
1239 186 1271 212 Et
1298 187 1348 214 hoc
1371 189 1453 216 eliam
1478 195 1610 224 quantum
1627 191 1660 217 ad

47 233 117 268 ὶήψει
141 231 193 258 τῶν
219 230 366 264 Ἐϐραίων.
401 230 494 262 Ἔδοξε
519 231 574 265 γὰρ
600 231 693 262 αὐτοῖς
717 232 819 265 ἄπορος

49 278 163 313 βοηθείας
173 285 179 291 ·
193 276 233 303 διὸ
248 277 295 303 καὶ
308 276 401 311 ἔλεγον
411 275 546 311 ’Ἴδωμεν
555 277 581 304 εἰ
593 277 713 312 ἔρχεται
720 278 820 310 Ἠλίας

47 323 146 350 σώσων
159 322 259 349 αὐτόν.
597 334 604 341 ι

78 367 195 402 Ἐπ’ὲμὲ
210 367 337 399 διῆλθον
360 369 389 394 al
405 369 491 402 ὀργαί
507 376 565 395 σου
577 376 584 382 ·
601 369 629 395 ol
646 368 820 402 φοϐερισμοί

47 420 98 440 (Iov
125 412 307 446 ἐξετόραξάν
333 421 381 447 με.
403 413 503 447 Ὀργὰς
528 412 595 438 Θεοῦ
612 414 662 444 τὰς
681 413 751 439 κατὰ
766 413 820 439 τῶν

47 458 248 493 ἁμαρτανόντων
266 457 414 492 γινομένας
427 477 434 490 ,
462 457 560 491 φησιν’
578 457 678 492 ὁμοίως
703 457 750 484 καὶ
773 465 821 491 φο-

47 503 193 538 6ερισμούς.
219 502 274 528 Καὶ
295 502 343 534 τὰς
372 503 422 537 μὲν
441 502 526 538 ὀργὰς
550 502 663 529 διελθεῖν
690 504 738 530 καὶ
761 504 819 529 εἱσ-

46 549 113 575 δῦναι
138 549 177 579 είς
201 548 283 574 αὑτὸν
303 548 391 581 λέγει,
416 548 479 579 τοὺς
501 548 528 574 δὲ
554 548 738 583 φοϐερισμοὺς
758 556 820 575 συν-

47 594 179 629 ταράττειν
207 594 256 620 καὶ
283 593 462 620 ἀναστέλλειν
477 593 531 620 ἀπὸ
547 594 656 625 κακίας.
677 594 820 628 Ὡριγένης

47 640 70 665 δὲ
83 639 163 673 ὀργὰς
183 638 253 665 Θεοῦ
269 639 316 665 καὶ
334 639 522 674 φοϐερισμοὺς
546 639 609 670 τοὺς
623 639 753 674 δαίμονάς
767 649 820 675 φη-

48 692 98 710 σιν·
115 684 197 719 ὀργὰς
216 685 264 718 μὲν
276 703 283 716 ,
305 684 342 715 ὡς
358 683 555 721 όργιξομὲνους
572 685 617 711 ἀεὶ¹
636 686 693 716 τοῖς
714 685 820 720 ἀνθρώ-

47 738 115 761 ποις²
140 730 206 756 Θεοῦ
222 730 265 761 δὲ,
287 730 324 761 ὡς
346 730 416 756 κατὰ
433 731 629 766 παραχώρηαιν
653 731 720 758 Θεοῦ
741 731 820 758 τοῦτο

48 776 190 807 ποιοῦντες·
207 776 391 811 φοϐερισμοῦς
403 776 449 809 δὲ,
475 776 514 809 ὡς
535 777 618 812 φόϐον
639 778 819 810 ἐπισείοντος.

48 823 118 855 Λέγει
140 823 242 855 τοίνυν,
268 823 309 849 ὅτι
336 822 407 849 κατὰ
437 823 482 849 τὸν
506 823 604 858 καιρὸν
635 823 682 851 τοΰ
716 825 820 856 πάθους

49 868 153 902 ἐπῆλθον
168 868 256 903 αὐτῷ,
273 869 319 894 καὶ
332 868 499 903 ὲξετάραξαν
518 869 555 900 ὡς
572 869 728 904 ἄνθρωπον.

77 914 268 941 Ἑκύκλωσὰν
278 922 317 948 με
335 914 407 940 ὡσεί
420 914 507 949 ὕδωρ.
527 916 558 941 οι
581 915 768 943 ’1ουδαῖοι.Ἑν
781 916 820 951 τῷ

47 959 83 985 ua’
109 959 206 995 ψαλμῷ
233 961 328 996 εἴρηκε
343 968 350 974 ·
376 961 626 995 Περιεχύκλωσάν
649 970 688 996 με
709 963 821 997 μόσχοι

46 1006 144 1032 πολλοι
154 1014 161 1021 ·
176 1006 279 1040 ταῦροι
294 1006 401 1040 πίονες
413 1006 576 1042 περιέσχον
590 1015 638 1041 με.
657 1007 731 1034 Ὠσεὶ
749 1008 820 1044 ὓδωρ

46 1050 70 1076 δὲ
84 1049 230 1084 είπε,ὃιότι
246 1053 277 1079 τὸ
294 1052 366 1088 ὓδωρ
382 1053 552 1089 πανταχόθεν
568 1054 762 1089 περικυκλῐζει
774 1054 820 1081 τὸν

46 1097 183 1134 ἐναπειλημ.
187 1099 282 1134 μένον.

77 1189 163 1223 Ὅλην
174 1190 235 1223 τὴν
249 1189 364 1224 ἡμέραν
381 1190 546 1226 περιέσχον
556 1201 595 1227 με
609 1193 680 1228 ἅμα.
699 1193 821 1230 Ἠμέραν

47 1235 88 1270 τὴν
106 1235 151 1262 τοῦ
179 1235 287 1268 πάθους
309 1236 413 1272 φησίν·
431 1237 509 1272 ’Ἅμα
531 1238 560 1264 δὲ
588 1239 649 1266 ἀντὶ
679 1239 726 1266 τοῦ
752 1240 820 1276 ὁμοῦ

47 1281 144 1314 πάντες.

83 1327 267 1362 Ἐμάκρυνας
281 1328 332 1356 ἀπ’
348 1329 422 1364 ἐμοῦ
442 1325 535 1364 φίλογλ
549 1331 599 1357 καὶ
614 1326 749 1366 autne/or
772 1332 822 1359 καὶ

46 1373 108 1406 τοὺς
122 1375 279 1408 τνωστούς
303 1384 363 1410 μου
388 1375 448 1403 ἀπὸ
467 1377 680 1410 ταλαιπωρίας.
705 1377 755 1404 Διὰ
772 1378 822 1413 τὴν

47 1420 224 1455 ταλαιπωρίαν
257 1430 308 1456 μου
336 1422 388 1456 τὴν
418 1421 472 1449 ἀπὸ
496 1423 551 1448 τῶν
583 1423 821 1458 προπηλακισμῶν

48 1466 187 1501 ὲμάκρυνας
202 1467 252 1493 ἀπ’
275 1467 343 1500 ἐμοῦ
359 1465 422 1498 τοὺς
435 1467 559 1502 μαθητάς
581 1475 643 1502 μου.
661 1467 774 1503 Είρηται
793 1469 821 1496 δὲ

871 229 1028 257 Juda-orum
1056 231 1226 266 opinionem.
1246 231 1328 260 Visus
1352 239 1394 261 est
1409 235 1482 262 enim
1501 236 1553 263 illis
1577 238 1662 264 veluti

872 276 1021 303 destitutus
1041 283 1113 309 esse,
1125 281 1149 304 ct
1165 277 1288 311 indigere
1304 279 1421 312 auxilio;
1440 285 1522 315 atque
1544 282 1605 309 idco
1622 282 1663 309 di-

871 321 972 347 cebant
993 329 999 346 :
1018 320 1158 348 Videamus
1179 323 1202 348 si
1218 323 1286 348 venit
1303 322 1378 350 Elius
1391 325 1542 353 snluaturus
1556 334 1614 353 eunt
1627 327 1660 355 ".

909 365 991 393 Vens.
1012 368 1055 394 17.
1081 366 1111 394 In
1133 376 1172 394 me
1188 370 1397 402 pertransierunl
1417 371 1465 397 ira:
1493 376 1554 404 tute,
1575 378 1597 399 el
1610 379 1662 400 ter-

871 419 944 438 rores
961 413 999 438 tui
1015 413 1237 440 conlurbat'erutll
1256 422 1306 442 me.
1323 415 1381 443 lras
1399 415 1445 443 Del
1463 424 1509 444 cas
1524 418 1589 445 intll
1603 419 1661 453 ἱέὶι.

871 463 941 490 quas
957 455 1029 484 Deus
1041 457 1176 485 adversus
1195 463 1354 493 peccatores
1365 467 1547 496 conceperat;
1564 463 1663 490 simili-

872 505 913 528 ter
929 506 955 528 et
968 506 1097 530 terrores.
1115 502 1148 529 Et
1164 504 1219 530 iras
1246 505 1356 538 quidem
1375 507 1558 539 pertransisse
1582 507 1662 540 dicit,

872 551 898 573 et
917 547 943 573 in
959 555 988 575 se
1004 547 1144 583 ingressas
1160 549 1256 582 luisse,
1273 554 1394 578 terrores
1403 559 1467 578 vero
1482 553 1662 581 conturbasse

871 595 898 619 et
914 592 1070 620 rcl'rennsse
1085 601 1100 619 a
1115 594 1199 621 vitiis.
1218 593 1317 621 Verum
1332 595 1464 630 Origenes
1485 605 1531 632 per
1549 599 1614 631 iras,
1636 605 1663 626 ct

873 642 992 666 terrores
1004 639 1062 670 Dei,
1073 639 1211 668 daemones
1228 641 1302 675 ipsos
1318 641 1446 677 intelligit
1456 653 1462 670 :
1472 644 1528 672 iras
1540 645 1661 679 quidem,

872 686 936 719 quin
959 686 1118 714 hominibus
1139 695 1246 722 semper
1268 689 1330 715 irati
1346 694 1421 721 sunt,
1446 691 1492 718 Dei
1509 699 1576 719 vero
1593 694 1660 725 iras,

872 731 937 765 quia
956 733 1137 766 permissione
1148 733 1280 760 divinaid
1303 735 1423 762 faciunt:
1443 740 1562 764 terrores
1582 738 1660 771 item,

873 778 936 811 quia
949 782 1080 805 terrorem
1095 779 1241 807 incutiunl.
1264 781 1309 807 Ait
1331 781 1414 816 igitur
1431 782 1570 816 Christus,
1589 785 1661 818 quod

873 823 1009 857 passionis
1031 828 1151 859 tempore
1178 825 1337 853 invaserunt
1363 835 1426 854 eum
1453 827 1605 861 daemones,
1633 836 1660 858 ct

871 870 944 904 quod
962 875 992 896 ut
1007 870 1143 898 hominem
1159 879 1220 898 cum
1236 873 1483 901 conturbaverunl.

904 914 987 942 Vens.
1007 915 1048 942 18.
1072 915 1310 944 Circumdederunt
1328 926 1367 944 me
1390 919 1457 946 sicut
1472 928 1550 954 aqua.
1569 919 1655 948 Judari

871 962 998 995 scilicet;
1027 963 1054 989 in
1073 964 1181 997 psalmo
1203 970 1292 992 autem
1308 973 1354 992 ut
1377 965 1664 995 dixit:Circumdedc-

871 1013 932 1034 runt
948 1017 987 1035 me
1004 1009 1078 1036 vituli
1089 1009 1175 1043 mulli,
1189 1011 1261 1037 lauri
1271 1013 1378 1047 pingues
1400 1013 1547 1040 circuibant
1562 1023 1612 1042 me.
1628 1015 1662 1042 Et

870 1054 1114 1082 circumdederunt
1135 1056 1207 1083 sicut
1224 1064 1307 1092 aqua,
1331 1058 1395 1092 quia
1411 1066 1480 1094 aqua
1500 1059 1619 1094 undique
1634 1066 1661 1088 ct

871 1106 925 1126 non
939 1107 971 1127 ex
987 1108 1040 1127 una
1053 1105 1157 1129 tantum
1172 1108 1249 1137 parte
1262 1110 1309 1131 eos
1325 1103 1489 1139 circumdat,
1505 1113 1574 1142 quos
1587 1115 1663 1135 cum-

872 1145 1026 1180 prehendit.

908 1192 974 1219 Tota
988 1193 1030 1220 die
1053 1193 1254 1221 circmndabant
1269 1203 1310 1222 me
1328 1195 1416 1224 simul.
1433 1197 1507 1225 Diem
1521 1199 1659 1233 passionis

872 1237 1010 1273 intelligit.
1039 1238 1071 1266 Et
1099 1240 1172 1274 quod
1190 1241 1238 1273 ait,
1265 1241 1364 1275 Simul,
1389 1251 1494 1277 expone
1523 1251 1581 1278 pro,
1603 1245 1661 1272 Una

871 1291 978 1312 OlllllCS.

910 1329 991 1358 Vens.
1010 1331 1052 1358 19.
1066 1331 1205 1368 Elangaslt'
1219 1342 1234 1360 (ι
1251 1342 1292 1361 me
1323 1335 1437 1362 amicum
1463 1341 1488 1362 ει
1511 1339 1660 1371 ρνοπίυιυηι

872 1380 896 1402 et
911 1381 987 1403 notos
1005 1385 1075 1404 mtas
1104 1387 1120 1405 a
1147 1379 1263 1406 miseria.
1282 1380 1321 1407 0b
1337 1381 1476 1408 miseriam
1501 1389 1600 1416 meam,
1619 1383 1662 1409 in-

872 1421 944 1456 quit,
964 1425 1048 1457 atque
1059 1423 1094 1450 ob
1116 1425 1274 1458 opprobria,
1300 1434 1361 1460 qua:
1377 1426 1442 1453 Inibi
1462 1426 1661 1460 inferebantur,

873 1468 1006 1502 elongasti
1023 1476 1038 1496 a
1061 1477 1103 1496 me
1129 1470 1281 1504 discipulos
1309 1479 1395 1504 meos,
1419 1472 1452 1499 de
1490 1472 1589 1507 quibus
1618 1481 1666 1500 su-

48 1513 88 1538 καὶ
113 1513 262 1548 ἁνωτέρω’
284 1513 472 1547 Ἐμάκρυνας
496 1512 567 1546 τοὺς
593 1516 748 1548 ⁸γνωστούς
760 1523 819 1549 μου

910 1514 965 1541 rius
985 1514 1124 1543 diximus:
1143 1515 1284 1551 Elangaslt’
1300 1525 1316 1543 a
1330 1525 1370 1544 me
1382 1522 1457 1544 notos
1480 1526 1561 1545 meos.
1585 1520 1663 1546 Amic

47 1557 90 1583 ἀπ’
104 1558 182 1592 ἐμοῦ.
194 1559 276 1585 Φίλον
287 1559 341 1594 γὰρ
356 1559 402 1585 καὶ
419 1559 534 1593 πλησίον
548 1560 595 1585 καὶ
609 1560 746 1594 γνωςτοὺς
756 1561 820 1593 τοὺς

48 1604 133 1635 αὐτοὺς
159 1605 255 1631 καλεῖ·
282 1604 358 1638 φίλον
378 1603 438 1639 μὲν,
463 1604 534 1631 κατὰ
553 1605 593 1638 τὸ,
615 1605 714 1640 Ὑμεῖς
737 1606 820 1640 φίλοι

46 1650 96 1682 μού
108 1650 174 1676 ἐστε
184 1659 190 1665 ·
207 1650 324 1685 πλησίον
347 1650 385 1681 δὲ,
412 1650 448 1681 ὡς
467 1650 711 1685 συνδιαιτωμένους
725 1652 800 1687 αὐτῷ
811 1661 818 1669 ο

48 1696 169 1727 γνωστοὺς
185 1696 227 1727 δὲ,
248 1696 286 1727 ὡς
307 1696 503 1730 γινώσκοντας,
524 1696 570 1722 καὶ
586 1697 631 1723 διὰ
645 1697 724 1724 τοῦτο
739 1707 819 1733 γινω-

49 1742 191 1776 σκομένους.
209 1743 273 1770 Αλλ¹
297 1742 368 1769 οὕτω
392 1743 441 1778 μὲν
461 1744 475 1769 ὁ
502 1743 609 1778 ψαλμδς
635 1745 676 1776 εἰς
701 1745 820 1780 Χριστὸν

47 1787 156 1822 ἀνήχθη·
183 1787 302 1824 ἁρμόζει
324 1788 353 1814 δὲ
377 1788 425 1814 καὶ
455 1789 510 1819 τοῖς
533 1788 658 1815 εὐσεϐέσι
683 1791 766 1817 πᾶσιν
791 1793 820 1818 ἐν

48 1833 124 1868 καιρῷ
135 1834 253 1869 θλίψεως
265 1854 273 1866 ,
289 1834 376 1866 οὕτως
388 1842 395 1850 ·
411 1835 496 1869 Κύριε
509 1836 522 1861 ό
537 1835 604 1866 Θεὸς
617 1836 667 1870 τῆς
684 1837 820 1871 σωτηρίας

47 1888 102 1913 μου,
115 1881 155 1908 διὰ
168 1882 272 1912 παντδς
288 1881 406 1908 ἐνώπιόν
435 1889 482 1907 σου
500 1881 649 1916 ἐκέκραξα.
668 1882 821 1909 ἐπικαλούο

48 1926 118 1957 μενός
131 1935 159 1952 σε
176 1927 215 1958 εἰς
233 1926 368 1961 βοήθειαν.
384 1926 425 1952 Τὰ
448 1926 476 1953 δὲ
499 1926 564 1960 ἑξῆς
589 1927 668 1962 δῆλα,
690 1928 729 1954 ὅτι
756 1928 819 1954 Θλί-

47 1970 110 2001 ψεων
126 1972 251 2007 ἐπλήσθη
270 1972 319 1998 καὶ
335 1973 426 1999 πόνων
442 1973 458 2006 ἡ
471 1972 543 2007 ψυχή
563 1981 626 2007 μου,
642 1973 690 2000 καὶ
706 1973 820 2008 πλησίον

47 2017 96 2050 εἰμὶ
121 2017 166 2043 τοῦ
182 2018 313 2049 Θανάτου,
341 2018 391 2053 ἤδη
410 2017 583 2053 ἀποκαμών·
611 2019 820 2057 συνηριθμήθην

46 2063 92 2094 τοῖς
104 2065 219 2099 νεκροῖς,
247 2064 309 2091 ὅσον
323 2064 370 2090 ἐπὶ
384 2066 416 2099 τῇ
433 2065 537 2100 σπουδῇ
556 2065 610 2091 τῶν
625 2065 820 2101 ἀνθρωποκτό-

46 2116 90 2133 νων
102 2109 236 2142 δαιμόνων
250 2117 256 2124 ·
272 2110 408 2145 ἐγενήθην
424 2110 599 2145 εὐχείρωτος,
617 2110 684 2137 ὡσεὶ
699 2111 819 2148 ἀϐοήθη-

45 2159 92 2183 τος.
119 2155 164 2181 καὶ
197 2155 227 2181 ὲν
253 2156 371 2190 νεκροῖς,
397 2156 460 2182 ὅσον
483 2156 514 2182 τὸ
541 2156 584 2182 ἐπ’
604 2156 706 2188 αὐτοῖς,
729 2157 819 2184 καίτοι

873 1566 936 1586 cum
963 1565 1054 1587 autem
1079 1566 1105 1587 et
1117 1563 1285 1596 proximum,
1301 1567 1328 1588 et
1344 1566 1435 1593 notos,
1452 1562 1563 1590 eosdem
1581 1563 1665 1590 intel-

874 1604 944 1640 ligit.
970 1605 1003 1631 Et
1021 1605 1139 1632 amicum
1158 1606 1226 1633 dicit
1248 1605 1327 1640 juxta
1342 1606 1409 1632 illud
1424 1614 1430 1633 :
1448 1605 1498 1633 Vos
1515 1608 1594 1634 amici
1613 1609 1663 1635 mei

873 1651 936 1678 uti:
947 1651 980 1678 ".
996 1650 1153 1678 Proximum
1169 1659 1245 1683 vero,
1259 1652 1322 1686 quia
1345 1659 1397 1680 una
1414 1659 1505 1680 secum
1519 1653 1660 1686 vivebant,

873 1698 900 1720 et
916 1698 1009 1727 notos,
1027 1695 1090 1729 quia
1106 1699 1133 1723 ct
1149 1695 1352 1730 cognoscebant
1364 1701 1391 1724 et
1414 1697 1662 1732 cognoscebantur.

875 1739 907 1766 Et
932 1740 984 1767 hoc
1004 1745 1084 1775 pacto
1097 1741 1208 1776 quidem
1226 1746 1299 1770 totus
1315 1742 1360 1770 hic
1384 1743 1508 1777 pstlmus
1533 1743 1561 1770 in
1583 1744 1664 1771 Clu-i-

874 1790 946 1813 stum
969 1787 1073 1814 relatus
1098 1791 1151 1815 est.
1167 1787 1301 1822 Congruit
1321 1792 1414 1815 tamen
1430 1789 1555 1819 :cuilibet
1576 1790 1661 1817 etiam

874 1833 946 1860 ﬁdeli
962 1835 988 1859 in
1002 1834 1138 1868 angustiis
1155 1834 1327 1862 constituto:
1345 1833 1459 1862 Domine
1478 1833 1550 1862 Deus
1564 1835 1663 1862 salutis

874 1886 951 1912 mete,
968 1879 1079 1906 assidue
1090 1871 1206 1906 clamavi
1221 1882 1249 1906 in
1267 1884 1417 1914 conspecto
1432 1884 1491 1911 tuo,
1509 1880 1663 1914 adjutorem

875 1929 901 1952 te
925 1925 991 1951 mibi
1008 1932 1138 1953 avocans.
1155 1925 1220 1958 Qum
1235 1931 1388 1960 sequuntur
1401 1925 1474 1952 clara
1496 1930 1579 1952 sunt:
1593 1925 1663 1958 Quia

874 1971 965 1998 anima
979 1979 1040 1999 mea
1053 1971 1183 1999 aerumnis
1195 1971 1306 2006 impleta
1332 1975 1386 2002 est,
1399 1971 1500 2006 quibus
1517 1971 1586 1998 adeo
1599 1971 1664 1998 lali-

873 2021 954 2053 gatus
969 2025 1042 2050 sum,
1056 2021 1086 2044 ut
1099 2017 1330 2052 mortiproximus
1339 2017 1449 2044 luerim.
1459 2017 1663 2045 Annumeratus

874 2067 965 2090 autem
980 2070 1041 2090 sum
1060 2070 1123 2090 cum
1149 2063 1276 2094 mortuis,
1295 2066 1427 2097 quantum
1446 2062 1479 2089 ad
1498 2062 1663 2089 suavissimo-

874 2118 934 2137 rum
960 2109 1116 2137 daemonum
1151 2114 1244 2136 votum
1275 2116 1307 2136 ac
1333 2109 1452 2136 studium
1485 2109 1664 2143 pertinetzet

876 2157 964 2184 lactus
991 2164 1052 2184 sum
1079 2156 1152 2182 velut
1185 2155 1267 2181 homo
1305 2155 1365 2182 sine
1391 2155 1504 2186 auxilio,
1532 2155 1568 2180 ita
1583 2158 1611 2180 ut
1626 2154 1661 2181 de

46 2199 174 2236 ἐλεύθερος
188 2202 226 2228 ὢν
239 2202 279 2229 ἔτι
296 2202 468 2237 νεκρὼσεως,
483 2203 522 2234 ὡς
536 2204 635 2238 μηκέτι
654 2205 686 2239 τῇ
705 2204 819 2241 ἀληθείᾳ

907 2203 950 2230 cili
962 2202 1022 2237 capi
1039 2209 1158 2237 possem.
1175 2200 1224 2228 Fui
1242 2201 1323 2228 etiam
1336 2201 1362 2228 in
1381 2201 1507 2232 mortuis,
1529 2206 1661 2235 quantum

46 2244 136 2273 θανώνο
151 2248 287 2284 ἐγενήθην
303 2249 369 2275 ὡσεὶ
386 2249 555 2284 τετρωμένοι
565 2269 574 2282 ,
587 2250 710 2285 κείμενοι
725 2251 755 2278 ἐν
770 2253 820 2278 τό.‹

46 2302 108 2327 φοις,
138 2296 252 2330 τρωθεὶς
267 2295 306 2331 τῷ
323 2295 394 2329 βέλει
409 2296 459 2331 τῆς
475 2296 623 2331 ἁμαρτίας,
646 2297 662 2332 ἢ
689 2298 737 2332 τῆς
753 2299 820 2325 ἀθυ-

46 2340 115 2372 μίας·
125 2342 172 2368 καὶ
187 2342 223 2368 τὰ
235 2341 297 2376 ἑξῆς
312 2341 462 2376 ἀναλόγως.
480 2342 591 2369 Ἐθεντό
609 2352 643 2378 με
657 2344 682 2370 οἱ
692 2343 819 2378 δαίμονες

47 2383 113 2417 βα.θεί
125 2386 215 2422 βόθρῳ
229 2387 280 2422 τῆς
295 2388 432 2423 ἁμαρτίας
446 2408 453 2419 ,
473 2388 502 2414 ἐν
527 2389 618 2414 σκότει
645 2387 760 2423 θλίψεως
776 2397 783 2404 ·
802 2390 818 2423 ἢ

33 2431 101 2457 omni
126 2433 173 2458 καὶ
195 2432 326 2467 ὁμοίωσίς
343 2434 401 2459 ὲστι
417 2433 532 2460 θανάτου
560 2433 602 2459 διὰ
617 2433 667 2468 τὴν
685 2435 802 2468 πικρίαν
813 2443 820 2450 ·

46 2475 82 2500 ἐπ’
93 2477 141 2510 ἐμὲ
158 2478 333 2513 ὲπεὸάρησεν
347 2478 362 2504 ὁ
378 2477 463 2513 θυμός
481 2486 528 2504 σου
539 2487 545 2493 ·
558 2479 583 2504 εί
596 2479 651 2514 γὰρ
670 2479 708 2514 μὴ
721 2479 753 2506 σύ
768 2489 820 2516 μου

45 2522 176 2559 ὀργισθῇς,
191 2525 243 2550 οὐκ
257 2525 289 2552 ἄν
306 2533 357 2560 μου
373 2524 567 2560 περιεγένοντο
577 2533 584 2541 ·
601 2525 649 2552 καὶ
663 2526 753 2557 πάσας
772 2527 820 2558 τὰς

47 2568 236 2603 ἐπαναστάσεις
249 2571 303 2598 τῶν
317 2571 445 2606 θλίψεων,
458 2572 530 2598 κατὰ
549 2572 747 2606 παραχώρησίν
759 2581 819 2604 σου,

45 2614 173 2650 ἐπήγαγες
196 2616 242 2644 ἐπ’
258 2617 308 2652 ἐμέ
320 2624 327 2631 ”
344 2618 502 2652 ὶμάκρυνας
517 2617 580 2647 τοὺς
598 2618 737 2651 γνωττούς
755 2626 819 2651 μου,

45 2658 122 2687 εῖτουν
141 2663 206 2694 τοὺς
231 2663 325 2697 ἁγίους
339 2663 484 2697 ἀγγέλους,
508 2663 572 2694 τοὺς
592 2663 646 2697 πρὸ
662 2664 710 2697 τῆς
728 2664 819 2698 ἁμαρ-

45 2705 98 2738 τίας
112 2709 229 2744 γνησίως
242 2709 308 2745 πρός
324 2717 357 2743 με
369 2709 559 2743 διακειμένους
573 2709 621 2735 καὶ
632 2709 817 2744 γνωρίζοντάς

47 2759 85 2784 με,
102 2754 125 2779 οἳ
140 2755 186 2781 καὶ
206 2755 382 2789 ὲϐδελύξαντό
398 2764 432 2791 με
447 2756 491 2782 διὰ
505 2755 555 2790 τὴν
577 2755 715 2791 ἁμαρτίαν
728 2764 735 2771 ·
763 2765 816 2783 πα-

75 2842 93 2857 "
113 2843 204 2871 llutth.
227 2852 300 2880 nvi,
320 2845 364 2873 40.
403 2845 426 2860 ³³
447 2843 526 2872 Joan.
550 2852 593 2878 xv,
615 2844 659 2872 Η.

875 2250 909 2278 ad
938 2250 1059 2282 illorum,
1078 2255 1107 2277 ut
1122 2249 1252 2281 diximus,
1270 2249 1389 2276 studium
1405 2248 1534 2283 pertinet,
1552 2248 1661 2274 tametsi

873 2304 923 2330 ego
940 2296 1029 2323 adhuc
1040 2294 1167 2322 libersim
1178 2301 1193 2320 a
1204 2299 1302 2326 morte,
1319 2294 1402 2321 veluti
1420 2293 1465 2327 qui
1484 2300 1578 2320 revera
1595 2301 1663 2319 ncc-

873 2342 940 2368 dum
956 2344 1082 2368 mortuus
1098 2339 1287 2374 sun1.;Factus
1299 2347 1359 2366 sum
1378 2338 1449 2365 sicut
1469 2337 1603 2364 vulnerati
1618 2338 1662 2372 ja-

873 2391 967 2414 ccntes
984 2387 1010 2414 in
1026 2386 1173 2421 sepulcris,
1192 2384 1351 2412 vulneratus
1373 2388 1400 2412 et
1416 2384 1474 2419 ipse
1490 2383 1582 2418 jaculo
1598 2390 1664 2418 pce-

873 2433 938 2465 cali,
964 2433 1006 2460 vel
1022 2432 1116 2466 jaculo
1136 2431 1283 2460 mmstitite.
1301 2431 1366 2464 Qum
1390 2433 1544 2465 sequuntur
1566 2429 1662 2456 cadem

872 2479 980 2506 ratione
998 2486 1133 2513 expones:
1152 2478 1306 2506 Posuerunt
1327 2484 1370 2504 me
1391 2476 1530 2503 daemones
1557 2475 1584 2502 in
1601 2483 1662 2510 pro-

872 2525 957 2552 fundo
967 2528 1049 2560 atquc
1065 2525 1091 2552 iu
1111 2524 1186 2552 fovea
1204 2524 1320 2559 peccati.
1341 2522 1368 2549 in
1385 2522 1563 2549 alﬂictionum
1586 2526 1662 2549 leuc-

872 2571 930 2598 bris
949 2578 1020 2605 qum,
1048 2571 1083 2598 ob
1103 2577 1239 2598 summam
1266 2568 1490 2599 amaritudinem,
1506 2567 1603 2594 umbra
1629 2574 1661 2593 ac

872 2617 1024 2644 similitudo
1045 2616 1169 2650 quondam
1197 2623 1258 2643 esse
1283 2614 1380 2642 mortis
1402 2614 1540 2641 videntur.
1563 2612 1591 2639 ln
1618 2619 1661 2638 me

872 2668 1002 2698 gravatus
1015 2667 1057 2691 cst
1076 2662 1151 2690 furor
1165 2667 1246 2695 tuus;
1263 2669 1326 2688 nam
1339 2661 1362 2688 si
1380 2665 1407 2687 tu
1424 2660 1490 2687 mihi
1506 2659 1591 2686 iratus
1606 2665 1660 2684 non

872 2710 982 2743 fuisses,
995 2718 1037 2738 me
1050 2710 1087 2737 illi
1105 2714 1180 2737 certe
1195 2716 1249 2736 non
1266 2711 1569 2743 superassentzomues
1577 2704 1660 2731 etiam

870 2756 1015 2790 elationes,
1033 2760 1060 2784 et
1083 2755 1274 2786 alliictionum,
1300 2758 1330 2781 ut
1355 2753 1393 2781 ita
1417 2752 1518 2785 dicam,
1539 2750 1663 2778 insurre-
