1874 3067
39 138 107 171 1145

630 142 825 173 COMMENT.
845 143 885 174 IN
906 145 1086 177 PSALMOS.

1603 152 1672 184 1146

39 198 102 228 ἴσως
119 196 176 223 τῶν
195 195 341 231 βιωτικῶν.
361 197 407 224 Ἐκ
417 197 486 224 Θεοῦ
503 197 530 224 δὲ
547 198 636 225 πάντα.
658 199 741 232 αἰτεῖ,
753 193 821 226 διδᾶ-

912 202 969 228 iam
984 207 1140 233 convertar.
1157 207 1183 231 et
1199 211 1211 230 a
1228 205 1320 232 saeculi
1333 205 1414 241 hujus
1432 207 1549 242 negotiis
1562 208 1668 236 vincar.

40 252 111 269 σκων
126 243 170 269 ὅτι
183 242 213 268 τὺ
227 242 282 269 πᾶν
301 242 383 274 αὐτὸς
399 243 549 279 κατορθοῖ·
579 245 671 279 Χωρὶς
688 245 754 279 γὰρ,
775 254 829 280 φη-

40 288 183 324 σὶν,ὲμοῦ,
202 288 232 314 οὒ
250 288 365 315 δύνασθε
384 290 471 316 ποιεῖν
494 289 580 317 οὐδέν.
614 290 700 317 Τοῦτο
718 291 829 318 καθολι-

40 334 86 365 κδς
94 334 165 360 ἔστω
180 343 221 360 σοι
233 334 324 361 κανὼν
340 334 387 361 ὲπὶ
401 335 570 371 τῶνέφεξῆς
588 336 700 371 ὁμοίων.
732 337 830 370 Βοηθεῖ

38 379 65 406 δὲ
94 380 124 406 οὐ
155 381 250 412 πᾶσιν,
274 381 342 408 ἀλλὰ
369 383 425 413 τοῖς
443 381 538 415 ἀξίοις,
559 383 606 409 καὶ
622 383 652 409 τὸ
675 383 719 410 ἐπ’
735 383 829 416 αὐτοῖς

40 426 112 452 ἆπαν
128 426 344 460 εἰσενεγκοῦσιν.

77 519 283 553 Ἀπόστρεψον
309 519 380 552 τοὺς
409 520 584 555 ὀφθαλμούς
609 529 680 555 μου,
709 520 763 547 τοῦ
784 520 828 555 μὴ

41 566 112 594 ιδεῖν
120 568 315 600 pacatorum.
330 568 515 603 Ἀπόστρεψον
527 569 624 600 αὐτοὺς
633 568 687 595 ἀπὸ
698 568 752 595 τῶν
762 568 828 602 βλα-

40 613 127 648 ϐερῶν
145 613 301 647 Θεαμὰτων,
315 613 386 640 ὥστε
415 614 452 648 μὴ
470 613 533 640 ἰδεῖν
563 615 683 649 ματαίαν
699 614 826 648 θεωρίαν.

44 659 213 694 Ὀφθαλμοὺς
227 660 255 686 δὲ
267 661 332 693 νόει,
351 661 398 687 καὶ
411 661 474 692 τοὺς
492 660 682 695 σωμχτικοὺς,
700 661 748 687 καὶ
762 661 827 692 τοὺς

39 705 180 740 ψυχικούς.

77 753 127 779 Ἐν
142 752 181 786 τῇ
201 752 259 785 ὀδῷ
278 761 336 780 σου
356 753 450 787 ζῆσόν
466 762 514 788 με.
543 754 588 779 'Ev
616 753 654 788 τῷ
675 753 749 789 νόμῳ
779 761 826 779 σου

39 798 204 834 ζωοποίησόν
221 807 254 833 με
269 807 277 814 ’
298 796 375 830 οὗτος
392 801 440 833 μὲν
452 800 506 834 γὰρ
524 799 596 835 ζωὴν
622 799 708 835 ἀληθῆ
731 799 828 834 προξε-

39 846 77 870 νεί
91 846 147 876 τοῖς
177 845 454 880 ἐμπολιτευομένοις·
475 846 489 872 ὁ
520 846 548 872 δὲ
571 846 667 882 παρὼν
692 847 750 882 βίος
780 847 828 873 θά-

40 900 124 923 νατος.

69 936 190 970 Στῆσον
211 937 250 970 τῷ
265 937 364 972 δούλῳ
388 947 447 966 σου
461 939 494 966 τὸ
514 940 619 974 λόγιόν
632 945 700 971 σου,
717 939 760 972 εἷς
775 939 828 965 τὸν

39 984 128 1017 φόϐον
141 991 212 1010 σου.
227 984 357 1019 Στήριξον
368 985 397 1011 ἐν
413 986 474 1019 ἐμοὶ
490 985 529 1021 τῷ
537 985 623 1020 δούλῳ
634 993 682 1012 σου
697 985 727 1011 τὸ
742 985 827 1019 πρόσ-

38 1029 127 1063 ταγμά
144 1038 206 1061 σου,
233 1031 264 1057 τὸ
281 1032 458 1064 Δεσποτικὸν,
476 1033 516 1063 εἰς
531 1032 576 1059 τὸν
593 1032 676 1066 φόϐον
695 1040 741 1058 σου
757 1039 763 1046 ·
783 1031 826 1057 λό-

41 1084 95 1109 γιον
113 1075 204 1110 λέγων
220 1076 266 1103 τὸν
293 1078 386 1112 νόμον,
415 1079 565 1111 τουτέστιν,
604 1078 768 1112 Ἐδραῐωσον
797 1079 825 1104 ἐν

40 1120 96 1154 ἐμοὶ
111 1120 141 1146 τὸ
153 1120 245 1154 λόγιόν
262 1129 309 1148 σου
332 1123 372 1153 εἰς
392 1122 436 1148 τὸν
454 1123 537 1157 φόϐον
555 1131 615 1156 σου,
644 1123 688 1149 ἴνα
711 1122 825 1158 γένηταί

43 1175 83 1200 μοι
98 1166 176 1193 τοῦτο
190 1167 282 1202 λόγιον
296 1168 428 1202 ἔμφοὸον.

71 1212 193 1246 Περίελε
213 1214 266 1240 τὸν
287 1213 462 1249 tia-stolade
478 1224 549 1249 μου.
581 1215 616 1242 ὃν
632 1215 823 1242 ὑπώπτευσα.

41 1259 86 1284 Ti»;
99 1259 300 1294 rrpoo-rpt6év1a
317 1269 362 1295 μοι
380 1261 436 1287 ἀπὸ
452 1261 500 1296 τῆς
521 1261 672 1297 ἁμαρτίας,
704 1262 733 1287 ὃν
761 1262 824 1294 ἐφο-

42 1303 131 1338 ϐήθην,
145 1306 356 1340 προσαγόμευον
375 1316 422 1341 μοι
437 1307 513 1343 παρὰ
534 1308 588 1334 τῶν
615 1307 754 1342 δαιμόνων
769 1315 775 1321 ”
806 1307 823 1341 ἢ

42 1350 81 1376 τὸν
95 1351 147 1377 ἀπὸ
162 1351 220 1378 τῶν
235 1353 465 1379 ἐπιϐουλευόντων
481 1361 536 1387 μοι¹
551 1353 581 1379 ὂν
595 1353 764 1379 ὑπώπτευσα
782 1352 825 1378 αἱ·

43 1397 200 1432 σθανόμενος
216 1398 335 1432 ἐμαυτοῦ
349 1398 596 1433 ταλαιπωροῦντος.

73 1489 134 1516 Ὀτι
150 1490 186 1516 τὰ
203 1489 330 1524 κρίματά
344 1496 403 1516 σου
426 1489 554 1523 χρηστά.
572 1488 635 1516 Ὅτι
652 1489 757 1522 κρίνεις
784 1488 823 1514 δί-

881 248 953 276 Pctit
981 253 1072 276 autem
1104 251 1196 277 omnia
1214 259 1227 276 a
1250 250 1314 285 Deo,
1341 252 1443 280 docens
1470 253 1546 280 illtt-m
1577 255 1670 282 omnia

880 297 1006 324 ellicere:
1022 296 1086 323 Siue
1096 305 1150 328 me.
1164 297 1263 332 inquit.
1278 298 1344 325 nihil
1359 300 1473 333 potestis
1488 300 1586 328 facere.
1606 300 1669 328 llaec

881 343 964 378 igitur
993 343 1122 378 deinceps
1154 345 1189 371 sit
1220 345 1268 371 tibi
1304 353 1398 372 norma
1424 347 1451 373 in
1478 348 1670 381 sequentibus,

881 390 926 416 ubi
951 389 1051 416 similia
1080 390 1214 417 invenias.
1245 391 1364 425 Adjuvat
1393 396 1483 419 autem
1508 393 1590 425 Deus,
1615 402 1670 421 non

880 443 978 464 Omnes
996 437 1165 471 promiscue,
1185 437 1231 464 sed
1248 438 1347 472 dignos
1366 445 1396 466 se
1410 443 1437 465 et
1450 439 1497 473 qtti
1517 443 1604 466 totum
1626 439 1670 466 in-

880 483 1001 514 tulerint,
1019 483 1090 516 quod
1105 483 1130 509 in
1149 491 1178 510 se
1196 483 1286 510 fuerit.

918 530 1002 558 Vens.
1020 532 1065 559 37.
1080 535 1172 559 Averte
1189 532 1280 559 oculos
1296 541 1377 564 meos,
1395 540 1426 559 ne
1442 533 1547 560 videant
1564 533 1671 559 vanita-

881 582 943 605 tem.
962 578 1061 604 Avt-rte
1081 586 1129 604 eos
1147 586 1160 604 a
1179 578 1268 605 noxiis
1283 579 1457 612 spectaculis,
1474 579 1511 605 ita
1530 582 1559 605 ttt
1578 579 1669 605 inania

881 631 936 650 non
952 623 1073 650 videant.
1090 623 1190 651 Oculos
1206 629 1298 651 autem
1317 631 1370 651 non
1395 624 1521 659 corporis
1547 627 1670 655 tantum,

880 669 926 697 sed
940 670 1038 696 anima:
1055 670 1136 696 etiam
1154 669 1294 705 intelligit.

915 758 948 785 In
964 758 1005 786 uia
1018 764 1065 785 tua
1085 758 1188 792 vivi/ica
1206 767 1255 786 me.
1270 758 1332 786 “me
1348 759 1448 786 ctenim
1468 759 1512 786 via
1528 766 1618 786 veram
1635 759 1668 786 iis

879 804 963 831 vitam
981 809 1103 839 praestat,
1125 805 1172 838 qui
1190 804 1215 830 in
1234 812 1265 831 ea
1283 805 1382 832 versati
1401 805 1512 832 ruerint.
1541 804 1667 831 Praesens

879 851 979 878 etenim
995 851 1049 877 vita
1075 859 1137 878 vera
1152 852 1205 878 vita
1221 858 1275 878 non
1291 856 1344 883 est,
1369 859 1430 877 cutn
1445 854 1560 878 mortem
1577 857 1667 877 secum

879 897 957 924 lerat.

914 942 996 970 Vens.
1011 942 1054 970 58.
1074 942 1168 970 Statue
1180 951 1252 970 servo
1269 948 1314 969 tuo
1335 943 1469 977 eloquium
1485 947 1570 975 tuum,
1587 942 1615 969 in
1635 942 1668 968 ti-

878 996 951 1016 more
976 993 1032 1016 tuo.
1049 989 1077 1015 ln
1095 996 1149 1022 me,
1171 989 1270 1023 inquit,
1304 996 1382 1016 servo
1415 992 1462 1015 tuo
1493 989 1664 1016 Dominicnm

878 1036 1037 1062 mandatum
1067 1039 1155 1067 tuttm,
1185 1035 1257 1071 quod
1291 1035 1335 1062 hic
1363 1035 1504 1070 eloquium
1538 1034 1666 1069 appellat,

878 1081 985 1107 lirmutn
1003 1087 1036 1106 ac
1049 1079 1147 1107 stabile
1159 1079 1258 1107 eﬁicito
1275 1081 1302 1106 in
1326 1080 1435 1112 timore,
1465 1080 1502 1106 ita
1519 1083 1549 1106 ιιι
1573 1079 1665 1106 divina

876 1127 984 1162 eloquia
1000 1132 1045 1153 tua
1059 1126 1176 1154 verenda
1190 1126 1256 1153 mihi
1270 1127 1335 1159 sint,
1352 1133 1383 1153 ac
1401 1125 1533 1152 timenda.

913 1219 999 1246 Vens.
1016 1219 1061 1247 '59.
1081 1218 1165 1250 Aufer
1190 1217 1360 1252 opprobrium
1375 1225 1472 1249 meum,
1499 1216 1569 1251 quod
1581 1215 1667 1249 suspi-

877 1271 951 1292 catus
984 1273 1052 1292 sum.
1084 1265 1159 1297 Quod
1186 1264 1318 1291 iullictum
1339 1263 1405 1290 mihi
1424 1267 1466 1290 est
1497 1270 1511 1289 a
1541 1266 1665 1296 peccato,

876 1311 1004 1347 quodque
1015 1318 1065 1344 ego
1074 1310 1179 1344 jamdiu
1192 1309 1276 1343 inlligi
1289 1309 1354 1335 mihi
1366 1309 1494 1335 timebam
1507 1315 1522 1334 a
1533 1307 1664 1338 dzemone.

877 1366 924 1386 seu
941 1358 974 1384 ab
990 1357 1202 1385 insidiatoribus
1223 1355 1302 1382 meis.
1331 1353 1379 1382 Vel
1406 1354 1478 1389 quod
1510 1354 1666 1388 suspicatus

877 1413 951 1436 sum,
969 1411 1031 1432 cttm
1049 1405 1075 1430 in
1089 1402 1234 1435 aerumnis,
1251 1407 1333 1436 atque
1348 1400 1376 1427 in
1392 1401 1512 1428 miseriis
1539 1408 1581 1428 me
1598 1407 1666 1428 con-

877 1451 1004 1478 stitutum
1024 1457 1178 1477 cernerem.

915 1497 987 1530 Quia
1010 1497 1117 1531 judicia
1145 1501 1190 1522 tua
1212 1495 1336 1530 benigna.
1362 1493 1496 1527 Quoniam
1526 1493 1601 1527 iuste
1619 1492 1666 1526 ju-

42 1545 110 1569 χαια,
130 1536 275 1570 γινώσκων
296 1537 370 1566 ὅπως
396 1537 549 1570 μετενόησα
561 1536 606 1562 καὶ
623 1536 698 1567 ὅπως
711 1536 757 1562 επὶ
770 1537 821 1568 σοὶ,

912 1551 966 1575 cas,
986 1550 1168 1577 cognoscens,
1189 1542 1262 1576 quod
1280 1541 1442 1575 poenitentia
1461 1540 1558 1570 ducor,
1577 1539 1666 1573 quod-

43 1581 130 1616 Κῦριί,
144 1582 258 1617 ἦλπισα,
274 1583 315 1609 σοὶ
328 1582 387 1608 ὂλον
401 1582 518 1617 ἐμαυτὸν
535 1582 654 1612 ἀναθείς.

78 1668 150 1695 Ἰδοὺ
167 1669 346 1704 ἐπεθύμησα
357 1669 410 1703 τὰς
427 1670 553 1704 ἐντολάς
572 1678 640 1705 σου,
658 1671 692 1698 ἐν
709 1672 746 1705 τῇ
777 1672 822 1699 δι-

43 1715 180 1749 καιοσύνῃ
198 1724 255 1742 σου
272 1715 365 1750 ξῆσόν
373 1725 422 1750 με.
450 1717 538 1744 Πεινῶ
554 1719 601 1744 καὶ
623 1717 692 1753 διψῶ
711 1718 760 1750 τὰς
780 1719 823 1745 ὲν-

43 1761 116 1793 τολάς
131 1771 187 1789 σου.
216 1762 260 1789 Ἐν
275 1764 308 1798 τῇ
328 1763 488 1800 δικαιοσύνῃ
504 1773 550 1791 σου
573 1765 655 1799 ζῆσόν
678 1774 722 1801 με.
749 1763 823 1792 Ἷσον

44 1806 69 1831 δὲ
80 1807 154 1834 τοῦτο
182 1807 233 1842 τῷ,
260 1808 311 1835 Ἐν
334 1808 374 1841 τῷ
388 1811 470 1844 νόμῳ
480 1818 538 1837 σου
553 1810 647 1845 ζῆσόν
673 1820 721 1846 με,
753 1813 822 1848 ὅπερ

43 1852 144 1887 εἴρηκεν
158 1855 301 1890 ἀνωτέρω.

73 1901 124 1927 Καὶ
136 1901 220 1928 ἔλθοι
229 1902 276 1928 ἐπ’
288 1902 340 1937 ἐμὲ
351 1903 382 1929 τὸ
397 1903 484 1935 ἔλεός
497 1912 567 1937 σου,
583 1905 680 1938 Κύριε,
704 1905 737 1931 τὸ
760 1913 821 1932 σω-

43 1944 138 1979 τήριόν
145 1955 204 1975 σου
217 1949 292 1975 κατὰ
306 1949 360 1975 τὸν
371 1950 467 1983 λόγον
487 1958 556 1977 σου.
575 1951 633 1977 Ἵνα
647 1950 751 1982 ἐλεηθῶ
773 1951 821 1977 καὶ

45 1991 125 2020 σωθῶ.
151 1994 235 2025 Τέλος
256 1995 311 2029 γὰρ
337 1995 384 2021 τοῦ
412 1996 516 2028 ἐλέους,
542 1997 699 2033 ήσωτηρία
714 2006 720 2012 ·
748 1997 821 2024 ἔλθοι

42 2037 77 2071 δὲ,
89 2039 156 2066 κατὰ
172 2040 222 2074 τὴν
236 2041 385 2076 ὑπόσχεσιν
405 2050 465 2068 σου.
479 2043 653 2078 Ἐπηγγειλω
667 2043 720 2077 γὰρ
739 2045 767 2070 ἐν
782 2044 821 2079 τῷ

42 2084 110 2120 νόμῳ
123 2086 220 2120 ἐλθεῖν,
239 2088 285 2114 καὶ
298 2087 396 2120 σώζειν
409 2089 473 2120 τοὺς
486 2089 672 2124 φυλάσσοντας
686 2090 719 2117 τὰ
735 2099 822 2126 προσ-

45 2131 166 2166 τάγματά
179 2141 238 2159 σου.

76 2219 125 2246 Καὶ
136 2220 376 2256 ἁποκριθήσομαι
386 2222 447 2255 τοῖς
461 2223 640 2254 ὀνειδίζουσί
652 2233 703 2258 μοι
714 2226 818 2259 λόγον.
837 2216 860 2244 D

46 2264 101 2297 Τοῖς
111 2266 270 2298 ὀνειδίζουσί
282 2276 326 2302 μοι
343 2267 392 2303 τὴν
415 2268 485 2304 ὑπὲρ
503 2271 605 2305 ἀρετῆς
623 2271 822 2304 κακοπάθειαν,

43 2311 259 2348 ἁποκριθήσομαι
275 2314 368 2340 τοῦτον
381 2314 428 2342 τὸν
442 2315 534 2350 λόγον.

77 2418 138 2445 ὀτι
151 2419 268 2453 ἤλπισα
279 2420 328 2447 ἐπὶ
343 2420 406 2453 τοῖς
420 2420 522 2454 λόγοις
534 2427 603 2447 σου.
626 2420 712 2447 Τοῦτο
728 2421 820 2453 αὐτοῖς

43 2462 257 2500 ἀποκριθήσομιιι
272 2485 278 2496 .
313 2466 355 2492 ὅτι
377 2465 481 2500 ἤλπισα
504 2465 551 2491 ἐπὶ
573 2466 630 2496 τοῖς
657 2465 747 2499 λόγοις
770 2465 819 2491 τοῦ

43 2509 313 2548 Θεοῦ.ὑποσχομένου
343 2513 429 2540 πολλὰ
450 2513 542 2547 ἀγαθὰ
569 2513 626 2544 τοῖς
654 2512 820 2547 φυλάττουσι

44 2557 85 2588 τὰς
101 2559 207 2591 ἐντολὰς
224 2559 306 2586 αὐτοῦ
324 2569 330 2575 ·
344 2560 392 2586 καὶ
412 2560 456 2586 διὰ
469 2559 548 2586 τοῦτο
568 2559 728 2592 κακοπαθῶ,
755 2568 817 2595 τρε-

45 2603 151 2636 ψάμενος
167 2606 283 2639 ἀγαθαῖς
301 2606 404 2633 ἐλπίσι.

75 2694 123 2720 Καὶ
135 2694 177 2729 μὴ
196 2695 337 2729 περιέλῃς
351 2697 384 2723 ἐκ
401 2696 454 2724 τοῦ
465 2697 615 2731 στόματός
639 2705 699 2730 μου
726 2697 820 2731 λόγον

43 2737 177 2773 ἀληθείας
193 2742 249 2775 ἕως
261 2742 388 2777 σφόδρα.
404 2743 449 2779 Μὴ
466 2743 594 2779 περιέλῃς
620 2743 668 2769 ἀπ’
696 2743 762 2778 ἐμοῦ
789 2744 820 2769 τὸ

45 2785 203 2818 προφητικὸν
219 2788 342 2823 χάρισμα
359 2788 405 2814 ἐπὶ
423 2788 490 2814 πολύ
500 2797 508 2804 ο
523 2789 582 2815 ἀλλ’
597 2788 622 2814 ει
638 2789 686 2815 καὶ
699 2789 760 2815 κατ’
780 2791 820 2815 ol-

46 2831 166 2864 κονομῐαν
186 2833 328 2870 ὲπισχεϐῇ,
364 2834 447 2861 πάλιν
470 2835 689 2871 ἀποκαταστήτω
709 2844 764 2870 μοι.
783 2836 818 2862 Ἢ

51 2874 84 2910 μὴ
98 2880 299 2916 περιαιρεθῆναι
325 2882 529 2918 παραχωρήσῃς
547 2883 593 2910 ἐπὶ
611 2882 678 2909 πολὺ
707 2883 738 2909 ἐκ
770 2882 818 2910 τοῦ

878 1597 932 1624 que
949 1589 975 1615 in
996 1594 1020 1616 te
1037 1588 1156 1623 speravi,
1179 1595 1210 1613 ac
1226 1594 1269 1614 me
1287 1587 1337 1614 tibi
1358 1591 1443 1613 totum
1474 1593 1587 1620 prorsus
1614 1585 1666 1612 ob-

876 1635 937 1662 tuli.

912 1680 996 1708 Vens.
1013 1681 1057 1708 40.
1071 1680 1138 1707 Ecce
1154 1679 1287 1712 concupiui
1301 1678 1427 1705 mandata
1447 1683 1504 1709 tua,
1516 1678 1544 1704 in
1556 1677 1664 1711 justitia

877 1734 923 1756 tua
940 1728 1043 1760 vivi/ica
1057 1735 1106 1754 me.
1121 1727 1231 1758 Esurio,
1261 1725 1360 1760 inquit,
1387 1731 1414 1752 ct
1439 1724 1502 1751 sitio
1535 1723 1664 1750 mandata

875 1776 1048 1804 tua.Vi\'ilica
1062 1783 1105 1802 mc
1115 1775 1196 1808 igitur
1209 1774 1234 1800 itt
1245 1773 1403 1807 tnajustilia
1420 1780 1426 1798 :
1441 1770 1513 1806 qttod
1529 1769 1663 1796 ft'reidem

875 1829 917 1851 est
936 1831 998 1850 cum
1016 1823 1049 1850 iis
1063 1822 1164 1854 verbis,
1177 1827 1237 1856 quae
1254 1819 1381 1854 superius
1399 1817 1468 1845 dixit
1484 1826 1490 1844 :
1507 1816 1541 1843 In
1553 1817 1607 1850 lege
1619 1821 1665 1843 tua

873 1870 975 1897 vitri/ica
992 1876 1043 1895 me.

909 1915 992 1942 Vens.
1007 1915 1052 1941 4|.
1071 1913 1104 1940 Et
1119 1914 1206 1940 veniat
1234 1920 1312 1947 super
1338 1919 1378 1938 me
1396 1910 1579 1938 misericordia
1606 1913 1663 1940 tua,

876 1962 997 1993 Domine,
1016 1960 1133 1986 salutare
1163 1963 1236 1985 tuum
1256 1957 1400 1984 secundum
1418 1957 1549 1991 eloquium
1578 1959 1662 1981 tuum.

876 2009 912 2036 Ut
930 2008 1036 2036 scilicet
1051 2006 1273 2034 miscricordiam
1298 2010 1466 2038 consequar,
1487 2007 1514 2029 et
1533 2001 1661 2029 salutem.

874 2054 1070 2083 Misericordiae
1085 2053 1156 2080 cnim
1173 2051 1233 2078 linis
1250 2057 1300 2082 est,
1325 2054 1355 2077 ut
1375 2050 1489 2077 salutem
1507 2054 1662 2081 consequa-

876 2108 948 2128 mur.
967 2100 1063 2127 Veniat
1073 2103 1163 2126 autem
1184 2098 1241 2125 lucc
1257 2095 1433 2131 salus,juxta
1451 2094 1660 2129 promissionem

876 2151 962 2174 tuam.
983 2145 1124 2172 Pollicitus
1141 2144 1212 2171 enim
1229 2151 1260 2170 es
1272 2143 1298 2169 in
1312 2142 1370 2176 lege
1388 2145 1444 2173 tua,
1457 2145 1482 2167 te
1496 2146 1592 2167 omnes
1609 2138 1664 2166 sal-

875 2196 1014 2223 vaturum,
1031 2190 1078 2225 qui
1094 2188 1253 2216 custodiunt
1271 2187 1399 2215 mandata
1418 2193 1475 2213 tua.

909 2240 993 2267 Vens.
1010 2239 1054 2265 42.
1071 2237 1107 2264 Et
1122 2234 1278 2269 respondebo
1294 2232 1516 2267 exprobrantibus
1528 2231 1592 2258 mihi
1603 2238 1661 2257 uer-

873 2286 945 2314 bum.
964 2285 1000 2312 lis
1022 2284 1068 2318 qui
1100 2282 1273 2309 aﬂlictiouem
1306 2285 1332 2307 et
1358 2278 1542 2306 calamitatem
1569 2284 1656 2303 meam

874 2332 940 2359 mihi
961 2330 1138 2364 exprobrant,
1163 2327 1334 2363 respondebo
1363 2326 1476 2353 verbum
1510 2324 1562 2351 hoc
1587 2323 1660 2357 quod

872 2378 1008 2412 sequitur.

908 2421 984 2456 Quod
1001 2420 1102 2456 speravi
1117 2420 1145 2446 in
1162 2417 1326 2446 sermonibus
1342 2417 1406 2444 tuis.
1425 2416 1482 2443 Hoc
1505 2419 1558 2448 est,
1582 2413 1655 2449 quod

871 2476 921 2503 ego
941 2468 995 2495 illis
1010 2465 1192 2501 respondebo,
1212 2471 1339 2499 sperasse
1367 2471 1409 2489 me
1426 2463 1453 2488 in
1484 2461 1532 2488 Dei
1559 2460 1660 2491 verbis.

870 2514 917 2549 qui
936 2513 1019 2540 multa
1046 2513 1118 2540 bona
1146 2510 1274 2538 omnibtts
1299 2509 1438 2545 pollicitus
1455 2512 1507 2540 est,
1521 2507 1567 2542 qui
1588 2507 1661 2534 illius

869 2561 1039 2588 servaverint
1051 2552 1195 2586 mandata‘:
1212 2564 1296 2592 quant
1320 2556 1354 2583 ob
1374 2562 1485 2582 causam
1500 2553 1661 2581 alllictioncs

872 2611 899 2634 et
921 2606 1091 2633 calamitates
1107 2611 1203 2631 omnes
1223 2602 1302 2630 facile
1329 2601 1465 2633 sustineo,
1480 2602 1583 2635 optima
1614 2600 1660 2626 ni-

875 2654 973 2680 mirum
992 2653 1017 2679 in
1031 2659 1079 2687 spe
1091 2651 1234 2678 educatus.

907 2699 990 2726 Vsus.
1006 2698 1051 2724 45.
1071 2697 1105 2723 Et
1120 2705 1151 2723 ne
1169 2696 1276 2729 auferas
1289 2695 1320 2722 de
1334 2704 1378 2722 ore
1391 2704 1447 2722 meo
1462 2696 1565 2722 uerbum
1591 2693 1658 2720 veri-

873 2745 936 2771 tatis
960 2752 1041 2779 usque
1068 2743 1156 2770 valde.
1172 2742 1211 2770 Nc
1229 2742 1339 2769 aulcras
1357 2750 1371 2768 a
1392 2750 1436 2769 me
1452 2742 1480 2768 in
1496 2744 1657 2776 perpetuum

873 2791 1060 2826 proplteticam
1071 2811 1074 2814 .
1085 2790 1199 2824 gratiam
1213 2797 1220 2822 ;
1236 2789 1293 2822 sed,
1309 2788 1332 2816 si
1348 2796 1379 2816 ex
1398 2787 1603 2823 dispensatione
1625 2786 1658 2813 ad

871 2841 981 2871 tempus
1009 2835 1082 2863 illam
1101 2835 1262 2868 abstuleris,
1277 2842 1374 2862 rursus
1389 2841 1485 2870 precor
1501 2832 1568 2860 mihi
1597 2839 1656 2859 eam

871 2883 1003 2918 restitue;
1018 2883 1071 2918 vel,
1083 2881 1122 2910 Ne
1137 2881 1283 2919 permittas
1295 2880 1341 2909 diu
1358 2887 1390 2908 ex
1416 2886 1463 2907 ore
1478 2885 1538 2906 meo
1555 2878 1656 2906 verita-
