1874 3067
18 125 29 156 Ῑ
43 124 112 158 145
667 131 741 162 COM
746 133 772 162 Μ
776 131 851 162 ΕΝΤ

946 135 1123 166 PSALMOS.
1639 143 1708 175 1146

19 185 106 215 ἴσως
130 184 211 210 τῶν
231 183 377 219 βιωτικῶν.
397 186 443 212 Ἐκ
454 185 523 212 Θεοῦ
539 186 566 213 δὲ
583 187 672 214 πάντα
695 188 777 220 αἰτεῖ,
789 182 854 215 διδέὶ·

946 191 1005 218 liam
1021 196 1176 223 convertar.
1193 197 1220 220 et
1235 201 1248 219 a
1265 194 1356 222 saeculi
1369 195 1450 231 hujus
1467 197 1584 233 negotiis
1597 198 1704 226 vincar.

22 239 120 256 σκων
141 230 205 256 ὅτι
219 229 249 256 τὸ
262 231 318 257 πᾶν
337 230 419 262 αὐτὸς
435 231 586 268 κατορθοῖ·
616 233 707 268 Χωρὶς
725 233 791 268 γὰρ,
811 243 854 269 φη⁴

948 239 990 265 »Ιῑι
1017 243 1108 265 autent
1141 239 1233 266 omnia
1250 248 1264 265 ο
1287 240 1350 274 Deo,
1377 242 1478 270 docens
1505 244 1581 271 illu-m
1613 246 1705 272 omnia

22 276 92 307 σὶν,
108 276 218 311 ἐμοῦ,
237 276 268 302 οὐ
286 277 401 303 δύνασθε
420 279 507 304 ποιεῖν
530 278 617 306 οὐδέν.
650 279 736 306 Τοῦτο
754 280 854 306 κιιθολι¹

946 286 1023 312 ﬁcere
1036 293 1042 311 :
1059 285 1122 312 Siue
1132 294 1187 317 me,
1200 286 1299 321 inquit.
1314 287 1381 314 nihil
1395 290 1509 323 potestis
1523 290 1622 318 facere.
1642 291 1704 319 Haec

22 321 85 353 κὸς
97 321 200 348 ἔστω
215 331 256 348 σοι
269 322 360 350 κανὼν
376 323 423 349 ἐπὶ
437 323 606 359 τῶνέφεξῆς
624 324 736 360 ὁμοίων.
768 326 866 359 Βοηθεί

23 367 59 393 δὲ
99 367 141 394 οὗ
185 368 287 400 πᾶσιν,
309 369 378 396 ἀλλὰ
405 371 461 401 τοῖς
479 370 574 403 ἀξίοις,
595 371 643 397 καὶ
658 371 688 398 τὸ
711 372 755 398 ἐπ’
771 373 865 404 αὐτοῖς

26 413 124 440 ἅπαν
148 414 380 448 εἰσενεγκοῦσιν.

78 507 321 541 Ἀπόστρεψον
345 507 416 540 τοὺς
444 508 620 544 ὀφθαλμούς
645 518 716 544 μου,
745 509 799 536 τοῦ
821 509 864 544 μὴ

31 554 128 581 ιδεῖν
141 556 350 589 ματαιότητα,
365 556 550 592 Ἀπόστρεψον
562 558 660 588 αὐτοὺς
669 557 723 583 ἀπὸ
734 557 788 584 τῶν
798 557 864 591 βλαα

29 601 149 635 εερῶν
175 601 336 635 Θεαμάτων,
350 601 421 628 ὥστε
451 603 488 637 μὴ
505 602 568 628 ἰδεῖν
599 603 719 637 ματαίαν
734 602 862 638 θεωρίαν.

36 647 248 682 Ὀφθαλμοὺς
262 648 290 674 δὲ
302 649 368 681 νόει,
386 649 434 675 καὶ
447 649 510 680 τοὺς
528 649 718 683 σωμχτικοὺς,
736 650 784 676 καὶ
798 650 863 681 τοὺς

29 693 214 728 ψυχικούς.

83 741 153 767 Ἐν-
174 741 216 775 τῇ
235 740 294 773 ὀδῷ
313 750 371 768 σου
391 741 486 775 ζῆσόν
502 751 549 776 με.
578 743 623 768 ‘Ev
651 741 690 777 τῷ
710 742 785 778 νόμῳ
814 750 862 768 σου

32 786 239 822 Commi-qu
256 795 290 821 με
305 795 312 802 ⁸
333 784 410 818 οὗτος
427 789 475 822 μὲν
487 789 542 823 γὰρ
559 787 631 823 ζωὴν
657 788 743 824 ἀληθῆ
767 788 864 823 προξε-

34 834 84 858 νεί
104 834 182 864 τοῖς
212 833 489 868 ἐμπολιτευομένηις·
510 835 525 860 ὁ
555 835 584 861 δὲ
606 835 703 870 παρὼν
728 835 786 870 βίος
815 835 863 862 θά-

35 888 152 911 νατος.

78 927 129 952 Στ
136 924 226 958 ῆσον
246 925 286 958 τῷ
300 926 399 960 δούλῳ
423 935 482 955 σου
496 928 530 954 τὸ
549 929 654 962 λόγιόν
667 935 736 960 σου,
751 928 796 960 εις
811 927 864 954 τὸν

36 972 157 1005 φόϐον
175 980 247 998 σου.
262 972 392 1007 Στήριξον
403 973 432 999 ὲν
448 974 509 1008 ἐμοὶ
525 974 564 1010 τῷ
572 974 658 1009 δούλῳ
670 982 717 1001 σου
732 973 763 1000 τὸ
778 974 862 1008 προσ.

38 1017 157 1051 ταγμά
179 1026 240 1048 σου.
268 1019 300 1045 τὸ
316 1020 494 1053 Δεσποτιχὸν,
510 1022 552 1052 εἰς
566 1021 611 1048 τὴν
629 1021 712 1055 φόϐον
730 1029 777 1046 σου
792 1028 799 1035 ⁶
818 1021 861 1046 λό-

41 1072 114 1097 γιον
138 1064 239 1098 λέγων
255 1065 300 1091 τὸν
329 1066 421 1100 νόμον,
450 1067 600 1100 τουτέστιν,
639 1067 803 1101 Ἐδραίωσον
832 1068 860 1093 ἐν

43 1107 118 1142 ἱμοὶ
136 1108 175 1134 τὸ
188 1108 280 1142 λόγιόν
297 1117 344 1136 σου
367 1111 408 1141 εἰς
427 1111 471 1137 τὸν
489 1111 573 1146 φόϐον
591 1120 649 1145 σου,
679 1112 723 1138 ἶνα
746 1112 860 1147 γένηταί

45 1163 99 1188 pc;
120 1155 212 1181 τοῦτο
226 1156 317 1190 λόγιον
331 1157 464 1191 ἔμφοὸον.

86 1200 228 1235 Περίελε
247 1202 301 1228 τὸν
322 1202 496 1237 όπνειδισμόν
513 1213 584 1238 μου,
615 1204 652 1231 ὃν
667 1204 858 1231 ὑπώπτευσα.

46 1247 105 1273 Τὸν
122 1248 335 1282 προστρισέντα
352 1258 396 1284 μοι
415 1250 470 1276 ἀπὸ
486 1251 535 1285 τῆς
556 1251 707 1286 ἁμαρτιας,
739 1251 769 1277 ὃν
796 1252 858 1284 ἐφο-

48 1292 165 1327 ϐήθην,
180 1295 391 1329 προσαγόμεκον
410 1305 456 1330 μοι
471 1297 547 1331 παρὰ
569 1297 623 1323 τῶν
650 1297 788 1331 δαιμόνων
804 1305 810 1311 ’
841 1296 858 1331 ἢ

49 1339 101 1364 τὸν
118 1340 182 1365 ἀπὸ
198 1339 254 1366 τῶν
269 1342 500 1368 ἐπιϐουλευόντων
516 1350 572 1375 μοι,
586 1342 616 1368 ὃν
630 1342 798 1368 ὑπώπτευσα
817 1342 860 1368 αἱ·

52 1386 146 1412 σθανὸ
151 1395 186 1421 με
191 1395 235 1418 νος
251 1387 370 1420 ἐμαυτοῦ
383 1387 630 1422 ταλαιπωρηῦντος.

91 1478 167 1504 Ὀτι
186 1478 222 1504 τὰ
237 1477 364 1512 κρίματιί
379 1485 437 1505 σου
461 1478 588 1512 χρηστά.
606 1477 669 1505 Ὀτι
686 1478 791 1512 κρίνεις
819 1478 857 1504 δία

917 332 1001 367 igitur
1029 332 1158 367 deinceps
1190 334 1225 360 sit
1257 334 1305 360 tibi
1340 342 1434 362 norma
1459 337 1486 363 in
1514 339 1706 371 sequentibus,

917 379 962 405 ubi
987 378 1088 405 similia
1117 379 1250 407 invenias.
1281 380 1400 415 Adjuvat
1429 386 1519 409 autem
1544 384 1625 415 Deus,
1651 392 1705 412 non

917 433 1014 453 Omnes
1033 426 1201 460 promiscue,
1221 427 1267 453 sed
1284 427 1384 462 dignos
1403 435 1432 456 se
1446 433 1473 455 et
1487 429 1533 463 qui
1552 433 1640 457 totum
1661 430 1706 457 in-

917 471 1038 503 tulerint,
1055 473 1126 506 quod
1142 473 1166 498 in
1184 481 1214 500 se
1232 473 1322 500 fuerit.

954 519 1038 548 Vsus.
1056 521 1100 548 57.
1116 524 1208 548 Averte
1225 521 1316 549 oculos
1332 530 1413 554 meos,
1432 531 1462 549 ne
1479 524 1583 550 rideant
1600 524 1706 551 vanita-

917 571 978 594 tem.
998 567 1098 594 Avertc
1117 575 1165 594 eos
1183 575 1196 594 a
1215 568 1303 594 noxiis
1319 568 1493 602 spectaculis,
1511 569 1547 596 ita
1566 573 1595 595 ut
1613 570 1705 596 inania

917 619 971 639 non
988 612 1109 640 videatut.
1125 613 1226 640 Oculos
1242 619 1334 641 autem
1353 622 1406 641 non
1431 615 1557 650 corporis
1583 618 1706 646 tantum,

915 658 962 686 sed
976 658 1074 686 aniqu
1090 659 1172 686 etiam
1190 659 1330 695 intelligit.

951 747 983 774 In
999 747 1040 775 via
1054 754 1101 775 tua
1120 748 1225 783 vivi/ica
1241 757 1291 776 me.
1305 748 1369 776 Haec
1384 750 1484 777 ctenim
1505 749 1548 777 via
1565 757 1655 777 veram
1671 750 1705 778 iis

916 793 999 820 vitam
1016 798 1139 828 praestat,
1161 795 1208 828 qui
1225 794 1251 821 in
1270 803 1301 821 ca
1319 796 1418 822 versati
1437 795 1548 823 fuerim.
1578 795 1703 822 Prwsens

915 840 1014 867 etenim
1031 840 1084 866 vita
1111 849 1173 867 vera
1188 842 1241 868 vita
1257 849 1310 868 non
1327 847 1380 874 est,
1405 849 1465 868 cum
1482 845 1596 869 mortem
1613 848 1703 868 secum

915 886 992 914 ferat.

949 931 1031 959 Vens.
1046 931 1090 960 58.
1109 931 1203 960 Statue
1215 941 1288 960 servo
1305 938 1350 960 tuo
1371 933 1504 968 eloquium
1521 938 1605 966 tuum,
1623 934 1650 960 in
1670 934 1704 959 ti-

914 986 986 1005 more
1012 982 1068 1005 tuo.
1085 979 1113 1005 In
1131 986 1185 1011 me,
1206 979 1306 1013 inquit,
1340 986 1418 1006 servo
1450 983 1498 1006 tuo
1529 979 1700 1006 Dominicum

913 1025 1072 1051 mandatum
1103 1029 1191 1057 tuum,
1221 1025 1293 1061 quod
1326 1026 1370 1052 hic
1399 1026 1540 1061 eloquium
1573 1025 1702 1060 appellat,

913 1070 1021 1097 ﬁrmum
1040 1077 1071 1096 ac
1085 1069 1183 1097 stabile
1194 1069 1294 1097 eﬂicito
1310 1071 1336 1097 in
1362 1071 1470 1102 timore,
1500 1071 1537 1097 ila
1554 1074 1584 1096 ut
1608 1070 1700 1096 divina

912 1117 1019 1151 elaquia
1035 1121 1081 1142 tua
1095 1116 1212 1144 verenda
1226 1116 1291 1143 mihi
1305 1117 1370 1149 sint,
1387 1123 1419 1143 ac
1437 1116 1568 1143 timenda.

949 1208 1034 1236 Vsus.
1052 1209 1097 1236 '59.
1116 1208 1201 1240 Aufer
1225 1207 1395 1242 opprobrium
1410 1215 1508 1240 meum,
1534 1207 1604 1241 quod
1616 1206 1702 1240 suspi-

912 1261 986 1283 catus
1019 1263 1088 1282 sum.
1119 1255 1195 1288 Quod
1222 1254 1354 1281 inllictum
1375 1254 1441 1281 mihi
1460 1258 1501 1281 est
1532 1261 1546 1280 a
1576 1257 1700 1287 peccato,

911 1302 1040 1338 quodque
1050 1308 1101 1335 ego
1109 1301 1214 1335 jamdiu
1228 1299 1311 1334 indigi
1325 1299 1389 1326 mihi
1402 1299 1529 1326 timebam
1542 1305 1557 1325 a
1568 1298 1699 1329 dazmone,

912 1357 959 1376 seu
976 1349 1009 1375 ab
1025 1347 1237 1375 insidiatoribus
1258 1346 1337 1373 meis.
1366 1345 1414 1372 Vel
1442 1345 1514 1379 quod
1544 1345 1701 1379 suspicatus

912 1403 985 1426 sum,
1003 1402 1066 1422 cum
1085 1395 1110 1421 in
1124 1393 1269 1426 aerumnis,
1286 1397 1368 1427 atque
1384 1392 1411 1419 in
1427 1391 1548 1420 miseriis
1574 1399 1616 1419 me
1632 1399 1701 1419 con-

911 1441 1039 1468 stitutum
1059 1447 1213 1467 cernerent.

950 1487 1021 1519 Quia
1045 1487 1152 1521 judicia
1180 1492 1225 1512 tua
1247 1486 1370 1520 benigna.
1397 1485 1530 1518 Quoniam
1561 1484 1636 1518 iuste.
1654 1483 1700 1518 ju-

53 1534 139 1558 καια,
163 1524 309 1559 γινώσκων
331 1526 405 1555 ὅπως
430 1526 584 1559 μετενόησα
595 1525 640 1551 καὶ
657 1525 732 1556 ὅπως
745 1525 791 1551 ἐπὶ
805 1526 854 1557 σο).1

946 1541 1000 1565 cas,
1021 1540 1203 1567 cognoscens.
1224 1532 1297 1566 quod
1315 1533 1477 1565 pmuiteutia
1496 1531 1593 1562 ducor.
1611 1531 1701 1565 quoil-

53 1570 163 1606 K'ths,
178 1570 293 1605 ἤλπισα,
309 1572 350 1597 σοὶ
363 1571 422 1597 ὅλον
435 1571 552 1606 ἐμαυτὸν
570 1571 688 1602 ἀναθείς.

99 1657 185 1684 Ἰδοὺ
204 1657 380 1692 ἐπεθύμησα
392 1658 445 1692 τὰς
461 1659 588 1693 ἐντολάς
606 1668 674 1694 σου,
692 1661 727 1688 ἐν
742 1661 780 1695 τῇ
811 1662 856 1689 δι-

56 1704 216 1737 καιοσύνῃ
232 1712 290 1731 σου
306 1703 399 1738 ζῆσόν
408 1713 456 1739 με.
484 1706 572 1733 Πεινῶ
588 1708 635 1733 καὶ
658 1707 726 1742 διψῶ
745 1707 794 1740 τὰς
814 1709 857 1735 ὲν-

57 1750 146 1782 τολάς
164 1759 222 1777 σου.
250 1751 294 1777 Ἐν
309 1753 342 1786 τῇ
361 1751 522 1789 δικαιοσύνῃ
539 1762 584 1779 σου
607 1755 689 1788 ζῆσόν
712 1763 756 1790 με.
783 1753 857 1782 Ἶσον

59 1795 89 1820 δὲ
103 1795 189 1822 τοῦτο
218 1796 267 1831 τῷ,
294 1797 345 1824 Ἐν
369 1797 409 1830 τῷ
423 1800 504 1833 νόμῳ
514 1807 572 1826 σου
587 1800 681 1834 ζῆσόν
706 1810 754 1836 με,
787 1802 856 1838 ὅπερ

57 1842 178 1876 εἴρηκεν
193 1843 334 1878 ἀνωτέρω.

95 1889 156 1916 Καὶ
169 1889 254 1916 ἔλθοι
263 1890 310 1917 ἐπ’
322 1890 374 1926 ἐμὲ
384 1892 416 1918 τὸ
431 1891 518 1924 ἔλεός
531 1901 601 1926 σου,
616 1895 714 1928 Κύριε,
738 1895 771 1921 τὸ
793 1903 855 1922 σω-

60 1933 171 1968 τήριόν
179 1943 237 1962 σου
250 1937 326 1963 κατὰ
340 1937 394 1964 τὸν
406 1938 501 1972 λόγον
521 1947 590 1966 σου.
608 1940 667 1966 ’Ὶνα
681 1940 784 1972 ἐλεηοώ
807 1941 855 1967 καὶ.

63 1981 157 2009 σωθῶ.
186 1982 268 2013 Τέλος
290 1983 344 2018 γὰρ
370 1983 418 2010 τοῦ
445 1984 549 2017 ἐλέους,
576 1986 754 2022 ήσωτηρὶα·
782 1987 855 2014 ἔλθοι

59 2026 100 2060 δὲ,
115 2027 191 2054 κατὰ
207 2028 256 2062 τὴν
270 2029 419 2064 ὑπόσχεσιν
440 2039 498 2057 σου.
513 2031 686 2066 Ἐπηγγείλω
700 2033 754 2067 γὰρ
773 2035 801 2060 ὲν
816 2034 854 2069 τῷ

61 2073 140 2109 νόμῳ
154 2074 254 2108 ἐλθεῖν,
272 2076 319 2102 καὶ
331 2075 430 2108 σώζειν
443 2077 507 2108 τοὺς
520 2078 706 2112 φυλάσσοντας
720 2080 753 2106 τὰ
768 2089 856 2116 προσ-

63 2120 200 2155 τάγματα
213 2129 271 2148 σου.

101 2208 156 2235 Καὶ
168 2209 409 2244 ὰποκριθήσομαι
420 2211 480 2243 τοῖς
494 2212 674 2242 ὀνειδίζουσί
685 2222 736 2247 μοι
748 2215 851 2248 λόγον.
870 2206 892 2234 Ι)

65 2253 130 2287 Τοῖς
141 2255 304 2286 ὀνειδίζουσί
315 2264 359 2290 μοι
376 2255 425 2291 τὴν
449 2257 518 2292 ὑπὲρ
536 2259 638 2294 ἀρετῆς
656 2259 854 2294 κακοπάθειαν,

64 2301 292 2336 ἀποκριθήσομαι
307 2302 402 2329 τοῦτον
415 2303 462 2330 τὸν
476 2304 567 2338 λόγον.

103 2408 169 2435 Ὀτι
182 2408 301 2442 ἤλπισα
312 2408 361 2435 ἐπὶ
376 2408 438 2441 τοῖς
453 2409 556 2443 ,λόγοις
567 2416 636 2436 σου.
659 2409 745 2436 Τοῦτο
761 2410 853 2442 αὐτοῖς

65 2452 290 2489 ὰποκριθήσομαι
304 2474 311 2485 ,
346 2454 387 2481 ὃτι
410 2454 513 2489 ἧλπισα
536 2454 584 2480 ἐπὶ
605 2455 662 2485 τοῖς
690 2453 779 2488 λόγοις
803 2455 851 2480 τοῦ

65 2499 346 2536 Θεοῦ,ὑποσχομένου
376 2501 462 2528 πολλὰ
483 2501 574 2535 ἀγαθὰ
601 2502 659 2533 τοῖς
687 2501 853 2536 φυλάττουσι

67 2547 112 2579 τὰς
129 2548 240 2579 ἐντολὰς
256 2547 338 2574 αὑτοῦ
356 2557 362 2564 ·
377 2549 425 2575 καὶ
445 2549 488 2575 διὰ
502 2547 581 2574 τοῦτο
601 2548 760 2581 κακοπαθῶ,
788 2557 849 2584 τρε-

67 2593 181 2628 φόμενος
198 2595 316 2628 ἀγαθαῖς
334 2594 436 2622 ἐλπὶσι.

101 2685 152 2710 Kal
165 2683 208 2718 μὴ
228 2683 369 2718 περιέλῃς
383 2685 416 2711 ἐκ
433 2685 486 2712 τοῦ
497 2686 647 2720 στόματός
672 2694 731 2719 μου
758 2686 852 2720 λόγον

68 2727 207 2763 ἀληθείας
224 2730 281 2764 ἕως
293 2731 421 2766 σφόδρα.
436 2732 482 2767 Μὴ
498 2732 626 2768 περιέλῃς
652 2732 700 2758 ἀπ’
728 2732 795 2767 ἐμοῦ
821 2733 851 2758 τδ

70 2775 235 2809 προφητικὸν
251 2777 374 2812 χάρισμα
391 2776 436 2803 ἐπὶ
455 2776 522 2803 πολύ
533 2786 540 2793 ·
555 2778 614 2804 ἀλλ’
629 2777 653 2803 εἰ
671 2779 718 2804 καὶ
731 2778 793 2804 κατ’
812 2779 852 2804 oi-

71 2822 196 2856 κονομίαν
217 2822 359 2858 ὲπισχεθῇ,
396 2823 478 2850 πάλιν
502 2823 722 2859 ἀποκαταστήτω
740 2833 796 2859 μοι.
815 2825 850 2851 Ἢ

75 2865 109 2903 μὴ
123 2869 331 2905 περιαιρεθῆναι
357 2870 560 2906 παραχωρήτῃς
578 2871 625 2898 ἐπὶ
643 2871 710 2898 πολὺ
739 2872 770 2898 ἐκ
802 2871 850 2900 τοῦ

912 1587 966 1614 que
984 1579 1009 1606 iu
1030 1584 1054 1606 te
1072 1578 1191 1613 speravi,
1214 1585 1244 1603 ac
1261 1585 1304 1603 me
1322 1577 1371 1604 tibi
1393 1581 1478 1604 totum
1509 1585 1622 1611 prorsus
1649 1576 1701 1603 ob-

910 1625 971 1652 tuli.

946 1671 1031 1698 Vsus.
1048 1671 1091 1698 40.
1105 1670 1173 1697 Ecce
1188 1670 1321 1703 concupiui
1335 1668 1462 1696 mandata
1481 1673 1538 1699 tuo,
1551 1669 1578 1694 in
1590 1667 1699 1702 justitia

911 1724 957 1746 tua
974 1718 1077 1750 viviﬁca
1091 1726 1141 1745 me.
1156 1717 1265 1749 Esurio,
1295 1716 1395 1750 inquit,
1422 1722 1448 1742 et
1472 1715 1537 1742 sitio
1568 1714 1699 1741 mandata

909 1765 1082 1794 tua.Viriiica
1096 1765 1230 1799 mcigitut‘
1242 1765 1268 1791 in
1278 1763 1437 1798 tuajustitia
1454 1771 1460 1789 :
1475 1761 1547 1797 quod
1563 1760 1697 1788 l't-reidcm

909 1818 951 1841 est
969 1820 1031 1840 cum
1050 1812 1082 1840 iis
1096 1812 1197 1844 verbis,
1211 1818 1271 1846 qum
1288 1810 1415 1845 superius
1432 1808 1502 1836 dixit
1518 1817 1524 1836 :
1541 1807 1575 1835 In
1588 1807 1641 1841 lege
1653 1812 1699 1835 tua

907 1859 1008 1891 uiui/ica
1025 1866 1076 1885 me.

943 1905 1025 1933 Vsus.
1040 1905 1085 1932 il.
1104 1903 1137 1930 Et
1152 1904 1239 1930 ueniat
1267 1911 1345 1937 super
1371 1910 1411 1929 me
1430 1902 1613 1929 misericordia
1640 1905 1697 1931 tua.

910 1953 1031 1984 Domine,
1050 1951 1166 1977 salutare
1195 1953 1269 1975 tuum
1289 1948 1433 1975 secundant
1451 1948 1582 1982 eloquium
1612 1951 1696 1973 tuum.

910 1999 946 2027 Ut
964 1999 1069 2026 scilicet
1085 1997 1306 2024 misericordiam
1331 2001 1500 2029 consequar,
1521 1998 1547 2021 et
1567 1993 1695 2020 salutem.

908 2045 1103 2073 Misericordiae
1118 2044 1189 2071 cnim
1206 2042 1266 2069 linis
1282 2047 1333 2072 est,
1358 2046 1388 2068 ut
1408 2041 1523 2068 salutem
1541 2046 1696 2074 conSequa-

909 2099 981 2119 mur.
1000 2090 1197 2118 Veniatautem
1217 2089 1275 2116 haec
1291 2086 1466 2122 salus,]uxta
1484 2086 1694 2121 promissionem

909 2141 995 2164 tuam.
1017 2135 1158 2162 Pollicitus
1174 2135 1246 2162 enim
1263 2142 1293 2161 es
1305 2134 1331 2160 in
1344 2133 1403 2167 lege
1422 2137 1477 2164 tua,
1491 2136 1515 2159 Ie
1529 2138 1626 2159 omnes
1642 2131 1698 2158 εθι-

908 2186 1047 2214 vaturum,
1065 2181 1112 2216 qui
1128 2179 1286 2207 custodiunt
1304 2179 1432 2205 mandata
1451 2184 1509 2204 tua.

943 2230 1026 2257 Vens.
1043 2229 1088 2256 42.
1105 2227 1141 2255 Et
1155 2225 1312 2260 respondebo
1327 2224 1548 2259 exprobrantibus
1561 2222 1626 2249 mihi
1636 2231 1695 2249 uer-

906 2275 977 2304 bum.
997 2275 1033 2302 lis
1054 2275 1101 2309 qui
1133 2273 1306 2300 aﬂlictiouem
1339 2276 1364 2299 et
1391 2270 1574 2298 calamitatem
1602 2276 1689 2295 meam

907 2322 973 2349 mihi
994 2321 1171 2354 exprobrant,
1196 2318 1367 2355 respondebo
1396 2317 1510 2345 verbum
1542 2316 1595 2343 hoc
1620 2315 1693 2349 quod

905 2368 1040 2395 sequitur.

955 2376 1040 2394 uuur.

936 2376 1017 2445 (baud
1034 2411 1135 2446 speravi
1151 2411 1178 2437 in
1195 2409 1359 2437 sermonibus
1376 2409 1439 2435 tuis.
1458 2407 1515 2435 Hoc
1538 2410 1591 2440 est,
1615 2405 1688 2441 quod

903 2466 953 2493 ego
974 2458 1028 2484 illis
1043 2456 1225 2491 respondebo,
1245 2463 1372 2490 sperasse
1400 2463 1442 2481 me
1459 2455 1486 2480 ln
1517 2453 1566 2480 Dei
1592 2452 1693 2484 verbis,

902 2503 950 2538 qui
969 2503 1052 2530 multa
1079 2503 1151 2529 bona
1178 2502 1306 2529 omnibus
1332 2501 1472 2536 pollicitus
1488 2504 1540 2532 est,
1554 2499 1600 2534 qui
1621 2499 1694 2526 illius

902 2550 1071 2577 servaverint
1083 2543 1228 2575 mandata':
1244 2556 1329 2582 quant
1353 2548 1388 2574 ob
1407 2554 1518 2574 causam
1534 2545 1694 2573 :tlllictioues

905 2601 932 2623 et
953 2595 1124 2622 calamitates
1140 2602 1235 2621 omnes
1256 2593 1334 2620 facile
1362 2593 1498 2625 sustineo,
1513 2595 1616 2628 optima
1648 2592 1692 2618 ni-

907 2643 1005 2669 mirum
1024 2642 1049 2668 in
1063 2649 1111 2676 spe
1123 2641 1266 2668 educatus.

939 2688 1022 2715 Vsus.
1038 2687 1083 2714 45.
1103 2687 1138 2712 Et
1152 2695 1183 2712 ne
1201 2685 1308 2718 auferas
1321 2685 1352 2712 de
1367 2693 1410 2712 ore
1423 2694 1479 2712 meo
1495 2687 1597 2713 uerbum
1623 2686 1692 2712 ueri—

905 2734 968 2761 tatis
992 2741 1074 2768 usque
1101 2733 1188 2760 valde.
1204 2731 1243 2760 Ne
1261 2732 1372 2759 auferas
1389 2740 1403 2758 a
1425 2740 1468 2759 me
1485 2732 1512 2758 in
1529 2736 1690 2768 perpetuum

905 2781 1092 2817 proplieticam
1103 2800 1106 2804 .
1117 2779 1231 2814 gratiam
1245 2787 1252 2812 ;
1268 2779 1326 2812 sed,
1341 2779 1364 2806 si
1380 2786 1411 2806 ex
1430 2779 1635 2813 dispensatione
1658 2778 1691 2805 ad

903 2831 1013 2862 tempus
1041 2826 1113 2853 illam
1133 2825 1294 2858 abstuleris,
1309 2832 1406 2853 rursus
1421 2832 1518 2860 precor
1534 2824 1600 2851 mihi
1629 2832 1689 2852 eam

902 2873 1035 2908 restitue;
1049 2873 1103 2908 vel,
1114 2871 1154 2900 Ne
1169 2872 1315 2909 permittas
1327 2871 1374 2900 diu
1390 2878 1423 2899 cx
1448 2877 1495 2899 ore
1510 2877 1570 2898 meo
1587 2869 1690 2898 verita-
