1886 3070
197 141 269 172 11Ξ.9

796 131 989 164 EUTHYMII
1008 127 1191 160 ZIGABENI

1763 120 1832 152 116’)

195 196 396 225 Concluscrunt
413 199 457 220 me
481 192 510 219 in
531 196 616 224 terra,
632 198 681 219 seu
704 190 870 218 Everterunt
892 196 935 216 me
961 188 989 214 in

1067 183 1168 210 ιλεισάν
1187 190 1222 218 με
1239 182 1268 209 ὲν
1294 181 1328 216 τῇ
1342 181 1378 216 γῇ
1391 199 1398 212 ,
1424 179 1440 214 ἢ
1456 177 1656 225 Κατέστρεψάν
1726 177 1768 208 εἱς
1783 177 1832 225 τὴν

195 250 312 275 terram;
335 248 386 276 ego
403 245 492 268 tamen
510 247 524 266 ιι
542 239 719 266 meditatione
740 242 787 264 aut
803 236 837 263 ab
857 235 989 263 observa-

197 291 271 317 tione
285 286 477 315 mandatorum
494 289 605 312 tuorum
624 292 679 311 non
697 283 810 311 recessi.

234 335 315 362 Vens.
332 333 378 360 88.
399 331 550 358 Secundum
567 330 778 358 misericordiam
794 334 866 356 tuam
885 327 988 361 vivi/ica

197 391 248 414 me,
261 387 283 408 et
295 379 445 407 custodiant
458 378 608 405 testimonia
623 377 677 403 oris
693 377 741 402 tui.
756 376 785 402 In
800 373 989 402 misericordia

199 434 244 455 tua
259 427 366 455 viviﬁca
381 433 434 457 me,
448 428 580 459 tanquam
598 422 765 450 misericors.
784 420 817 447 Et
829 421 861 447 de
875 420 917 446 bis
929 426 990 446 ver-

198 473 241 500 bis
257 481 263 499 :
289 471 398 504 Viviﬁca
415 477 464 500 me,
495 468 549 502 jam
569 467 696 501 superius
709 465 810 493 dictum
826 468 877 490 est.
897 461 990 489 Testi-

203 517 296 544 monia
309 523 373 544 vero
386 515 443 542 oris
459 515 510 546 tui,
525 521 557 540 ea
575 514 646 545 dico,
667 521 727 547 qua:
739 511 825 546 Moysi
841 509 988 537 mandasti.

237 564 320 590 Vens.
335 562 378 589 89.
397 561 427 588 In
441 560 579 592 saxulum,
593 559 712 590 Domine,
728 558 833 584 verbum
847 562 920 583 tuum
933 563 992 590 per-

202 614 290 636 manet
306 608 333 635 in
348 607 421 634 εωιυ.
443 607 597 634 Mandatum
619 611 695 633 tuum
719 603 945 631 incommutabile
963 601 990 628 in

202 654 273 681 caelo
289 661 398 687 semper
415 656 566 686 permanet.
585 650 663 681 illud,
684 651 806 685 inquam,
822 649 992 680 mandatum,

203 706 259 733 quo
274 698 374 724 ccelnm
392 697 419 723 in
438 704 488 723 suo
502 704 610 730 semper
626 695 721 722 ordine
734 694 902 722 continetur.

242 743 324 770 Vens.
336 742 381 768 90.
400 741 432 767 In
447 741 641 775 generationem
652 746 676 766 et
690 739 884 774 generationem
896 738 993 765 veritas

205 792 262 813 tua.
283 786 389 812 Veritas
404 785 485 819 hujus
503 785 626 811 mandati
648 784 675 810 in
690 784 763 810 omni
786 790 894 817 semper
911 789 994 816 gene-

207 833 316 859 ratione
329 836 461 858 constans
476 834 616 864 permanet
632 837 640 856 :
657 835 683 856 et
699 830 765 856 ordo
782 829 868 856 semel
890 827 994 855 consti—

206 883 293 911 tutus,
311 877 337 904 itt
354 877 462 904 diversa
480 884 531 903 tton
546 880 678 902 mutatur.

243 923 325 952 Vens.
343 924 388 951 91.
406 923 542 950 Fundasti
560 928 669 953 terram,
685 927 709 948 et
730 926 865 956 permanet
886 921 996 948 ordina—

207 972 277 998 tione
297 975 354 996 ινα.
382 969 445 996 lla-c
469 971 550 996 etiam
581 972 722 1003 permanet
740 968 913 995 ordinatione
935 971 994 1000 tua,

206 1018 259 1045 hoc
273 1021 325 1049 est,
343 1015 574 1051 quemadmodum
592 1020 619 1042 tu
634 1015 806 1049 disposuisti.

246 1060 402 1087 Persevera!
417 1059 482 1091 dies,
495 1059 621 1094 quoniam
633 1059 722 1086 omnia
730 1059 845 1086 serviunt
855 1058 912 1085 tibi.
931 1057 997 1085 Per-

209 1111 302 1133 manet
317 1106 386 1138 dies,
410 1110 439 1132 ut
456 1105 602 1132 ordinasti.
619 1105 769 1140 Antiquum
788 1106 861 1132 enint
883 1109 965 1140 atque
980 1111 996 1132 ει

208 1156 235 1178 te.
251 1155 383 1178 statutum
405 1151 528 1178 ordinem
544 1155 702 1178 conservat.
719 1151 806 1186 Hujus
823 1155 912 1178 autem
934 1158 997 1185 per-

210 1198 373 1224 severantiae
384 1204 468 1223 causa
479 1202 531 1227 est,
546 1205 609 1231 quia
624 1197 692 1229 haec,
706 1201 732 1224 el.
744 1197 796 1224 alia
809 1197 899 1224 omnia
917 1195 998 1223 simul

208 1241 256 1269 tibi
274 1241 410 1278 serviunt,
426 1246 451 1268 et
473 1241 603 1268 mandato
619 1246 677 1272 tuo,
702 1249 756 1268 non
777 1249 856 1268 secus
871 1248 904 1267 ac
926 1240 999 1268 servi

208 1286 321 1313 domino
348 1293 411 1316 suo,
440 1285 644 1320 obtemperant.
672 1286 760 1312 Altius
787 1286 869 1312 etiam
899 1284 1000 1312 intelli-

208 1328 297 1364 gendo
312 1335 319 1355 ι
336 1327 453 1354 Verbum
479 1332 556 1354 tuum
575 1328 602 1355 in
630 1328 699 1355 coelo
719 1336 826 1363 semper
847 1333 1000 1364 permanet,

214 1375 285 1409 apud
303 1375 425 1409 angelos.
444 1373 584 1401 Facientcs
603 1374 675 1401 enim
694 1375 792 1409 inquit,
812 1375 918 1401 verbum
932 1376 1002 1409 ejus.

214 1420 243 1446 In
261 1421 467 1455 generationem
487 1421 567 1447 etiam
590 1426 615 1447 et
635 1422 838 1455 generationem
854 1423 958 1457 antiqui
974 1429 1002 1451 et

213 1467 276 1492 novi
294 1466 385 1500 populi
401 1470 443 1493 est
465 1467 568 1494 veritas
583 1471 628 1494 tua
646 1475 653 1494 :
671 1468 727 1499 illa,
748 1468 872 1503 inquatn,
889 1470 1001 1502 veritas,

213 1520 274 1547 qua:
285 1516 326 1539 est
340 1513 367 1539 in
384 1513 451 1548 lege.
466 1514 543 1547 Apud
559 1518 703 1548 utramque
715 1515 787 1541 enim
799 1516 1002 1549 generationem

211 1558 325 1585 verbum
354 1562 430 1584 tuutn
457 1566 552 1586 verum
579 1567 640 1587 esse
666 1560 840 1595 praedicatur.
870 1561 1001 1589 Fundasti

213 1604 296 1630 etiam
315 1603 480 1637 Ecclesiam,
503 1609 530 1632 et
546 1605 573 1632 itt
593 1607 752 1641 evangelica
768 1615 827 1634 eam
844 1608 896 1635 [ide
917 1609 1002 1636 stabi-

212 1650 269 1677 Iisti
286 1658 293 1676 :
311 1649 461 1677 Ecclesiam
474 1651 547 1684 dico,
566 1659 627 1686 quae
643 1657 723 1679 antea
743 1657 814 1680 terra
830 1654 928 1681 merito
950 1655 1002 1682 dici

212 1699 332 1728 poterat,
350 1696 412 1729 quia
432 1700 542 1723 terrena
558 1697 693 1731 sapiebat,
712 1702 739 1724 et
759 1698 787 1724 in
809 1699 927 1727 terrenis
942 1707 1002 1727 ver-

213 1740 339 1767 sabatur.
357 1740 474 1775 Ideoque
491 1746 642 1775 permanet,
661 1747 690 1768 ut
705 1743 850 1772 ordinasti.
863 1744 895 1770 Et
909 1752 1004 1779 quan-

212 1793 296 1819 quam
312 1785 397 1811 multa
415 1788 608 1819 tentationum,
624 1795 655 1814 ac
668 1789 889 1822 persecutionum
905 1792 1002 1825 maria,

213 1832 243 1855 nt
260 1830 296 1855 ita
318 1829 419 1861 dicant,
444 1830 523 1864 quasi
552 1837 672 1859 oceanus
688 1832 812 1866 quidant,
829 1834 951 1870 undique
973 1836 1002 1863 in

211 1881 272 1900 eam
287 1875 428 1907 irruerint,
445 1882 499 1902 non
519 1880 610 1903 tamen
625 1877 757 1905 adversus
770 1886 829 1906 eam
849 1881 1001 1913 pravalue-

214 1924 288 1950 .unt.
312 1919 472 1947 Persen-rat
491 1922 574 1948 etiam
597 1923 668 1955 dies,
691 1923 743 1951 hoc
761 1929 814 1957 est,
837 1926 947 1960 pietatis
970 1935 1003 1955 ac

1040 232 1102 266 γῆν.
1127 228 1198 264 Ἐγὼ
1213 229 1242 255 δὲ
1257 227 1315 254 οὐδ’
1338 226 1426 258 οὕτως
1439 225 1563 260 ἀπέστην
1579 224 1630 259 τῆς
1647 222 1768 259 μελέτης
1786 224 1833 249 καὶ

1041 277 1166 312 φυλακῆς
1182 275 1236 301 τῶν
1251 273 1366 300 ἐντολῶν
1379 281 1438 299 σου.

1077 321 1160 350 Κατὰ
1184 323 1217 348 τὸ
1235 320 1324 352 ἔλεός
1349 326 1408 346 σου
1425 317 1519 352 ζῆσόν
1532 325 1580 350 με,
1592 315 1640 344 καὶ
1655 314 1785 350 φυλάξω
1798 313 1834 339 τὰ

1039 369 1186 404 μαρτύρια
1213 367 1267 394 τοῦ
1295 365 1447 400 στόματός
1474 373 1543 391 σου.
1567 362 1666 397 Ἐντῷ
1683 361 1755 388 ἐλέει
1788 368 1833 386 σου

1042 415 1125 451 ζῆσόν
1139 423 1184 449 με,
1197 414 1236 445 ὡς
1253 413 1379 447 ἐλεήμων
1395 411 1459 445 περί
1478 410 1525 436 τοῦ
1542 409 1646 443 Ζῆσόν
1655 416 1695 442 με
1706 405 1837 442 προειρη-

1041 471 1096 488 ται.
1113 461 1154 487 Τὰ
1168 459 1311 496 μαρτύρια
1326 458 1355 484 δὲ
1373 457 1421 484 τοῦ
1441 456 1577 491 στόματός
1605 463 1668 488 σου,
1687 453 1706 480 ἃ.
1727 451 1834 486 ὑπηγό-

1044 514 1143 542 ρευσας
1152 506 1190 540 τῷ
1205 505 1272 531 Μωῦ
1278 505 1331 530 σεῖ.

1080 554 1132 585 Εἰς
1147 551 1200 578 τὸν
1209 550 1314 582 αἰῶνα,
1327 549 1426 582 Κύριε,
1443 549 1459 575 ὀ
1472 549 1565 582 λόγος
1577 555 1635 574 σου
1651 545 1786 580 διαμένει
1803 544 1836 570 ἐι·

1043 599 1083 632 τῷ
1098 596 1226 632 οὐρανῷ.
1254 597 1311 623 ’Δεὶ
1325 595 1354 622 τὸ
1368 594 1534 630 πρόσταγμὰ
1547 602 1592 619 σου
1611 593 1764 619 ἀσάλευτον
1779 591 1835 617 δια·

1047 646 1125 681 μένει
1149 645 1177 672 ἑν
1204 643 1243 678 τῷ
1265 641 1374 677 οὐρανῷ
1388 649 1394 657 ⁸
1409 640 1440 667 τὺ
1457 640 1522 675 περὶ
1546 640 1595 674 τῆς
1617 639 1725 671 τάξεως
1740 637 1834 669 αὑτοῦ,

1045 691 1156 725 συνέχον
1173 689 1254 716 αὐτὸν
1267 690 1296 716 ὲν
1308 688 1390 722 αὐτῇ.

1080 738 1132 770 Εἰς
1149 736 1257 770 γενεὰν
1271 736 1319 761 καὶ
1338 733 1448 767 γενεὰν
1473 733 1490 767 ἡ
1512 731 1641 765 ἀλήθειά
1655 738 1727 758 σου.
1750 729 1804 755 ’Δεὶ
1819 729 1833 762 ἠ

1044 784 1160 818 ἀλήθεια
1175 782 1223 809 τοῦ
1239 781 1452 816 προστάγματός
1470 788 1517 806 σου
1562 778 1606 804 διὰ
1630 777 1723 811 πάσης
1741 775 1834 809 γενεᾶς

1045 829 1185 865 ἀληθεύει,
1197 828 1234 864 μὴ
1246 827 1477 863 μετακινηοείσης
1489 826 1538 861 τῆς
1552 824 1711 861 ὁρισθεῖεης
1722 823 1833 854 τάξεως.

1088 919 1308 954 Ἐθεμελιωσιις
1323 918 1381 951 τὴν
1395 916 1464 952 γῆν,
1486 915 1537 943 καὶ
1553 915 1687 950 διαμένει
1713 913 1751 947 τῇ
1777 912 1834 938 δια-

1047 966 1131 999 τάξει
1142 974 1212 993 σου.
1229 965 1358 999 Διαμένει
1384 964 1432 991 καὶ
1448 964 1520 998 αὕτη
1535 963 1564 989 ἐν
1578 963 1611 997 τῇ
1629 959 1753 992 διατάξει
1780 967 1832 988 σου,

1047 1014 1086 1046 ὡς
1096 1013 1223 1047 διετάγη.

1085 1059 1219 1093 Διαμένει
1234 1057 1253 1091 ἡ
1272 1057 1378 1092 ἡμέρα,
1395 1057 1439 1083 ὅτι
1451 1055 1487 1082 τὰ
1497 1055 1660 1089 σύμπαντα
1673 1052 1772 1079 δοῦλα
1787 1049 1832 1076 σά.

1050 1106 1180 1140 Διαμένει
1211 1105 1226 1139 ὴ
1247 1103 1349 1139 ἡμέρα,
1378 1102 1415 1134 ὡς
1434 1101 1618 1137 προσέταξας,
1648 1098 1773 1134 τηροῦσα
1787 1096 1831 1130 τὴν

1051 1151 1120 1177 ἰδίαν
1135 1150 1212 1183 τάξιν
1224 1170 1232 1176 .
1256 1149 1348 1176 Αἴτιον
1371 1148 1399 1174 δὲ
1415 1149 1464 1182 τῆς
1479 1147 1609 1180 τοιαύτης
1627 1144 1777 1179 διαμονῆς,
1797 1142 1834 1168 ὅτι

1051 1197 1098 1223 καὶ
1111 1196 1198 1224 ταῦτα
1214 1195 1261 1222 καὶ
1272 1195 1341 1230 ὁμοῦ
1357 1195 1447 1221 πάντα
1462 1193 1544 1220 δοῦλα
1560 1192 1603 1219 σά.
1620 1191 1694 1217 Διότι
1719 1190 1766 1216 atat
1780 1188 1835 1215 πεί·

1052 1243 1145 1269 Θονται
1162 1242 1201 1277 τῷ
1217 1241 1411 1277 προστάγματι
1423 1239 1470 1266 τοῦ
1489 1238 1639 1270 Δεσπὸτου,
1658 1236 1785 1271 καθάπερ
1800 1243 1834 1260 τι-

1052 1290 1096 1321 νὲς
1112 1289 1201 1316 δοῦλοι
1215 1297 1221 1303 '
1241 1288 1313 1315 κατὰ
1328 1288 1355 1314 δὲ
1374 1287 1544 1322 ὑψηλοτέραν
1562 1285 1691 1320 θεωρίαν,
1719 1284 1762 1310 ἀεὶ
1780 1283 1834 1308 δια-

1055 1337 1130 1372 μένει
1148 1337 1177 1361 ὲν
1188 1335 1227 1370 τῷ
1241 1333 1350 1369 οὐρανῷ
1365 1333 1438 1368 παρὰ
1455 1333 1510 1363 τοῖς
1524 1332 1650 1366 ἀγγέλοις
1661 1331 1675 1356 ὁ
1691 1330 1770 1363 λόγος
1783 1337 1834 1354 σου.

1054 1379 1216 1412 Ποιοῦντες
1228 1379 1293 1413 γὰρ,
1316 1379 1393 1412 φησὶ,
1417 1377 1469 1404 τὸν
1483 1377 1577 1411 λόγον
1590 1375 1695 1402 αὑτοῦ.
1706 1375 1750 1401 Ἑν
1761 1374 1836 1408 γενεᾷ

1054 1426 1082 1452 δὲ
1114 1427 1161 1452 καὶ
1189 1426 1290 1460 γενεᾷ,
1320 1426 1353 1460 τῇ
1385 1433 1415 1450 τε
1450 1423 1497 1450 τοῦ
1530 1422 1647 1449 παλαιοῦ
1671 1422 1720 1448 καὶ
1743 1422 1776 1456 τῇ
1796 1420 1835 1446 τοῦ

1054 1471 1127 1502 νέου.
1157 1471 1174 1506 ἡ
1205 1470 1322 1505 ἀλήθειά
1350 1479 1397 1496 σου
1422 1470 1438 1504 ὴ
1458 1470 1487 1496 ὲν
1509 1469 1548 1503 τῷ
1564 1469 1650 1504 νόμῳ.
1666 1467 1737 1502 Παρ’
1755 1468 1837 1502 ἀμφο-

1055 1517 1146 1553 τέροις
1189 1517 1242 1552 γὰρ
1276 1516 1380 1551 ἀληθὴς
1410 1513 1486 1546 οὗτος
1517 1514 1700 1550 ὁμολογεῖται.
1733 1513 1836 1547 Ὲθεμε-

1055 1563 1157 1594 λίωσας
1175 1563 1204 1589 δὲ
1219 1562 1269 1597 τὴν
1291 1561 1458 1597 Ἐκκλησίαν
1478 1562 1527 1588 καὶ
1542 1561 1700 1596 ἡδραῑωσας
1714 1559 1800 1593 αὐτὴν
1813 1559 1837 1583 ἐν

1056 1611 1089 1644 τῇ
1104 1609 1196 1635 πίστει
1209 1608 1256 1635 τοῦ
1269 1607 1438 1642 Εὑαγγελίου
1450 1617 1456 1622 ·
1471 1608 1524 1642 γῆν
1543 1608 1677 1642 πρότερον
1693 1605 1788 1637 οὖσαν,
1797 1604 1838 1630 καὶ

1057 1655 1139 1689 γήϊνα
1157 1654 1323 1689 φρονοῦσαν,
1338 1653 1385 1680 καὶ
1401 1652 1514 1688 περὶτὰ
1530 1649 1613 1687 γήϊνα
1628 1649 1839 1686 συρομένην·διὺ

1058 1702 1105 1727 καὶ
1118 1700 1252 1735 διαμένει,
1274 1700 1312 1731 ὡς
1339 1699 1465 1731 διετάξω⁹
1489 1698 1596 1725 πολλῶν
1615 1697 1665 1732 μὲν
1680 1695 1838 1731 πειρασμῶν

1056 1747 1126 1782 αὐτῇ
1150 1747 1382 1781 προσρηξάντων,
1418 1745 1527 1776 οὐδενὸς
1552 1745 1580 1771 δὲ
1595 1744 1699 1779 ταύτης
1715 1741 1839 1777 κατισχύ-

1058 1802 1166 1825 σαντος.
1182 1793 1310 1827 Διαμένει
1326 1793 1353 1819 δὲ
1366 1793 1383 1827 ἡ
1397 1792 1499 1827 ἡμέρα,
1515 1791 1653 1822 τουτέστι,
1671 1791 1704 1817 τὸ
1721 1790 1779 1825 φῶς
1794 1789 1837 1822 τῆς

1057 1839 1209 1871 εὐσεϐείας,
1225 1839 1294 1873 ὅπερ
1309 1838 1431 1864 ἀνέτειλε
1445 1857 1452 1870 ,
1475 1837 1520 1864 διὰ
1532 1836 1579 1864 τοῦ
1601 1835 1791 1871 κηρύγματος,
1805 1832 1837 1868 μὴ

1055 1885 1223 1919 τεμνόμενον
1247 1884 1264 1919 ἢ
1297 1883 1479 1919 σῦεννύμενον
1495 1884 1547 1910 ὑπὸ
1582 1883 1631 1918 τῆς
1654 1881 1838 1916 ἀντικειμένης

1055 1930 1209 1964 δυνάμεως.
1228 1929 1410 1965 Προφητικῶς
1423 1929 1451 1955 δὲ
1465 1928 1562 1955 ταῦτα.

214 1965 353 2000 Ieligionis
371 1966 475 2000 lttmen,
493 1968 565 2001 quod
580 1968 662 1996 simul
678 1978 710 1997 ac
725 1979 757 1997 ex
775 1971 916 2006 Evangelii
933 1975 1128 2008 praedicatione
1147 1981 1237 2004 ortum
1253 1981 1336 2012 atque
1367 1984 1515 2004 accensum
1542 1978 1595 2007 est,
1629 1974 1664 2001 ab
1695 1972 1835 2001 adversarii

213 2014 334 2047 potentia
351 2022 491 2048 nunquam
508 2017 645 2051 exstingui
661 2019 759 2052 potuit.
773 2018 935 2054 Propltetice
948 2027 1041 2051 autem
1060 2024 1118 2052 haec
1129 2025 1204 2052 dicta
1220 2030 1295 2052 suttt.

251 2060 332 2089 Vens.
349 2061 394 2088 92.
414 2061 477 2089 Nisi
498 2064 567 2097 quod
588 2064 629 2090 (ea:
651 2070 697 2092 tua
713 2067 850 2094 meditatio
868 2077 926 2096 mea
953 2076 1002 2104 est,

214 2111 276 2132 tunc
291 2107 359 2140 forte
375 2108 513 2141 periissem
527 2109 554 2135 in
567 2109 716 2137 humilitate
729 2119 796 2138 utea.
811 2112 881 2145 Nisi,
902 2114 1002 2149 inquit,

214 2159 247 2178 ea
262 2152 296 2179 de
311 2159 395 2180 causa
413 2153 527 2181 luissem
550 2154 695 2188 liberatus,
711 2157 774 2190 quia
793 2159 904 2186 assidue
916 2161 1005 2187 medi-

215 2203 259 2224 tor
281 2198 367 2233 legem
386 2201 473 2232 tuam,
490 2200 585 2233 procul
608 2199 692 2228 dubio
712 2203 915 2232 calamitatibus
939 2211 1004 2233 tuttc

215 2244 313 2278 majori
331 2245 358 2271 in
373 2253 416 2272 me
428 2253 490 2273 cum
506 2246 608 2280 impetu
624 2247 803 2282 irruentibus,
819 2251 963 2285 periissem
978 2253 1004 2279 in

215 2290 365 2318 afﬂictione
377 2299 448 2319 mea.

255 2335 335 2365 Vens.
354 2338 400 2365 95.
421 2339 455 2366 In
470 2341 598 2368 uetulum
613 2350 663 2368 non
677 2342 820 2370 obliviscar
832 2344 1008 2379 justi/italia-

216 2390 260 2408 πρε
281 2389 341 2410 tuas
359 2391 368 2410 :
388 2385 452 2418 quia
476 2386 504 2412 in
523 2386 587 2420 ipsis
611 2387 751 2422 vieificasti
773 2397 823 2415 me.
846 2388 898 2416 Per
921 2394 1007 2416 totum

217 2429 360 2460 steculum,
380 2429 609 2463 justtﬂcationum
636 2437 745 2460 tuarum
767 2434 928 2461 memoriam
954 2443 1008 2465 non

218 2473 343 2499 amittam
362 2484 368 2500 :
386 2476 517 2508 quoniam
540 2483 588 2509 per
605 2484 636 2503 ea
651 2482 679 2504 tu
696 2485 738 2505 me
756 2478 813 2513 jam
832 2487 902 2515 pene
918 2482 1011 2516 exspi-

219 2523 326 2544 rantem
343 2519 501 2547 viviﬁcasti.
518 2522 582 2548 Ideo
600 2526 691 2549 autem
711 2523 842 2553 liberatus
857 2533 928 2559 sum,
943 2528 1007 2562 quia

218 2563 306 2598 legent
323 2568 398 2591 tuam
418 2567 582 2594 meditabar.

256 2609 338 2638 Vnus.
358 2611 402 2638 9.5.
422 2611 492 2638 Tuus
507 2621 565 2639 sunt
580 2622 637 2648 ego,
655 2618 680 2641 et
696 2614 797 2642 salvum
819 2624 858 2643 me
876 2617 929 2651 fac,
945 2620 1008 2653 quia

215 2657 424 2691 justiﬁcaliones
441 2662 499 2684 tuas
519 2659 657 2693 exquisivi.
677 2659 816 2696 Scriptum
834 2668 876 2689 est
893 2664 965 2691 enim
980 2665 1007 2692 in

219 2704 279 2738 lege
296 2708 352 2737 tua,
370 2705 442 2738 quod
456 2705 504 2739 qui
523 2705 617 2732 fecerit
634 2715 681 2734 eas
694 2707 919 2742 jnstilirationcs,
937 2711 1009 2737 vivet

219 2750 246 2776 in
263 2750 313 2776 eis.
330 2749 466 2783 Quoniam
491 2751 574 2786 igitur
589 2759 638 2788 ego
656 2759 720 2781 tuus
730 2762 802 2787 sum,
822 2755 895 2783 salva
917 2764 960 2784 me
976 2757 1008 2784 ab

220 2795 433 2824 insidiatoribus
453 2797 534 2825 meis.
553 2797 629 2827 Tuus
649 2805 740 2827 autent
764 2808 835 2834 sum,
852 2802 936 2830 veluti
961 2803 1007 2837 qui

219 2840 430 2875 iustiﬁcationes
447 2847 510 2872 tuas
524 2845 679 2874 toto_corde
693 2846 820 2881 exquiro.

1093 2073 1179 2107 Εὶμὶι
1192 2074 1237 2100 ὅτι
1257 2075 1273 2100 ὁ
1288 2074 1380 2107 νόμος
1394 2080 1452 2100 σου
1476 2073 1587 2107 μελέτη
1605 2081 1664 2106 μου
1681 2072 1757 2102 ἐστι,
1777 2070 1837 2096 τότε

1058 2121 1097 2148 ἂν
1113 2122 1279 2156 ἀπωλόμην
1294 2121 1329 2147 ἐν
1347 2120 1385 2155 τῇ
1402 2120 1581 2147 ταπεινώσει
1595 2128 1667 2153 μου.
1680 2119 1711 2145 Εἰ
1730 2118 1764 2153 μὴ
1778 2118 1836 2143 διότι

1058 2168 1072 2193 ὀ
1089 2167 1172 2201 νόμος
1193 2176 1241 2193 σου
1264 2167 1364 2202 μελέτη
1394 2175 1444 2202 μου
1463 2167 1536 2192 ἐστὶν
1548 2166 1723 2201 ἀπηλλάγην,
1740 2165 1794 2190 τότε
1809 2163 1836 2189 ἂν

1060 2212 1197 2239 ἀπέθανον
1217 2213 1246 2239 ὲν
1261 2214 1294 2248 τῇ
1311 2212 1484 2247 κακοπαθείᾳ
1499 2221 1561 2247 μου,
1596 2212 1773 2247 σφοδρότερον
1785 2211 1836 2236 ἐπι-

1059 2259 1184 2293 θεμένων
1200 2268 1246 2293 μοι
1257 2259 1311 2286 τῶν
1327 2258 1503 2294 πειρασμῶν.

1089 2347 1142 2378 Εἰς
1155 2345 1208 2372 τὸν
1223 2345 1317 2373 αἰῶνα
1336 2347 1371 2372 οὐ
1383 2346 1426 2380 μὴ
1442 2345 1625 2379 ἐπιλάθωμαι
1644 2345 1706 2371 τῶν
1732 2345 1835 2371 δικαιω-

1055 2392 1159 2427 μάτων
1172 2399 1240 2424 σου,
1253 2392 1298 2419 ὅτι
1313 2392 1347 2419 ἐν
1362 2392 1462 2424 αὐτοῖς
1476 2390 1586 2424 ἐζησάς
1598 2399 1647 2425 με.
1659 2391 1729 2424 Dap'
1737 2391 1791 2416 ὅλον
1799 2390 1834 2415 τὴν

1059 2438 1145 2464 αἰῶνα
1160 2437 1190 2464 οὑ
1208 2437 1245 2472 μὴ
1260 2437 1435 2472 ἐπιλάθωμαι
1449 2437 1618 2464 αὑτῶν.’οτι
1635 2436 1670 2462 δι’
1684 2435 1753 2462 αὐτὰ
1765 2436 1833 2466 ἐζωο-

1061 2484 1177 2518 ποὶησάς
1192 2492 1226 2519 με
1239 2484 1472 2518 ἀποπνιγόμενον,
1485 2483 1560 2510 Διότι
1571 2483 1626 2517 γὰρ
1645 2483 1760 2517 μελέτην
1774 2479 1835 2514 ε’χεν

1062 2531 1107 2557 τὸν
1123 2530 1207 2565 νόμον
1224 2539 1283 2563 σου,
1302 2529 1475 2565 ἀπηλλάγην.

1096 2620 1154 2653 Σός
1167 2622 1225 2655 ειμι
1239 2621 1306 2655 ἐγὼ,
1316 2619 1422 2647 σῶσόν
1429 2629 1477 2655 με,
1494 2620 1538 2647 ὅτι
1550 2620 1586 2647 τὰ
1595 2620 1773 2654 δικαιώματά
1785 2628 1832 2646 σου

1061 2666 1239 2700 ἐξεζήτησα.
1269 2666 1428 2700 Γέγραπται
1454 2666 1509 2702 γὰρ
1542 2667 1571 2692 ὲν
1595 2665 1634 2698 τῷ
1658 2667 1743 2700 νόμῳ,
1770 2665 1833 2692 ὁτι-ό

1062 2714 1182 2748 ποιήσας
1193 2712 1273 2743 αὐτὰ,
1286 2712 1399 2746 ζήσεται
1416 2713 1444 2738 ὲν
1455 2712 1548 2743 αὐτοῖς
1559 2719 1566 2727 ·
1581 2712 1645 2738 ἐπεὶ
1657 2709 1705 2738 οὖν
1721 2712 1764 2743 σός
1774 2712 1831 2745 εἰμι,

1063 2759 1150 2786 σῶσόν
1162 2767 1196 2794 με
1207 2759 1261 2786 ἀπὸ
1274 2759 1328 2784 τῶν
1340 2758 1572 2786 ἐπιϐουλευόντων
1584 2759 1701 2794 μοι-,σὸς
1715 2760 1766 2795 γὰρ
1777 2758 1830 2794 ἐγὼ,

1062 2806 1100 2837 ὡς
1115 2805 1150 2833 τὰ
1165 2806 1199 2832 σὰ
1216 2803 1391 2840 δικαιώματα
1406 2804 1539 2841 ἐκζητῶν.
