1886 3070
111 214 173 246 1933

672 217 863 250 COMMENT.
876 217 917 248 ΙΝ
939 219 1122 250 PSALMOS.

1666 220 1733 252 1235

144 274 241 301 Πάντα
261 273 318 301 ἴσα
344 274 498 308 ἠθέλησεν
513 275 659 308 ἐποίησεν
678 276 712 303 ἐν
725 276 766 309 τῷ
779 278 886 311 cuipam}

983 280 1065 308 Vens.
1087 280 1113 307 6.
1137 278 1235 306 Omnia
1250 287 1410 314 quacunque
1426 281 1518 313 voluil,
1533 281 1592 316 fecit
1618 282 1645 308 in
1668 281 1732 308 ιωιο

111 320 156 346 καὶ
171 319 204 346 ἐν
221 319 257 353 τῇ
277 318 326 354 τῇ.
344 317 413 346 Eine
431 317 511 347 τοῦτο
538 321 586 347 καὶ
598 322 627 347 ὲν
643 321 681 356 τῷ
696 321 748 357 ριγ¹
768 322 869 358 ψαλμῷ
884 330 890 337 ·

117 366 144 391 '0
169 365 202 391 δὲ
223 365 294 398 Θεὸς
319 364 404 400 ἡμῶν
425 366 460 392 ἐν
494 365 534 399 τῷ
546 366 663 401 οὐρανῷ
687 368 737 394 καὶ
758 368 792 394 ἐν
803 367 840 402 τῇ
855 367 893 403 τῇ

111 410 201 437 πάντα
214 411 273 438 ὅσα
289 411 443 445 ἠθέλησεν
456 411 611 445 ἐποίησεν.

148 456 196 482 Ἐν
207 456 272 489 ταῖς
286 457 461 490 θαλάσσαις
482 458 531 485 καὶ
546 458 581 485 ἐν
597 458 710 492 πάσαις
724 460 789 492 ταῖς
801 460 894 487 ἀϐύσ-

110 509 182 534 ί-οις.
200 502 344 534 Θαλάσσας
360 503 410 538 μὲν
424 503 498 537 λέγει
519 504 583 536 τοὺς
596 504 741 540 διαφόρους
757 505 873 537 κόλπους
885 514 891 521 '

109 547 141 572 τὰ
162 548 323 582 συστήματα
346 549 399 584 γὰρ
413 549 468 576 τῶν
484 550 589 577 ὑδάτων
608 551 721 577 ἐκάλεσε
743 551 892 584 θαλάσσας,

109 591 239 624 ἀϐύσσους
252 593 296 625 δὲ,
308 594 342 621 τὰ
355 594 485 622 ὑποκάτω
499 595 548 630 τῆς
561 596 622 630 γῆς,
633 598 666 623 τὰ
682 596 892 632 ἁνεξερεύνητα,

109 636 135 662 ἐν
162 634 201 668 οἷς
227 639 293 664 πᾶσι
322 640 411 666 πάντα
431 641 481 667 ὅσα
512 641 644 675 ἠθέλησεν
660 642 788 678 ἐποίησεν
804 651 811 658 ·
833 641 893 669 εῐτα

109 681 184 715 ὑμνεί
197 682 244 708 τοῦ
267 683 337 710 Θεοῦ
358 684 426 718 ἔργα
440 685 500 712 τινὰ
515 685 732 722 ἀξιοθαύμαστα,
747 688 892 723 παραδρα-

110 725 164 759 μὼν
177 728 210 754 τὰ
226 728 348 762 μείζονα,
379 730 424 756 ἵνα
453 731 500 758 καὶ
515 732 569 759 ἀπὸ
583 733 637 758 τῶν
652 733 802 759 ἐλαττόνων
817 733 844 759 δε
851 733 893 770 ten

106 773 135 798 τὸ
149 774 291 806 μεγαλεῖον
304 775 350 801 καὶ
368 775 535 811 ἀξιύμνητον
549 778 644 805 αὑτοῦ.

144 819 271 854 Ἀνώγων
284 821 416 855 νεφέλας
436 822 471 854 ἐξ
490 823 629 858 ἐσχάτων
645 825 701 858 τῆς
724 825 792 860 τῆς.
819 826 849 852 Ὀ
864 825 893 858 ἐξ

106 862 186 890 αὑτοῦ
197 864 244 891 τοῦ
257 866 415 893 κατωτάτου
434 867 534 902 βάθους
549 871 599 904 τῆς
615 870 667 905 γῆς
683 870 793 905 ἀνάγων
813 871 894 905 νεφέ-

108 907 163 941 λας·
177 911 225 937 καὶ
239 912 366 940 τοσοῦτον
380 913 467 945 αὐτὰς
481 916 657 952 μετεωρίζων
667 917 780 952 βαρείας
797 917 890 951 οὔσας,

106 955 151 981 καὶ
163 956 193 982 τδ
204 958 366 993 κατωφερὲς
383 958 466 995 ὑγρὸν
484 960 541 988 ἄνω
556 962 691 998 φέρεσθαι
707 963 802 990 ποιῶν.

143 1049 307 1084 Ἀστραπὰς
314 1052 358 1084 εἰς
365 1052 453 1080 ὑετὸν
465 1053 621 1088 ἐποίησεν.
664 1056 710 1088 Εἰς
737 1057 832 1093 καιρὸν
847 1058 892 1085 ὑε-

104 1095 148 1121 τοῦ
162 1105 168 1110 ·
184 1097 200 1131 ἢ
215 1097 244 1123 ἐν
256 1096 294 1132 τῷ
307 1097 387 1133 ὗετῷ,
401 1099 448 1125 καὶ
461 1100 496 1126 δι’
524 1101 652 1136 ἀλλήλων
668 1102 792 1136 ἀϐλαϐῶς
810 1105 892 1139 φέρε-

104 1140 164 1167 σθαι
175 1142 210 1168 τὰ
225 1142 363 1178 φθαρτικὰ
388 1145 511 1179 ἀλλήλων
532 1148 749 1181 παρεσκεύασεν,
763 1148 802 1180 ὡς
822 1151 891 1185 μήτε

103 1186 149 1221 τὴν
182 1189 327 1225 ἀστραπὴν
350 1191 567 1227 πυρωδεστάτην
580 1192 663 1219 οὖσαν
688 1194 845 1222 ἀναλίσκειν
863 1196 892 1222 τὸ

103 1233 189 1260 ὐέτιον
222 1234 304 1270 ὕδωρ,
336 1235 400 1270 μήτ’
419 1235 452 1263 ἃν
479 1236 558 1264 τοῦτο
583 1238 712 1273 ῥαγδαῖον
741 1241 892 1276 φερόμενον

105 1279 243 1306 σὸεννύειν
255 1280 375 1314 ἐκείνην.

141 1372 172 1399 '0
186 1373 303 1408 ἐξάγων
327 1374 458 1409 ἀνέμους
474 1376 508 1403 ἐκ
532 1377 694 1411 θησαυρῶν
720 1378 824 1407 αὑτοῦ.
838 1378 892 1414 Θη-

102 1418 217 1452 σαυροὺς
228 1418 312 1445 αὐτοῦ
319 1419 366 1446 νῦν
373 1419 447 1455 λέγει
456 1420 518 1452 τοὺς
527 1422 705 1457 ἀποκρύφους
712 1423 821 1456 τόπους,
830 1424 891 1451 ὅθεν

102 1462 269 1498 ἑξέρχονταν
284 1466 476 1500 κεκρυμμένος
490 1466 544 1502 γὰρ
554 1468 568 1494 ὁ
583 1467 733 1503 θησαυρὸς,
750 1469 780 1496 τὸ
799 1470 890 1504 ἄγνω-

102 1515 162 1534 στον
197 1509 248 1544 τῆς
277 1511 410 1544 γενέσεως
444 1513 534 1539 αὐτῶν
551 1521 557 1529 ι
577 1514 592 1549 ἥ
608 1513 715 1548 ἐξάγων
728 1515 846 1550 ἀνέμους
859 1517 890 1543 ὲκ

101 1552 247 1590 θησαυρῶν
263 1556 357 1590 αὑτοῦ,
369 1558 405 1589 ὼς
422 1558 549 1585 ιντεῦθεν
572 1559 719 1594 δηλοῦσθαι
733 1560 764 1587 τὸ
778 1561 889 1597 εὐχερὲς

101 1599 149 1652 ’ἰῆς
160 1601 306 1652 ἐξαγωγῆς
330 1603 429 1636 αὐτῶν,
452 1605 498 1632 καὶ
516 1606 672 1642 πρόχειρον,
686 1607 730 1634 ὅτε
749 1607 886 1642 βούλεται·
903 1623 923 1652 c

101 1647 259 1680 θαυμαστὸν
274 1650 329 1684 γὰρ
343 1650 374 1676 τὸ
391 1650 438 1677 νῦν
462 1651 512 1686 μὲν
524 1651 622 1678 τοῦτον
644 1652 777 1688 εὐχερῶς,
796 1652 844 1679 νῦν
861 1653 889 1680 δὲ

101 1693 204 1720 ἐκεῖνον
221 1695 403 1730 ἐπιπέμπειν.
417 1697 512 1724 ἄλλοτε
526 1698 555 1724 δὲ
569 1698 664 1726 τοῦτον
676 1700 803 1726 κάκεῖνον
819 1699 888 1735 ἅμα.

103 1738 178 1766 Ἐστι
190 1740 212 1766 δ’
225 1741 270 1767 ὅτε
285 1741 333 1768 καὶ
359 1743 484 1775 πλείονας
514 1744 544 1770 ἐν
567 1745 669 1779 ταύτῷ.
694 1746 741 1772 καὶ
758 1746 889 1778 πολλάκις

99 1784 205 1812 οὐδένα·
218 1789 267 1813 καὶ
294 1784 478 1816 πάντεΓκατὰ
490 1790 598 1825 χρείαν,
621 1791 667 1817 καὶ
682 1791 758 1818 οὐδὲν
773 1792 889 1826 ἀλόγως,

99 1831 228 1867 καθάπερ
244 1834 272 1859 ὲν
297 1833 445 1870 θησαυροῖς
460 1845 515 1862 rm
539 1837 828 1872 κατακεκλεισμένων,
843 1840 890 1864 καὶ

99 1877 218 1913 ὁπηνίκα
243 1879 377 1915 βούλεται,
399 1882 447 1908 καὶ
463 1883 563 1918 ῥᾳδίως
577 1883 766 1919 ἐξαγομένων.

947 331 971 353 et
985 327 1012 353 in
1032 330 1112 353 terra.
1127 325 1227 352 Eadem
1245 324 1328 352 verba
1346 324 1481 352 habentur
1495 325 1521 352 in
1538 326 1642 360 psalmo
1654 334 1732 356 cstu.

945 373 1000 400 ibi.
1021 372 1092 399 Deus
1110 376 1199 398 autem
1219 376 1308 398 noster
1333 371 1359 396 in
1374 371 1436 398 cwlo
1460 376 1485 398 et
1513 372 1540 398 in
1559 376 1629 400 terra
1643 373 1732 400 omnia

946 426 1106 453 quaecunque
1117 417 1197 444 voluit
1208 417 1279 452 fecit.

981 463 1012 491 In
1030 464 1149 491 maribus
1177 468 1203 491 et
1221 463 1341 491 omnibus
1368 465 1482 499 abyssis.
1509 464 1594 492 Maria
1619 464 1729 498 quidem

945 510 1035 538 varios
1047 510 1131 538 maris
1142 509 1220 537 sinus
1229 510 1365 545 appellat:
1383 510 1615 545 Congregationes,
1632 511 1729 544 inquit,

944 564 1074 591 aquarum
1090 555 1231 590 appellavit
1255 556 1343 582 maria
1367 555 1400 582 ⁸³.
1416 556 1540 590 Ahyssos
1556 560 1646 583 autem
1663 555 1731 582 sub-

944 606 1070 629 terranea
1090 601 1161 632 loca,
1175 608 1236 636 quae
1249 600 1499 635 imperscrutabilia
1514 607 1599 628 sum:
1624 600 1651 627 in
1667 600 1730 635 qui-

946 648 997 675 hus
1017 651 1109 674 tamen
1128 646 1194 674 fecit
1212 646 1305 674 omnia
1319 646 1403 678 Deus.
1421 653 1484 681 qua:
1500 646 1599 673 voluit.
1628 645 1732 673 Deinde

945 695 1052 730 privata
1071 694 1195 729 quadam
1212 693 1260 720 Dei
1276 700 1358 728 opera
1374 692 1561 720 admiratione
1571 693 1654 728 digna
1670 692 1731 719 latt-

944 740 1000 770 dat.
1013 740 1115 774 majora
1129 739 1298 774 prmteriens,
1314 737 1554 769 utexminoribus,
1567 737 1733 772 magnitudi-

945 794 1005 814 nem
1015 786 1075 821 ejus
1083 785 1198 813 summis
1214 792 1276 812 esse
1286 784 1412 812 laudibus
1432 783 1540 818 dignam
1563 784 1730 811 ostenderet.

981 831 1064 860 Vens.
1084 832 1112 858 'l.
1133 830 1255 858 Educens
1277 830 1357 857 nubes
1382 830 1415 856 ab
1431 835 1549 857 extremo
1568 833 1656 856 terrae.
1678 829 1729 862 Qui

944 884 977 904 ex
993 876 1050 910 ipsa
1071 875 1195 903 inferiori
1212 879 1292 902 terrm
1307 874 1492 909 profunditate
1516 874 1604 902 nubes
1626 874 1729 903 educit.

944 928 1047 956 easque
1065 920 1175 948 tametsi
1196 927 1293 956 graves
1310 919 1377 952 sint,
1402 919 1428 946 in
1458 918 1543 946 altum
1567 918 1686 949 extollit.
1703 924 1729 945 et

944 967 1052 993 illarum
1070 966 1226 997 humorem,
1242 966 1289 1000 qui
1308 969 1407 992 natura
1423 972 1472 993 sua
1485 964 1612 992 deorsum
1630 964 1728 995 fertur.

944 1013 971 1040 in
988 1012 1105 1039 sublime
1119 1011 1221 1039 elevari
1240 1011 1317 1038 facit.

979 1056 1099 1092 Fulgura
1116 1058 1142 1084 in
1157 1057 1274 1091 pluviam
1288 1057 1361 1090 fecit.
1377 1057 1404 1084 in
1422 1061 1531 1092 tempus
1545 1057 1652 1089 scilicet
1667 1057 1728 1092 plu—

944 1103 1003 1135 viae,
1016 1104 1057 1130 vel
1073 1103 1099 1129 in
1117 1102 1217 1138 pluvia.
1238 1102 1387 1137 Etiecitque
1404 1107 1433 1130 ut
1447 1110 1507 1138 qua:
1523 1107 1619 1137 suapte
1635 1107 1729 1130 natuta

942 1154 1040 1176 mutuo
1053 1157 1114 1177 sese
1133 1148 1263 1184 perdunt,
1279 1156 1345 1180 una,
1366 1156 1397 1175 ac
1412 1149 1517 1183 pariter
1530 1149 1592 1176 sine
1615 1148 1729 1175 alterius

943 1194 1054 1222 laesione
1071 1194 1218 1228 conjuncta
1232 1193 1401 1225 deferantur,
1421 1193 1458 1220 ila
1476 1198 1506 1220 ut
1521 1201 1609 1227 neque
1627 1192 1728 1227 fulgur,

942 1239 1014 1274 quod
1031 1244 1128 1266 natura
1152 1239 1269 1273 ignitum
1285 1242 1339 1269 cst,
1369 1238 1517 1273 pluvialem
1542 1245 1642 1273 aquam
1662 1245 1728 1274 cqu-

943 1290 1044 1317 sumat,
1065 1293 1151 1320 neque
1168 1293 1238 1320 aqua
1257 1293 1367 1312 rursum
1382 1291 1479 1320 magna
1496 1285 1520 1311 vi
1535 1284 1624 1312 delata
1639 1283 1731 1318 fulgur

942 1333 1106 1368 exstinguat.

980 1379 1032 1411 Qui
1047 1379 1134 1406 educit
1153 1384 1240 1405 ventos
1254 1377 1286 1404 de
1302 1378 1432 1404 thesauris
1449 1377 1517 1404 suis.
1543 1376 1594 1403 Per
1620 1375 1732 1403 thesau-

943 1433 988 1452 ros
1007 1424 1064 1457 Dei,
1083 1425 1134 1450 hoc
1150 1424 1177 1450 iu
1192 1423 1251 1450 loco
1269 1422 1403 1457 PrOplteta
1420 1422 1527 1450 occulta
1543 1421 1588 1448 illa
1606 1421 1666 1449 loca
1685 1421 1730 1448 in-

942 1471 1049 1505 telligit.
1071 1469 1142 1496 unde
1159 1473 1260 1496 exeunt
1287 1469 1372 1495 venti.
1403 1467 1537 1495 Occultos
1565 1467 1638 1494 enim
1669 1474 1732 1494 esse

942 1516 1044 1544 dicitur
1071 1515 1238 1543 thesaurus:
1255 1523 1287 1542 eo
1312 1514 1384 1549 quod
1403 1519 1430 1542 et
1446 1514 1586 1550 generatio
1609 1517 1636 1541 et
1652 1513 1730 1541 iOCIIS

942 1562 1002 1597 ejus
1019 1562 1171 1596 ignoratur.
1190 1560 1325 1588 Thesauri
1355 1561 1466 1587 nomine
1497 1564 1642 1594 praeterea,
1673 1566 1729 1586 non

943 1613 1047 1635 tantum
1063 1607 1185 1643 pecuniae
1198 1607 1358 1634 autocculta
1371 1607 1423 1634 alia
1438 1607 1508 1634 bona
1521 1605 1726 1640 intelliguntur.

943 1654 992 1682 sed
1007 1659 1033 1681 et
1046 1653 1104 1688 ipsa
1117 1653 1200 1680 etiam
1213 1653 1283 1684 loca,
1300 1653 1344 1679 ubi
1361 1653 1482 1680 thesauri
1499 1651 1612 1679 recondi
1628 1651 1728 1680 solent.

944 1701 994 1728 Vel
1010 1700 1056 1735 qui
1073 1699 1165 1727 educit
1177 1705 1272 1726 ventos
1286 1703 1418 1734 tanquam
1433 1707 1447 1726 e
1460 1698 1599 1726 thesauris
1613 1697 1682 1727 suis.
1701 1702 1730 1724 ut

944 1745 1163 1781 subintelligatur
1176 1745 1262 1772 dictio
1277 1745 1334 1776 illa,
1348 1744 1498 1779 Tanquam,
1508 1744 1560 1776 vel,
1574 1744 1652 1779 quasi
1666 1751 1672 1758 '
1694 1744 1730 1770 ita

946 1799 975 1821 ut
995 1801 1029 1821 ex
1047 1793 1091 1820 his
1112 1792 1203 1819 verbis
1219 1791 1350 1819 educendi
1378 1791 1498 1819 facilitas
1522 1790 1678 1822 denotetur,
1706 1795 1732 1816 et

945 1838 1018 1872 quod
1033 1845 1081 1865 eos
1099 1836 1169 1864 Dens
1185 1844 1292 1872 semper
1307 1837 1335 1863 in
1353 1840 1480 1871 promptu
1498 1835 1591 1868 habet,
1605 1843 1666 1863 cum
1684 1842 1732 1861 vo-

944 1882 1036 1910 luerit.
1051 1882 1119 1909 lllud
1139 1886 1229 1909 autem
1246 1889 1329 1916 quam
1345 1881 1464 1908 maxime
1475 1880 1666 1907 admirandum
1678 1884 1731 1911 est,

99 1923 173 1956 quod
191 1925 273 1952 modo
293 1926 378 1960 hunc,
395 1928 476 1955 modo
493 1928 570 1955 illum
590 1928 662 1957 Deus
681 1933 795 1957 ventum
826 1929 947 1960 emittat,
982 1932 1009 1956 et
1034 1927 1182 1962 aliquando
1207 1934 1260 1954 una
1298 1929 1461 1960 utrumque;
1494 1933 1614 1960 persaepe
1648 1926 1729 1952 etiam

103 1970 196 2000 plures
211 1979 267 1998 uno
283 1978 364 2007 atque
378 1973 474 2001 eodem
498 1979 621 2010 tempore
636 1985 644 2008 ;
666 1983 788 2011 persaepe
805 1976 888 2003 etiam
905 1975 1011 2002 nullum
1028 1981 1160 2009 prorsus;
1177 1977 1259 2007 atque
1288 1974 1344 2000 Ita-c
1370 1973 1464 2000 omnia
1491 1980 1523 2000 ex
1549 1972 1676 2004 utilitate,
1704 1971 1731 2000 οι

101 2017 170 2045 nihil
189 2019 250 2046 sine
275 2020 392 2054 ratione,
421 2021 477 2049 illis
503 2022 609 2051 scilicet
632 2022 737 2051 interea
763 2023 891 2056 lnclusis,
904 2023 991 2051 veluti
1012 2023 1040 2050 in
1056 2021 1221 2057 quibusdam
1247 2020 1405 2048 thesauris:
1435 2024 1518 2055 atque
1550 2020 1625 2048 illinc
1662 2028 1731 2055 quo-

100 2064 151 2090 ties
168 2063 224 2091 Deo
250 2065 370 2098 libuerit,
388 2067 506 2094 maxima
522 2075 586 2095 cum
603 2068 736 2096 facilitate
751 2069 868 2097 eductis.

135 2113 191 2144 ὀς
205 2112 336 2146 ἐπάταξε
352 2114 388 2141 τὰ
410 2116 581 2149 πρωτότοκα
598 2117 749 2151 Αἰγύπτου
764 2118 823 2145 ἀπὸ
837 2117 892 2145 ἀν-

97 2158 218 2189 θρώπου
243 2158 299 2191 ἕως
331 2159 473 2194 κτήνους.
485 2161 600 2197 Εἴρηται
617 2163 646 2189 ἐν
663 2162 701 2198 τῷ
715 2162 754 2194 οζ⁹
768 2163 870 2198 ψαλμῷ
883 2170 889 2177 ·

97 2204 148 2229 καὶ
177 2204 298 2239 ζήτησον
325 2205 383 2232 ἐκεῖ
406 2206 455 2240 τὴν
471 2206 603 2242 ἐξήγησιν
629 2208 686 2240 τοῦ,
713 2209 892 2243 Ὧδοποίησε

97 2251 203 2283 τρίϐον
217 2250 252 2285 τῇ
265 2251 339 2286 ὀργῇ
349 2252 453 2281 αὑτοῦ.
466 2253 540 2285 Ἕως
551 2253 578 2280 δὲ
595 2255 720 2290 κτήνους,
739 2256 780 2287 εἰς
792 2256 891 2282 ἐπίτα-

97 2306 141 2323 σιν
160 2298 213 2332 τῆς
229 2300 384 2334 συμψορᾶς.

138 2343 354 2374 Ἐξιιπέστειλε
366 2345 476 2379 σημεῖα
490 2346 538 2372 καὶ
552 2347 660 2381 τέρατα
672 2349 707 2374 ἐν
724 2349 808 2383 μέσῳ
819 2356 889 2382 σου,

91 2388 238 2424 Αἴγυπτε,
265 2389 298 2416 ἐν
324 2391 429 2423 Φαραὼ
452 2391 501 2418 καὶ
518 2392 554 2418 ἐν
577 2392 653 2419 πᾶσι
675 2393 737 2426 τοῖς
770 2393 891 2427 δούλοις

94 2434 205 2461 αὐτοῦ.
223 2435 336 2470 Εἴρηται
350 2437 525 2471 περὶτούτων
545 2439 621 2464 ἐκεῖ·
642 2439 784 2471 Ὂςέθετο
793 2440 883 2467 ἐνΑἰ-

94 2482 204 2514 γύπτῳ
217 2482 253 2508 τὰ
268 2483 372 2516 aeneia
387 2484 493 2517 αὐτοῦ,
513 2486 561 2513 καὶ
577 2485 612 2512 τὰ
629 2486 736 2520 τέρατα
752 2487 846 2514 αὑτοῦ
856 2487 891 2514 ἐν

93 2527 193 2559 πεδΙῳ
208 2529 318 2562 Τάνεως
329 2539 336 2546 ’
348 2532 538 2566 μνημονεύσας
551 2532 578 2559 δὲ
590 2533 638 2567 τῆς
653 2532 806 2569 βαρυτέρας
819 2535 889 2570 πλη-

93 2573 160 2607 γῆς,
183 2571 244 2600 εἶτα
258 2574 408 2611 συλλήϐδην
427 2576 498 2608 εἶπε,
515 2579 614 2612 σημεῖα
628 2579 674 2605 καὶ
687 2579 798 2613 τέρατα.

134 2621 192 2653 ’ος
203 2620 353 2653 ἐπάταξεν
362 2623 434 2656 ἔθνη
446 2623 556 2650 πολλά.
569 2624 631 2650 Εἴτε
639 2624 672 2651 τὰ
683 2625 889 2660 ἀποτειχίζοντα

92 2665 152 2696 τοῖς
169 2665 312 2698 Ἰουδαίοις
326 2667 375 2702 τὴν
391 2668 508 2703 πάροδον
518 2689 525 2702 ,
543 2669 599 2695 εἴτε
612 2669 647 2697 τὰ
657 2670 686 2697 ἐν
701 2670 867 2708 Παλαιστίνῃ
879 2681 885 2687 ε

93 2709 243 2745 ὲπιτόμως
258 2711 286 2739 δὲ
301 2712 392 2740 πάντα
406 2713 491 2748 λέγει,
508 2715 554 2741 καὶ
569 2715 641 2742 κατὰ
658 2716 850 2752 παραδρομὴν.

131 2803 191 2830 Καὶ
209 2803 364 2832 ἀπέκτεινε
379 2805 521 2840 βασιλεῖς
541 2808 709 2841 κραταιούς.
728 2808 797 2841 Τοὺς
827 2809 891 2844 ἡγε-

95 2848 188 2882 μόνας
207 2849 306 2877 αὐτῶν.

137 2938 164 2955 ⁵³
179 2937 248 2967 Gen.
269 2947 288 2972 ι,
304 2939 347 2967 lt).

982 2115 1064 2143 Vens,
1086 2114 1113 2142 8.
1136 2114 1188 2147 Qui
1220 2113 1353 2147 percussit
1371 2113 1547 2147 primogenita
1573 2113 1684 2148 Egypti
1698 2115 1730 2140 alt

943 2161 1048 2188 homine
1061 2167 1143 2194 usque
1157 2159 1191 2186 ad
1208 2167 1298 2193 pecus.
1318 2158 1355 2186 De
1369 2158 1421 2186 hoc
1439 2158 1559 2185 diximus
1577 2158 1604 2184 in
1623 2159 1730 2193 psaltro

942 2215 1048 2236 Lxxvtt.
1069 2206 1138 2233 Vide
1154 2205 1202 2236 ibi,
1221 2205 1248 2231 itt
1269 2204 1428 2232 versiculo:
1452 2204 1522 2232 Fecit
1536 2204 1660 2231 semitam
1682 2205 1730 2231 ἱνα

942 2261 1009 2281 sua.
1029 2267 1063 2273 --
1086 2250 1171 2286 Usque
1188 2251 1222 2277 ad
1236 2257 1314 2285 pecus
1327 2257 1392 2278 vero
1406 2249 1485 2282 dixit,
1500 2254 1529 2276 ιιι
1546 2250 1728 2277 calamitatem

906 2320 928 2347 υ
943 2304 1064 2334 augeret.

979 2344 1064 2371 Vsus.
1085 2343 1113 2372 9.
1136 2343 1232 2370 Emisit
1246 2345 1322 2378 signa
1340 2348 1365 2370 et
1383 2343 1504 2378 prodigia
1529 2343 1556 2370 in
1573 2343 1657 2370 medio
1680 2344 1729 2375 tui,

944 2391 1064 2426 Egypte.
1093 2390 1119 2416 in
1146 2389 1322 2422 Pharaonem,
1344 2395 1368 2416 et
1391 2390 1419 2416 in
1444 2397 1533 2416 omnes
1559 2397 1646 2416 servos
1661 2390 1728 2424 ejus.

944 2437 1044 2465 Ibidem
1055 2436 1136 2462 etiam
1153 2435 1255 2462 dictum
1273 2440 1326 2465 est.
1353 2435 1427 2470 qttod
1450 2435 1538 2470 posuit
1563 2435 1589 2462 in
1614 2434 1730 2471 Egypto

943 2484 1029 2519 signa,
1049 2486 1073 2509 et
1083 2481 1206 2517 prodigia
1228 2491 1277 2509 sua
1303 2483 1331 2509 in
1350 2490 1441 2516 campo
1467 2481 1568 2509 Tantos
1585 2489 1594 2508 :
1614 2488 1730 2516 cumque

941 2529 1110 2567 gravissimae
1137 2529 1259 2558 omnium
1289 2529 1375 2564 plagae
1399 2527 1566 2559 meminerit,
1592 2527 1728 2555 collectim

943 2577 1117 2612 postmodum
1134 2577 1212 2610 signa
1224 2575 1302 2607 dixit,
1313 2578 1339 2601 et
1355 2574 1489 2608 prodigia.

979 2623 1062 2651 Vens.
1081 2623 1125 2651 l0.
1147 2622 1199 2656 Qui
1219 2621 1348 2655 percussit
1366 2624 1454 2654 gentes
1470 2619 1579 2646 multas.
1601 2619 1663 2646 Sive
1681 2625 1729 2647 eas

943 2678 1004 2704 quae
1022 2669 1171 2697 transitum
1196 2666 1298 2695 Judaei:
1329 2665 1525 2701 prohibebant,
1562 2673 1610 2693 seu
1635 2669 1728 2699 gentes

943 2723 1002 2751 qua:
1015 2715 1042 2743 in
1058 2714 1205 2742 Palaestina
1222 2717 1312 2741 erant.
1329 2712 1357 2740 In
1374 2711 1537 2748 compendio
1551 2711 1653 2738 etenim
1668 2717 1728 2737 om-

942 2762 986 2789 nia
1002 2765 1095 2789 narrat
1115 2766 1141 2788 et
1156 2760 1272 2787 cursim.

982 2806 1017 2834 Et
1036 2806 1131 2834 occidit
1149 2813 1220 2841 reges
1241 2805 1334 2840 fortes.
1352 2803 1465 2831 Illarum
1481 2803 1586 2831 scilicet
1607 2800 1728 2838 gentium

945 2853 1040 2881 duces.
