1886 3070
162 98 230 131 1255

789 97 980 127 EUTllYMll
999 96 1177 126 ZlGABENI

1729 90 1794 122 Ηὓῦ

156 155 312 188 concedet,
330 159 412 190 atque
437 155 492 182 illic
518 155 600 183 etiam
623 163 667 182 mc
690 155 838 187 detinebit,
855 156 892 182 ita
921 160 950 182 ut

1036 155 1138 188 ὑεσοαι,
1158 156 1203 181 καὶ
1218 154 1327 187 καθέξει
1341 151 1418 184 αὖθις
1431 153 1458 179 ὲν
1477 151 1602 186 ἀφύκτῳ,
1623 150 1685 177 κατ’
1697 150 1793 184 Ξρθρην

161 203 237 229 illinc
251 201 368 229 evadere
388 208 441 227 non
456 201 574 229 valeam.
605 200 656 228 Per
670 201 818 228 diluculum
833 206 922 229 autem
937 222 943 233 ,

159 245 226 272 illud
250 249 358 279 tempus
382 245 512 280 intelligit
525 266 533 278 ,
551 253 606 280 quo
624 246 796 280 potissimum
824 247 944 273 humana

160 298 238 318 urens
253 290 345 317 sobria
360 297 422 318 esse
439 291 519 318 solet.
533 291 676 326 Superllua
691 296 732 319 est
748 291 828 319 etiam
848 291 942 325 dictio,

159 337 248 363 Enim.
273 336 390 369 Quidam
416 341 548 371 praeterea
562 345 610 372 per
629 337 790 371 diluculum,
808 337 942 365 orientem

157 381 372 414 intellexerunt;
391 389 521 408 occasum
535 389 611 414 vero,
631 389 678 416 per
700 386 821 410 extrema
843 382 926 409 maris
939 401 946 415 ,

158 434 187 454 ut
200 429 235 454 sit
255 436 357 456 sensus
381 437 387 455 ε
418 428 446 456 Si
464 428 606 456 intellectu
625 436 697 461 meo,
719 428 800 456 veluti
816 429 866 456 alis
888 429 949 463 qui-

157 475 271 501 husdam
307 475 449 508 munitus,
474 475 501 502 in
528 475 633 502 oriente
656 475 779 502 elevatus
804 474 894 507 fuero,
920 479 949 502 et

156 527 308 554 pervenero
325 529 414 555 usque
442 521 470 548 in
501 521 693 553 occidentem,
720 521 839 555 potentia
858 526 948 547 tamen

156 573 203 593 tua
221 567 265 593 illa
282 568 356 598 erit,
368 575 429 602 qute
443 572 469 594 et
482 567 507 593 in
524 567 630 594 oriente
645 566 698 593 dux
714 566 780 598 mihi
794 567 846 594 erit
861 585 868 599 ,
886 566 950 593 dum

157 616 222 643 illuc
236 624 394 650 pervenero.

193 661 276 690 Vens.
294 663 337 690 ll.
355 662 387 689 Et
404 663 474 695 dimi,
487 661 621 697 Numquid
634 661 744 689 tenebrw
758 662 948 689 conculcabunt

158 707 221 734 me.’
246 711 269 734 et
294 715 345 734 nox
374 707 533 734 illuminatio
561 708 586 733 iu
601 706 702 734 deliciis
728 707 801 734 meis.
826 706 950 742 Cogitavi

159 753 228 780 intra
248 761 309 785 me,
338 753 469 787 numquid
497 753 519 780 si
548 753 675 779 tenebras
695 752 836 786 ingressus
860 752 947 785 fuero,

159 798 244 825 latere
260 803 356 832 potero
374 799 409 825 ita
435 802 465 825 ut
491 798 525 824 ab
541 797 596 834 illis
619 797 774 824 abscondar
789 797 800 823 ?
827 797 863 824 ita
875 799 948 824 enim

158 845 311 879 signiﬁcare
329 844 461 871 voluntea
477 843 558 870 verba
578 851 584 870 :
603 842 738 878 Numquid
756 843 868 870 Μηρὸν-ω
887 851 950 869 con-

159 890 300 917 culcabunt
314 891 376 918 me?
390 890 463 924 quod
489 890 674 924 metaphorice
688 889 790 916 dictum
809 894 859 916 est.
880 888 947 916 Nam

158 936 175 962 ii
188 936 234 971 qui
251 937 339 963 solum
353 936 468 970 pedibus
480 935 644 962 conculcant
659 955 666 968 ,
682 935 810 970 obtegere
824 934 889 961 illud
907 938 949 961 at-

157 990 212 1017 que
245 981 416 1009 abscondere
455 980 657 1016 quodauuuodo
693 982 774 1008 etiam
812 981 949 1007 videntur.

158 1027 261 1055 Deinde
277 1028 398 1054 intellexi
412 1028 484 1062 quod
501 1027 558 1062 ipsa
574 1027 655 1054 etiam
677 1034 731 1053 nox
748 1027 774 1052 in
791 1026 845 1053 Deo
859 1027 947 1053 lucida

157 1077 219 1106 est,
249 1074 323 1099 hunc
351 1073 452 1099 etenim
485 1073 567 1099 Deum
595 1071 729 1106 Propheta
750 1071 862 1099 delicias
885 1079 950 1099 suas

157 1118 319 1152 appellavit,
335 1117 412 1151 cujus
425 1116 466 1144 vel
481 1116 567 1144 solam
583 1117 744 1143 memoriam
761 1116 949 1144 oblectamen-

999 201 1026 226 δὲ
1055 200 1128 233 εἷπε,
1157 200 1244 235 δηλῶν
1270 199 1316 226 τὸν
1343 198 1439 233 καιρὸν
1454 199 1499 224 ὅτε
1513 197 1634 231 μάλιστα
1651 195 1792 230 νηφαλέος

999 247 1073 272 ἐστὶν
1092 247 1106 272 ὁ
1119 245 1191 277 νοῦς.
1219 245 1350 280 Περιττὸν
1369 245 1397 270 δὲ
1420 243 1451 270 τδ
1467 243 1532 280 τάρτ
1552 243 1633 274 Τινὲς
1649 242 1678 268 δὲ
1695 241 1795 276 ὄρθρον

1000 293 1049 327 μὲν
1063 292 1112 326 τὴν
1126 291 1259 326 ἀνατολὴν
1272 290 1397 326 ἐνόησαν·
1411 290 1513 324 ἔσχατα
1527 288 1556 314 δὲ
1570 289 1622 323 τῆς
1639 287 1795 322 θαλάσσης,

997 337 1047 372 τὴν
1061 337 1146 364 δύσιν·
1163 335 1219 363 οἷον
1248 336 1295 362 ὲὰν
1320 335 1501 370 πτερύξωμιι
1518 334 1557 370 τῷ
1589 334 1628 369 νῷ
1657 343 1713 367 μου
1728 335 1797 360 κατᾶ

997 384 1048 417 τὴν
1062 383 1207 418 ἀνατολὴν,
1233 383 1281 409 καὶ
1301 382 1466 417 καταντήσω
1491 381 1531 412 εἰς
1551 382 1601 416 τὴν
1629 380 1724 411 δύσιν,
1753 380 1799 406 χαὶ

998 431 1037 460 εἰς
1049 429 1097 463 τὴν
1119 428 1263 464 ἀνατολὴν,
1277 428 1294 463 ὴ
1308 428 1423 463 δύναμίς
1453 436 1498 454 σου
1515 427 1646 462 ὁδηγήσει
1666 434 1701 460 με
1733 434 1798 450 πτε-

1000 473 1176 509 ρυησὸμενον,
1192 474 1240 500 καὶ
1253 474 1293 505 εἰς
1307 473 1355 509 τὴν
1377 472 1454 500 δύσιν
1467 472 1647 500 καταντῶντα
1672 471 1747 505 αὖ·εὴ
1765 479 1798 505 με

998 519 1120 552 καθέξει.

970 566 1084 593 θιει-οιιε
1110 570 1137 593 et
1162 566 1189 593 in
1209 565 1353 594 occidente
1392 573 1435 593 me
1475 564 1711 600 comprehendet,
1737 570 1798 590 cum

1043 659 1096 686 Kal
1124 656 1203 685 εἶπα·
1221 656 1294 691 Ἀρα
1323 659 1434 690 σκότος
1459 657 1733 692 καταπατήσειμε,
1750 657 1796 684 καί

1001 706 1059 737 νὺξ
1073 705 1224 740 φωτισμὸς
1236 705 1272 731 ἐν
1286 703 1323 738 τῇ
1338 703 1517 739 τρυφῇ-μου.
1536 704 1727 738 Ἐλογισάμην
1744 701 1798 737 ἄρα

1003 752 1116 782 σκότους
1143 750 1383 786 ὑποδυσκρυὸῆναι
1410 751 1586 786 δυνήσομαι,
1611 749 1669 785 ἄρα
1703 750 1798 780 σκότος

1002 797 1171 832 κατακρύψει
1200 805 1244 832 με,
1267 794 1333 823 εἶπα
1356 797 1386 823 ἐν
1415 795 1550 831 ὲμςιυτῷς
1571 795 1653 822 τοῦτο
1675 797 1746 830 γὰρ,
1770 796 1798 821 τὸ

1003 843 1220 878 καταπατήσει,
1232 842 1309 878 δηλοῖ
1321 849 1328 857 ·
1351 842 1468 878 κρύπτει
1484 841 1538 876 γὰρ
1554 842 1586 869 τὸ
1599 842 1700 876 ἔδαφος
1718 843 1733 867 ὀ
1748 850 1799 867 πει-

1001 889 1056 916 τῶν
1071 890 1146 917 αὑτό.
1171 887 1239 916 Εἶτα
1259 890 1384 922 συνεῐκα,
1410 889 1458 915 καὶ
1481 889 1561 923 fivi
1577 887 1658 923 αὑτὴ,
1678 888 1796 922 (puniti-ﬁ

1002 935 1087 967 ἐστιν,
1101 936 1129 962 ἐν
1141 936 1179 970 τῷ
1204 935 1274 970 Θεῷ,
1306 935 1366 970 ἢτοι
1395 935 1470 969 παρὰ
1484 935 1522 969 τῷ
1535 934 1595 970 Θεῷ
1606 943 1612 950 ·
1641 934 1724 960 τοῦτο
1745 935 1796 968 γὰρ

1002 981 1091 1015 λέγει,
1112 982 1218 1016 τρυφὴν
1248 981 1348 1008 ἑαυτοῦ
1362 989 1369 996 ·
1385 979 1415 1008 οἵ)
1431 981 1478 1007 καὶ
1510 983 1558 1015 τὴν
1573 981 1689 1016 μνήμην
1706 980 1796 1014 μόνον,

1001 1026 1174 1060 εὐφροσύνην
1189 1027 1309 1060 ήγεῖταν
1347 1025 1524 1060 Ἐμνήσθην
1541 1025 1607 1060 γὰρ,
1633 1026 1715 1060 φησι,
1746 1024 1797 1050 τοῦ

1005 1072 1090 1105 Θεοῦ,
1118 1072 1167 1098 καὶ
1190 1071 1382 1106 ηὐφράνθην,
1409 1071 1496 1105 ἔγνων
1510 1071 1550 1098 ὅτι
1574 1071 1683 1097 οὐδὲτὸ
1702 1071 1797 1100 σκότος

1005 1118 1109 1154 κρύψαι
1125 1127 1158 1153 με
1176 1119 1231 1145 ἀπὸ
1241 1118 1288 1145 τοῦ
1303 1118 1371 1145 Θεοῦ
1383 1117 1507 1144 δύναται.

158 1170 213 1191 tum
239 1164 290 1191 sibi
312 1171 447 1190 Summum
470 1171 531 1191 esse
553 1163 711 1190 arbitratur.
739 1162 842 1190 Memor
858 1163 946 1196 enim,
966 1164 1072 1199 inquit.
1091 1165 1132 1199 [ui
1147 1164 1211 1197 Dei,
1226 1169 1250 1191 et
1265 1164 1410 1192 delectatus
1421 1173 1480 1192 sum
1495 1163 1528 1192 ".
1561 1163 1683 1199 Cognovi
1719 1163 1797 1198 igitur

157 1211 230 1245 quod
247 1218 297 1237 uec
314 1210 379 1244 ipsae
397 1210 516 1237 tenebrae
536 1209 706 1237 abscondere
727 1216 770 1236 me
789 1214 918 1244 poterunt
935 1217 950 1237 a
968 1210 1033 1238 Deo.

194 1257 276 1284 Vens.
292 1256 335 1283 £2.
357 1256 426 1289 Quia
449 1256 560 1283 tenebrat
584 1265 635 1283 non
656 1257 867 1284 obscurabuntur
886 1266 902 1284 α
915 1261 951 1284 te.

156 1317 191 1324 —-
205 1303 226 1329 Α
241 1307 265 1329 te
277 1323 283 1334 ,
299 1302 370 1329 dixit
397 1310 444 1337 pro
461 1303 539 1337 Apud
566 1307 607 1334 te,
633 1302 864 1337 quemadmodum
882 1303 952 1330 alius

157 1351 240 1377 etiam
258 1350 393 1383 interpres
411 1348 541 1375 reddidit.
559 1347 626 1374 Nam
640 1355 701 1382 qua:
727 1347 799 1382 apud
816 1355 867 1376 nos
886 1352 952 1375 sunt

158 1395 288 1426 tenebrae,
301 1394 372 1428 apud
390 1398 416 1421 te
431 1394 550 1420 tenebrat
561 1400 614 1420 non
630 1400 691 1420 sunt
705 1393 770 1426 ;libi
783 1394 882 1421 etenim
893 1401 952 1421 om-

159 1443 203 1468 nia
221 1441 324 1467 luceut.
343 1439 447 1467 Deinde
468 1440 555 1473 magis
575 1439 706 1471 declarat,
721 1439 817 1466 dicens
833 1447 841 1466 :

196 1487 229 1513 Et
244 1493 296 1513 uox
311 1485 380 1513 sicut
394 1485 449 1512 dies
464 1484 671 1512 illuminabilur.
684 1486 761 1520 Apud
781 1490 807 1513 te
820 1485 935 1513 scilicet.

193 1576 267 1605 Sicut
284 1575 395 1604 tenebrte
409 1574 465 1610 ejus
479 1594 486 1607 ,
503 1574 541 1601 ita
557 1578 582 1601 et
595 1574 640 1601 lux
655 1574 723 1609 ejus.
742 1575 818 1602 Sicut
834 1576 953 1602 tenehrze

159 1624 219 1659 ejus
243 1623 333 1650 noclis
349 1621 446 1648 lucida!
467 1625 532 1648 sunt
558 1621 629 1655 apud
645 1626 670 1647 te
682 1641 689 1653 ,
713 1620 753 1648 sic
767 1622 849 1647 etiam
864 1625 890 1648 et
902 1621 948 1648 lux
964 1627 985 1655 ο

160 1670 223 1702 diei,
240 1669 291 1695 hoc
306 1672 348 1696 est
361 1668 415 1695 duo
427 1667 484 1694 haec
495 1674 572 1697 aeque
587 1674 617 1693 se
630 1667 729 1693 habent
740 1667 811 1701 apud
825 1671 862 1698 te,
878 1675 955 1701 aaque

159 1717 262 1746 lucent,
275 1722 351 1748 aeque
366 1712 583 1748 splendescunt;
599 1712 675 1746 juxta
700 1713 749 1740 hoc
759 1733 766 1744 ,
781 1720 884 1740 sensus
897 1718 953 1746 est,

162 1761 235 1795 quod
248 1760 340 1786 omnia
354 1759 424 1793 apud
444 1759 527 1785 Deum
543 1758 687 1785 manifesta
707 1763 781 1785 sunt.
795 1758 954 1793 Iulelliguu-

163 1811 207 1833 tur
223 1806 304 1833 etiam
325 1805 382 1831 haec
395 1804 478 1830 verba
496 1804 574 1838 juxta
592 1803 675 1830 alium
702 1811 813 1830 sensum
832 1812 839 1830 :
855 1803 955 1830 Teuta-

162 1853 280 1884 tiouum,
297 1850 398 1885 inquit,
413 1854 495 1885 atque
511 1848 685 1876 alllictlonuln
700 1850 820 1876 tenebris
836 1849 955 1884 stipatus

160 1899 215 1926 dm
234 1906 241 1924 :
259 1898 330 1933 quod
348 1896 516 1923 tentationes
530 1895 644 1922 forsitan
658 1895 710 1922 mei
726 1895 954 1928 dominabuntur,

161 1951 257 1971 Verum
273 1948 299 1970 te
312 1943 349 1969 ita
365 1942 541 1977 postmodum
557 1941 673 1974 volente,
693 1948 745 1968 uox
762 1941 806 1967 illa
824 1941 954 1976 nigroris,

159 1987 324 2018 illuminatio
346 1989 447 2016 laetitia:
462 1988 528 2014 mihi
543 1987 637 2015 eil'ecta
649 1979 702 2015 est.
731 1987 846 2022 Reliqua
872 1989 954 2015 etiam

160 2040 365 2070 consequenter
382 2034 521 2069 prmdictis
537 2033 744 2068 interpretanda
755 2038 830 2060 sunt.
850 2033 956 2068 Grego-

161 2084 219 2110 rius
234 2091 299 2110 vero
321 2082 480 2116 Thcologus
497 2081 577 2108 aliter
598 2081 649 2108 hoc
672 2080 778 2107 dictum
801 2081 930 2115 exposuit
948 2089 954 2108 :

161 2130 220 2161 Me,
242 2130 347 2164 inquit,
366 2128 474 2156 deliciis
492 2131 624 2160 vacante,
643 2135 697 2155 nox
713 2127 759 2155 illa
778 2127 955 2162 deliciarum,

160 2184 222 2210 quae
248 2180 369 2203 mentem
392 2174 572 2206 obtenebrat,
594 2173 652 2201 visa
676 2174 744 2201 mihi
769 2177 811 2202 est
832 2175 956 2209 quaedam

161 2230 221 2249 esse
237 2221 402 2248 illuminatio
417 2229 424 2247 :
439 2229 492 2248 nox
510 2221 583 2248 enim
595 2240 602 2253 ,
621 2219 728 2255 inquit,
749 2219 871 2255 undique
889 2221 956 2248 mihi

164 2270 265 2296 misero
280 2273 342 2296 erat
353 2288 360 2301 ,
375 2273 404 2295 et
419 2267 588 2303 ignorabam.
616 2267 778 2295 Arbitrabar
795 2267 868 2295 enim
888 2267 955 2295 deli-

162 2314 219 2342 cias
234 2315 321 2342 lucem
336 2322 407 2341 esse.

197 2361 280 2387 Vens.
296 2361 339 2388 15.
356 2360 487 2392 Quoniam
502 2363 529 2386 tu
543 2360 679 2394 possedisti
690 2368 777 2387 omnes
789 2368 861 2387 renes
878 2368 958 2389 meos.

163 2406 215 2434 l‘er
237 2414 317 2433 renes
330 2413 413 2437 suos,
436 2406 557 2440 seipsum
585 2406 739 2441 Propheta,
768 2405 957 2441 Chrysostomi

162 2452 317 2484 sententia,
344 2451 584 2486 circumloquitur,
607 2452 692 2479 veluti
721 2460 736 2479 a
764 2457 841 2486 parte
869 2456 957 2480 totum

162 2499 333 2526 describens.
359 2498 493 2531 Quoniam
520 2503 548 2525 tu
564 2519 572 2531 ,
589 2499 691 2534 inquit,
718 2500 864 2534 possedisti
893 2509 956 2535 me,

164 2546 216 2574 hoc
229 2549 286 2577 est,
305 2545 508 2580 possessionem
528 2551 602 2573 tuam
623 2553 666 2573 me
686 2545 800 2572 ell‘ecisti
817 2555 824 2573 :
840 2547 953 2582 dignum

1044 1259 1103 1285 ὀτι
1115 1259 1226 1292 σκότος
1236 1260 1272 1285 οὐ
1286 1258 1521 1291 σκοτισθήσεται
1533 1258 1592 1285 ἀπο
1601 1257 1672 1284 σοῦ.
1685 1258 1795 1292 Ἦγουν,

1006 1305 1088 1340 Παρὰ
1105 1306 1164 1332 σοι’
1180 1305 1253 1331 οὕτω
1267 1306 1322 1340 γὰρ
1348 1306 1444 1339 ἕτερος
1467 1305 1611 1337 ἐξέδωκεν,
1630 1305 1672 1330 ὅτι
1688 1305 1719 1330 τὸ
1735 1305 1796 1338 παρ’

1005 1351 1071 1386 ἡμῖν
1086 1350 1195 1383 σκότος,
1223 1350 1274 1377 οὐκ
1298 1350 1341 1386 εἴη
1369 1351 1466 1381 σκότος
1494 1351 1569 1384 παρᾶ
1588 1351 1629 1376 σοί
1642 1358 1649 1365 '
1662 1349 1734 1377 ἀλλὰ
1753 1350 1796 1376 καὶ

1005 1397 1073 1424 αὐτὸ
1086 1397 1177 1431 φαίνει
1189 1405 1196 1412 ·
1217 1394 1279 1424 εἶτα
1293 1396 1439 1432 σαφηνίζει
1452 1397 1498 1423 τὸν
1509 1396 1601 1430 λόγον.

1041 1486 1095 1514 Καὶ
1110 1486 1169 1519 νὺξ
1188 1486 1228 1520 ὡς
1252 1485 1348 1520 ἡμέρα
1377 1485 1610 1521 φωτισθήσεται.
1643 1486 1725 1521 Παρὰ
1756 1487 1795 1514 σοὶ

1005 1532 1138 1567 δηλονότι.

1047 1580 1096 1613 Ὧς
1110 1580 1143 1607 τὸ
1158 1581 1268 1612 σκότος
1280 1579 1386 1614 αὐτῆς,
1404 1580 1480 1606 οὕτω
1492 1579 1541 1606 και
1562 1580 1597 1607 τὸ
1609 1580 1675 1614 φῶς
1693 1579 1794 1614 αὐτῆς.

1009 1626 1053 1657 Ὠς
1069 1626 1099 1652 τὸ
1114 1626 1209 1657 σκότος
1225 1625 1273 1660 τῆς
1305 1625 1402 1656 νυκτὸς
1417 1625 1493 1660 παρὰ
1509 1625 1550 1651 σοὶ
1566 1626 1711 1659 φωτεινὺν,
1728 1626 1794 1652 οὕτω

1006 1675 1052 1699 καὶ
1063 1672 1156 1707 τοφῶς
1170 1672 1218 1707 τῆς
1229 1672 1281 1706 ἡμέ
1287 1680 1345 1706 ρας·
1358 1672 1498 1698 τουτέστιν
1507 1670 1553 1698 ἴσα
1563 1673 1639 1706 παρὰ
1652 1674 1693 1699 σοὶ
1706 1673 1794 1707 ἄμφω,

1006 1718 1054 1744 καὶ
1071 1719 1171 1753 ὁμοίως
1203 1719 1332 1752 ψωτεινά..
1369 1719 1464 1745 Ταῦτα
1492 1720 1540 1753 μὲν
1568 1719 1694 1753 περὶτοῦ
1712 1721 1795 1746 πάντα

1008 1765 1114 1799 φανερὰ
1128 1762 1198 1790 εἶναι
1211 1765 1288 1799 παρὰ
1298 1764 1358 1798 Θεῷ
1371 1773 1377 1779 ·
1405 1764 1530 1790 νοοῦνται
1545 1765 1573 1791 δὲ
1593 1766 1641 1790 καὶ
1662 1765 1725 1791 καθ’
1742 1765 1796 1791 ἐτέ-

1009 1818 1058 1844 ραν
1088 1809 1218 1844 διάνοιαν,
1252 1811 1294 1837 ὄτι
1323 1811 1537 1845 περιστοιχιθεὶς
1569 1811 1608 1846 τῷ
1625 1813 1718 1838 ἐκόςει
1746 1812 1796 1837 τῶν

1009 1855 1181 1890 πειρασμῶν,
1209 1854 1274 1882 εἶπα
1299 1855 1358 1882 καθ’
1372 1857 1469 1882 ἑαυτόν
1480 1864 1486 1870 ⁸
1501 1857 1572 1891 Ἀρα
1587 1858 1796 1892 κατακυριεὺσει

1009 1910 1042 1936 με
1060 1910 1067 1934 ;
1086 1900 1145 1928 εἶτα
1167 1902 1214 1928 σοῦ
1230 1903 1404 1937 θελήσαντος,
1422 1904 1469 1929 καὶ
1490 1903 1506 1939 ἡ
1524 1903 1572 1935 νὺξ
1601 1904 1652 1936 τῆς
1680 1905 1796 1939 Magia;

1009 1948 1149 1983 φωτισμὺς
1175 1949 1345 1984 εὐφροσύνης
1379 1950 1490 1982 ἐγένετο
1503 1958 1509 1964 ·
1540 1949 1697 1981 ἀκολούθως
1713 1951 1741 1977 δὲ
1754 1952 1797 1977 καὶ

1007 1994 1041 2020 τὰ
1070 1994 1136 2029 ἑξῆς
1162 1995 1356 2030 ἐρμηνευτέον.
1387 1995 1417 2022 ’0
1440 1996 1467 2022 δὲ
1490 1996 1622 2030 Θεολὸγος
1649 1997 1796 2032 Γρηγὸριος

1008 2040 1112 2076 ἑτέρως
1129 2042 1286 2076 ἡρμήνευσε
1304 2042 1334 2068 τὸ
1350 2042 1443 2076 ῥητὸν,
1457 2042 1499 2068 ὅτι
1523 2043 1683 2077 τρυφῶντάς
1703 2052 1764 2078 μου,
1778 2045 1792 2076 ἡ

1007 2087 1056 2119 νὺξ
1081 2088 1131 2122 τῆς
1161 2089 1268 2124 τρυφῆς
1283 2089 1300 2124 ἡ
1321 2089 1484 2120 σκοτίζουσα
1503 2089 1548 2115 τὸν
1567 2089 1643 2121 νοῦν,
1660 2090 1794 2125 omnem;

1008 2134 1095 2161 ἐδόκει
1118 2141 1179 2169 μοι·
1194 2134 1242 2166 νὺξ
1259 2134 1312 2169 γὰρ
1330 2133 1374 2169 ἦν,
1394 2135 1473 2169 φησι,
1502 2135 1566 2169 περὶ
1595 2135 1646 2169 ἐμὲ
1669 2135 1716 2161 τὸν
1747 2135 1795 2161 δεί-

1008 2180 1094 2213 λιιον,
1125 2181 1171 2207 καὶ
1199 2182 1336 2216 ἡγνὸουν’
1365 2180 1506 2216 φωτισμὸν
1534 2179 1668 2216 εἶναιτὴν
1695 2181 1794 2216 τρυφὴν

1009 2228 1023 2253 ὑ
1030 2227 1212 2263 πελάμεανον.

1046 2364 1111 2390 Ὀτι
1143 2363 1184 2390 σὺ
1212 2362 1331 2396 ἐκτήσω
1359 2362 1430 2395 τοὺς
1461 2361 1592 2396 νεφρούς
1617 2369 1688 2396 μου.
1717 2362 1791 2395 Φησίν

1008 2412 1022 2437 ὁ
1039 2410 1245 2444 Χρυσόστομος,
1264 2409 1304 2436 ὅτι
1332 2408 1452 2443 νεφροὺς
1469 2407 1587 2434 ἐνταῦθα
1613 2409 1626 2434 ὁ
1653 2408 1790 2442 προφήτης

1007 2458 1068 2484 ὅλον
1084 2457 1180 2484 ἑαυτὸν
1191 2457 1276 2490 λέγει,
1291 2456 1344 2482 ἀπὸ
1359 2456 1460 2491 μέρους
1477 2455 1507 2481 τὸ
1521 2454 1576 2481 πᾶν
1587 2462 1593 2469 ·
1607 2454 1650 2480 ὅτι
1669 2454 1700 2480 σὺ
1717 2454 1791 2487 ἐκτή-

1006 2513 1046 2530 σω
1065 2512 1109 2538 με,
1136 2503 1181 2529 σὸν
1203 2503 1298 2538 κτῆμα
1313 2501 1481 2536 πεποίηκας,
1500 2501 1548 2528 καὶ
1561 2500 1691 2535 προνοίας
1703 2500 1787 2533 ἀξιοῖς·

1006 2552 1020 2577 ὁ
1035 2551 1090 2585 γὰρ
1105 2549 1244 2585 κτώμενός
1256 2558 1292 2582 τι,
1304 2549 1351 2576 καὶ
1365 2548 1521 2584 προνοεῖται
1539 2547 1637 2574 αὑτοῦ.

163 2592 292 2618 nimirum
309 2596 353 2618 tua
366 2592 547 2626 providentia.
560 2593 627 2620 Nam
643 2591 690 2628 qui
702 2591 806 2627 aliquid
822 2593 954 2628 possidet,
999 2599 1003 2602 ”

162 2639 237 2666 illius
250 2639 333 2666 etiam
349 2645 442 2665 curam
462 2639 552 2667 habet.

198 2684 330 2719 Adjuvisti
359 2693 399 2711 me
418 2685 449 2711 de
466 2691 553 2714 ventre
574 2688 667 2715 matris
685 2695 760 2715 metr.
795 2687 824 2714 In
843 2691 955 2722 septua-

161 2734 265 2767 gesimo
281 2734 363 2760 etiam
378 2732 483 2768 psalmo
499 2733 567 2761 dixit
591 2743 597 2761 :
625 2734 662 2762 De
675 2738 762 2762 ventre
777 2735 870 2762 matris
891 2741 955 2761 mea:

198 2821 305 2850 “Psul.
330 2831 421 2856 uxvr,
453 2822 480 2849 Δ.

1041 2686 1218 2715 Ἀντελάϐου
1226 2693 1286 2721 μου
1296 2685 1331 2712 ἐκ
1340 2683 1470 2719 γαστρὸς
1486 2682 1676 2718 μητρόςμου.
1699 2679 1749 2707 Καὶ
1760 2679 1782 2704 ἐν

1008 2734 1046 2770 τῷ
1069 2733 1089 2760 ο¹
1113 2733 1215 2769 ψαλμῷ
1234 2730 1311 2759 εἶπεν
1323 2739 1330 2747 ·
1352 2732 1401 2757 Ἐκ
1416 2730 1533 2760 κοιλίας
1546 2727 1661 2762 μητρός
1677 2726 1716 2753 σύ
1734 2731 1781 2760 μου
