1886 3070
101 125 159 160 1321

668 116 862 150 COMMENT.
877 114 919 145 IN
938 111 1118 144 PSALMOS.

1646 106 1714 139 1322

99 184 131 210 τὰ
161 180 238 216 πέριξ
255 178 347 207 αὐτῶν
363 178 439 212 ἔθνη,
455 175 596 204 κωλύοντα
624 174 674 210 τὴν
696 172 877 208 ἀνοικοδομὴν

970 170 1103 196 hrzeorum
1121 166 1263 194 victoriam
1289 165 1423 201 praedicit.
1451 165 1560 199 quando
1581 165 1713 193 linitimas

99 229 142 256 τοῦ
170 227 232 254 ναοῦ
257 226 305 253 καὶ
320 225 370 260 τῆς
387 224 504 255 πόλεως,
515 220 719 257 Καυχήσονταί,
736 220 830 255 φησὶν,
846 219 870 244 οἱ

101 273 287 308 ἀφωσιωμένοι
300 271 340 305 τῷ
353 270 413 305 Θεῷ
435 268 615 303 Ἰσραηλῖται,
631 268 660 293 ὲν
675 266 739 302 δόξῃ
756 265 806 299 τῆς
819 263 874 291 ἀπὸ

97 321 143 354 τῆς
158 319 325 354 Θεοδωρήτου
338 316 429 350 νίκης,
453 315 470 351 ἢ
485 315 535 349 τῆς
551 313 605 340 ἀπὸ
619 313 668 347 τῆς
682 311 751 338 Θεοῦ
768 318 875 345 συμμα-

99 365 164 401 χίας.

130 495 181 524 Καὶ
203 494 440 530 ἁγαλλιάσονται
471 492 520 520 ἐπὶ
543 490 603 519 τῶν
630 490 738 517 κοιτων
766 487 876 515 αὐτῶν.

98 542 132 569 οὐ
147 542 226 576 μόνον
242 541 352 575 ἀφόϐως
374 540 602 575 κοιμηθήσονται,
629 536 698 564 ἀλλὰ
713 535 762 562 καὶ
777 534 874 570 ἡδέως,

100 588 152 615 ἀπὸ
162 588 216 614 τῶν
239 587 377 622 πολεμίων
399 585 616 619 ἀπαλλαγέντες.

124 679 158 705 At
169 677 304 712 ύψώσεις
333 675 386 702 τοῦ
417 674 492 701 Θεοῦ
519 673 554 700 ἐν
567 671 608 705 τῷ
623 671 749 706 λάρυγγι
766 669 877 702 αὐτῶν,

96 723 143 750 καί
162 722 309 757 ῥομφαίαι
336 721 474 754 δίστομοι
493 719 527 745 ἐν
549 717 614 750 ταῖς
633 716 739 750 χερσὶν
765 714 877 742 αὐτῶν.

96 769 178 795 Τοῦτο
194 768 319 803 βούλεται
332 767 422 800 λέγειν
435 766 476 792 ὅτι
493 763 642 799 ὑμνοῦντες
658 761 703 788 τὸν
733 761 811 793 Θεὸν,
828 769 878 787 πο-

94 815 241 850 λεμήσουσι
257 815 312 846 τοῖς
329 812 449 848 ἐχθροῖς,
460 812 508 839 καὶ
525 811 554 838 αι
572 809 731 845 ὑμνολογίαι
747 808 796 835 τοῦ
811 808 879 835 Θεοῦ

927 218 1096 250 superarunt
1108 216 1215 248 gentes,
1231 219 1291 246 quae
1308 212 1403 246 templi
1427 216 1453 239 et
1469 211 1591 239 civitatis
1605 211 1729 244 instaug

929 261 1064 289 rationem
1078 259 1275 295 impediebant.
1292 259 1370 286 Tunc
1381 259 1496 290 ctenim,
1512 259 1614 293 inquit,
1639 258 1713 285 l'utu-

929 315 988 334 rum
1004 314 1065 334 esse
1080 310 1109 334 ut
1128 305 1259 333 Israelita;
1272 305 1362 340 (quos
1375 306 1434 333 ideo
1452 311 1564 333 sanctos
1582 306 1713 341 appellat,

928 353 992 388 quia
1010 353 1065 380 Deo
1080 351 1244 380 sanctiﬁcati
1263 359 1295 378 ac
1318 351 1438 378 dedicati
1458 351 1595 386 fuerant),
1612 352 1714 386 gloria-

930 399 1016 426 bundi
1036 398 1190 429 exsultent,
1210 401 1321 433 propter
1334 396 1457 423 victoria:
1476 397 1600 431 gloriam,
1615 405 1628 424 a
1648 397 1713 429 Deo,

931 444 983 471 hoc
994 448 1046 476 est,
1062 451 1076 469 a
1095 443 1189 470 divino
1202 442 1305 469 auxilio
1319 442 1358 470 eis
1375 441 1534 476 przestitam.

966 489 1145 516 Enultabunt
1158 489 1184 516 in
1201 489 1330 515 cubilibus
1344 489 1410 515 suis.
1431 487 1490 514 Non
1505 492 1610 515 tantum
1626 490 1714 516 securi

931 535 1070 562 dormient
1083 535 1186 570 absque
1197 535 1271 562 nullo
1285 535 1392 566 timore,
1403 537 1448 561 sed
1460 534 1581 568 jucunde
1592 535 1673 561 etiam
1690 539 1717 562 et

930 589 994 608 eum
1009 581 1193 608 delectatione
1208 581 1234 607 in
1253 580 1391 607 cubilibus
1407 580 1465 607 suis
1478 581 1620 616 quiescent
1634 581 1717 608 veluti

933 629 967 655 ab
984 628 1105 655 hostium
1124 626 1255 662 periculis
1271 625 1388 653 liberati.

968 673 1051 701 Vsus.
1069 673 1096 700 6.
1118 673 1301 700 Exultationes
1326 672 1376 699 Dei
1401 672 1428 698 in
1445 677 1550 707 gutture
1575 681 1677 708 eorum,
1694 678 1719 701 et

932 719 1016 755 gladii
1028 719 1156 753 ancipites
1168 720 1194 745 in
1207 719 1328 746 manibus
1340 726 1442 746 eorum.
1459 718 1564 746 Sensus
1577 724 1628 752 est,
1645 721 1718 754 quod

935 765 1070 793 adversus
1098 765 1236 797 inimicos,
1268 764 1410 791 laudantes
1438 763 1534 797 Deum,
1550 766 1718 800 pugnabant.

936 810 1122 838 Laudationes
1138 810 1196 843 Dei,
1220 810 1319 845 inquit,
1334 814 1415 838 ernnt
1440 811 1467 838 in
1488 819 1535 838 ore
1552 819 1657 842 eorum,
1680 815 1721 838 at-

95 860 123 886 ὲν
148 860 186 894 τῷ
201 859 317 894 στόματι
336 857 439 890 αὐτῶν,
455 856 504 883 καὶ
529 855 634 882 σπάθαι
652 856 680 882 ὲν
706 856 766 886 ταῖς
786 853 878 889 χερσὶν

972 865 987 884 e
1005 857 1087 891 gladii
1111 857 1213 892 pariter
1228 856 1255 884 in
1274 863 1369 884 eorum
1384 857 1522 890 manibus.
1540 858 1641 893 quibus
1655 865 1722 885 con-

95 906 194 937 αὑτῶν,
213 904 418 938 συγκόπτουσαι
437 903 501 934 τοὺς
517 901 674 936 πολεμίους.

131 951 186 979 Τοῦ
211 949 339 984 ποιῆσαι
365 949 524 982 ἐκδίκησιν
542 948 577 974 ἐν
597 947 659 979 τοῖς
675 946 805 978 ἔθνεσιν,
820 945 882 972 ἐλε-

95 998 187 1032 τμοὺς
202 997 236 1024 ἐν
253 997 317 1030 τοῖς
329 996 427 1028 λαοῖς.
447 995 534 1029 ’Υπὲρ
557 993 605 1020 τοῦ
625 992 738 1027 ποιῆσαι
750 993 796 1018 τὸν
815 990 882 1017 Θεὸν

94 1044 237 1078 ἐκδίκησιν
267 1043 296 1069 ὲν
325 1043 382 1073 τοῖς
409 1040 531 1072 ἔθνεσιν,
562 1039 621 1066 ἀνθ’
639 1036 678 1066 ὧν
699 1037 811 1072 ἠδίκουν
836 1036 883 1063 τὸν

95 1089 160 1115 λαὸν
174 1088 271 1115 αὐτοῦ’
295 1087 343 1114 καὶ¹
360 1085 478 1121 ὲλεγμδν
496 1086 524 1112 ὲν
541 1084 580 1120 τῷ
605 1083 674 1118 λαῷ,
697 1081 883 1118 πληθυντικὸν

93 1135 157 1162 ἀντὶ
171 1134 275 1167 ἑνικοῦ,
293 1133 467 1168 ἐλεγχομένῳ
482 1132 525 1158 ὅτι
540 1131 584 1158 διὰ
611 1131 659 1162 τὰς
674 1128 815 1164 ἁμαρτίας
834 1127 883 1154 αὒ-

93 1180 142 1206 τοῦ
160 1180 243 1215 μέχρι
270 1179 330 1205 τότε
358 1178 545 1205 κατεπονεῖτο·
561 1176 609 1203 καὶ
628 1175 659 1201 οὐ
688 1174 721 1201 δι’
739 1174 884 1200 ἀσθένειαν

92 1227 142 1253 τοῦ
158 1226 240 1258 Θεοῦ,
261 1226 305 1252 ὅτε
320 1233 349 1251 τε
365 1225 419 1259 γὰρ
435 1223 530 1250 ἔνευσε
550 1222 642 1257 μόνον,
660 1222 700 1252 εἰς
723 1219 883 1255 θαυμαστὸν

93 1271 160 1307 ἦλθε
179 1271 212 1298 τὸ
229 1271 345 1306 πρᾶγμα
362 1268 527 1305 μεταὸολήν.

935 903 1060 930 riderent
1078 903 1219 931 inimicos.

971 948 1054 976 γης.
1074 948 1102 976 7.
1121 948 1155 975 Ut
1175 949 1273 983 facere!
1293 949 1435 976 vindictam
1450 950 1478 976 in
1496 949 1659 982 nationibus,
1679 957 1720 976 re-

937 995 1110 1029 dargulionea
1129 996 1155 1022 in
1175 996 1289 1029 populis.
1307 995 1341 1022 Ut
1366 995 1438 1023 Deus
1452 996 1556 1022 scilicet
1578 996 1647 1022 hanc
1663 995 1722 1022 vin-

938 1040 1038 1067 dictam
1063 1041 1090 1067 in
1107 1041 1238 1075 gentibus
1254 1041 1368 1075 faceret,
1396 1049 1456 1076 qute
1472 1041 1600 1076 injuriam
1619 1040 1724 1068 Israeli-

937 1085 993 1113 tico
1007 1085 1108 1121 populo
1123 1086 1275 1114 intulerant
1295 1096 1301 1114 :
1322 1087 1450 1115 similiter
1468 1091 1497 1115 ut
1514 1087 1723 1123 redargntioncs

938 1132 1043 1159 faceret
1073 1133 1100 1159 in
1124 1133 1226 1168 populo
1252 1141 1314 1166 suo,
1342 1134 1488 1168 rcdarguto
1520 1141 1552 1160 eo
1581 1134 1722 1166 nimirum,

938 1181 1020 1212 atque
1045 1178 1185 1210 convicto,
1216 1179 1288 1213 quod
1305 1179 1340 1207 ob
1366 1179 1473 1214 propria
1495 1180 1599 1207 scelera
1621 1183 1648 1206 et
1669 1187 1723 1206 non

937 1223 973 1250 ob
993 1223 1040 1250 Dei
1058 1224 1101 1252 sui
1120 1224 1338 1253 imbecillitatem
1359 1232 1392 1253 co
1421 1233 1508 1260 usque
1538 1225 1572 1253 ab
1599 1226 1725 1254 hostibus

937 1269 1027 1296 victus
1041 1277 1192 1306 oppressus
1208 1271 1315 1303 fuisset,
1329 1279 1392 1299 cum
1405 1272 1503 1306 alioqui
1520 1273 1579 1300 solo
1594 1272 1641 1300 Dei
1657 1277 1724 1300 nutu

94 1318 223 1346 maxima:
237 1325 318 1351 atque
331 1314 498 1343 admiranda:
513 1313 680 1341 mutationes
697 1311 754 1339 lteri
766 1310 882 1346 possint.
898 1313 967 1342 Illud
991 1320 1083 1343 tamen
1116 1317 1387 1345 animadvertendum
1438 1323 1490 1351 est,
1527 1321 1598 1353 quod
1628 1319 1728 1354 plurali

94 1374 216 1395 numero
252 1366 296 1393 hic
330 1365 415 1392 utitur
450 1365 586 1399 Propheta
624 1371 676 1399 pro
712 1365 875 1399 singulari,
895 1363 1021 1392 dicens:

113 1415 171 1442 ulo.

113 1423 171 1442 uio.

94 1423 110 1450 Ρ
131 1460 192 1488 Τοῦ
212 1459 305 1493 δῆσαι
323 1466 395 1491 τους
421 1457 563 1491 βασιλεῖς
592 1456 692 1483 αὐτῶν
709 1456 743 1483 ὲν
771 1456 886 1489 πέδαις,

1056 1364 1268 1401 Redargult'ones
1301 1366 1328 1393 in
1355 1366 1479 1401 populis,
1508 1374 1577 1402 pro,
1614 1367 1643 1394 In
1678 1375 1728 1402 po-

978 1456 1061 1483 Vsns.
1079 1455 1106 1484 8.
1126 1455 1161 1482 Ut
1179 1456 1302 1491 alligaret
1316 1465 1388 1492 reges
1403 1465 1494 1483 eorum
1508 1458 1534 1484 in
1548 1457 1728 1491 compedibus,

93 1508 145 1535 καὶ
167 1506 242 1538 τοὺς
259 1505 406 1537 ἐνδόξους
421 1503 520 1531 αὐτῶν
536 1504 571 1530 ἐν
590 1502 780 1537 χειροπέδαις
795 1502 878 1537 σιδη-

979 1501 1077 1528 nobiles
1095 1509 1187 1528 eorum
1205 1502 1232 1528 in
1256 1503 1367 1529 manicis
1382 1502 1486 1536 ferreis.
1507 1501 1541 1529 Ut
1565 1511 1618 1529 non
1637 1504 1726 1530 solum

93 1553 174 1587 ραῖς.
198 1552 285 1586 ’Υπὲρ
305 1550 353 1577 τοῦ
377 1550 414 1585 μὴ
440 1549 523 1584 μόνον
547 1548 792 1579 ἀπώσασθαι-σοὺς
806 1547 886 1579 πρε·
912 1565 916 1569 .

96 1600 191 1634 μίους,
208 1598 278 1625 ἀλλὰ
293 1598 341 1624 καὶ
354 1596 419 1627 τοὺς
435 1594 557 1630 βασιλεῖς
571 1593 673 1625 αὐτῶν,
697 1593 744 1620 καὶ
761 1593 824 1624 τοὺς
839 1593 886 1619 ἆλ-

94 1647 160 1677 λους
181 1644 304 1676 ἐνδόξους
328 1644 357 1669 ἐν
371 1642 463 1672 αὐτοῖς
478 1641 615 1676 δεσμὸτας
631 1640 735 1667 λαῦεῖν.

135 1691 195 1718 Τοῦ
208 1688 378 1724 ποιῆσαιὲν
398 1687 501 1720 αὐτοῖς
528 1686 618 1721 κρῖμα
637 1686 815 1721 ἐγγραπτον.
833 1684 887 1711 Τοῦ

94 1736 218 1772 ποιῆσαι
232 1735 270 1770 τῷ
286 1734 355 1769 Θεῷ,
371 1734 400 1759 ὲν
423 1734 480 1763 τοῖς
499 1732 589 1758 ἔθνεσι
604 1731 652 1758 καὶ
669 1732 699 1758 ὲν
714 1731 752 1766 τῷ
768 1730 824 1765 λαῴ
839 1731 888 1757 αὺ-

94 1784 161 1812 τοῦ,
185 1782 277 1816 κρίσιν
292 1781 471 1815 ἀνάγραπτον
485 1777 599 1814 βίὸλοις,
616 1777 665 1804 καὶ
692 1777 774 1812 μέχρι
789 1777 890 1807 παντὸς

93 1829 213 1859 αἰῶνος,
229 1824 537 1862 ἀναμνημονευομένην.
553 1823 569 1859 ἢ
584 1823 763 1858 ἀνάγραπτον
774 1823 813 1858 τῷ
830 1822 889 1858 βίῳ,

94 1875 149 1901 καὶ
181 1873 387 1906 ἀνεξάλειπτον,
419 1871 468 1898 καὶ
503 1867 559 1897 οἷον
598 1868 890 1904 ἑστηλογρςι.‹ρημιένην⁸

94 1921 196 1956 κρίσιν
212 1919 239 1946 δὲ
255 1920 310 1946 νόει
332 1927 389 1954 μοι,
408 1918 458 1953 τὴν
481 1917 586 1944 ἔνδικον
601 1916 742 1943 ἀπώλειαν
759 1915 814 1942 τῶν
845 1916 891 1950 ἐχ-

93 1966 188 2002 Θρῶν.

134 2051 220 2084 Δόξα
254 2051 329 2084 αὕτη
354 2051 439 2078 ἔσται
469 2049 545 2078 πᾶσι
571 2049 634 2082 τοῖς
663 2049 759 2082 ὁσίοις
787 2049 892 2076 αὐτοῦ.

94 2099 191 2134 Αὕτη·
208 2097 292 2130 uola;
311 2097 347 2123 Τὸ
361 2096 481 2131 νικῆσαι,
501 2095 601 2130 μᾶλλον
611 2095 651 2127 δὲ,
669 2095 698 2121 τὸ
718 2094 790 2121 οὕτω
816 2094 894 2129 νικῆ-

96 2153 150 2172 σαι
165 2143 340 2179 παραδόξως,
350 2142 395 2168 διὰ
409 2142 458 2176 τῆς
471 2142 632 2177 συμμαχίας
645 2141 692 2168 τοῦ
706 2141 785 2168 Θεοῦ.
800 2141 893 2168 Ταῦτα

944 1547 1038 1575 hostes
1067 1546 1143 1582 ipsos
1167 1547 1325 1582 repelleret,
1352 1548 1399 1575 sed
1417 1548 1500 1575 etiam
1526 1555 1619 1576 eorum
1639 1556 1728 1583 roges.

943 1598 1024 1627 atque
1052 1597 1081 1620 ut
1105 1592 1297 1621 nobilissimos
1323 1600 1447 1628 quosque
1474 1601 1579 1626 eorum,
1605 1594 1729 1629 captivos

943 1638 1058 1667 faceret.

981 1685 1065 1713 VERS.
1078 1685 1105 1713 9.
1120 1685 1154 1713 Ut
1166 1687 1265 1721 faceret
1280 1686 1307 1713 in
1325 1686 1362 1713 eis
1384 1686 1517 1720 juditium
1540 1687 1726 1722 conscriptum.

945 1730 980 1758 Ut
997 1731 1024 1758 in
1036 1732 1175 1767 gentibus.
1198 1732 1297 1767 inquit,
1319 1737 1400 1767 atque
1418 1732 1444 1759 in
1465 1732 1564 1768 populo
1583 1740 1632 1760 suo
1657 1733 1730 1760 Deus

944 1777 1078 1812 judicium
1093 1778 1206 1811 faceret,
1217 1779 1289 1813 quod
1307 1778 1333 1805 in
1347 1779 1426 1806 libris
1437 1779 1622 1814 conscriptum
1636 1783 1707 1806 essrt
1721 1787 1729 1806 :

946 1824 1027 1858 cujus
1044 1824 1139 1858 iudicii
1156 1824 1184 1851 in
1199 1824 1273 1851 omni
1292 1825 1392 1852 saacnlo
1417 1825 1547 1852 memoria
1574 1824 1729 1852 exsisteret.

946 1868 994 1896 Vel
1004 1869 1192 1904 conscriptum
1203 1870 1229 1896 in
1241 1871 1294 1896 vita
1305 1870 1421 1904 atquein
1432 1869 1562 1896 memoria
1575 1869 1730 1899 hominum,

946 1914 1099 1947 indelebile,
1118 1919 1146 1942 et
1161 1915 1244 1942 veluti
1261 1915 1288 1941 in
1304 1921 1456 1941 marmorea
1472 1913 1590 1948 quadam
1604 1913 1731 1940 columna

946 1961 1127 1995 insculptum.
1140 1960 1333 1995 Perjudicinm
1343 1966 1432 1987 autem
1441 1959 1542 1994 justam
1556 1959 1730 1986 inimicorum

946 2007 1161 2034 destructionem
1178 2006 1309 2041 intellige.
1740 2000 1744 2003 ⁴

985 2052 1077 2079 Gloria
1089 2053 1143 2080 ha'c
1156 2058 1193 2080 est
1212 2053 1333 2079 omnibus
1345 2052 1445 2079 sanctis
1455 2052 1522 2086 ejus.
1539 2051 1592 2079 Sed
1605 2059 1729 2087 qumnam

947 2100 1006 2126 haec
1041 2103 1082 2126 est
1108 2099 1228 2133 gloria?
1262 2097 1343 2130 Quod
1375 2098 1481 2126 scilicet
1507 2098 1552 2125 Dei
1579 2104 1644 2132 ope,
1677 2103 1731 2124 tam

954 2145 988 2172 ad
1002 2145 1126 2172 mirande
1138 2145 1231 2172 hostes
1245 2144 1443 2178 superaverint.
1465 2143 1527 2171 llmc
1546 2143 1630 2178 igitur
1652 2143 1731 2178 juxta

95 2191 155 2226 μὲν
175 2189 222 2216 οὖν
239 2187 301 2215 καθ’
316 2187 450 2221 ἱστορίαν.
481 2187 561 2214 Κατὰ
577 2187 606 2212 δὲ
630 2186 787 2221 ἀναγωγὴν,
816 2189 878 2213 Kau

969 2190 1072 2218 istoriae
1087 2197 1197 2217 sensum
1209 2189 1282 2216 dicta
1304 2195 1377 2215 sunt.
1397 2188 1477 2216 Juxta
1494 2196 1634 2224 anagogen
1646 2195 1731 2217 vero:

94 2237 258 2272 χήσονται
273 2233 351 2260 ὅσιοι
371 2232 407 2259 ὲν
419 2232 493 2266 δόξῃ
513 2232 552 2266 τῇ
564 2233 735 2267 μελλούσῃ·
751 2233 806 2259 οὐκ
825 2232 894 2264 ἄξια

91 2283 171 2317 γὰρ,
190 2281 269 2314 φησὶ,
289 2279 326 2306 τὰ
344 2277 503 2312 παθήματα
522 2277 575 2304 τοῦ
599 2278 657 2305 νῦν
679 2278 794 2311 καιροῦ,
819 2278 895 2311 πρὸς

92 2330 165 2359 τὴν
202 2327 380 2360 μέλλουσαν
409 2324 511 2357 κρίσιν
547 2324 816 2350 ἀποκαλύπτεσθαι
852 2324 895 2356 εις

92 2371 200 2409 ἡμᾶς.
221 2371 289 2403 Δόξα
301 2371 340 2404 δὲ,
356 2371 369 2397 ὁ
384 2370 512 2404 σταυρὸς,
530 2369 601 2395 κατὰ
624 2370 664 2400 τὸ,
686 2370 768 2404 Ἐμοὶ
787 2369 830 2403 μὴ
847 2369 896 2404 τέ-

92 2426 191 2448 νοιτο
206 2415 386 2451 καυχᾶσθαι,
403 2416 428 2442 ει
451 2414 495 2449 μὴ
520 2415 555 2441 ἐν
576 2414 615 2446 τῷ
632 2413 752 2448 σταυρῷ
768 2415 820 2441 τοῦ
842 2417 899 2442 Κυ-

89 2468 176 2501 ρὀυ
210 2463 324 2496 Ἰησοῦ.
348 2462 468 2489 Ἐπαινεῖ
484 2461 513 2487 δὲ
539 2461 602 2490 τοὺς
630 2463 725 2496 πραεῖς
756 2461 804 2486 καὶ
835 2461 898 2491 τοὺς

92 2511 212 2540 ὁσίους,
222 2507 384 2542 προτρέπων
394 2507 478 2542 ἡμᾶς,
488 2506 528 2538 εἰς
545 2505 673 2540 ὁσιότητα
687 2507 731 2532 καὶ
742 2506 894 2540 πραότητα.

93 2556 163 2585 Καὶ
184 2543 409 2587 ἁγαλλιάσονται,
428 2553 521 2588 φησὶν,
539 2553 586 2578 ἐπὶ
601 2552 656 2579 τῶν
670 2551 767 2578 χοιτῶν
795 2552 895 2582 αὐτῶν,

93 2606 172 2639 ἦτοι
198 2601 252 2627 τῶν
271 2600 504 2635 ηὑτρεπισμὲνων
530 2595 633 2630 αὐτοῖς,
653 2597 772 2625 αίωνέων
796 2598 896 2632 μονῶν,

93 2650 164 2677 τῶν
195 2646 376 2674 ἀκαταλύτων
405 2646 523 2680 σκηνῶν.
542 2646 574 2672 Al
600 2645 719 2679 ὑψώσεις
743 2644 790 2670 τοῦ
816 2643 896 2670 Θεοῦ·

95 2695 234 2729 ὕψωσεις
256 2692 307 2726 μὲν
320 2689 366 2718 οὖν
382 2691 509 2726 νοοῦμεν,
522 2692 571 2722 τὶς
592 2690 627 2718 δι’
653 2689 747 2725 ὓμνων
766 2690 814 2717 καὶ
838 2691 899 2716 θεο-

95 2739 208 2774 λογίας
225 2739 388 2773 θεοπρεπεῖς
406 2737 498 2772 φωνὰς
518 2736 709 2772 ὑπεριψούσας
723 2736 816 2763 αὐτόν’
833 2737 901 2771 ῥομ-

149 2828 176 2844 “
198 2827 277 2855 Rom.
294 2826 408 2858 vnt,i8.
448 2825 470 2842 ¹⁸
482 2825 572 2853 Calai.
591 2833 630 2858 νι,
649 2826 692 2854 Η.

280 2875 414 2906 ΡΑιίιοι..
432 2875 490 2906 Gn.
510 2873 645 2905 CXXVIl
652 2874 674 2904 l.

947 2236 1127 2264 Exsultubunt
1143 2236 1227 2262 sancti
1240 2235 1266 2262 in
1285 2236 1376 2270 futura
1400 2235 1494 2270 gloria.
1511 2234 1572 2261 Non
1588 2235 1658 2262 enim
1671 2243 1733 2261 con-

949 2283 1036 2316 digna
1063 2287 1136 2314 siml,
1161 2287 1191 2308 ut
1209 2282 1296 2316 inquit
1313 2281 1470 2316 Apostolus,
1496 2281 1629 2315 passiones
1653 2282 1732 2315 hujus

951 2329 1086 2363 temporis,
1104 2328 1137 2353 ad
1153 2328 1274 2361 futuram
1295 2327 1420 2362 gloriam,
1447 2335 1504 2359 quae
1524 2326 1681 2353 revelabitur
1705 2327 1734 2352 in

951 2374 1025 2400 nobis
1041 2373 1072 2400 ".
1088 2372 1180 2400 Gloria
1192 2376 1345 2403 autem,est
1356 2372 1456 2399 Christi
1468 2380 1545 2403 crux,
1556 2371 1633 2406 juxta
1648 2372 1733 2399 illud:

952 2417 1019 2444 Milli
1036 2423 1123 2444 autem
1148 2416 1217 2443 absit
1245 2416 1368 2451 gloriari,
1392 2416 1443 2443 nisi
1471 2416 1498 2442 in
1526 2423 1601 2442 cruce
1627 2415 1735 2443 Domini

950 2463 1014 2491 Jesu
1033 2463 1067 2490 ¹³.
1081 2462 1186 2490 Laudat
1202 2461 1285 2490 etiam
1301 2463 1443 2497 Propheta
1471 2452 1551 2490 mites
1571 2470 1603 2489 ac
1623 2453 1744 2490 sanctos,

950 2508 1036 2540 viros,
1049 2508 1082 2535 ad
1105 2507 1345 2535 mansuetudinem
1366 2509 1495 2535 nimirum
1519 2516 1568 2536 nos
1590 2513 1673 2542 atque
1701 2507 1736 2534 ad

952 2554 1124 2582 sanctitatem
1137 2554 1288 2582 exhortans
1305 2562 1395 2588 :quos
1414 2554 1533 2587 jnbilare
1547 2555 1612 2582 dicit
1641 2555 1669 2582 in
1687 2548 1744 2585 οιιῆ

953 2599 1053 2627 hilihus
1064 2600 1132 2631 suis,
1145 2600 1197 2627 hoc
1209 2604 1262 2634 est,
1281 2600 1308 2627 iu
1322 2600 1432 2628 aeternis
1446 2599 1736 2635 indissolubilihusque

955 2645 1149 2679 tabernaculis,
1166 2653 1226 2680 qum
1237 2647 1277 2674 eis
1292 2650 1387 2681 parata
1399 2651 1474 2674 sunt.
1489 2645 1541 2673 Per
1553 2647 1736 2674 exaltationes

954 2697 1020 2718 vero
1030 2691 1091 2724 Dei,
1108 2691 1205 2726 dignas
1224 2691 1280 2720 Deo
1300 2699 1382 2719 voces
1403 2691 1537 2726 iutellige.
1552 2692 1649 2727 quibus
1663 2690 1737 2717 illius

956 2735 1049 2763 laudes
1067 2735 1208 2764 decantari
1228 2737 1327 2770 solent,
1356 2744 1416 2772 qua:
1442 2736 1666 2772 magnitudinem,
1687 2741 1736 2769 po-

1539 2869 1579 2898 E2
