4082 6212
329 366 394 426 91
1671 354 2261 421 I’RULEGOMENA.
3153 387 3156 390 ’
3533 359 3634 422 ‘2?

329 489 462 529 veus
493 471 594 543 (Δ),
645 471 792 527 Elias
815 472 886 527 du
917 470 1039 535 Piu,
1075 479 1238 540 atque
1261 469 1374 525 alii.
1409 469 1604 525 Latine
1635 486 1662 524 e
1700 471 1966 540 praeclaro
1996 471 2189 524 codice
2218 470 2353 525 bibl.
2394 470 2633 525 coenubii
2665 470 2913 540 Deiparm
2942 460 3601 542 Virginis'Guadalupeu-

327 579 406 626 sis
436 569 558 625 ord.
596 569 660 624 D.
701 569 1016 640 IIieronymi
1048 569 1103 623 in
1155 583 1328 638 regno
1356 569 1636 633 Castellae,
1670 569 1955 624 transtulit
1986 567 2064 622 lo.
2103 567 2427 632 Hentcuius,
2457 569 2772 624 accuratior
2805 569 2960 634 Zino,
2996 569 3273 638 Sauloque
3303 571 3601 639 interpres,

325 666 486 731 cujus
518 664 703 719 versio
728 663 930 732 prodiit
955 662 1192 732 primum
1220 662 1450 716 Lovauii
1494 662 1652 718 1544.
1695 662 1765 729 (e)
1795 661 1889 715 l‘ul.
1924 675 2122 715 recusa
2159 660 2339 715 Paris.
2395 661 2555 724 1547,
2590 661 2748 728 1560,
2776 662 2935 726 115θὲ,
2969 662 3024 725 8,
3061 671 3115 718 et
3147 665 3202 718 in
3251 661 3598 718 Bibliotheca

327 760 551 814 l’atrum
582 768 724 815 tom.
763 757 906 820 XIX.
935 757 1068 813 edit.
1091 757 1264 827 Lugd.
1297 759 1445 814 Duos
1473 758 1695 812 codices
1730 756 1899 810 Mstos
1928 755 2150 810 Graecos
2189 757 2354 823 hujus
2381 755 2798 822 Commentarii,
2829 759 3126 821 similibus,
3169 760 3352 827 qualia
3380 761 3582 814 IIente-

327 853 455 904 nius
487 851 544 905 in
581 867 686 908 suo
720 850 943 920 reperit,
980 849 1210 905 scholiis
1253 850 1578 914 instructos,
1630 849 1683 902 in
1718 848 1856 902 Bibl.
1927 847 2075 917 regia
2133 845 2429 901 Parisiensi
2487 847 2757 902 evolvisse
2802 864 2862 903 se
2904 858 3137 904 testatur
3194 849 3354 905 Ilich.
3409 851 3601 906 Simon

326 947 427 1000 lib.
461 961 547 1000 tu.
585 943 846 999 Historia:
877 943 1084 998 critica:
1114 941 1251 997 Novi
1299 941 1453 996 Test.
1487 957 1613 1011 cap.
1648 942 1741 1004 29,
1773 941 1824 994 iu
1855 955 2088 1008 quorum
2150 939 2344 1004 altero,
2405 938 2801 1003 Mazariniano,
2863 941 2959 996 sed
3021 945 3351 999 recentioris
3403 961 3602 1001 manus

326 1038 613 1108 scriptura
645 1037 849 1092 Nicetze
890 1036 1157 1091 tribuitur
1199 1054 1213 1090 :
1248 1036 1393 1106 quod
1433 1051 1542 1090 non
1569 1036 1744 1105 magis
1766 1036 2051 1094 credibile.
2089 1050 2252 1104 quam
2287 1051 2480 1091 eorum
2517 1036 2859 1105 conjectura,
2893 1038 2984 1106 qui
3023 1039 3104 1092 vel
3141 1039 3484 1095 OEcumenio
3518 1039 3600 1095 vel

327 1131 654 1190 Ammonio.
686 1130 873 1185 nescio
900 1130 1012 1192 cui.
1046 1129 1129 1184 Vel
1155 1128 1572 1199 Theophylacto
1603 1128 1885 1183 ascribere
1919 1129 2235 1183 voluerunt.
2277 1125 2440 1180 Plura
2487 1129 2605 1182 loca
2665 1128 2854 1182 Graece
2908 1143 2977 1182 ex
3037 1129 3142 1185 hoc
3191 1133 3604 1186 Commentario

330 1221 588 1289 producit
639 1219 941 1282 Simonius,
966 1228 1084 1274 tum
1117 1220 1221 1274 hoc
1255 1219 1458 1289 capite,
1495 1227 1611 1274 tum
1646 1218 1742 1274 lib.
1773 1237 1810 1282 I,
1849 1234 1902 1287 p.
1938 1219 2063 1284 I20,
2098 1217 2224 1278 M5,
2260 1227 2315 1272 et
2371 1218 2464 1272 lib.
2505 1229 2584 1282 tn,
2637 1233 2759 1288 pag.
2798 1219 2890 1286 84,
2933 1229 2989 1275 et
3056 1225 3236 1292 magni
3290 1241 3412 1278 eum
3462 1226 3592 1279 facit

333 1306 630 1381 imprimis,
666 1308 1085 1378 assentiturque
1108 1309 1436 1374 Maldouato,
1473 1308 1565 1378 qui
1591 1310 1659 1364 ad
1692 1308 1880 1364 Matth.
1908 1322 2040 1374 xvu,
2069 1309 2102 1363 8
2131 1307 2482 1380 Euthymium
2517 1308 2573 1362 in
2611 1309 2900 1364 verborum
2941 1313 3375 1383 proprietatibus
3413 1316 3606 1371 obser-

335 1409 536 1462 vandis
569 1406 1053 1475 diligentissimum
1099 1421 1224 1460 esse
1265 1405 1602 1460 observavit.
1639 1403 1788 1459 Inter
1839 1404 2162 1474 scriptorcs,
2194 1419 2225 1458 e
2261 1402 2465 1472 quibus
2519 1418 2683 1460 aurea
2717 1403 2945 1461 Thoma:
2978 1406 3269 1478 Aquinatis
3325 1421 3517 1465 catena
3547 1412 3603 1465 in

341 1501 630 1569 Evangelia
689 1501 918 1554 collecta
943 1507 1048 1564 est,
1121 1499 1399 1571 Euthymii
1468 1517 1666 1555 nomen
1743 1503 1798 1555 in
1853 1500 2259 1555 recentioribus
2296 1500 2627 1568 quibusdam
2661 1501 2998 1558 editionibus
3036 1503 3308 1569 additum,
3355 1507 3409 1560 in
3444 1507 3592 1560 anti-

339 1598 624 1670 quioribus
659 1608 713 1653 et
749 1598 806 1652 in
838 1597 1083 1652 Romana
1114 1597 1245 1651 anni
1284 1597 1446 1663 I670,
1491 1599 1864 1654 desideratur.
1905 1597 2040 1654 Vide
2077 1597 2321 1652 Simonis
2351 1597 2480 1654 hist.
2505 1598 2754 1653 criticam
2790 1597 2925 1654 Novi
2962 1599 3115 1656 Test.
3154 1602 3248 1656 lib.
3287 1619 3367 1665 ιιι.
3405 1621 3458 1672 p.
3489 1605 3594 1661 409

335 1705 391 1753 et
436 1695 561 1749 475.

411 1790 504 1845 IX.
545 1789 978 1846 Commentarios
1010 1791 1064 1844 In
1092 1769 1350 1859 epistolas
1393 1789 1574 1856 Pauli,
1610 1789 1797 1845 itidem
1846 1805 1910 1844 ex
1945 1788 2345 1861 Chrysostomo
2404 1798 2456 1844 et
2501 1787 2624 1844 aliis
2687 1787 2943 1845 Patribus
3003 1791 3256 1846 studiose
3318 1793 3622 1858 collectus,

338 1899 499 1948 quem
531 1883 720 1937 Romae
741 1897 845 1937 ms.
884 1881 1074 1938 Grzece
1101 1883 1309 1937 servari
1366 1881 1576 1952 pridem
1607 1883 1889 1938 Gesnerns
1947 1882 2194 1952 scripsit.
2223 1880 2316 1953 [V.
2344 1881 2410 1936 ad
2445 1898 2500 1938 n.
2535 1878 2619 1952 8.]
2657 1881 2730 1936 Ex
2764 1884 3170 1938 commentario
3226 1883 3506 1956 Euthymii
3543 1887 3608 1940 in

336 1977 498 2046 epist.
537 1977 606 2030 ad
639 1973 987 2030 Timotheum
1022 1976 1283 2030 nonnulla
1314 1975 1474 2030 alI‘ert
1503 1975 1736 2030 Allatius
1773 1989 1826 2044 ρ.
1857 1975 1978 2039 196,
2017 1974 2088 2029 De
2122 1974 2424 2031 interstitit“:
2461 1973 2705 2028 ordinum
2736 1974 2876 2040 apud
2911 1972 3145 2029 Grazcos.
3178 1975 3236 2028 In
3267 1976 3460 2031 codice
3493 1993 3602 2032 ms.

340 2071 758 2126 Vindobonensi
787 2072 912 2125 Iihri
949 2072 1108 2141 primi
1140 2071 1417 2140 Panuplim
1458 2071 1838 2144 Euthymiaure
1872 2073 2123 2140 sequitur
2155 2068 2489 2142 IIypothesis
2523 2070 2770 2139 epistola;
2799 2071 2868 2124 ad
2920 2071 3224 2134 Romanos,
3262 2071 3402 2126 forte
3433 2089 3612 2143 quam

339 2166 666 2238 Euthymius
693 2169 809 2222 suis
849 2169 899 2220 in
936 2167 1162 2220 Paulum
1192 2167 1606 2220 commentariis
1640 2168 1998 2233 [)I‘JB'ItiSQraL

413 2263 489 2316 Χ.
519 2264 941 2317 Commentarius
970 2265 1022 2316 iu
1053 2265 1305 2330 epistolas
1335 2263 1652 2326 catholicas,
1677 2276 1839 2332 quem
1870 2258 2058 2316 Graece
2086 2277 2188 2316 ms.
2227 2261 2280 2314 in
2316 2260 2448 2317 bibl.
2481 2258 2712 2314 Joannis
2741 2258 3000 2313 Sambuci
3027 2261 3328 2323 exstitisse,
3361 2276 3424 2314 ex
3462 2258 3608 2314 Sim-

354 2359 476 2412 Iero
513 2357 711 2413 Caveus
741 2357 1044 2412 adnotavit.

340 2537 721 2592 collectionem
787 2536 935 2590 illam
979 2535 1262 2589 maledici
1319 2545 1567 2588 catenam
1628 2535 1698 2588 ab
1755 2532 1926 2588 Millio

344 2609 602 2672 aliisque,
638 2606 733 2658 sed
789 2607 998 2658 rectius
1033 2608 1216 2658 vocari
1277 2603 1928 2675 Euthymiicommenta-

344 2680 514 2738 rium,
574 2677 834 2743 quoniam
871 2678 924 2728 in
959 2675 1277 2745 Euthymio,
1310 2675 1403 2744 qui
1429 2673 1497 2728 ex
1535 2673 1786 2741 pluribus
1811 2690 1928 2741 par-

348 2748 496 2802 tibus
529 2763 670 2810 opus
705 2747 924 2799 fecisset
970 2755 1333 2813 perpetuum,
1371 2747 1443 2799 sit
1490 2760 1688 2808 nexus,
1741 2753 1929 2798 mouet

347 2823 420 2875 et,
451 2816 688 2869 Matthmi
724 2816 776 2868 iu
808 2817 1013 2882 prmfat.
1053 2831 1172 2884 pag.
1214 2814 1340 2876 125,
1393 2823 1509 2884 uol.
1545 2832 1594 2883 g.
1661 2814 1789 2869 add.
1822 2813 1927 2867 Fac

347 2887 488 2941 hrie,
521 2885 664 2937 inira
703 2887 754 2937 iu
793 2885 894 2937 hoc
933 2883 1066 2938 vol.’
1106 2902 1158 2952 ρ.
1191 2885 1313 2946 787,
1373 2883 1440 2938 16
1487 2893 1597 2937 Vel.
1654 2885 1784 2938 edit.
1829 2883 1921 2951 qtti

2030 2533 2145 2604 jam
2178 2532 2420 2605 secundo
2444 2534 2888 2605 typisexcusum
2914 2530 3226 2587 certissimo
3257 2531 3462 2586 certius
3489 2531 3623 2586 aus‘r

2037 2602 2230 2658 Sumus
2264 2602 2408 2658 ferro
2435 2602 2729 2670 judicium.
2776 2603 2971 2657 horum
3005 2612 3302 2654 comment.
3327 2611 3609 2656 auctorem

2035 2688 2160 2728 esse
2186 2673 2539 2743 Euthymium
2587 2673 2930 2743 Zigabonum
2963 2672 3090 2740 (sic)
3121 2701 3193 2711 —
3226 2672 3520 2743 maluimus
3559 2673 3618 2726 in

2037 2743 2144 2807 his,
2173 2759 2298 2811 qua:
2339 2742 2604 2798 nondum
2643 2742 2910 2797 distracta
2933 2789 2943 2802 ,
2965 2755 3143 2804 erant,
3174 2742 3613 2810 exemplaribus,

2035 2814 2290 2868 studioso
2339 2813 2528 2867 lectori
2564 2812 2616 2867 id
2668 2813 2947 2875 iudicare,
3007 2827 3171 2878 quam
3221 2827 3344 2865 eum
3402 2812 3625 2867 diutius

2031 2899 2363 2951 suspensum
2399 2893 2607 2939 tenere.
2641 2913 2712 2924 -—
2744 2884 2900 2937 Auno
2933 2881 3091 2950 1544,
3146 2881 3316 2936 Nonis
3365 2882 3616 2951 Februa-

347 2967 488 3011 sect.
525 2955 590 3008 Π
629 2955 740 3022 agit
771 2970 991 3022 quoque.
1042 2955 1112 3009 de
1153 2955 1380 3009 Thomas
1410 2955 1698 3021 Aquiuatis
1731 2964 1924 3008 catena

349 3043 517 3079 aurea
577 3027 630 3078 in
687 3036 925 3090 quatuor
972 3025 1286 3095 Evangelia.
1324 3025 1461 3080 Cum
1507 3026 1630 3078 cod.
1700 3024 1922 3095 Ba_roc_e.

349 3095 573 3150 XXVIII
607 3095 927 3162 conspirare
969 3092 1188 3150 videtur
1227 3095 1350 3150 COli.
1399 3095 1567 3149 Taur.
1607 3111 1721 3162 reg.
1763 3092 1926 3146 XLIII

346 3178 618 3222 nutantum
657 3181 718 3220 ex
754 3166 912 3219 initio
950 3166 1293 3234 singulorum
1327 3164 1753 3230 Evangeliorum
1790 3179 1926 3234 con-

345 3240 520 3306 jieere
549 3237 674 3290 licet
702 3251 718 3290 :
751 3236 941 3290 nullihi
988 3233 1208 3304 quidem
1253 3235 1528 3303 adjectum
1559 3243 1644 3290 est
1683 3233 1930 3306 auctoris

353 3305 593 3370 nomen;
644 3306 736 3361 sed
779 3306 1076 3376 Euthymio
1109 3320 1236 3360 eum
1267 3313 1568 3376 comment.
1593 3320 1719 3376 esse
1751 3305 1931 3376 aseri-_

351 3378 596 3430 hendum
643 3375 803 3430 docet
864 3372 1150 3431 confector
1177 3383 1288 3430 eat.
1315 3375 1474 3431 codd.
1507 3373 1602 3428 Gr.
1640 3372 1808 3428 Taur.
1838 3373 1931 3443 qui

357 3463 483 3569 ﬂag.
556 3446 659 3500 149
722 3462 809 3516 sq.
878 3446 1104 3516 c0piose
1153 3454 1409 3501 recenset
1459 3445 1612 3498 illum
1656 3444 1927 3499 codicem.

407 3534 528 3569 ABL.

407 3534 528 3570 ABL.

425 3586 506 3654 (ιι)
552 3586 606 3641 In
633 3601 770 3640 nova
802 3586 893 3641 ed.
921 3586 1090 3643 Basil.
1123 3586 1297 3650 1⁵745,
1328 3594 1466 3641 tom.
1505 3586 1572 3650 II,
1600 3601 1654 3654 p.
1687 3584 1812 3648 199,
1839 3585 1931 3638 ιιιή

354 3655 571 3728 Caveus
598 3656 667 3728 de
698 3657 1013 3728 Euthymio.
1080 3657 1328 3726 scriptis,
1379 3656 1544 3728 codd.
1595 3663 1760 3726 atque
1798 3655 1929 3710 edit.

355 3725 586 3779 uberius
615 3724 864 3788 disserit,
900 3727 952 3780 id
985 3724 1299 3782 correctum
1334 3734 1436 3781 est.
1475 3724 1645 3780 Hanc.

426 3797 499 3863 le)
539 3796 696 3861 Quod
737 3795 1039 3852 IIentenius
1069 3798 1124 3851 in
1171 3795 1549 3851 admonitione
1584 3796 1927 3864 scripserat:

358 3865 554 3934 tCum
617 3866 718 3921 bos
770 3867 1200 3922 commentarios
1263 3873 1391 3920 ante
1457 3866 1665 3934 aliquot
1719 3879 1934 3934 menses

353 3933 554 4007 {n.an.
590 3936 751 4007 1545,
781 3949 938 3992 sexto
966 3938 1041 3992 id.
1076 3939 1243 4006 Aug.,
1273 3943 1334 3990 ut
1356 3949 1424 3989 ex
1453 3933 1576 4005 ejus
1596 3933 1818 4007 Aprw‘l'at.
1845 3935 1930 3987 iu-

357 4003 669 4077 ielligitur,]
701 4009 754 4060 in
784 4007 957 4077 lucem
991 4003 1438 4077 ederetuusLnec
1469 4003 1606 4059 certi
1632 4003 1934 4077 quidquam

360 4073 711 4138 haberemus,
745 4075 894 4143 quod
930 4075 996 4131 de
1025 4085 1248 4130 auctore
1271 4073 1673 4136 divinaremus,
1705 4073 1934 4126 aliorum

361 4147 554 4211 magis,
589 4160 752 4213 quam
775 4149 1024 4202 nostrum
1057 4143 1551 4212 secutijudicium,
1589 4143 1802 4213 praelati
1841 4158 1938 4195 su-

365 4229 513 4285 mus.
571 4212 920 4285 quibusdam;
950 4216 1123 4271 videri
1175 4223 1464 4285 auctorem
1503 4212 1628 4285 esse
1658 4212 1938 4285 _0Ecume-

357 4283 531 4355 nium,
564 4281 844 4355 '—r[quod
883 4293 1064 4355 tamen
1110 4293 1272 4355 negat
1318 4281 1558 4355 Matthaai
1605 4283 1670 4355 ad
1707 4283 1762 4336 h.
1801 4283 1837 4336 l.
1883 4281 1936 4355 in

357 4350 510 4420 praef.
550 4369 603 4424 p.
649 4350 739 4427 “Id,
777 4353 996 4427 notae].
1031 4383 1097 4427 -—_
1129 4350 1286 4427 Nunc
1315 4350 1444 4408 vero
1495 4353 1766 4427 eumdem
1792 4352 1938 4404 nacti

358 4422 638 4479 auctorem
685 4425 742 4479 in
794 4422 1043 4481 Psalnios
1081 4423 1375 4479 Davidieos
1406 4431 1462 4479 et
1511 4422 1564 4476 iu
1608 4423 1837 4476 Cantica
1869 4451 1939 4461 --

458 4647 792 4660 "——

1231 4652 1248 4658 _
1255 4651 1456 4659 -ο-ι--ν-
1461 4648 2116 4657 ——_-—_——~_..—_._——-——.
2121 4650 2128 4654 ι

2031 2950 2173 3013 rii,»
2234 2969 2297 3006 ex
2357 2955 2444 3008 his
2504 2953 2716 3018 colligit
2771 2953 3130 3021 IIamherger.
3180 2952 3217 3004 l.
3256 2967 3304 3005 c.
3357 2967 3479 3020 pag.
3521 2950 3626 3017 83,

2034 3024 2317 3092 probabile
2375 3039 2519 3086 esse.
2581 3022 2632 3092 1)
2683 3023 2934 3093 qumdaut
2983 3022 3317 3093 exemplaria
3348 3023 3442 3093 vel
3485 3023 3623 3077 sint:

2033 3091 2143 3148 ulla
2178 3093 2418 3148 nominis
2450 3091 2780 3149 auctoris’in
2809 3094 2993 3148 fronte
3019 3093 3145 3148 libri
3184 3091 3615 3159 signiﬁcatione,

2032 3164 2115 3218 vel
2139 3163 2325 3220 addito
2350 3162 2674 3219 OEcumcnii
2712 3164 2936 3219 nomine
2961 3203 2974 3226 .
3005 3161 3149 3216 edita
3187 3177 3330 3224 esse,
3358 3161 3415 3229 ‘2)
3441 3176 3619 3227 eaque

2032 3235 2085 3288 in
2123 3233 2481 3302 inscriptione
2508 3242 2695 3288 notata
2726 3249 2849 3289 esse
2896 3249 2990 3302 an.
3023 3232 3183 3287 1545.
3232 3231 3357 3302 Sed
3400 3231 3621 3286 dubitat

2033 3305 2101 3358 cl.
2156 3301 2414 3368 Matthaai,
2469 3306 2521 3358 in
2556 3312 2673 3359 not.
2706 3321 2732 3356 ε
2779 3305 2846 3359 ad
2891 3301 3147 3357 Hentenil
3181 3301 3616 3358 admonitionem

2034 3390 2100 3454 p._
2127 3373 2198 3429 75
2224 3375 2524 3454 arbitrans,
2554 3373 2894 3454 vocabulum
2941 3372 3257 3454 ambiguum
3283 3413 3305 3454 ,-
3330 3386 3578 3454 excu‘sum
3598 3405 3616 3434 ,

2035 3444 2100 3497 ad
2134 3453 2434 3499 comment.
2470 3445 2523 3498 in
2554 3443 2805 3501 Psalmos
2827 3459 2950 3499 esse
2997 3441 3180 3511 potius
3215 3441 3622 3512 referendum;

2033 3514 2257 3585 etquod
2283 3515 2338 3568 in
2370 3515 2458 3572 ed.
2491 3529 2692 3569 comm.
2722 3515 2785 3585 in
2818 3509 3056 3585 quatuor
3075 3509 3410 3585 Evang.'an.
3449 3509 3616 3575 1544,

2035 3583 2092 3637 in
2135 3583 2316 3639 indice
2339 3585 2624 3646 scribitur,
2674 3604 2693 3636 ‹
2719 3583 2858 3640 liber
2887 3587 2976 3640 hic
3002 3597 3182 3652 neque
3213 3583 3404 3638 Grzeee
3435 3595 3616 3651 neque

2037 3653 2242 3726 Latine
2267 3665 2428 3726 antea
2462 3655 2606 3726 typis
2633 3671 2874 3726 unquam
2910 3651 3152 3710 excusus
3207 3661 3292 3726 est
3320 3672 3339 3705 ι
3365 3662 3534 3726 atque
3565 3651 3622 3704 in

2038 3724 2145 3778 line
2179 3722 2598 3790 admonitionis,
2658 3722 2850 3788 inhis.
2904 3741 3027 3794 qua:
3074 3724 3318 3779 nondum
3346 3722 3620 3778 distracta

2037 3802 2215 3855 erant.
2267 3803 2450 3862 putat,
2509 3795 2653 3865 hanc
2687 3810 2812 3851 esse
2847 3795 2981 3865 edit.
3023 3794 3354 3865 principem:
3405 3798 3628 3865 mutato

2037 3873 2251 3916 tantum
2271 3860 2486 3917 indice.
2516 3896 2585 3906 ——
2619 3864 2677 3918 In
2718 3867 2843 3919 cod.
2867 3860 3046 3919 Vatic'.
3076 3860 3374 3922 DCCCXX,
3404 3877 3460 3928 p.
3489 3860 3622 3922 501,

2037 3932 2282 4002 occurrit
2320 3932 2599 4002 Euthymii
2649 3933 2928 4002 ἐγκώμιον
2974 3935 3056 3995 εἰς
3097 3935 3199 4002 τὴν
3242 3931 3628 4002 προᾳκύνησξν

2038 4001 2137 4068 τῆς
2171 3997 2482 4071 ὑπεραγίαξ
2514 3997 2817 4071 Θεοτόὶφυζ
2862 4004 2958 4056 καὶ
2991 4003 3073 4063 εἰς
3116 3997 3186 4054 τὰ
3226 3997 3482 4071 ὲγᾷαίνια
3522 3997 3625 4064 τῆς

2041 4071 2206 4144 grta;
2256 4070 2432 4144 adt-ﬁ;
2481 4071 2641 4144 σορρῦ
2698 4070 2798 4141 τῆς
2843 4072 2903 4144 iv
2954 4070 3444 4144 quxonpatimc,
3482 4074 3626 4144 testo

2040 4137 2306 4211 Fugginio
2336 4137 2460 4196 l.'e.
2493 4137 2559 4210 p.'
2583 4141 2640 4204 '1,
2683 4137 2770 4206 sq.
2809 4141 2901 4195 ubi
2931 4141 3135 4196 multus
3171 4137 3256 4196 est
3289 4141 3354 4196 de
3383 4137 3628 4211 Chalce-

2043 4209 2232 4277 pratiis
2273 4223 2327 4266 et
2374 4209 2590 4266 sanetis
2637 4213 2805 4276 soris,
2835 4226 2932 4266 seu
2967 4212 3166 4267 thecis.
3205 4211 3300 4266 Sic
3335 4209 3482 4266 enim
3528 4223 3628 4276 ap-

2046 4282 2415 4354 pellabantur_
2444 4290 2560 4354 tum
2594 4297 2778 4354 _capsa
2802 4322 2820 4345 ,
2843 4297 2960 4354 qua
3000 4282 3169 4339 vestis
3196 4291 3250 4337 et
3281 4281 3504 4354 codices
3535 4294 3625 4354 se-

2049 4348 2324 4419 pulcrales
2385 4350 2440 4402 Β.
2473 4351 2657 4404 Maria:
2684 4348 3154 4413 continebantur,
3214 4361 3328 4404 tum
3366 4350 3530 4411 aedes,
3570 4348 3623 4400 in

2051 4438 2157 4488 qua
2192 4421 2453 4488 ιΙνβοδίιῖΒ
2506 4422 2611 4475 illa:
2660 4422 2908 4492 reliquiae
2961 4424 3414 4478 asservabautur.
3453 4419 3624 4474 "ARL.

2565 4649 2786 4656 ...ο-..ρ
2793 4649 2900 4656 ο*

1233 4791 1544 4852 ΙΟΑΝΝΙ
1603 4787 2244 4851 CIIRISTOPIIORO
2307 4787 2754 4851 AMADUTIO

1427 4943 1839 5005 NICOLAUS
1899 4941 2354 5003 FOGGINIUS
2391 4942 2457 5002 S.
2498 4942 2574 4999 ι).

1033 5094 1297 5158 (.litccdota
1322 5092 1560 5144 litterario
1583 5107 1745 5144 entss.
1777 5089 2022 5141 codicibus
2046 5096 2202 5140 eruta.
2251 5090 2390 5138 Tom.
2438 5086 2520 5146 IV,
2566 5088 2750 5143 Eorum,
2803 5086 2960 5144 l785.)

445 5367 488 5419 I.
517 5366 622 5426 Eu.
658 5363 744 5418 vir
789 5361 1122 5427 clarissime,
1174 5361 1506 5432 opusculum
1546 5357 1796 5412 Grmcum
1847 5359 1947 5430 (α),

369 5458 512 5524 quod
541 5458 688 5514 inter
723 5456 958 5511 schedas
1003 5471 1152 5509 meas
1183 5471 1249 5509 ex
1303 5455 1430 5507 cod.
1475 5468 1580 5507 tns.
1615 5451 1946 5520 desetiptas,

369 5551 471 5605 etsi
493 5550 771 5612 mutilum,
797 5550 973 5602 visum
989 5555 1074 5602 est
1096 5557 1278 5602 tamen
1303 5547 1396 5600 tibi
1415 5555 1603 5616 aptum
1626 5552 1690 5597 ut
1713 5545 1949 5598 interse-

2054 5357 2372 5426 reipublietc
2404 5352 2688 5408 litteraria:
2735 5353 2878 5407 bono
2909 5351 3200 5417 diligenter
3252 5360 3437 5399 curas.
3494 5343 3632 5398 Illud
3731 5408 3738 5416 ι

2052 5462 2178 5504 ante
2220 5450 2319 5500 hos
2351 5447 2539 5515 plures
2581 5460 2758 5499 annos
2789 5444 3060 5512 descripsi
3117 5456 3182 5494 ex
3239 5435 3429 5490 codice
3483 5434 3635 5488 Vati-

2053 5557 2193 5597 cano
2223 5539 2349 5602 840,
2392 5539 2482 5608 qui
2524 5537 2653 5590 olim
2695 5536 2794 5589 fuit
2843 5534 3065 5588 Antonii
3112 5527 3402 5599 Augustini
3461 5528 3635 5582 archi-

373 5658 525 5696 reres
561 5649 713 5698 tomo
762 5640 829 5696 IV
886 5639 1322 5703 Anecdotorum,
1379 5651 1613 5708 quorum
1651 5635 1947 5689 editionem
2049 5633 2295 5705 cpisc0pi
2339 5627 2776 5685 Tarraconensis
2810 5643 2824 5692 ;
2855 5633 2910 5682 et
2942 5627 3070 5696 quia
3099 5623 3233 5680 dum
3279 5623 3334 5678 iu
3377 5621 3634 5676 Latinum

435 5809 506 5871 (η)
534 5809 634 5858 IIoc
668 5812 762 5868 est,
798 5806 976 5856 librum
1012 5811 1178 5856 contra
1214 5801 1502 5867 Bogomilos,
1523 5816 1671 5864 quem
1704 5801 1752 5850 in
1777 5802 1863 5850 hac
1895 5801 2114 5850 editione
2145 5799 2444 5848 recudimus.
2465 5795 2550 5844 Eo.
2571 5793 2726 5842 Pun.
