4082 6212
413 337 485 394 23
870 390 873 393 ,
1758 336 2345 400 I’RDLEGUMENA.
3613 340 3685 403 2's

418 449 621 502 idioma
646 456 1049 513 converterem,
1076 450 1367 519 complura
1398 450 1676 514 adnotavi,
1708 460 1819 502 tum
1852 448 1995 513 quod

417 542 615 595 attinet
643 542 707 594 ad
735 551 1017 597 auctorem
1064 542 1350 612 Opnscnli,
1387 551 1500 597 tum
1556 542 1623 595 ad
1672 558 1735 595 ea
1783 558 1901 611 qnze
1937 541 1991 595 in

413 634 533 699 ipso
569 628 848 701 Opasculo
884 632 1164 703 leguntur,
1202 634 1300 688 has
1340 649 1560 703 quoque
1608 633 1998 690 adnotationes

412 723 478 776 ad
512 731 565 775 te
595 725 771 790 mitto,
804 726 1006 793 quibus
1044 726 1121 780 uti
1157 727 1386 795 poteris,
1422 733 1477 777 ut
1511 723 1609 778 tibi
1653 725 1827 794 magis
1881 726 1997 794 pla-

413 812 605 865 cucrit.

437 909 440 913 ’
490 924 551 978 Ill
604 926 789 995 Itaque
871 928 975 982 hoc
1034 928 1269 995 primum
1329 929 1740 989 adnotaveram,
1793 928 2000 999 Euthy—

420 1021 589 1075 tnium
634 1020 980 1090 Zygahenum
1030 1019 1289 1087 Opuscnli
1334 1028 1606 1073 auctorem
1641 1021 1997 1074 monasticam

418 1114 585 1167 vitam
620 1116 801 1183 egisse
834 1112 1310 1179 Constantinopoli
1344 1113 1399 1166 in
1456 1113 1795 1166 monasterio
1844 1112 1998 1166 Peri-

419 1205 630 1270 hleptae,
679 1215 730 1257 et
766 1203 1035 1257 doctrina:
1070 1201 1232 1258 laude
1284 1203 1615 1257 inclaruisse
1668 1217 1697 1254 a
1758 1211 2001 1271 tempore

414 1295 589 1349 Alexii
630 1295 647 1348 ι
686 1294 974 1358 Comneni,
1007 1294 1095 1348 cui
1128 1293 1548 1361 acceptissimus
1577 1292 1700 1357 fuit,
1751 1303 1803 1347 et
1842 1294 1998 1363 cujus

410 1389 569 1452 jussu
612 1401 754 1454 opus
808 1386 1117 1452 composuit
1170 1385 1537 1453 inscriptum:
1582 1383 1845 1452 Panoplia
1898 1386 1996 1438 do-

416 1478 651 1548 gmatica
686 1477 999 1531 orthodoxa:
1046 1475 1171 1545 ﬁdei
1208 1475 1461 1529 adversus
1513 1491 1692 1529 omnes
1724 1476 1999 1529 hatrelicos

415 1587 480 1623 ea:
535 1570 759 1624 Patrum
810 1570 1023 1634 scriptis
1075 1577 1337 1621 contexta.
1381 1565 1742 1635 Marquardus
1794 1566 2000 1620 Frehe-

419 1678 514 1716 rus
574 1661 651 1731 (1)
715 1660 819 1716 sub
882 1660 1073 1714 Alexio
1140 1658 1181 1712 Il
1244 1657 1594 1727 Euthymintn
1682 1658 1995 1726 PanOpliam

416 1751 787 1806 concinnasse
838 1751 1122 1813 asseruit;
1179 1750 1271 1804 sed
1316 1750 1523 1803 erravit
1579 1747 1825 1817 profecto
1884 1757 1999 1802 toto

418 1842 580 1907 coelo,
612 1852 667 1897 et
696 1842 799 1895 hoc
830 1856 896 1896 ex
933 1857 998 1895 eo
1044 1841 1201 1893 facile
1236 1841 1427 1906 liquet,
1475 1837 1622 1908 quod
1652 1840 1808 1893 Anna
1836 1838 1998 1892 Com-

420 1952 560 1989 nena
594 1935 949 1990 celeberrima
1001 1934 1172 1987 Alexii
1216 1932 1230 1985 Ι
1281 1933 1388 1987 filia
1442 1932 1773 1987 luculentam
1835 1932 2000 2002 hujus

417 2030 600 2097 operis
625 2030 958 2082 mentionem
1001 2027 1199 2081 fecerit
1232 2023 1332 2096 (2).
1370 2024 1493 2078 [hec
1522 2024 1777 2094 Panoplia
1808 2024 2000 2079 Latine

418 2126 630 2171 tantum
679 2117 823 2172 edita
872 2126 955 2170 est
994 2116 1231 2170 Venetiis
1257 2130 1402 2169 anno
1432 2115 1570 2169 1555
1623 2130 1690 2169 ex
1743 2115 2000 2171 versione

417 2209 563 2263 Petri
598 2208 878 2263 Francisci
917 2207 1035 2261 Ziui
1089 2205 1468 2271 Veronensis;
1522 2219 1645 2274 quae
1691 2206 1875 2260 versio
1905 2206 2001 2259 de-

420 2302 548 2358 inde
600 2316 795 2358 recusa
838 2309 923 2355 est
954 2299 1205 2362 Parisiis,
1239 2314 1302 2351 ac
1335 2297 1558 2352 tandem
1595 2299 1805 2351 inserta
1863 2306 1995 2353 tom.

419 2391 540 2447 XIX
606 2391 955 2445 Bibliotheca?
990 2388 1093 2443 PP.
1125 2388 1515 2456 Lugdunensis
1545 2405 1560 2447 ς
1599 2396 1655 2443 et
1697 2387 1840 2443 falso
1876 2403 1996 2444 eam

418 2487 471 2538 in
520 2484 718 2538 Veneta
752 2482 995 2536 editione
1022 2490 1172 2535 textu
1207 2479 1401 2535 Graeco
1438 2478 1707 2533 munitam
1743 2493 1867 2535 esse
1910 2495 2000 2535 as-

418 2580 551 2628 serit
596 2573 875 2627 Gerardus
921 2571 1164 2627 Joannes
1199 2569 1432 2627 Vossius
1472 2570 1571 2642 (5).
1606 2572 1811 2627 Textus
1846 2570 1998 2626 Grae-

417 2681 517 2721 cus
543 2665 822 2733 Pan0plia2
857 2664 1131 2735 Euthymii
1171 2664 1320 2735 typis
1358 2678 1597 2719 excnsus
1632 2675 1718 2719 est
1757 2664 1994 2733 primum

417 2770 564 2810 anno
599 2755 760 2821 1710,
797 2754 1103 2826 Tergovisn
1145 2756 1198 2808 in
1258 2753 1565 2810 Walachia.
1624 2754 1797 2810 Porro
1828 2755 1997 2811 Zinns

417 2842 476 2896 in
537 2856 636 2898 sua
693 2841 884 2897 Latina
920 2842 1193 2906 versione,
1252 2857 1374 2912 quae
1424 2842 1748 2914 Euthymius
1801 2855 1995 2900 contra

417 2933 646 2989 Latinos
676 2934 994 3004 collegerat,
1040 2932 1221 2988 editor
1253 2948 1382 2988 vero
1427 2941 1610 2991 textus
1647 2933 1819 2991 ϐιοωεί
1855 2935 1996 2992 inte-

417 3042 576 3094 grnm
609 3027 849 3088 titulum,
893 3024 987 3095 qui
1023 3036 1218 3080 contra
1250 3024 1554 3081 Saracenos
1581 3035 1687 3093 est,
1729 3036 1783 3082 et
1838 3042 1997 3097 quem

418 3116 607 3171 Grzrce
649 3131 770 3171 cum
808 3114 1002 3169 Latina
1052 3116 1309 3171 versione
1355 3115 1587 3172 Joannis
1641 3116 1829 3174 Jacobi
1863 3119 1999 3173 Beu-

419 3207 530 3262 reri
575 3207 687 3277 jam
741 3206 988 3263 ediderat
1035 3222 1065 3262 e
1096 3208 1221 3261 eod.
1253 3223 1357 3263 ms.
1392 3206 1644 3262 Palatino
1680 3208 1997 3265 Fridericus

424 3299 752 3368 Sylburgius
789 3300 841 3353 in
883 3297 1252 3361 Saracenicis,
1289 3314 1503 3352 necnon
1550 3302 1708 3353 etiam
1750 3300 1997 3367 quaedam

422 3393 476 3445 in
512 3392 702 3461 primis
735 3391 934 3458 titulis,
974 3391 1065 3445 uhi
1095 3392 1163 3445 de
1203 3391 1472 3445 Trinitatt-
1518 3392 1853 3459 disputatur,
1889 3392 2000 3458 (hic

420 3493 575 3539 certe
604 3485 832 3547 veritus,
859 3499 927 3539 ne
952 3482 1256 3538 Turcarum
1278 3483 1634 3539 odensionem
1671 3486 1996 3551 incurreret,

422 3576 513 3629 ille
546 3591 674 3630 vero
717 3576 967 3631 fortassis
1021 3591 1090 3629 ne
1151 3575 1301 3644 operi
1352 3577 1738 3629 auctoritatem
1774 3586 1827 3629 et
1880 3590 1997 3641 pre-

421 3668 556 3721 tium
595 3667 968 3736 imminueret)
1001 3669 1494 3737 prastermiserunt.
1546 3667 1732 3736 Itaque
1789 3666 1995 3719 nullam

424 3759 688 3814 habemus
729 3759 993 3815 hactenus
1043 3758 1340 3828 perfectam
1393 3756 1671 3826 Panopliae
1722 3756 1997 3827 Euthymii

421 3849 760 3917 editionem;
811 3850 1063 3920 quamvis
1114 3850 1242 3904 huic
1282 3849 1615 3905 adornandae
1662 3849 1846 3917 plures
1889 3865 1997 3904 non

422 3942 604 3997 desint
645 3943 864 3997 codices
895 3942 949 3996 in
994 3942 1346 3997 bibliothecis
1377 3942 1721 4012 superstites.
1760 3941 1999 4012 Insignis

423 4031 569 4087 inter
590 4047 685 4087 eos
712 4041 794 4088 est
821 4031 994 4087 codex
1024 4032 1309 4087 Ca‘sareus
1340 4030 1801 4096 Vindobonensis,
1837 4048 1999 4101 quem

422 4129 545 4193 ipsa
575 4124 852 4195 Euthymii
878 4130 1037 4179 aetate
1058 4124 1327 4194 scriptum
1362 4133 1516 4191 putat
1538 4122 1857 4178 Lambecius
1881 4124 1955 4193 (4)
1983 4141 1998 4180 :

426 4230 526 4270 nec
567 4216 766 4269 minori
802 4217 865 4286 in
898 4216 1076 4286 pretio
1112 4215 1347 4271 fortasse
1378 4223 1463 4270 est
1490 4215 1776 4271 habendus
1813 4216 1998 4284 regius

423 4307 770 4369 Parisiensis,
802 4281 963 4377 quem
997 4307 1184 4361 laudat
1215 4306 1525 4361 Richardus
1572 4306 1855 4360 Sitnonius
1882 4281 1997 4374 t5),

422 4406 477 4453 ct
505 4414 665 4468 quem
703 4414 731 4451 a
780 4397 899 4452 Zini
945 4398 1189 4454 editione
1216 4398 1270 4453 in
1300 4399 1550 4468 pluribus
1584 4397 1805 4453 diderre
1835 4405 2004 4452 testa-

424 4502 535 4544 tur.
562 4488 833 4545 Praeterea
871 4489 1038 4545 alium
1080 4488 1323 4543 codicem
1375 4488 1894 4558 praestantissimum
1935 4502 1999 4542 ex

425 4581 651 4636 Oriente
680 4597 867 4638 secum
910 4582 1095 4636 attulit
1121 4579 1348 4635 Michael
1382 4580 1623 4634 Encman
1665 4578 1900 4645 Sueeus,
1937 4579 2005 4633 de

426 4689 537 4742 quo
564 4673 683 4729 fuse
728 4673 986 4729 edisserit
1021 4671 1262 4727 Joannes
1292 4673 1554 4728 Albertns
1588 4672 1873 4727 Fabricius
1905 4670 2007 4741 (6).

428 4766 602 4821 Etiam
628 4766 965 4822 Bibliotheca
990 4767 1253 4821 Vaticana
1290 4766 1475 4835 plures
1507 4765 1860 4834 suppeditare
1888 4779 2008 4835 pos-

430 4869 515 4915 set
575 4860 821 4925 codices,
882 4861 1071 4929 utiqne
1124 4875 1230 4912 non
1262 4838 1645 4927 spernendos;
1677 4872 1817 4925 quos
1861 4856 2007 4909 inter

429 4962 620 5008 uolatu
650 4955 846 5024 dignus
896 4951 1170 5023 praecipue
1221 4962 1329 5013 est,
1378 4952 1470 5019 qui
1528 4967 1676 5002 ιιιιιιι.
1746 4946 1883 5001 1447
1931 4946 2008 5001 si-

504 5160 580 5224 (1)
626 5158 691 5212 In
724 5160 1183 5229 Chronographia.

504 5233 583 5293 (‘2)
621 5230 869 5284 Alexind.
903 5223 1002 5283 liii.
1036 5223 1129 5292 'xv,
1168 5243 1289 5297 pag.
1318 5227 1445 5281 490.
1470 5225 1601 5278 edit.
1625 5223 1761 5297 Reg.

506 5301 584 5363 (3)
628 5301 701 5353 Ile
740 5301 1025 5353 Historicis
1060 5294 1258 5353 Gra‘cis
1287 5299 1379 5351 ltb.
1417 5312 1479 5361 tt,
1511 5312 1630 5362 cap.
1661 5294 1752 5346 27.

504 5371 580 5437 (4)
610 5370 767 5424 Tom.
813 5370 875 5433 V,
910 5385 1029 5437 pag.
1064 5370 1151 5421 51.

505 5435 583 5506 (5)
609 5435 923 5492 ΒιὺιὶυιΙιεεξ
948 5435 1148 5496 selert..
1177 5448 1307 5492 tom.
1343 5435 1381 5497 Ι,
1416 5451 1534 5504 pag.
1560 5435 1645 5506 lii).

503 5502 582 5582 (6)
624 5509 875 5564 Biblioth.
914 5508 1122 5571 (ἐι-(ιτα,
1158 5510 1262 5562 vol.
1294 5502 1561 5575 Vll,‘pag.
1592 5502 1717 5555 «161.

2102 462 2341 519 guatur;
2373 455 2576 508 etenim
2604 453 2885 509 Pachumii
2918 453 3202 521 cujusdam
3237 456 3489 509 monachi
3524 459 3685 512 scho-

2106 546 2174 600 lia
2220 554 2274 600 et
2322 546 2707 602 adnotationes
2750 548 2802 601 in
2843 546 3121 617 Euthynii
3167 546 3483 615 PanOpIiam
3535 566 3686 605 com-

2104 637 2384 705 plectitur.
2436 636 2664 692 Demum
2719 636 3163 692 animadvertere
3202 638 3360 706 juvat
3410 637 3683 709 Panoplize

2104 727 2323 781 titulum
2390 745 2553 792 χχιιι,
2595 729 2685 783 ubi
2733 729 2800 783 de
2838 728 3133 798 Bogomilis
3179 729 3382 797 agitur,
3448 733 3680 786 searsim

2103 818 2461 889 descriptum,
2509 820 2677 873 veluti
2730 820 3063 889 singularem
3122 819 3369 872 libellum
3408 824 3683 890 reperisse

2105 910 2156 962 in
2189 911 2375 965 codice
2415 910 2710 965 Bodleiano
2736 909 2860 964 Joh.
2907 911 3368 981 Christophorum
3402 911 3682 980 Wolfium,

2101 1014 2155 1056 et
2184 1003 2314 1056 hinc
2352 1002 2424 1055 ita
2466 1004 2617 1058 illum
2641 1004 2879 1058 edidisse
2914 1004 3102 1059 Graece
3127 1013 3180 1058 et
3208 1004 3402 1059 Latine
3427 1008 3479 1058 in
3512 1005 3687 1061 histo-

2106 1097 2183 1149 ria
2216 1095 2648 1164 Bogomilorum,
2702 1096 3096 1152 eruditissimis
3145 1098 3292 1152 nolis
3329 1098 3684 1153 illustratum.

2172 1211 2257 1266 ΙΙΙ.
2293 1211 2497 1267 Prteter
2529 1211 2873 1282 Pan0pliam,
2927 1212 3255 1280 Euthymius
3298 1214 3468 1268 multa
3517 1214 3684 1268 etiam

2101 1303 2207 1356 alia
2246 1302 2477 1372 digessit
2515 1317 2703 1373 opera,
2757 1303 3030 1372 praecipue
3073 1304 3126 1356 in
3186 1317 3377 1359 sacras
3422 1304 3678 1359 Litteras.

2102 1395 2565 1449 Commentarium
2627 1396 2680 1448 in
2733 1409 2925 1448 onmes
2975 1393 3245 1454 Psalmos.
3277 1405 3330 1449 et
3391 1396 3445 1449 in
3510 1411 3681 1450 sacra:

2102 1483 2398 1550 Scriptum
2423 1485 2650 1539 Cantica
2682 1484 2939 1539 Latinum
2973 1483 3099 1539 fecit
3147 1484 3432 1554 Philippus
3482 1486 3682 1542 Saulus

2101 1576 2392 1645 episcopus
2420 1575 2839 1645 Brngnatensis,
2870 1585 2926 1631 et
2961 1585 3084 1645 post
3114 1575 3237 1643 ejus
3279 1576 3490 1630 obitum
3541 1577 3684 1631 hanc

2104 1666 2411 1721 versionem
2454 1665 2717 1721 Paulinus
2764 1665 2809 1720 Τ
2815 1667 3042 1721 urchins
3090 1668 3301 1722 ordinis
3356 1666 3685 1722 Praulicato-

2104 1774 2223 1812 rum
2244 1756 2894 1828 vulgavitVeronte‘anno
2915 1760 3211 1830 1550,qua:
3233 1760 3439 1829 pluries
3462 1760 3681 1824 deinde,

2102 1865 2318 1920 semper
2358 1860 2539 1906 tamen
2572 1853 2690 1906 sine
2734 1851 2922 1907 Graeco
2969 1862 3119 1907 textu
3171 1854 3271 1919 (τι),
3331 1869 3525 1908 recusa
3574 1862 3681 1909 est.

2104 1941 2461 1997 Solummodo
2495 1943 2897 2013 praefationem,
2957 1958 3065 2013 qua
3110 1954 3301 1999 auctor
3340 1944 3407 1998 de
3457 1955 3676 2007 natura,

2104 2049 2230 2098 usu,
2268 2048 2458 2104 scepo,
2489 2034 2782 2104 multiplici
2822 2035 3167 2090 Psalmornm
3209 2051 3426 2103 genere.
3473 2036 3681 2091 obscu-

2102 2127 2286 2189 ritate,
2334 2127 2615 2196 variisque
2641 2127 2989 2181 versionihns
3022 2125 3231 2181 Graecis
3266 2126 3553 2195 diligenter
3582 2126 3683 2179 ad-

2104 2214 2323 2266 modum
2367 2215 2636 2285 disputat,
2701 2215 2890 2271 Grazce
2945 2225 3000 2272 et
3047 2216 3244 2272 Latine
3305 2217 3510 2287 publici
3541 2216 3684 2284 juris

2106 2302 2233 2357 fecit
2282 2304 2594 2375 Stephanus
2640 2306 2889 2378 Moynius
2921 2307 3020 2375 (7).
3051 2306 3283 2376 Scripsit
3324 2308 3490 2361 etiam
3521 2306 3685 2360 Com-

2105 2397 2431 2450 mentatium
2483 2397 2537 2452 in
2569 2406 2808 2467 quatuor
2839 2399 3132 2466 Evangelia
3162 2413 3223 2451 ex
3261 2398 3677 2467 Chrysostomo,

2103 2489 2226 2542 aliis
2248 2504 2353 2557 que
2376 2489 2625 2543 Patrihus
2643 2491 3058 2553 concinnatum,
3074 2505 3136 2541 ex
3163 2503 3272 2556 quo
3291 2488 3406 2541 loca
3426 2488 3672 2555 quaedam

2102 2580 2287 2637 Graece
2305 2582 2474 2638 edidit
2496 2581 2805 2637 Riehardus
2835 2579 3112 2635 Simonius
3136 2579 3212 2650 (8)
3236 2599 3247 2633 :
3274 2588 3503 2648 etquem
3533 2578 3675 2631 inte-

2102 2690 2255 2741 grum
2288 2675 2549 2733 habemus
2607 2674 2985 2729 tantummodo
3037 2672 3287 2727 Latinum
3324 2687 3390 2726 ex
3421 2669 3677 2724 versione

2100 2767 2327 2823 Joannis
2359 2767 2637 2832 Hentenii,
2668 2769 2874 2823 editum
2907 2766 3132 2821 Lovauii
3195 2780 3342 2817 anno
3391 2763 3552 2823 15M,
3616 2776 3681 2814 ac

2104 2850 2302 2918 deinde
2332 2878 2581 2918 recnsum
2615 2862 2811 2917 iterum
2838 2863 3147 2929 iterumque
3177 2856 3407 2912 diversis
3432 2855 3485 2908 in
3519 2845 3677 2917 locis.

2102 2954 2328 3009 Graecus
2360 2955 2526 3023 hujus
2558 2955 2947 3011 Commentarii
2982 2964 3167 3009 tenus
3192 2957 3371 3003 exstat
3400 2948 3452 2999 in
3489 2947 3678 2999 codice

2102 3048 2367 3100 Vaticano
2407 3047 2534 3113 665,
2583 3062 2813 3101 mancus
2864 3054 3069 3111 tamen,
3123 3047 3249 3114 quia
3287 3046 3425 3098 duos
3463 3052 3674 3094 tantum

2106 3139 2317 3205 priores
2374 3139 2741 3208 evangelistas
2792 3138 3181 3207 complectitur
3248 3134 3557 3188 Matthzmlm
3622 3141 3679 3183 et

2104 3228 2371 3284 Marcum.
2416 3230 2739 3299 Explanatio
2768 3230 3016 3297 quaedam
3050 3230 3103 3281 in
3135 3226 3419 3281 Canticum
3467 3223 3680 3277 Zacha-

2105 3318 2385 3386 riremjute
2418 3318 2470 3371 in
2524 3319 2717 3373 codice
2773 3316 3043 3370 Vaticano
3088 3316 3191 3370 669
3238 3314 3343 3369 sub
3400 3311 3675 3383 Euthymii

2103 3410 2323 3461 nomine
2357 3408 2629 3479 descripta
2675 3409 2968 3476 reperitur,
3011 3422 3077 3460 an
3117 3421 3242 3474 pars
3276 3406 3346 3460 sit
3388 3405 3679 3457 Commen-

2104 3498 2229 3551 tarii
2281 3498 2330 3550 in
2369 3496 2721 3567 Evangelium
2773 3497 2952 3562 Luem,
2995 3511 3062 3550 an
3100 3496 3283 3565 potius
3336 3493 3479 3547 aliud
3514 3507 3679 3562 pecu-

2104 3592 2236 3644 liare
2297 3590 2622 3659 opusculum
2687 3589 2820 3643 mihi
2882 3604 3025 3642 nunc
3080 3597 3233 3641 certo
3279 3602 3382 3640 non
3438 3590 3674 3639 constat.

2106 3683 2233 3737 Item
2271 3682 2324 3736 in
2354 3681 2615 3749 epistolas
2643 3680 2799 3734 Pauli
2830 3680 3298 3736 Commentarium
3327 3695 3393 3734 ex
3421 3677 3677 3732 Patrihus

2103 3772 2348 3828 Studiose
2380 3771 2707 3842 Euthymius
2740 3772 2982 3841 collegit,
3019 3771 3177 3841 cujus
3233 3770 3457 3825 Grzecus
3506 3768 3679 3824 codex

2104 3865 2156 3918 in
2213 3864 2400 3917 eadem
2437 3860 2699 3916 Vaticana
2757 3864 3080 3919 bibliotheca
3115 3877 3269 3918 num.
3307 3862 3411 3915 636
3458 3868 3678 3915 notatus

2105 3962 2445 4008 asservatur.
2478 3951 2527 4006 Is
2567 3969 2665 4008 nec
2712 3953 2921 4020 Grmce,
2979 3969 3077 4009 nec
3130 3953 3327 4009 Latine
3358 3953 3540 4007 editus
3570 3960 3675 4011 est,

2105 4047 2210 4101 nisi
2245 4061 2415 4116 pauca
2444 4046 2690 4115 quanlam
2735 4049 2994 4119 excipias,
3036 4064 3158 4118 quae
3187 4063 3248 4102 ex
3273 4041 3677 4101 Commentario

2107 4139 2159 4192 in
2196 4137 2490 4207 Epistolam
2528 4139 2593 4191 ad
2639 4136 2984 4192 Timotheum
3022 4138 3189 4191 atTert'
3216 4152 3282 4191 ex
3314 4135 3503 4189 eodem
3538 4130 3679 4183 forte

2100 4228 2288 4281 codice
2322 4229 2428 4282 Leo
2460 4229 2696 4280 Allatins
2745 4229 2845 4298 (9).
2909 4228 3150 4280 Tandem
3205 4225 3477 4295 Epistolas
3510 4222 3675 4276 etiam

2100 4318 2411 4371 Catholii-as
2473 4332 2575 4369 suo
2638 4316 3046 4370 Commentario
3100 4316 3483 4370 adOrnavet-at.
3540 4318 3678 4359 195m

2104 4408 2398 4463 Guillelmo
2431 4407 2630 4461 Caveio
2673 4406 2811 4474 (10),
2839 4406 2932 4461 sed
2961 4405 3080 4474 ejus
3126 4405 3311 4457 nullus
3359 4399 3489 4452 mihi
3530 4396 3680 4450 Gra-

2106 4514 2203 4553 cns
2237 4498 2405 4551 codex
2442 4497 2755 4551 innotescit.

2180 4585 2267 4639 IV.
2303 4585 2461 4639 Hisce
2493 4585 2670 4645 libris.
2701 4587 2792 4653 qui
2840 4583 3112 4653 Euthymii
3167 4595 3381 4635 sacram
3411 4578 3679 4631 eruditio-

2107 4691 2231 4730 nem
2268 4683 2560 4739 testantur,
2614 4675 2800 4743 plures
2842 4673 3135 4736 accedunt,
3188 4686 3254 4725 ex
3309 4668 3510 4738 quibus
3562 4667 3681 4736 ejus

2105 4766 2285 4822 elucet
2317 4766 2594 4836 ingenium
2628 4774 2685 4820 et
2722 4764 3057 4835 eloquentia.
3090 4762 3302 4816 Etenim
3354 4760 3685 4829 disputatio-

2109 4872 2228 4911 nem
2265 4857 2558 4927 quamdam
2592 4857 2763 4911 edidit
2799 4857 2866 4910 de
2897 4856 2999 4909 fide
3027 4870 3150 4909 cum
3183 4853 3462 4907 Saraceno
3498 4852 3682 4922 philo-

2108 4950 2280 5018 sopho
2311 4951 2363 5003 in
2392 4951 2525 5004 urbe
2550 4949 2911 5020 Cappadocia
2940 4947 3193 5003 Melitene
3224 4945 3488 5011 habitam,
3517 4957 3681 5015 quam

2189 5158 2265 5224 (7)
2311 5158 2435 5215 Var.
2474 5162 2652 5225 Suria,
2685 5172 2816 5217 tom.
2850 5162 2887 5215 1.
2926 5175 3047 5229 pag.
3085 5156 3206 5212 150.

2189 5223 2265 5297 (8)
2306 5231 2447 5286 Hist.
2484 5223 2654 5288 critic.
2701 5232 2836 5287 Novi
2869 5223 3094 5286 Testdm.
3134 5230 3229 5283 lib.
3285 5243 3323 5294 I,
3378 5240 3497 5296 pag.
3557 5223 3682 5290 “0,

2113 5298 2252 5364 H5;
2287 5302 2378 5353 lib.
2408 5322 2487 5369 ιιι,
2522 5323 2641 5375 pttg.
2676 5304 2761 5358 34.

2293 5374 2376 5451 De
2414 5364 2713 5451 interstitiis
2760 5374 2948 5451 Ordin.
2986 5369 3412 5451 apnd‘C'rarcos,
3452 5381 3505 5433 ιι.

2184 5435 2297 5517 (10)
2330 5448 2533 5503 Hister.
2565 5449 2729 5502 litter.
2761 5435 3030 5509 scriptor:
3051 5444 3367 5502 ecclesias!”
3403 5451 3526 5507 pag.
3556 5435 3682 5490 567.

494 5710 565 5773 (a)
591 5708 848 5761 Prodierat
872 5717 1034 5761 tamen
1056 5709 1282 5761 Venetiis
1301 5722 1426 5759 anno
1455 5706 1589 5769 1765,
1619 5721 1728 5758 cum
1754 5704 2102 5768 'l'hcopllylaCli
2126 5699 2378 5764 UPCI‘WUS.
2410 5706 2463 5748 Cl
2486 5699 2591 5749 “TC
2610 5694 2860 5746 δυνίιιοδίιι
2897 5692 3165 5755 Ροὲείυίυε
3211 5677 3560 5773 “(tntiljf‘jf

3283 5747 3394 5793 liut‘r
3445 5743 3592 5791 l'arn.
