  <div class='ocr_page' id='page_1' title='image "/cluster/home/n/w/nwhite01/storage/ocr_20150623/128/hvd.32044073502403/018.png"; bbox 0 0 4082 6212; ppageno 0'>
   <div class='ocr_carea' id='block_1_1' title="bbox 370 338 1958 408">
    <p class='ocr_par' dir='ltr' id='par_1_1' title="bbox 370 343 1958 408">
     <span class='ocr_line' id='line_1_1' title="bbox 370 343 1958 408; baseline -0.003 0"><span class='ocrx_word' id='word_1_1' title='bbox 370 346 444 408; x_wconf 74' lang='grc'><strong>25</strong></span> <span class='ocrx_word' id='word_1_2' title='bbox 1703 343 1958 405; x_wconf 66' lang='grc' dir='ltr'><strong>ΡΒΟΙΕ1</strong></span> 
     </span>
    </p>
   </div>
   <div class='ocr_carea' id='block_1_2' title="bbox 2064 338 3637 408">
    <p class='ocr_par' dir='ltr' id='par_1_2' title="bbox 2064 338 3637 404">
     <span class='ocr_line' id='line_1_2' title="bbox 2064 338 3637 404; baseline 0.001 -3"><span class='ocrx_word' id='word_1_3' title='bbox 2064 342 2224 404; x_wconf 79' lang='grc' dir='ltr'><strong>ΜΕΝ</strong></span> <span class='ocrx_word' id='word_1_4' title='bbox 2231 345 2278 402; x_wconf 83' lang='grc' dir='ltr'><strong>Α</strong></span> <span class='ocrx_word' id='word_1_5' title='bbox 3563 338 3637 402; x_wconf 71' lang='lat'><strong>26</strong></span> 
     </span>
    </p>
   </div>
   <div class='ocr_carea' id='block_1_3' title="bbox 373 453 1942 528">
    <p class='ocr_par' dir='ltr' id='par_1_3' title="bbox 373 453 1942 528">
     <span class='ocr_line' id='line_1_3' title="bbox 373 453 1942 528; baseline -0.001 -15"><span class='ocrx_word' id='word_1_6' title='bbox 373 458 536 513; x_wconf 88' lang='lat' dir='ltr'><strong>habet</strong></span> <span class='ocrx_word' id='word_1_7' title='bbox 568 454 797 512; x_wconf 66' lang='lat' dir='ltr'><strong>Graecus</strong></span> <span class='ocrx_word' id='word_1_8' title='bbox 846 453 1146 513; x_wconf 83' lang='lat' dir='ltr'><strong>Vaticanus</strong></span> <span class='ocrx_word' id='word_1_9' title='bbox 1178 459 1346 512; x_wconf 79' lang='lat' dir='ltr'><strong>codex</strong></span> <span class='ocrx_word' id='word_1_10' title='bbox 1381 457 1488 514; x_wconf 70' lang='lat'><strong>952</strong></span> <span class='ocrx_word' id='word_1_11' title='bbox 1527 457 1639 528; x_wconf 85' lang='lat' dir='ltr'><strong>(ll)</strong></span> <span class='ocrx_word' id='word_1_12' title='bbox 1693 469 1749 513; x_wconf 93' lang='lat' dir='ltr'><strong>et</strong></span> <span class='ocrx_word' id='word_1_13' title='bbox 1801 474 1942 528; x_wconf 71' lang='lat' dir='ltr'><strong>quae,</strong></span> 
     </span>
    </p>
   </div>
   <div class='ocr_carea' id='block_1_4' title="bbox 374 545 1949 615">
    <p class='ocr_par' dir='ltr' id='par_1_4' title="bbox 374 545 1949 615">
     <span class='ocr_line' id='line_1_4' title="bbox 374 545 1949 615; baseline -0.002 -13"><span class='ocrx_word' id='word_1_14' title='bbox 374 556 514 602; x_wconf 88' lang='lat' dir='ltr'><strong>teste</strong></span> <span class='ocrx_word' id='word_1_15' title='bbox 549 545 848 600; x_wconf 85' lang='lat' dir='ltr'><strong>Lambecio</strong></span> <span class='ocrx_word' id='word_1_16' title='bbox 902 545 1040 615; x_wconf 68' lang='lat'><strong>(12).</strong></span> <span class='ocrx_word' id='word_1_17' title='bbox 1093 557 1411 603; x_wconf 86' lang='lat' dir='ltr'><strong>asservatur</strong></span> <span class='ocrx_word' id='word_1_18' title='bbox 1445 549 1610 602; x_wconf 88' lang='lat' dir='ltr'><strong>etiam</strong></span> <span class='ocrx_word' id='word_1_19' title='bbox 1656 549 1709 602; x_wconf 94' lang='lat' dir='ltr'><strong>in</strong></span> <span class='ocrx_word' id='word_1_20' title='bbox 1757 548 1949 602; x_wconf 63' lang='lat' dir='ltr'><strong>Graeco</strong></span> 
     </span>
    </p>
   </div>
   <div class='ocr_carea' id='block_1_5' title="bbox 370 637 1953 696">
    <p class='ocr_par' dir='ltr' id='par_1_5' title="bbox 370 637 1953 696">
     <span class='ocr_line' id='line_1_5' title="bbox 370 637 1953 696; baseline 0.002 -3"><span class='ocrx_word' id='word_1_21' title='bbox 370 639 562 694; x_wconf 80' lang='lat' dir='ltr'><strong>codice</strong></span> <span class='ocrx_word' id='word_1_22' title='bbox 611 638 958 693; x_wconf 64' lang='lat' dir='ltr'><strong>bibliothecas</strong></span> <span class='ocrx_word' id='word_1_23' title='bbox 993 637 1464 695; x_wconf 78' lang='lat' dir='ltr'><strong>Vindobonensis.</strong></span> <span class='ocrx_word' id='word_1_24' title='bbox 1521 640 1792 696; x_wconf 68' lang='lat' dir='ltr'><strong>Praeterea</strong></span> <span class='ocrx_word' id='word_1_25' title='bbox 1849 642 1953 696; x_wconf 81' lang='lat' dir='ltr'><strong>sub</strong></span> 
     </span>
    </p>
   </div>
   <div class='ocr_carea' id='block_1_6' title="bbox 371 729 1954 801">
    <p class='ocr_par' dir='ltr' id='par_1_6' title="bbox 371 729 1954 801">
     <span class='ocr_line' id='line_1_6' title="bbox 371 729 1954 801; baseline 0.002 -19"><span class='ocrx_word' id='word_1_26' title='bbox 371 729 619 801; x_wconf 69' lang='lat' dir='ltr'><strong>ejusdem</strong></span> <span class='ocrx_word' id='word_1_27' title='bbox 653 732 882 786; x_wconf 84' lang='lat' dir='ltr'><strong>nomine</strong></span> <span class='ocrx_word' id='word_1_28' title='bbox 914 731 1161 785; x_wconf 87' lang='lat' dir='ltr'><strong>occurrit</strong></span> <span class='ocrx_word' id='word_1_29' title='bbox 1195 733 1247 785; x_wconf 91' lang='lat' dir='ltr'><strong>in</strong></span> <span class='ocrx_word' id='word_1_30' title='bbox 1285 730 1552 786; x_wconf 84' lang='lat' dir='ltr'><strong>Vaticano</strong></span> <span class='ocrx_word' id='word_1_31' title='bbox 1608 734 1795 788; x_wconf 81' lang='lat' dir='ltr'><strong>codice</strong></span> <span class='ocrx_word' id='word_1_32' title='bbox 1847 733 1954 786; x_wconf 70' lang='lat'><strong>820</strong></span> 
     </span>
    </p>
   </div>
   <div class='ocr_carea' id='block_1_7' title="bbox 374 822 1948 894">
    <p class='ocr_par' dir='ltr' id='par_1_7' title="bbox 374 822 1948 894">
     <span class='ocr_line' id='line_1_7' title="bbox 374 822 1948 894; baseline 0.001 -18"><span class='ocrx_word' id='word_1_33' title='bbox 374 825 487 894; x_wconf 79' lang='lat' dir='ltr'><strong>(l3)</strong></span> <span class='ocrx_word' id='word_1_34' title='bbox 515 825 718 884; x_wconf 83' lang='lat' dir='ltr'><strong>oratio.</strong></span> <span class='ocrx_word' id='word_1_35' title='bbox 749 822 913 891; x_wconf 83' lang='lat' dir='ltr'><strong>cujus</strong></span> <span class='ocrx_word' id='word_1_36' title='bbox 943 823 1108 877; x_wconf 84' lang='lat' dir='ltr'><strong>etiam</strong></span> <span class='ocrx_word' id='word_1_37' title='bbox 1147 824 1396 878; x_wconf 83' lang='lat' dir='ltr'><strong>meminit</strong></span> <span class='ocrx_word' id='word_1_38' title='bbox 1442 823 1673 878; x_wconf 84' lang='lat' dir='ltr'><strong>Allatius</strong></span> <span class='ocrx_word' id='word_1_39' title='bbox 1720 825 1832 892; x_wconf 73' lang='grc'><strong>(14)</strong></span> <span class='ocrx_word' id='word_1_40' title='bbox 1864 826 1948 878; x_wconf 90' lang='lat' dir='ltr'><strong>in-</strong></span> 
     </span>
    </p>
   </div>
   <div class='ocr_carea' id='block_1_8' title="bbox 371 914 1953 987">
    <p class='ocr_par' dir='ltr' id='par_1_8' title="bbox 371 914 1953 987">
     <span class='ocr_line' id='line_1_8' title="bbox 371 914 1953 987; baseline 0 -17"><span class='ocrx_word' id='word_1_41' title='bbox 371 915 580 982; x_wconf 85' lang='lat' dir='ltr'><strong>scripta</strong></span> <span class='ocrx_word' id='word_1_42' title='bbox 613 931 629 967; x_wconf 91' lang='lat'><strong>:</strong></span> <span class='ocrx_word' id='word_1_43' title='bbox 675 914 988 984; x_wconf 82' lang='grc' dir='ltr'>Ἒγκὼμιον</span> <span class='ocrx_word' id='word_1_44' title='bbox 1019 915 1099 978; x_wconf 77' lang='grc' dir='ltr'><strong>εἰς</strong></span> <span class='ocrx_word' id='word_1_45' title='bbox 1123 914 1225 984; x_wconf 81' lang='grc' dir='ltr'><strong>τὴν</strong></span> <span class='ocrx_word' id='word_1_46' title='bbox 1258 917 1630 985; x_wconf 70' lang='grc' dir='ltr'><strong>προσκύνησιν</strong></span> <span class='ocrx_word' id='word_1_47' title='bbox 1650 917 1747 985; x_wconf 84' lang='grc' dir='ltr'><strong>τῆς</strong></span> <span class='ocrx_word' id='word_1_48' title='bbox 1783 917 1953 987; x_wconf 83' lang='grc' dir='ltr'>ὑπερ-</span> 
     </span>
    </p>
   </div>
   <div class='ocr_carea' id='block_1_9' title="bbox 369 1007 1954 1077">
    <p class='ocr_par' dir='ltr' id='par_1_9' title="bbox 369 1007 1954 1077">
     <span class='ocr_line' id='line_1_9' title="bbox 369 1007 1954 1077; baseline 0.002 -17"><span class='ocrx_word' id='word_1_49' title='bbox 369 1009 540 1076; x_wconf 77' lang='grc' dir='ltr'><strong>αγέας</strong></span> <span class='ocrx_word' id='word_1_50' title='bbox 599 1007 892 1070; x_wconf 82' lang='grc' dir='ltr'><strong>Θεοτόκου,</strong></span> <span class='ocrx_word' id='word_1_51' title='bbox 953 1007 1049 1061; x_wconf 79' lang='grc' dir='ltr'><strong>καὶ</strong></span> <span class='ocrx_word' id='word_1_52' title='bbox 1111 1010 1192 1069; x_wconf 79' lang='grc' dir='ltr'><strong>εἰς</strong></span> <span class='ocrx_word' id='word_1_53' title='bbox 1237 1007 1308 1060; x_wconf 78' lang='grc' dir='ltr'><strong>τὰ</strong></span> <span class='ocrx_word' id='word_1_54' title='bbox 1348 1008 1599 1076; x_wconf 79' lang='grc' dir='ltr'><strong>ὲγκαίνια</strong></span> <span class='ocrx_word' id='word_1_55' title='bbox 1647 1009 1748 1077; x_wconf 79' lang='grc' dir='ltr'><strong>τῆς</strong></span> <span class='ocrx_word' id='word_1_56' title='bbox 1795 1010 1954 1077; x_wconf 78' lang='grc' dir='ltr'>ἁγίας</span> 
     </span>
    </p>
   </div>
   <div class='ocr_carea' id='block_1_10' title="bbox 368 1099 1956 1170">
    <p class='ocr_par' dir='ltr' id='par_1_10' title="bbox 368 1099 1956 1170">
     <span class='ocr_line' id='line_1_10' title="bbox 368 1099 1956 1170; baseline 0.002 -18"><span class='ocrx_word' id='word_1_57' title='bbox 368 1101 542 1170; x_wconf 73' lang='grc' dir='ltr'><strong>αὐτῆς</strong></span> <span class='ocrx_word' id='word_1_58' title='bbox 587 1099 753 1169; x_wconf 82' lang='grc' dir='ltr'><strong>σοροῦ</strong></span> <span class='ocrx_word' id='word_1_59' title='bbox 795 1101 894 1168; x_wconf 80' lang='grc' dir='ltr'><strong>τῆς</strong></span> <span class='ocrx_word' id='word_1_60' title='bbox 929 1101 989 1152; x_wconf 80' lang='grc' dir='ltr'><strong>ὲν</strong></span> <span class='ocrx_word' id='word_1_61' title='bbox 1027 1100 1492 1170; x_wconf 82' lang='grc' dir='ltr'><strong>Χαλκοπρατίοις.</strong></span> <span class='ocrx_word' id='word_1_62' title='bbox 1547 1099 1859 1154; x_wconf 82' lang='lat' dir='ltr'><strong>Encomium</strong></span> <span class='ocrx_word' id='word_1_63' title='bbox 1891 1103 1956 1155; x_wconf 84' lang='lat' dir='ltr'><strong>de</strong></span> 
     </span>
    </p>
   </div>
   <div class='ocr_carea' id='block_1_11' title="bbox 369 1190 1956 1260">
    <p class='ocr_par' dir='ltr' id='par_1_11' title="bbox 369 1190 1956 1260">
     <span class='ocr_line' id='line_1_11' title="bbox 369 1190 1956 1260; baseline 0.003 -17"><span class='ocrx_word' id='word_1_64' title='bbox 369 1190 516 1244; x_wconf 78' lang='lat' dir='ltr'><strong>cultu</strong></span> <span class='ocrx_word' id='word_1_65' title='bbox 555 1191 882 1244; x_wconf 71' lang='lat' dir='ltr'><strong>beatissima:</strong></span> <span class='ocrx_word' id='word_1_66' title='bbox 919 1191 1167 1260; x_wconf 68' lang='lat' dir='ltr'><strong>Deipara&#39;</strong></span> <span class='ocrx_word' id='word_1_67' title='bbox 1205 1193 1531 1260; x_wconf 51' lang='lat' dir='ltr'><strong>praestando,</strong></span> <span class='ocrx_word' id='word_1_68' title='bbox 1560 1203 1608 1246; x_wconf 86' lang='lat' dir='ltr'><strong>et</strong></span> <span class='ocrx_word' id='word_1_69' title='bbox 1640 1193 1706 1246; x_wconf 87' lang='lat' dir='ltr'><strong>de</strong></span> <span class='ocrx_word' id='word_1_70' title='bbox 1736 1195 1956 1248; x_wconf 80' lang='lat' dir='ltr'><strong>dedica-</strong></span> 
     </span>
    </p>
   </div>
   <div class='ocr_carea' id='block_1_12' title="bbox 367 1284 1954 1353">
    <p class='ocr_par' dir='ltr' id='par_1_12' title="bbox 367 1284 1954 1353">
     <span class='ocr_line' id='line_1_12' title="bbox 367 1284 1954 1353; baseline 0.004 -18"><span class='ocrx_word' id='word_1_71' title='bbox 367 1285 513 1336; x_wconf 83' lang='lat' dir='ltr'><strong>tione</strong></span> <span class='ocrx_word' id='word_1_72' title='bbox 560 1291 758 1336; x_wconf 76' lang='lat' dir='ltr'><strong>sancte:</strong></span> <span class='ocrx_word' id='word_1_73' title='bbox 797 1285 913 1350; x_wconf 84' lang='lat' dir='ltr'><strong>ejus</strong></span> <span class='ocrx_word' id='word_1_74' title='bbox 950 1284 1082 1345; x_wconf 87' lang='lat' dir='ltr'><strong>sori,</strong></span> <span class='ocrx_word' id='word_1_75' title='bbox 1131 1300 1250 1353; x_wconf 67' lang='lat' dir='ltr'><strong>qua:</strong></span> <span class='ocrx_word' id='word_1_76' title='bbox 1303 1295 1381 1337; x_wconf 86' lang='lat' dir='ltr'><strong>est</strong></span> <span class='ocrx_word' id='word_1_77' title='bbox 1443 1287 1495 1337; x_wconf 82' lang='lat' dir='ltr'><strong>in</strong></span> <span class='ocrx_word' id='word_1_78' title='bbox 1545 1285 1954 1352; x_wconf 79' lang='lat' dir='ltr'><strong>(.‘Itafcopratiis.</strong></span> 
     </span>
    </p>
   </div>
   <div class='ocr_carea' id='block_1_13' title="bbox 372 1375 1956 1446">
    <p class='ocr_par' dir='ltr' id='par_1_13' title="bbox 372 1375 1956 1446">
     <span class='ocr_line' id='line_1_13' title="bbox 372 1375 1956 1446; baseline 0.002 -18"><span class='ocrx_word' id='word_1_79' title='bbox 372 1375 579 1429; x_wconf 61' lang='lat' dir='ltr'><strong>Sancta</strong></span> <span class='ocrx_word' id='word_1_80' title='bbox 625 1390 787 1428; x_wconf 85' lang='lat' dir='ltr'><strong>sorus</strong></span> <span class='ocrx_word' id='word_1_81' title='bbox 831 1377 911 1428; x_wconf 86' lang='lat' dir='ltr'><strong>vel</strong></span> <span class='ocrx_word' id='word_1_82' title='bbox 968 1390 1158 1430; x_wconf 83' lang='lat' dir='ltr'><strong>saneta</strong></span> <span class='ocrx_word' id='word_1_83' title='bbox 1217 1377 1372 1430; x_wconf 83' lang='lat' dir='ltr'><strong>theca</strong></span> <span class='ocrx_word' id='word_1_84' title='bbox 1431 1377 1812 1446; x_wconf 77' lang='lat' dir='ltr'><strong>appellabatur</strong></span> <span class='ocrx_word' id='word_1_85' title='bbox 1844 1389 1956 1431; x_wconf 87' lang='lat' dir='ltr'><strong>tum</strong></span> 
     </span>
    </p>
   </div>
   <div class='ocr_carea' id='block_1_14' title="bbox 373 1469 1959 1539">
    <p class='ocr_par' dir='ltr' id='par_1_14' title="bbox 373 1469 1959 1539">
     <span class='ocr_line' id='line_1_14' title="bbox 373 1469 1959 1539; baseline 0.004 -19"><span class='ocrx_word' id='word_1_86' title='bbox 373 1484 544 1538; x_wconf 82' lang='lat' dir='ltr'><strong>capsa</strong></span> <span class='ocrx_word' id='word_1_87' title='bbox 604 1469 763 1537; x_wconf 88' lang='lat' dir='ltr'><strong>ipsa,</strong></span> <span class='ocrx_word' id='word_1_88' title='bbox 829 1483 936 1537; x_wconf 90' lang='lat' dir='ltr'><strong>qua</strong></span> <span class='ocrx_word' id='word_1_89' title='bbox 1011 1471 1181 1522; x_wconf 82' lang='lat' dir='ltr'><strong>vestis</strong></span> <span class='ocrx_word' id='word_1_90' title='bbox 1240 1479 1292 1522; x_wconf 84' lang='lat' dir='ltr'><strong>et</strong></span> <span class='ocrx_word' id='word_1_91' title='bbox 1353 1469 1557 1524; x_wconf 88' lang='lat' dir='ltr'><strong>lodices</strong></span> <span class='ocrx_word' id='word_1_92' title='bbox 1626 1471 1959 1539; x_wconf 83' lang='lat' dir='ltr'><strong>sepulcrales</strong></span> 
     </span>
    </p>
   </div>
   <div class='ocr_carea' id='block_1_15' title="bbox 374 1553 1958 1626">
    <p class='ocr_par' dir='ltr' id='par_1_15' title="bbox 374 1553 1958 1626">
     <span class='ocr_line' id='line_1_15' title="bbox 374 1553 1958 1626; baseline 0.005 -19"><span class='ocrx_word' id='word_1_93' title='bbox 374 1553 441 1607; x_wconf 83' lang='lat' dir='ltr'><strong>B.</strong></span> <span class='ocrx_word' id='word_1_94' title='bbox 507 1554 685 1608; x_wconf 64' lang='lat' dir='ltr'><strong>Mariae</strong></span> <span class='ocrx_word' id='word_1_95' title='bbox 751 1553 995 1625; x_wconf 76' lang='lat' dir='ltr'><strong>Virginis</strong></span> <span class='ocrx_word' id='word_1_96' title='bbox 1055 1557 1520 1622; x_wconf 89' lang='lat' dir='ltr'><strong>continebantur,</strong></span> <span class='ocrx_word' id='word_1_97' title='bbox 1601 1569 1717 1614; x_wconf 89' lang='lat' dir='ltr'><strong>tum</strong></span> <span class='ocrx_word' id='word_1_98' title='bbox 1792 1559 1958 1626; x_wconf 36' lang='lat' dir='ltr'><strong>ardes,</strong></span> 
     </span>
    </p>
   </div>
   <div class='ocr_carea' id='block_1_16' title="bbox 375 1647 1961 1719">
    <p class='ocr_par' dir='ltr' id='par_1_16' title="bbox 375 1647 1961 1719">
     <span class='ocr_line' id='line_1_16' title="bbox 375 1647 1961 1719; baseline 0.004 -19"><span class='ocrx_word' id='word_1_99' title='bbox 375 1649 430 1701; x_wconf 91' lang='lat' dir='ltr'><strong>in</strong></span> <span class='ocrx_word' id='word_1_100' title='bbox 468 1662 575 1714; x_wconf 90' lang='lat' dir='ltr'><strong>qua</strong></span> <span class='ocrx_word' id='word_1_101' title='bbox 611 1647 874 1716; x_wconf 71' lang='lat' dir='ltr'><strong>depositae</strong></span> <span class='ocrx_word' id='word_1_102' title='bbox 920 1647 1028 1702; x_wconf 60' lang='lat' dir='ltr'><strong>illae</strong></span> <span class='ocrx_word' id='word_1_103' title='bbox 1077 1650 1322 1719; x_wconf 65' lang='lat' dir='ltr'><strong>reliquiae</strong></span> <span class='ocrx_word' id='word_1_104' title='bbox 1351 1651 1798 1707; x_wconf 90' lang='lat' dir='ltr'><strong>asscrvabantur.</strong></span> <span class='ocrx_word' id='word_1_105' title='bbox 1832 1653 1961 1707; x_wconf 63' lang='lat' dir='ltr'><strong>Duas</strong></span> 
     </span>
    </p>
   </div>
   <div class='ocr_carea' id='block_1_17' title="bbox 370 1738 1946 1812">
    <p class='ocr_par' dir='ltr' id='par_1_17' title="bbox 370 1738 1946 1812">
     <span class='ocr_line' id='line_1_17' title="bbox 370 1738 1946 1812; baseline 0.005 -22"><span class='ocrx_word' id='word_1_106' title='bbox 370 1751 555 1792; x_wconf 87' lang='lat' dir='ltr'><strong>autem</strong></span> <span class='ocrx_word' id='word_1_107' title='bbox 582 1747 741 1793; x_wconf 81' lang='lat' dir='ltr'><strong>erant</strong></span> <span class='ocrx_word' id='word_1_108' title='bbox 769 1738 850 1793; x_wconf 64' lang='lat' dir='ltr'><strong>ba:</strong></span> <span class='ocrx_word' id='word_1_109' title='bbox 874 1740 1066 1803; x_wconf 47' lang='lat' dir='ltr'><strong>theca),</strong></span> <span class='ocrx_word' id='word_1_110' title='bbox 1103 1741 1274 1795; x_wconf 90' lang='lat' dir='ltr'><strong>altera</strong></span> <span class='ocrx_word' id='word_1_111' title='bbox 1307 1741 1360 1795; x_wconf 91' lang='lat' dir='ltr'><strong>in</strong></span> <span class='ocrx_word' id='word_1_112' title='bbox 1389 1743 1503 1796; x_wconf 66' lang='lat' dir='ltr'><strong>aede</strong></span> <span class='ocrx_word' id='word_1_113' title='bbox 1540 1741 1946 1812; x_wconf 81' lang='lat' dir='ltr'><strong>Blacbernensi,</strong></span> 
     </span>
    </p>
   </div>
   <div class='ocr_carea' id='block_1_18' title="bbox 372 1833 1956 1908">
    <p class='ocr_par' dir='ltr' id='par_1_18' title="bbox 372 1833 1956 1908">
     <span class='ocr_line' id='line_1_18' title="bbox 372 1833 1956 1908; baseline 0.005 -22"><span class='ocrx_word' id='word_1_114' title='bbox 372 1833 802 1902; x_wconf 84' lang='lat' dir='ltr'><strong>&#39;lheopbanouis</strong></span> <span class='ocrx_word' id='word_1_115' title='bbox 839 1833 1097 1903; x_wconf 58' lang='lat' dir='ltr'><strong>Augustae</strong></span> <span class='ocrx_word' id='word_1_116' title='bbox 1128 1835 1390 1905; x_wconf 56' lang='lat' dir='ltr'><strong>reliqione</strong></span> <span class='ocrx_word' id='word_1_117' title='bbox 1435 1837 1635 1908; x_wconf 87' lang='lat' dir='ltr'><strong>inclyta</strong></span> <span class='ocrx_word' id='word_1_118' title='bbox 1681 1837 1820 1908; x_wconf 82' lang='grc'><strong>(15),</strong></span> <span class='ocrx_word' id='word_1_119' title='bbox 1865 1839 1956 1894; x_wconf 84' lang='lat' dir='ltr'><strong>ubi</strong></span> 
     </span>
    </p>
   </div>
   <div class='ocr_carea' id='block_1_19' title="bbox 370 1926 1953 1998">
    <p class='ocr_par' dir='ltr' id='par_1_19' title="bbox 370 1926 1953 1998">
     <span class='ocr_line' id='line_1_19' title="bbox 370 1926 1953 1998; baseline 0.002 -18"><span class='ocrx_word' id='word_1_120' title='bbox 370 1926 785 1994; x_wconf 80' lang='lat' dir='ltr'><strong>0tu0phoriutn,</strong></span> <span class='ocrx_word' id='word_1_121' title='bbox 847 1941 943 1981; x_wconf 87' lang='lat' dir='ltr'><strong>seu</strong></span> <span class='ocrx_word' id='word_1_122' title='bbox 987 1928 1168 1980; x_wconf 81' lang='lat' dir='ltr'><strong>velum</strong></span> <span class='ocrx_word' id='word_1_123' title='bbox 1207 1928 1453 1998; x_wconf 66' lang='lat' dir='ltr'><strong>Deiparaa</strong></span> <span class='ocrx_word' id='word_1_124' title='bbox 1509 1932 1953 1996; x_wconf 74' lang='lat' dir='ltr'><strong>custodiebatur,</strong></span> 
     </span>
    </p>
   </div>
   <div class='ocr_carea' id='block_1_20' title="bbox 371 2017 1953 2093">
    <p class='ocr_par' dir='ltr' id='par_1_20' title="bbox 371 2017 1953 2093">
     <span class='ocr_line' id='line_1_20' title="bbox 371 2017 1953 2093; baseline 0.004 -20"><span class='ocrx_word' id='word_1_125' title='bbox 371 2021 546 2074; x_wconf 87' lang='lat' dir='ltr'><strong>altera</strong></span> <span class='ocrx_word' id='word_1_126' title='bbox 593 2021 648 2072; x_wconf 93' lang='lat' dir='ltr'><strong>in</strong></span> <span class='ocrx_word' id='word_1_127' title='bbox 710 2019 826 2073; x_wconf 74' lang='lat' dir='ltr'><strong>aede</strong></span> <span class='ocrx_word' id='word_1_128' title='bbox 887 2020 1060 2074; x_wconf 64' lang='lat' dir='ltr'><strong>beatae</strong></span> <span class='ocrx_word' id='word_1_129' title='bbox 1120 2017 1359 2089; x_wconf 70' lang='lat' dir='ltr'><strong>Virgin‘s</strong></span> <span class='ocrx_word' id='word_1_130' title='bbox 1417 2021 1953 2093; x_wconf 84' lang='lat' dir='ltr'><strong>Chalcopratiorum,</strong></span> 
     </span>
    </p>
   </div>
   <div class='ocr_carea' id='block_1_21' title="bbox 370 2111 1958 2184">
    <p class='ocr_par' dir='ltr' id='par_1_21' title="bbox 370 2111 1958 2184">
     <span class='ocr_line' id='line_1_21' title="bbox 370 2111 1958 2184; baseline 0.003 -18"><span class='ocrx_word' id='word_1_131' title='bbox 370 2111 463 2166; x_wconf 89' lang='lat' dir='ltr'><strong>ubi</strong></span> <span class='ocrx_word' id='word_1_132' title='bbox 498 2119 711 2165; x_wconf 61' lang='lat' dir='ltr'><strong>cmteree</strong></span> <span class='ocrx_word' id='word_1_133' title='bbox 736 2121 918 2165; x_wconf 84' lang='lat' dir='ltr'><strong>vestes</strong></span> <span class='ocrx_word' id='word_1_134' title='bbox 968 2121 1022 2166; x_wconf 86' lang='lat' dir='ltr'><strong>et</strong></span> <span class='ocrx_word' id='word_1_135' title='bbox 1049 2111 1234 2166; x_wconf 64' lang='lat' dir='ltr'><strong>fasciae</strong></span> <span class='ocrx_word' id='word_1_136' title='bbox 1280 2114 1536 2184; x_wconf 74' lang='lat' dir='ltr'><strong>religiose</strong></span> <span class='ocrx_word' id='word_1_137' title='bbox 1572 2118 1958 2172; x_wconf 85' lang='lat' dir='ltr'><strong>custodieban-</strong></span> 
     </span>
    </p>
   </div>
   <div class='ocr_carea' id='block_1_22' title="bbox 367 2197 1954 2271">
    <p class='ocr_par' dir='ltr' id='par_1_22' title="bbox 367 2197 1954 2271">
     <span class='ocr_line' id='line_1_22' title="bbox 367 2197 1954 2271; baseline 0.004 -18"><span class='ocrx_word' id='word_1_138' title='bbox 367 2208 482 2254; x_wconf 91' lang='lat' dir='ltr'><strong>tur.</strong></span> <span class='ocrx_word' id='word_1_139' title='bbox 515 2197 635 2252; x_wconf 82' lang='lat' dir='ltr'><strong>Jam</strong></span> <span class='ocrx_word' id='word_1_140' title='bbox 665 2200 903 2268; x_wconf 84' lang='lat' dir='ltr'><strong>quisque</strong></span> <span class='ocrx_word' id='word_1_141' title='bbox 938 2201 1213 2271; x_wconf 77' lang='lat' dir='ltr'><strong>intelligit,</strong></span> <span class='ocrx_word' id='word_1_142' title='bbox 1270 2210 1384 2256; x_wconf 88' lang='lat' dir='ltr'><strong>tum</strong></span> <span class='ocrx_word' id='word_1_143' title='bbox 1441 2204 1792 2269; x_wconf 84' lang='lat' dir='ltr'><strong>Blachernas,</strong></span> <span class='ocrx_word' id='word_1_144' title='bbox 1842 2218 1954 2260; x_wconf 91' lang='lat' dir='ltr'><strong>tum</strong></span> 
     </span>
    </p>
   </div>
   <div class='ocr_carea' id='block_1_23' title="bbox 371 2292 1956 2359">
    <p class='ocr_par' dir='ltr' id='par_1_23' title="bbox 371 2292 1956 2359">
     <span class='ocr_line' id='line_1_23' title="bbox 371 2292 1956 2359; baseline 0.004 -14"><span class='ocrx_word' id='word_1_145' title='bbox 371 2292 789 2359; x_wconf 76' lang='lat' dir='ltr'><strong>Cbaleopratios</strong></span> <span class='ocrx_word' id='word_1_146' title='bbox 819 2293 1042 2346; x_wconf 86' lang='lat' dir='ltr'><strong>nomina</strong></span> <span class='ocrx_word' id='word_1_147' title='bbox 1073 2309 1197 2348; x_wconf 92' lang='lat' dir='ltr'><strong>esse</strong></span> <span class='ocrx_word' id='word_1_148' title='bbox 1220 2295 1464 2348; x_wconf 84' lang='lat' dir='ltr'><strong>lucorqu</strong></span> <span class='ocrx_word' id='word_1_149' title='bbox 1503 2298 1656 2352; x_wconf 86' lang='lat' dir='ltr'><strong>urbis</strong></span> <span class='ocrx_word' id='word_1_150' title='bbox 1680 2299 1956 2354; x_wconf 87' lang='lat' dir='ltr'><strong>Constan-</strong></span> 
     </span>
    </p>
   </div>
   <div class='ocr_carea' id='block_1_24' title="bbox 380 2383 1956 2460">
    <p class='ocr_par' dir='ltr' id='par_1_24' title="bbox 380 2383 1956 2460">
     <span class='ocr_line' id='line_1_24' title="bbox 380 2383 1956 2460; baseline 0.008 -26"><span class='ocrx_word' id='word_1_151' title='bbox 380 2383 706 2450; x_wconf 89' lang='lat' dir='ltr'><strong>tinopoleos,</strong></span> <span class='ocrx_word' id='word_1_152' title='bbox 758 2383 814 2437; x_wconf 92' lang='lat' dir='ltr'><strong>in</strong></span> <span class='ocrx_word' id='word_1_153' title='bbox 852 2386 1053 2451; x_wconf 88' lang='lat' dir='ltr'><strong>quibus</strong></span> <span class='ocrx_word' id='word_1_154' title='bbox 1087 2400 1246 2439; x_wconf 81' lang='lat' dir='ltr'><strong>saera</strong></span> <span class='ocrx_word' id='word_1_155' title='bbox 1303 2387 1417 2442; x_wconf 67' lang='lat' dir='ltr'><strong>haec</strong></span> <span class='ocrx_word' id='word_1_156' title='bbox 1466 2389 1664 2457; x_wconf 82' lang='lat' dir='ltr'><strong>templa</strong></span> <span class='ocrx_word' id='word_1_157' title='bbox 1713 2391 1956 2460; x_wconf 75' lang='lat' dir='ltr'><strong>Deipara:</strong></span> 
     </span>
    </p>
   </div>
   <div class='ocr_carea' id='block_1_25' title="bbox 374 2474 1954 2548">
    <p class='ocr_par' dir='ltr' id='par_1_25' title="bbox 374 2474 1954 2548">
     <span class='ocr_line' id='line_1_25' title="bbox 374 2474 1954 2548; baseline 0.006 -20"><span class='ocrx_word' id='word_1_158' title='bbox 374 2474 628 2530; x_wconf 85' lang='lat' dir='ltr'><strong>dedicata</strong></span> <span class='ocrx_word' id='word_1_159' title='bbox 685 2477 1072 2545; x_wconf 78' lang='lat' dir='ltr'><strong>assurgebant.</strong></span> <span class='ocrx_word' id='word_1_160' title='bbox 1153 2475 1446 2548; x_wconf 82' lang='lat' dir='ltr'><strong>Disputant</strong></span> <span class='ocrx_word' id='word_1_161' title='bbox 1503 2482 1706 2536; x_wconf 88' lang='lat' dir='ltr'><strong>eruditi</strong></span> <span class='ocrx_word' id='word_1_162' title='bbox 1772 2499 1842 2537; x_wconf 89' lang='lat' dir='ltr'><strong>an</strong></span> <span class='ocrx_word' id='word_1_163' title='bbox 1901 2485 1954 2538; x_wconf 90' lang='lat' dir='ltr'><strong>hi</strong></span> 
     </span>
    </p>
   </div>
   <div class='ocr_carea' id='block_1_26' title="bbox 369 2568 1954 2642">
    <p class='ocr_par' dir='ltr' id='par_1_26' title="bbox 369 2568 1954 2642">
     <span class='ocr_line' id='line_1_26' title="bbox 369 2568 1954 2642; baseline 0.006 -19"><span class='ocrx_word' id='word_1_164' title='bbox 369 2568 744 2636; x_wconf 87' lang='lat' dir='ltr'><strong>Chalcopratii</strong></span> <span class='ocrx_word' id='word_1_165' title='bbox 795 2570 950 2624; x_wconf 91' lang='lat' dir='ltr'><strong>vicus</strong></span> <span class='ocrx_word' id='word_1_166' title='bbox 981 2569 1230 2638; x_wconf 87' lang='lat' dir='ltr'><strong>quidam,</strong></span> <span class='ocrx_word' id='word_1_167' title='bbox 1264 2587 1362 2627; x_wconf 88' lang='lat' dir='ltr'><strong>seu</strong></span> <span class='ocrx_word' id='word_1_168' title='bbox 1396 2573 1573 2642; x_wconf 82' lang='lat' dir='ltr'><strong>platea</strong></span> <span class='ocrx_word' id='word_1_169' title='bbox 1624 2575 1852 2641; x_wconf 82' lang='lat' dir='ltr'><strong>fuerint,</strong></span> <span class='ocrx_word' id='word_1_170' title='bbox 1899 2579 1954 2632; x_wconf 90' lang='lat' dir='ltr'><strong>in</strong></span> 
     </span>
    </p>
   </div>
   <div class='ocr_carea' id='block_1_27' title="bbox 371 2661 1958 2738">
    <p class='ocr_par' dir='ltr' id='par_1_27' title="bbox 371 2661 1958 2738">
     <span class='ocr_line' id='line_1_27' title="bbox 371 2661 1958 2738; baseline 0.008 -24"><span class='ocrx_word' id='word_1_171' title='bbox 371 2661 574 2730; x_wconf 88' lang='lat' dir='ltr'><strong>quibus</strong></span> <span class='ocrx_word' id='word_1_172' title='bbox 603 2662 813 2716; x_wconf 62' lang='lat' dir='ltr'><strong>ararim</strong></span> <span class='ocrx_word' id='word_1_173' title='bbox 859 2663 1093 2717; x_wconf 67' lang='lat' dir='ltr'><strong>ofﬁcina:</strong></span> <span class='ocrx_word' id='word_1_174' title='bbox 1137 2665 1256 2718; x_wconf 64' lang='lat' dir='ltr'><strong>sitae</strong></span> <span class='ocrx_word' id='word_1_175' title='bbox 1283 2675 1491 2728; x_wconf 82' lang='lat' dir='ltr'><strong>essent,</strong></span> <span class='ocrx_word' id='word_1_176' title='bbox 1543 2682 1612 2722; x_wconf 89' lang='lat' dir='ltr'><strong>an</strong></span> <span class='ocrx_word' id='word_1_177' title='bbox 1650 2669 1834 2738; x_wconf 83' lang='lat' dir='ltr'><strong>potius</strong></span> <span class='ocrx_word' id='word_1_178' title='bbox 1883 2671 1958 2726; x_wconf 89' lang='lat' dir='ltr'><strong>le-</strong></span> 
     </span>
    </p>
   </div>
   <div class='ocr_carea' id='block_1_28' title="bbox 371 2753 1956 2826">
    <p class='ocr_par' dir='ltr' id='par_1_28' title="bbox 371 2753 1956 2826">
     <span class='ocr_line' id='line_1_28' title="bbox 371 2753 1956 2826; baseline 0.009 -25"><span class='ocrx_word' id='word_1_179' title='bbox 371 2755 610 2822; x_wconf 68' lang='lat' dir='ltr'><strong>gentium</strong></span> <span class='ocrx_word' id='word_1_180' title='bbox 644 2754 718 2808; x_wconf 88' lang='lat' dir='ltr'><strong>sit</strong></span> <span class='ocrx_word' id='word_1_181' title='bbox 745 2753 1142 2822; x_wconf 86' lang='lat' dir='ltr'><strong>Chartopratii,</strong></span> <span class='ocrx_word' id='word_1_182' title='bbox 1173 2755 1357 2826; x_wconf 89' lang='lat' dir='ltr'><strong>ibique</strong></span> <span class='ocrx_word' id='word_1_183' title='bbox 1381 2757 1690 2813; x_wconf 85' lang='lat' dir='ltr'><strong>cbartarias</strong></span> <span class='ocrx_word' id='word_1_184' title='bbox 1709 2760 1956 2816; x_wconf 89' lang='lat' dir='ltr'><strong>olIicinas</strong></span> 
     </span>
    </p>
   </div>
   <div class='ocr_carea' id='block_1_29' title="bbox 369 2843 1953 2916">
    <p class='ocr_par' dir='ltr' id='par_1_29' title="bbox 369 2843 1953 2916">
     <span class='ocr_line' id='line_1_29' title="bbox 369 2843 1953 2916; baseline 0.004 -18"><span class='ocrx_word' id='word_1_185' title='bbox 369 2845 659 2898; x_wconf 78' lang='lat' dir='ltr'><strong>exstitisse</strong></span> <span class='ocrx_word' id='word_1_186' title='bbox 712 2843 1065 2899; x_wconf 80' lang='lat' dir='ltr'><strong>arbitremur.</strong></span> <span class='ocrx_word' id='word_1_187' title='bbox 1118 2843 1318 2899; x_wconf 85' lang='lat' dir='ltr'><strong>Verum</strong></span> <span class='ocrx_word' id='word_1_188' title='bbox 1377 2849 1735 2916; x_wconf 64' lang='lat' dir='ltr'><strong>qumsdonem</strong></span> <span class='ocrx_word' id='word_1_189' title='bbox 1792 2852 1953 2916; x_wconf 91' lang='lat' dir='ltr'><strong>hanc,</strong></span> 
     </span>
    </p>
   </div>
   <div class='ocr_carea' id='block_1_30' title="bbox 367 2936 1953 3014">
    <p class='ocr_par' dir='ltr' id='par_1_30' title="bbox 367 2936 1953 3014">
     <span class='ocr_line' id='line_1_30' title="bbox 367 2936 1953 3014; baseline 0.005 -24"><span class='ocrx_word' id='word_1_190' title='bbox 367 2945 568 3007; x_wconf 79' lang='lat' dir='ltr'><strong>utpote</strong></span> <span class='ocrx_word' id='word_1_191' title='bbox 593 2936 721 2991; x_wconf 84' lang='lat' dir='ltr'><strong>huic</strong></span> <span class='ocrx_word' id='word_1_192' title='bbox 755 2937 874 2992; x_wconf 93' lang='lat' dir='ltr'><strong>loco</strong></span> <span class='ocrx_word' id='word_1_193' title='bbox 915 2937 1101 2993; x_wconf 91' lang='lat' dir='ltr'><strong>minus</strong></span> <span class='ocrx_word' id='word_1_194' title='bbox 1157 2949 1550 3008; x_wconf 88' lang='lat' dir='ltr'><strong>opportunam,</strong></span> <span class='ocrx_word' id='word_1_195' title='bbox 1600 2941 1778 2998; x_wconf 88' lang='lat' dir='ltr'><strong>libens</strong></span> <span class='ocrx_word' id='word_1_196' title='bbox 1814 2960 1953 3014; x_wconf 81' lang='lat' dir='ltr'><strong>prae-</strong></span> 
     </span>
    </p>
   </div>
   <div class='ocr_carea' id='block_1_31' title="bbox 374 3027 1954 3108">
    <p class='ocr_par' dir='ltr' id='par_1_31' title="bbox 374 3027 1954 3108">
     <span class='ocr_line' id='line_1_31' title="bbox 374 3027 1954 3108; baseline 0.007 -27"><span class='ocrx_word' id='word_1_197' title='bbox 374 3030 698 3083; x_wconf 82' lang='lat' dir='ltr'><strong>termittam.</strong></span> <span class='ocrx_word' id='word_1_198' title='bbox 730 3027 843 3084; x_wconf 84' lang='lat' dir='ltr'><strong>Nec</strong></span> <span class='ocrx_word' id='word_1_199' title='bbox 876 3029 1088 3086; x_wconf 90' lang='lat' dir='ltr'><strong>diutius</strong></span> <span class='ocrx_word' id='word_1_200' title='bbox 1121 3031 1530 3088; x_wconf 87' lang='lat' dir='ltr'><strong>immorandum</strong></span> <span class='ocrx_word' id='word_1_201' title='bbox 1577 3051 1796 3108; x_wconf 81' lang='lat' dir='ltr'><strong>quoque</strong></span> <span class='ocrx_word' id='word_1_202' title='bbox 1829 3037 1954 3107; x_wconf 82' lang='lat' dir='ltr'><strong>opi-</strong></span> 
     </span>
    </p>
   </div>
   <div class='ocr_carea' id='block_1_32' title="bbox 378 3120 1958 3201">
    <p class='ocr_par' dir='ltr' id='par_1_32' title="bbox 378 3120 1958 3201">
     <span class='ocr_line' id='line_1_32' title="bbox 378 3120 1958 3201; baseline 0.008 -26"><span class='ocrx_word' id='word_1_203' title='bbox 378 3135 486 3175; x_wconf 87' lang='lat' dir='ltr'><strong>nor</strong></span> <span class='ocrx_word' id='word_1_204' title='bbox 516 3120 568 3174; x_wconf 89' lang='lat' dir='ltr'><strong>in</strong></span> <span class='ocrx_word' id='word_1_205' title='bbox 601 3121 965 3190; x_wconf 84' lang='lat' dir='ltr'><strong>perquirendo</strong></span> <span class='ocrx_word' id='word_1_206' title='bbox 991 3123 1127 3180; x_wconf 66' lang='lat' dir='ltr'><strong>aedis</strong></span> <span class='ocrx_word' id='word_1_207' title='bbox 1179 3124 1344 3194; x_wconf 87' lang='lat' dir='ltr'><strong>hujus</strong></span> <span class='ocrx_word' id='word_1_208' title='bbox 1395 3129 1702 3196; x_wconf 74' lang='lat' dir='ltr'><strong>conditore,</strong></span> <span class='ocrx_word' id='word_1_209' title='bbox 1747 3133 1815 3185; x_wconf 90' lang='lat' dir='ltr'><strong>de</strong></span> <span class='ocrx_word' id='word_1_210' title='bbox 1847 3147 1958 3201; x_wconf 88' lang='lat' dir='ltr'><strong>quo</strong></span> 
     </span>
    </p>
   </div>
   <div class='ocr_carea' id='block_1_33' title="bbox 378 3213 1956 3291">
    <p class='ocr_par' dir='ltr' id='par_1_33' title="bbox 378 3213 1956 3291">
     <span class='ocr_line' id='line_1_33' title="bbox 378 3213 1956 3291; baseline 0.008 -27"><span class='ocrx_word' id='word_1_211' title='bbox 378 3228 490 3265; x_wconf 89' lang='lat' dir='ltr'><strong>non</strong></span> <span class='ocrx_word' id='word_1_212' title='bbox 517 3213 655 3266; x_wconf 86' lang='lat' dir='ltr'><strong>bene</strong></span> <span class='ocrx_word' id='word_1_213' title='bbox 683 3213 828 3268; x_wconf 89' lang='lat' dir='ltr'><strong>inter</strong></span> <span class='ocrx_word' id='word_1_214' title='bbox 858 3228 917 3268; x_wconf 89' lang='lat' dir='ltr'><strong>se</strong></span> <span class='ocrx_word' id='word_1_215' title='bbox 941 3216 1280 3270; x_wconf 88' lang='lat' dir='ltr'><strong>conveniunt</strong></span> <span class='ocrx_word' id='word_1_216' title='bbox 1320 3218 1602 3288; x_wconf 83' lang='lat' dir='ltr'><strong>Byzantini</strong></span> <span class='ocrx_word' id='word_1_217' title='bbox 1635 3221 1956 3291; x_wconf 78' lang='lat' dir='ltr'><strong>scriptorcs;</strong></span> 
     </span>
    </p>
   </div>
   <div class='ocr_carea' id='block_1_34' title="bbox 372 3303 1960 3373">
    <p class='ocr_par' dir='ltr' id='par_1_34' title="bbox 372 3303 1960 3373">
     <span class='ocr_line' id='line_1_34' title="bbox 372 3303 1960 3373; baseline 0.008 -17"><span class='ocrx_word' id='word_1_218' title='bbox 372 3303 434 3356; x_wconf 79' lang='lat' dir='ltr'><strong>id</strong></span> <span class='ocrx_word' id='word_1_219' title='bbox 476 3318 646 3357; x_wconf 90' lang='lat' dir='ltr'><strong>unum</strong></span> <span class='ocrx_word' id='word_1_220' title='bbox 683 3303 845 3359; x_wconf 91' lang='lat' dir='ltr'><strong>modo</strong></span> <span class='ocrx_word' id='word_1_221' title='bbox 879 3304 1015 3359; x_wconf 87' lang='lat' dir='ltr'><strong>satis</strong></span> <span class='ocrx_word' id='word_1_222' title='bbox 1060 3307 1132 3361; x_wconf 91' lang='lat' dir='ltr'><strong>sit</strong></span> <span class='ocrx_word' id='word_1_223' title='bbox 1176 3308 1494 3373; x_wconf 88' lang='lat' dir='ltr'><strong>adnotasse,</strong></span> <span class='ocrx_word' id='word_1_224' title='bbox 1544 3327 1739 3368; x_wconf 76' lang='lat' dir='ltr'><strong>omnes</strong></span> <span class='ocrx_word' id='word_1_225' title='bbox 1794 3314 1846 3367; x_wconf 91' lang='lat' dir='ltr'><strong>in</strong></span> <span class='ocrx_word' id='word_1_226' title='bbox 1894 3330 1960 3370; x_wconf 91' lang='lat' dir='ltr'><strong>co</strong></span> 
     </span>
    </p>
   </div>
   <div class='ocr_carea' id='block_1_35' title="bbox 375 3394 1960 3470">
    <p class='ocr_par' dir='ltr' id='par_1_35' title="bbox 375 3394 1960 3470">
     <span class='ocr_line' id='line_1_35' title="bbox 375 3394 1960 3470; baseline 0.009 -26"><span class='ocrx_word' id='word_1_227' title='bbox 375 3394 710 3458; x_wconf 87' lang='lat' dir='ltr'><strong>convenire,</strong></span> <span class='ocrx_word' id='word_1_228' title='bbox 786 3397 1051 3465; x_wconf 86' lang='lat' dir='ltr'><strong>templum</strong></span> <span class='ocrx_word' id='word_1_229' title='bbox 1130 3399 1236 3452; x_wconf 87' lang='lat' dir='ltr'><strong>hoc</strong></span> <span class='ocrx_word' id='word_1_230' title='bbox 1298 3400 1588 3470; x_wconf 88' lang='lat' dir='ltr'><strong>antiquius</strong></span> <span class='ocrx_word' id='word_1_231' title='bbox 1649 3402 1960 3460; x_wconf 88' lang='lat' dir='ltr'><strong>Theodosio</strong></span> 
     </span>
    </p>
   </div>
   <div class='ocr_carea' id='block_1_36' title="bbox 380 3483 1961 3565">
    <p class='ocr_par' dir='ltr' id='par_1_36' title="bbox 380 3483 1961 3565">
     <span class='ocr_line' id='line_1_36' title="bbox 380 3483 1961 3565; baseline 0.009 -27"><span class='ocrx_word' id='word_1_232' title='bbox 380 3483 616 3540; x_wconf 83' lang='lat' dir='ltr'><strong>Juniore</strong></span> <span class='ocrx_word' id='word_1_233' title='bbox 661 3501 768 3540; x_wconf 92' lang='lat' dir='ltr'><strong>non</strong></span> <span class='ocrx_word' id='word_1_234' title='bbox 801 3487 994 3542; x_wconf 88' lang='lat' dir='ltr'><strong>fuisse.</strong></span> <span class='ocrx_word' id='word_1_235' title='bbox 1035 3487 1151 3544; x_wconf 88' lang='lat' dir='ltr'><strong>lloc</strong></span> <span class='ocrx_word' id='word_1_236' title='bbox 1183 3500 1367 3545; x_wconf 91' lang='lat' dir='ltr'><strong>autem</strong></span> <span class='ocrx_word' id='word_1_237' title='bbox 1399 3494 1630 3550; x_wconf 91' lang='lat' dir='ltr'><strong>omnino</strong></span> <span class='ocrx_word' id='word_1_238' title='bbox 1681 3501 1961 3565; x_wconf 71' lang='lat' dir='ltr'><strong>praeterire</strong></span> 
     </span>
    </p>
   </div>
   <div class='ocr_carea' id='block_1_37' title="bbox 375 3574 1959 3652">
    <p class='ocr_par' dir='ltr' id='par_1_37' title="bbox 375 3574 1959 3652">
     <span class='ocr_line' id='line_1_37' title="bbox 375 3574 1959 3652; baseline 0.009 -24"><span class='ocrx_word' id='word_1_239' title='bbox 375 3589 488 3628; x_wconf 90' lang='lat' dir='ltr'><strong>non</strong></span> <span class='ocrx_word' id='word_1_240' title='bbox 520 3574 669 3637; x_wconf 90' lang='lat' dir='ltr'><strong>licet,</strong></span> <span class='ocrx_word' id='word_1_241' title='bbox 691 3575 944 3632; x_wconf 78' lang='lat' dir='ltr'><strong>Alexium</strong></span> <span class='ocrx_word' id='word_1_242' title='bbox 970 3575 992 3629; x_wconf 88' lang='grc' dir='ltr'>Ι</span> <span class='ocrx_word' id='word_1_243' title='bbox 1018 3578 1380 3646; x_wconf 81' lang='lat' dir='ltr'><strong>Comnenum,</strong></span> <span class='ocrx_word' id='word_1_244' title='bbox 1440 3599 1590 3652; x_wconf 89' lang='lat' dir='ltr'><strong>cum,</strong></span> <span class='ocrx_word' id='word_1_245' title='bbox 1630 3589 1828 3642; x_wconf 77' lang='lat' dir='ltr'><strong>terario</strong></span> <span class='ocrx_word' id='word_1_246' title='bbox 1861 3605 1959 3643; x_wconf 81' lang='lat' dir='ltr'><strong>ex-</strong></span> 
     </span>
    </p>
   </div>
   <div class='ocr_carea' id='block_1_38' title="bbox 379 3666 1959 3742">
    <p class='ocr_par' dir='ltr' id='par_1_38' title="bbox 379 3666 1959 3742">
     <span class='ocr_line' id='line_1_38' title="bbox 379 3666 1959 3742; baseline 0.011 -24"><span class='ocrx_word' id='word_1_247' title='bbox 379 3666 604 3732; x_wconf 87' lang='lat' dir='ltr'><strong>hausto,</strong></span> <span class='ocrx_word' id='word_1_248' title='bbox 633 3668 1050 3726; x_wconf 90' lang='lat' dir='ltr'><strong>imminentibus</strong></span> <span class='ocrx_word' id='word_1_249' title='bbox 1087 3671 1306 3742; x_wconf 90' lang='lat' dir='ltr'><strong>imperii</strong></span> <span class='ocrx_word' id='word_1_250' title='bbox 1333 3677 1759 3735; x_wconf 87' lang='lat' dir='ltr'><strong>necessitatibus</strong></span> <span class='ocrx_word' id='word_1_251' title='bbox 1791 3683 1959 3736; x_wconf 83' lang='lat' dir='ltr'><strong>satis-</strong></span> 
     </span>
    </p>
   </div>
   <div class='ocr_carea' id='block_1_39' title="bbox 379 3759 1961 3836">
    <p class='ocr_par' dir='ltr' id='par_1_39' title="bbox 379 3759 1961 3836">
     <span class='ocr_line' id='line_1_39' title="bbox 379 3759 1961 3836; baseline 0.011 -24"><span class='ocrx_word' id='word_1_252' title='bbox 379 3759 566 3815; x_wconf 89' lang='lat' dir='ltr'><strong>facere</strong></span> <span class='ocrx_word' id='word_1_253' title='bbox 621 3777 728 3816; x_wconf 93' lang='lat' dir='ltr'><strong>non</strong></span> <span class='ocrx_word' id='word_1_254' title='bbox 766 3774 974 3831; x_wconf 87' lang='lat' dir='ltr'><strong>posset,</strong></span> <span class='ocrx_word' id='word_1_255' title='bbox 1017 3776 1305 3836; x_wconf 77' lang='lat' dir='ltr'><strong>argenteas</strong></span> <span class='ocrx_word' id='word_1_256' title='bbox 1347 3770 1556 3834; x_wconf 86' lang='lat' dir='ltr'><strong>valvas,</strong></span> <span class='ocrx_word' id='word_1_257' title='bbox 1613 3788 1677 3827; x_wconf 87' lang='lat' dir='ltr'><strong>ac</strong></span> <span class='ocrx_word' id='word_1_258' title='bbox 1716 3789 1842 3828; x_wconf 86' lang='lat' dir='ltr'><strong>vasa</strong></span> <span class='ocrx_word' id='word_1_259' title='bbox 1873 3776 1961 3830; x_wconf 91' lang='lat' dir='ltr'><strong>in-</strong></span> 
     </span>
    </p>
   </div>
   <div class='ocr_carea' id='block_1_40' title="bbox 379 3855 1958 3936">
    <p class='ocr_par' dir='ltr' id='par_1_40' title="bbox 379 3855 1958 3936">
     <span class='ocr_line' id='line_1_40' title="bbox 379 3855 1958 3936; baseline 0.01 -30"><span class='ocrx_word' id='word_1_260' title='bbox 379 3868 544 3922; x_wconf 87' lang='lat' dir='ltr'><strong>super</strong></span> <span class='ocrx_word' id='word_1_261' title='bbox 579 3855 841 3908; x_wconf 87' lang='lat' dir='ltr'><strong>nonnulla</strong></span> <span class='ocrx_word' id='word_1_262' title='bbox 895 3871 960 3910; x_wconf 80' lang='lat' dir='ltr'><strong>ex</strong></span> <span class='ocrx_word' id='word_1_263' title='bbox 1019 3858 1123 3911; x_wconf 89' lang='lat' dir='ltr'><strong>hoc</strong></span> <span class='ocrx_word' id='word_1_264' title='bbox 1181 3860 1387 3929; x_wconf 91' lang='lat' dir='ltr'><strong>templo</strong></span> <span class='ocrx_word' id='word_1_265' title='bbox 1439 3864 1780 3920; x_wconf 71' lang='lat' dir='ltr'><strong>abstulisse:</strong></span> <span class='ocrx_word' id='word_1_266' title='bbox 1815 3871 1958 3936; x_wconf 91' lang='lat' dir='ltr'><strong>quod</strong></span> 
     </span>
    </p>
   </div>
   <div class='ocr_carea' id='block_1_41' title="bbox 378 3945 1960 4020">
    <p class='ocr_par' dir='ltr' id='par_1_41' title="bbox 378 3945 1960 4020">
     <span class='ocr_line' id='line_1_41' title="bbox 378 3945 1960 4020; baseline 0.011 -25"><span class='ocrx_word' id='word_1_267' title='bbox 378 3957 506 3995; x_wconf 87' lang='lat' dir='ltr'><strong>cum</strong></span> <span class='ocrx_word' id='word_1_268' title='bbox 527 3959 672 4012; x_wconf 70' lang='lat' dir='ltr'><strong>aegre</strong></span> <span class='ocrx_word' id='word_1_269' title='bbox 701 3945 960 4000; x_wconf 88' lang='lat' dir='ltr'><strong>tulissent</strong></span> <span class='ocrx_word' id='word_1_270' title='bbox 992 3948 1252 4012; x_wconf 77' lang='lat' dir='ltr'><strong>cives,’ac</strong></span> <span class='ocrx_word' id='word_1_271' title='bbox 1281 3950 1336 4004; x_wconf 94' lang='lat' dir='ltr'><strong>in</strong></span> <span class='ocrx_word' id='word_1_272' title='bbox 1361 3951 1744 4020; x_wconf 81' lang='lat' dir='ltr'><strong>imperatorem</strong></span> <span class='ocrx_word' id='word_1_273' title='bbox 1779 3973 1960 4012; x_wconf 82' lang='grc' dir='ltr'><strong>ΙΊΙΙΙιο·</strong></span> 
     </span>
    </p>
   </div>
   <div class='ocr_carea' id='block_1_42' title="bbox 380 4035 1962 4114">
    <p class='ocr_par' dir='ltr' id='par_1_42' title="bbox 380 4035 1962 4114">
     <span class='ocr_line' id='line_1_42' title="bbox 380 4035 1962 4114; baseline 0.009 -26"><span class='ocrx_word' id='word_1_274' title='bbox 380 4052 469 4090; x_wconf 80' lang='lat' dir='ltr'><strong>res</strong></span> <span class='ocrx_word' id='word_1_275' title='bbox 491 4035 708 4105; x_wconf 91' lang='lat' dir='ltr'><strong>iniquos</strong></span> <span class='ocrx_word' id='word_1_276' title='bbox 725 4047 1068 4106; x_wconf 73' lang='lat' dir='ltr'><strong>spargerent,</strong></span> <span class='ocrx_word' id='word_1_277' title='bbox 1091 4041 1210 4110; x_wconf 90' lang='lat' dir='ltr'><strong>ipse</strong></span> <span class='ocrx_word' id='word_1_278' title='bbox 1226 4045 1542 4098; x_wconf 88' lang='lat' dir='ltr'><strong>convocatis</strong></span> <span class='ocrx_word' id='word_1_279' title='bbox 1558 4047 1876 4114; x_wconf 89' lang='lat' dir='ltr'><strong>proceribus</strong></span> <span class='ocrx_word' id='word_1_280' title='bbox 1892 4049 1962 4103; x_wconf 91' lang='lat' dir='ltr'><strong>ab</strong></span> 
     </span>
    </p>
   </div>
   <div class='ocr_carea' id='block_1_43' title="bbox 380 4129 1965 4210">
    <p class='ocr_par' dir='ltr' id='par_1_43' title="bbox 380 4129 1965 4210">
     <span class='ocr_line' id='line_1_43' title="bbox 380 4129 1965 4210; baseline 0.009 -30"><span class='ocrx_word' id='word_1_281' title='bbox 380 4129 491 4181; x_wconf 90' lang='lat' dir='ltr'><strong>hoc</strong></span> <span class='ocrx_word' id='word_1_282' title='bbox 513 4129 741 4184; x_wconf 89' lang='lat' dir='ltr'><strong>crimine</strong></span> <span class='ocrx_word' id='word_1_283' title='bbox 766 4145 998 4198; x_wconf 71' lang='lat' dir='ltr'><strong>purgare</strong></span> <span class='ocrx_word' id='word_1_284' title='bbox 1027 4146 1086 4185; x_wconf 89' lang='lat' dir='ltr'><strong>se</strong></span> <span class='ocrx_word' id='word_1_285' title='bbox 1113 4131 1345 4195; x_wconf 92' lang='lat' dir='ltr'><strong>studuit,</strong></span> <span class='ocrx_word' id='word_1_286' title='bbox 1375 4134 1673 4205; x_wconf 73' lang='lat' dir='ltr'><strong>iussitque,</strong></span> <span class='ocrx_word' id='word_1_287' title='bbox 1701 4149 1755 4191; x_wconf 88' lang='lat' dir='ltr'><strong>ut</strong></span> <span class='ocrx_word' id='word_1_288' title='bbox 1777 4139 1828 4192; x_wconf 92' lang='lat' dir='ltr'><strong>in</strong></span> <span class='ocrx_word' id='word_1_289' title='bbox 1862 4155 1965 4210; x_wconf 82' lang='lat' dir='ltr'><strong>po-</strong></span> 
     </span>
    </p>
   </div>
   <div class='ocr_carea' id='block_1_44' title="bbox 381 4222 1965 4298">
    <p class='ocr_par' dir='ltr' id='par_1_44' title="bbox 381 4222 1965 4298">
     <span class='ocr_line' id='line_1_44' title="bbox 381 4222 1965 4298; baseline 0.008 -25"><span class='ocrx_word' id='word_1_290' title='bbox 381 4229 592 4273; x_wconf 87' lang='lat' dir='ltr'><strong>sterum</strong></span> <span class='ocrx_word' id='word_1_291' title='bbox 617 4236 682 4274; x_wconf 78' lang='lat' dir='ltr'><strong>ex</strong></span> <span class='ocrx_word' id='word_1_292' title='bbox 713 4222 912 4275; x_wconf 64' lang='lat' dir='ltr'><strong>aerario</strong></span> <span class='ocrx_word' id='word_1_293' title='bbox 937 4225 1087 4293; x_wconf 73' lang='lat' dir='ltr'><strong>regio</strong></span> <span class='ocrx_word' id='word_1_294' title='bbox 1109 4239 1352 4279; x_wconf 90' lang='lat' dir='ltr'><strong>annuum</strong></span> <span class='ocrx_word' id='word_1_295' title='bbox 1371 4230 1601 4296; x_wconf 76' lang='lat' dir='ltr'><strong>vectigal</strong></span> <span class='ocrx_word' id='word_1_296' title='bbox 1627 4233 1965 4298; x_wconf 89' lang='lat' dir='ltr'><strong>persolvere-</strong></span> 
     </span>
    </p>
   </div>
   <div class='ocr_carea' id='block_1_45' title="bbox 383 4313 1969 4388">
    <p class='ocr_par' dir='ltr' id='par_1_45' title="bbox 383 4313 1969 4388">
     <span class='ocr_line' id='line_1_45' title="bbox 383 4313 1969 4388; baseline 0.011 -24"><span class='ocrx_word' id='word_1_297' title='bbox 383 4321 494 4374; x_wconf 87' lang='lat' dir='ltr'><strong>tur.</strong></span> <span class='ocrx_word' id='word_1_298' title='bbox 521 4321 582 4366; x_wconf 93' lang='lat' dir='ltr'><strong>ut</strong></span> <span class='ocrx_word' id='word_1_299' title='bbox 618 4313 651 4365; x_wconf 89' lang='lat' dir='ltr'><strong>ii</strong></span> <span class='ocrx_word' id='word_1_300' title='bbox 685 4314 986 4376; x_wconf 85' lang='lat' dir='ltr'><strong>alerentur,</strong></span> <span class='ocrx_word' id='word_1_301' title='bbox 1024 4315 1116 4384; x_wconf 86' lang='lat' dir='ltr'><strong>qui</strong></span> <span class='ocrx_word' id='word_1_302' title='bbox 1150 4315 1204 4370; x_wconf 93' lang='lat' dir='ltr'><strong>in</strong></span> <span class='ocrx_word' id='word_1_303' title='bbox 1233 4318 1334 4371; x_wconf 91' lang='lat' dir='ltr'><strong>hac</strong></span> <span class='ocrx_word' id='word_1_304' title='bbox 1354 4318 1599 4388; x_wconf 74' lang='lat' dir='ltr'><strong>Deiparte</strong></span> <span class='ocrx_word' id='word_1_305' title='bbox 1625 4321 1969 4381; x_wconf 70' lang='lat' dir='ltr'><strong>aededivinas</strong></span> 
     </span>
    </p>
   </div>
   <div class='ocr_carea' id='block_1_46' title="bbox 380 4394 1973 4486">
    <p class='ocr_par' dir='ltr' id='par_1_46' title="bbox 380 4394 1973 4486">
     <span class='ocr_line' id='line_1_46' title="bbox 380 4394 1973 4486; baseline 0.011 -30"><span class='ocrx_word' id='word_1_306' title='bbox 380 4404 576 4459; x_wconf 85' lang='lat' dir='ltr'><strong>laudes</strong></span> <span class='ocrx_word' id='word_1_307' title='bbox 606 4405 854 4474; x_wconf 85' lang='lat' dir='ltr'><strong>quotidie</strong></span> <span class='ocrx_word' id='word_1_308' title='bbox 881 4394 1238 4462; x_wconf 87' lang='lat' dir='ltr'><strong>celebrabant</strong></span> <span class='ocrx_word' id='word_1_309' title='bbox 1292 4409 1428 4480; x_wconf 84' lang='grc'><strong>(16).</strong></span> <span class='ocrx_word' id='word_1_310' title='bbox 1469 4411 1552 4465; x_wconf 84' lang='lat' dir='ltr'><strong>Ad</strong></span> <span class='ocrx_word' id='word_1_311' title='bbox 1601 4413 1765 4480; x_wconf 87' lang='lat' dir='ltr'><strong>hujus</strong></span> <span class='ocrx_word' id='word_1_312' title='bbox 1787 4416 1973 4486; x_wconf 88' lang='lat' dir='ltr'><strong>itaque</strong></span> 
     </span>
    </p>
   </div>
   <div class='ocr_carea' id='block_1_47' title="bbox 377 4496 1976 4575">
    <p class='ocr_par' dir='ltr' id='par_1_47' title="bbox 377 4496 1976 4575">
     <span class='ocr_line' id='line_1_47' title="bbox 377 4496 1976 4575; baseline 0.008 -25"><span class='ocrx_word' id='word_1_313' title='bbox 377 4496 568 4564; x_wconf 88' lang='lat' dir='ltr'><strong>templi</strong></span> <span class='ocrx_word' id='word_1_314' title='bbox 598 4496 998 4552; x_wconf 84' lang='lat' dir='ltr'><strong>dedicationem</strong></span> <span class='ocrx_word' id='word_1_315' title='bbox 1025 4498 1257 4567; x_wconf 84' lang='lat' dir='ltr'><strong>pertinet</strong></span> <span class='ocrx_word' id='word_1_316' title='bbox 1285 4503 1635 4572; x_wconf 74' lang='lat' dir='ltr'><strong>panegyrica,</strong></span> <span class='ocrx_word' id='word_1_317' title='bbox 1659 4503 1727 4560; x_wconf 91' lang='lat' dir='ltr'><strong>de</strong></span> <span class='ocrx_word' id='word_1_318' title='bbox 1755 4521 1860 4575; x_wconf 90' lang='lat' dir='ltr'><strong>qua</strong></span> <span class='ocrx_word' id='word_1_319' title='bbox 1890 4508 1976 4562; x_wconf 80' lang='lat' dir='ltr'><strong>lo-</strong></span> 
     </span>
    </p>
   </div>
   <div class='ocr_carea' id='block_1_48' title="bbox 378 4587 1974 4663">
    <p class='ocr_par' dir='ltr' id='par_1_48' title="bbox 378 4587 1974 4663">
     <span class='ocr_line' id='line_1_48' title="bbox 378 4587 1974 4663; baseline 0.011 -25"><span class='ocrx_word' id='word_1_320' title='bbox 378 4588 630 4655; x_wconf 87' lang='lat' dir='ltr'><strong>quimur,</strong></span> <span class='ocrx_word' id='word_1_321' title='bbox 661 4587 940 4660; x_wconf 80' lang='lat' dir='ltr'><strong>Euthymii</strong></span> <span class='ocrx_word' id='word_1_322' title='bbox 975 4589 1176 4654; x_wconf 89' lang='lat' dir='ltr'><strong>oratio,</strong></span> <span class='ocrx_word' id='word_1_323' title='bbox 1201 4590 1254 4644; x_wconf 94' lang='lat' dir='ltr'><strong>in</strong></span> <span class='ocrx_word' id='word_1_324' title='bbox 1279 4607 1410 4660; x_wconf 86' lang='lat' dir='ltr'><strong>qua,</strong></span> <span class='ocrx_word' id='word_1_325' title='bbox 1433 4601 1495 4646; x_wconf 93' lang='lat' dir='ltr'><strong>ut</strong></span> <span class='ocrx_word' id='word_1_326' title='bbox 1525 4609 1588 4649; x_wconf 82' lang='lat' dir='ltr'><strong>ex</strong></span> <span class='ocrx_word' id='word_1_327' title='bbox 1619 4595 1738 4663; x_wconf 86' lang='lat' dir='ltr'><strong>ejus</strong></span> <span class='ocrx_word' id='word_1_328' title='bbox 1771 4597 1974 4654; x_wconf 87' lang='lat' dir='ltr'><strong>inscri-</strong></span> 
     </span>
    </p>
   </div>
   <div class='ocr_carea' id='block_1_49' title="bbox 380 4681 1974 4758">
    <p class='ocr_par' dir='ltr' id='par_1_49' title="bbox 380 4681 1974 4758">
     <span class='ocr_line' id='line_1_49' title="bbox 380 4681 1974 4758; baseline 0.008 -26"><span class='ocrx_word' id='word_1_329' title='bbox 380 4682 574 4749; x_wconf 90' lang='lat' dir='ltr'><strong>ptione</strong></span> <span class='ocrx_word' id='word_1_330' title='bbox 617 4689 856 4741; x_wconf 87' lang='lat' dir='ltr'><strong>constat,</strong></span> <span class='ocrx_word' id='word_1_331' title='bbox 897 4681 1055 4750; x_wconf 89' lang='lat' dir='ltr'><strong>plura</strong></span> <span class='ocrx_word' id='word_1_332' title='bbox 1076 4682 1241 4736; x_wconf 87' lang='lat' dir='ltr'><strong>etiam</strong></span> <span class='ocrx_word' id='word_1_333' title='bbox 1269 4684 1336 4738; x_wconf 91' lang='lat' dir='ltr'><strong>de</strong></span> <span class='ocrx_word' id='word_1_334' title='bbox 1367 4684 1517 4739; x_wconf 79' lang='lat' dir='ltr'><strong>cultu</strong></span> <span class='ocrx_word' id='word_1_335' title='bbox 1556 4687 1798 4756; x_wconf 73' lang='lat' dir='ltr'><strong>Deiparte</strong></span> <span class='ocrx_word' id='word_1_336' title='bbox 1833 4705 1974 4758; x_wconf 70' lang='lat' dir='ltr'><strong>prae-</strong></span> 
     </span>
    </p>
   </div>
   <div class='ocr_carea' id='block_1_50' title="bbox 378 4771 1971 4849">
    <p class='ocr_par' dir='ltr' id='par_1_50' title="bbox 378 4771 1971 4849">
     <span class='ocr_line' id='line_1_50' title="bbox 378 4771 1971 4849; baseline 0.006 -22"><span class='ocrx_word' id='word_1_337' title='bbox 378 4771 582 4827; x_wconf 85' lang='lat' dir='ltr'><strong>stando</strong></span> <span class='ocrx_word' id='word_1_338' title='bbox 613 4772 939 4842; x_wconf 80' lang='lat' dir='ltr'><strong>disputavit.</strong></span> <span class='ocrx_word' id='word_1_339' title='bbox 967 4771 1076 4828; x_wconf 72' lang='lat' dir='ltr'><strong>Nec</strong></span> <span class='ocrx_word' id='word_1_340' title='bbox 1102 4775 1242 4828; x_wconf 90' lang='lat' dir='ltr'><strong>male</strong></span> <span class='ocrx_word' id='word_1_341' title='bbox 1282 4774 1557 4840; x_wconf 84' lang='lat' dir='ltr'><strong>fortassis,</strong></span> <span class='ocrx_word' id='word_1_342' title='bbox 1608 4794 1728 4834; x_wconf 91' lang='lat' dir='ltr'><strong>meo</strong></span> <span class='ocrx_word' id='word_1_343' title='bbox 1750 4782 1971 4849; x_wconf 89' lang='lat' dir='ltr'><strong>quidem</strong></span> 
     </span>
    </p>
   </div>
   <div class='ocr_carea' id='block_1_51' title="bbox 372 4865 1975 4936">
    <p class='ocr_par' dir='ltr' id='par_1_51' title="bbox 372 4865 1975 4936">
     <span class='ocr_line' id='line_1_51' title="bbox 372 4865 1975 4936; baseline 0.009 -20"><span class='ocrx_word' id='word_1_344' title='bbox 372 4865 611 4935; x_wconf 86' lang='lat' dir='ltr'><strong>judicio,</strong></span> <span class='ocrx_word' id='word_1_345' title='bbox 633 4866 909 4934; x_wconf 90' lang='lat' dir='ltr'><strong>conjicere</strong></span> <span class='ocrx_word' id='word_1_346' title='bbox 935 4868 1062 4936; x_wconf 86' lang='lat' dir='ltr'><strong>quis</strong></span> <span class='ocrx_word' id='word_1_347' title='bbox 1110 4875 1316 4936; x_wconf 87' lang='lat' dir='ltr'><strong>posset,</strong></span> <span class='ocrx_word' id='word_1_348' title='bbox 1347 4869 1416 4924; x_wconf 90' lang='lat' dir='ltr'><strong>ad</strong></span> <span class='ocrx_word' id='word_1_349' title='bbox 1441 4870 1542 4924; x_wconf 92' lang='lat' dir='ltr'><strong>hoc</strong></span> <span class='ocrx_word' id='word_1_350' title='bbox 1575 4870 1716 4926; x_wconf 89' lang='lat' dir='ltr'><strong>idem</strong></span> <span class='ocrx_word' id='word_1_351' title='bbox 1740 4872 1975 4930; x_wconf 74' lang='lat' dir='ltr'><strong>Chalce-</strong></span> 
     </span>
    </p>
   </div>
   <div class='ocr_carea' id='block_1_52' title="bbox 381 4956 1967 5030">
    <p class='ocr_par' dir='ltr' id='par_1_52' title="bbox 381 4956 1967 5030">
     <span class='ocr_line' id='line_1_52' title="bbox 381 4956 1967 5030; baseline 0.007 -20"><span class='ocrx_word' id='word_1_352' title='bbox 381 4958 690 5025; x_wconf 88' lang='lat' dir='ltr'><strong>pratiorum</strong></span> <span class='ocrx_word' id='word_1_353' title='bbox 720 4956 966 5028; x_wconf 74' lang='lat' dir='ltr'><strong>Deiparte</strong></span> <span class='ocrx_word' id='word_1_354' title='bbox 997 4960 1260 5030; x_wconf 91' lang='lat' dir='ltr'><strong>templum</strong></span> <span class='ocrx_word' id='word_1_355' title='bbox 1300 4975 1424 5017; x_wconf 88' lang='lat' dir='ltr'><strong>esse</strong></span> <span class='ocrx_word' id='word_1_356' title='bbox 1448 4961 1795 5017; x_wconf 87' lang='lat' dir='ltr'><strong>referendum</strong></span> <span class='ocrx_word' id='word_1_357' title='bbox 1821 4966 1967 5021; x_wconf 91' lang='lat' dir='ltr'><strong>aliud</strong></span> 
     </span>
    </p>
   </div>
   <div class='ocr_carea' id='block_1_53' title="bbox 381 5045 1965 5121">
    <p class='ocr_par' dir='ltr' id='par_1_53' title="bbox 381 5045 1965 5121">
     <span class='ocr_line' id='line_1_53' title="bbox 381 5045 1965 5121; baseline 0.006 -22"><span class='ocrx_word' id='word_1_358' title='bbox 381 5045 664 5118; x_wconf 81' lang='lat' dir='ltr'><strong>Euthymii</strong></span> <span class='ocrx_word' id='word_1_359' title='bbox 717 5046 1025 5102; x_wconf 82' lang='lat' dir='ltr'><strong>Eneomium</strong></span> <span class='ocrx_word' id='word_1_360' title='bbox 1073 5051 1130 5104; x_wconf 82' lang='lat' dir='ltr'><strong>in</strong></span> <span class='ocrx_word' id='word_1_361' title='bbox 1167 5065 1358 5104; x_wconf 79' lang='lat' dir='ltr'><strong>zonam</strong></span> <span class='ocrx_word' id='word_1_362' title='bbox 1388 5049 1666 5106; x_wconf 78' lang='lat' dir='ltr'><strong>B.Mari¢e</strong></span> <span class='ocrx_word' id='word_1_363' title='bbox 1714 5050 1965 5121; x_wconf 77' lang='lat' dir='ltr'><strong>Virginis,</strong></span> 
     </span>
    </p>
   </div>
   <div class='ocr_carea' id='block_1_54' title="bbox 379 5137 1968 5206">
    <p class='ocr_par' dir='ltr' id='par_1_54' title="bbox 379 5137 1968 5206">
     <span class='ocr_line' id='line_1_54' title="bbox 379 5137 1968 5206; baseline 0.008 -18"><span class='ocrx_word' id='word_1_364' title='bbox 379 5137 526 5206; x_wconf 88' lang='lat' dir='ltr'><strong>quod</strong></span> <span class='ocrx_word' id='word_1_365' title='bbox 546 5137 694 5191; x_wconf 88' lang='lat' dir='ltr'><strong>inter</strong></span> <span class='ocrx_word' id='word_1_366' title='bbox 712 5152 814 5193; x_wconf 90' lang='lat' dir='ltr'><strong>ms.</strong></span> <span class='ocrx_word' id='word_1_367' title='bbox 835 5137 1145 5195; x_wconf 72' lang='lat' dir='ltr'><strong>Bodleianze</strong></span> <span class='ocrx_word' id='word_1_368' title='bbox 1163 5138 1509 5196; x_wconf 72' lang='lat' dir='ltr'><strong>bibliothecae</strong></span> <span class='ocrx_word' id='word_1_369' title='bbox 1525 5141 1746 5198; x_wconf 86' lang='lat' dir='ltr'><strong>codices</strong></span> <span class='ocrx_word' id='word_1_370' title='bbox 1776 5159 1968 5200; x_wconf 87' lang='lat' dir='ltr'><strong>recen-</strong></span> 
     </span>
    </p>
   </div>
   <div class='ocr_carea' id='block_1_55' title="bbox 384 5227 1960 5308">
    <p class='ocr_par' dir='ltr' id='par_1_55' title="bbox 384 5227 1960 5308">
     <span class='ocr_line' id='line_1_55' title="bbox 384 5227 1960 5308; baseline 0.008 -24"><span class='ocrx_word' id='word_1_371' title='bbox 384 5238 554 5284; x_wconf 84' lang='lat' dir='ltr'><strong>setur.</strong></span> <span class='ocrx_word' id='word_1_372' title='bbox 588 5227 647 5284; x_wconf 90' lang='lat' dir='ltr'><strong>In</strong></span> <span class='ocrx_word' id='word_1_373' title='bbox 675 5245 744 5284; x_wconf 92' lang='lat' dir='ltr'><strong>eo</strong></span> <span class='ocrx_word' id='word_1_374' title='bbox 767 5245 1008 5302; x_wconf 88' lang='lat' dir='ltr'><strong>namque</strong></span> <span class='ocrx_word' id='word_1_375' title='bbox 1039 5233 1264 5302; x_wconf 87' lang='lat' dir='ltr'><strong>templo,</strong></span> <span class='ocrx_word' id='word_1_376' title='bbox 1293 5239 1623 5306; x_wconf 89' lang='lat' dir='ltr'><strong>utsuperius</strong></span> <span class='ocrx_word' id='word_1_377' title='bbox 1656 5237 1960 5308; x_wconf 91' lang='lat' dir='ltr'><strong>innuimus,</strong></span> 
     </span>
    </p>
   </div>
   <div class='ocr_carea' id='block_1_56' title="bbox 385 5321 1952 5395">
    <p class='ocr_par' dir='ltr' id='par_1_56' title="bbox 385 5321 1952 5395">
     <span class='ocr_line' id='line_1_56' title="bbox 385 5321 1952 5395; baseline 0.009 -21"><span class='ocrx_word' id='word_1_378' title='bbox 385 5328 566 5376; x_wconf 83' lang='lat' dir='ltr'><strong>vestes</strong></span> <span class='ocrx_word' id='word_1_379' title='bbox 595 5334 788 5376; x_wconf 89' lang='lat' dir='ltr'><strong>omnes</strong></span> <span class='ocrx_word' id='word_1_380' title='bbox 815 5336 880 5376; x_wconf 89' lang='lat' dir='ltr'><strong>ac</strong></span> <span class='ocrx_word' id='word_1_381' title='bbox 903 5321 1087 5378; x_wconf 76' lang='lat' dir='ltr'><strong>fascia:</strong></span> <span class='ocrx_word' id='word_1_382' title='bbox 1106 5324 1279 5380; x_wconf 78' lang='lat' dir='ltr'><strong>beata:</strong></span> <span class='ocrx_word' id='word_1_383' title='bbox 1305 5323 1544 5395; x_wconf 74' lang='lat' dir='ltr'><strong>Virginis</strong></span> <span class='ocrx_word' id='word_1_384' title='bbox 1563 5328 1952 5388; x_wconf 85' lang='lat' dir='ltr'><strong>servabantur.</strong></span> 
     </span>
    </p>
   </div>
   <div class='ocr_carea' id='block_1_57' title="bbox 463 5503 906 5574">
    <p class='ocr_par' dir='ltr' id='par_1_57' title="bbox 463 5503 906 5574">
     <span class='ocr_line' id='line_1_57' title="bbox 463 5503 906 5574; baseline 0.005 -17"><span class='ocrx_word' id='word_1_385' title='bbox 463 5504 574 5572; x_wconf 82' lang='lat' dir='ltr'><strong>(ll)</strong></span> <span class='ocrx_word' id='word_1_386' title='bbox 606 5506 741 5574; x_wconf 69' lang='grc' dir='ltr'><strong>γης.</strong></span> <span class='ocrx_word' id='word_1_387' title='bbox 785 5503 906 5574; x_wconf 60' lang='lat' dir='ltr'><strong>tu.</strong></span> 
     </span>
    </p>
   </div>
   <div class='ocr_carea' id='block_1_58' title="bbox 463 5573 1177 5647">
    <p class='ocr_par' dir='ltr' id='par_1_58' title="bbox 463 5573 1177 5647">
     <span class='ocr_line' id='line_1_58' title="bbox 463 5573 1177 5647; baseline 0.001 -19"><span class='ocrx_word' id='word_1_388' title='bbox 463 5575 573 5647; x_wconf 73' lang='grc'><strong>(12)</strong></span> <span class='ocrx_word' id='word_1_389' title='bbox 599 5573 858 5647; x_wconf 55' lang='lat' dir='ltr'><strong>&#39;l&#39;ounV.</strong></span> <span class='ocrx_word' id='word_1_390' title='bbox 894 5591 1017 5647; x_wconf 71' lang='lat' dir='ltr'><strong>pag.</strong></span> <span class='ocrx_word' id='word_1_391' title='bbox 1050 5573 1177 5629; x_wconf 71' lang='lat'><strong>206.</strong></span> 
     </span>
    </p>
   </div>
   <div class='ocr_carea' id='block_1_59' title="bbox 489 5645 892 5713">
    <p class='ocr_par' dir='ltr' id='par_1_59' title="bbox 489 5645 892 5713">
     <span class='ocr_line' id='line_1_59' title="bbox 489 5645 892 5713; baseline 0.007 -17"><span class='ocrx_word' id='word_1_392' title='bbox 489 5647 572 5708; x_wconf 67' lang='grc' dir='ltr'><strong>ιδ)</strong></span> <span class='ocrx_word' id='word_1_393' title='bbox 609 5645 735 5713; x_wconf 77' lang='lat' dir='ltr'><strong>Pag.</strong></span> <span class='ocrx_word' id='word_1_394' title='bbox 768 5646 892 5699; x_wconf 78' lang='lat'><strong>50!.</strong></span> 
     </span>
    </p>
   </div>
   <div class='ocr_carea' id='block_1_60' title="bbox 489 5713 1598 5791">
    <p class='ocr_par' dir='ltr' id='par_1_60' title="bbox 489 5713 1598 5791">
     <span class='ocr_line' id='line_1_60' title="bbox 489 5713 1598 5791; baseline 0.008 -25"><span class='ocrx_word' id='word_1_395' title='bbox 603 5713 1033 5791; x_wconf 49' lang='lat' dir='ltr'><strong>Simeonem</strong></span> <span class='ocrx_word' id='word_1_396' title='bbox 1063 5719 1295 5791; x_wconf 59' lang='lat' dir='ltr'><strong>scriptis.</strong></span> <span class='ocrx_word' id='word_1_397' title='bbox 1323 5734 1446 5791; x_wconf 80' lang='lat' dir='ltr'><strong>pug.</strong></span> <span class='ocrx_word' id='word_1_398' title='bbox 1481 5720 1598 5775; x_wconf 82' lang='grc'><strong>108.</strong></span> 
     </span>
    </p>
   </div>
   <div class='ocr_carea' id='block_1_61' title="bbox 493 5782 1315 5861">
    <p class='ocr_par' dir='ltr' id='par_1_61' title="bbox 493 5782 1315 5861">
     <span class='ocr_line' id='line_1_61' title="bbox 493 5782 1315 5861; baseline 0.01 -22"><span class='ocrx_word' id='word_1_399' title='bbox 493 5785 572 5858; x_wconf 87' lang='grc'><strong>15)</strong></span> <span class='ocrx_word' id='word_1_400' title='bbox 603 5782 724 5841; x_wconf 85' lang='lat' dir='ltr'><strong>Vid.</strong></span> <span class='ocrx_word' id='word_1_401' title='bbox 755 5785 1000 5859; x_wconf 83' lang='lat' dir='ltr'><strong>Thcopb.</strong></span> <span class='ocrx_word' id='word_1_402' title='bbox 1028 5782 1315 5861; x_wconf 33' lang='lat' dir='ltr'><strong>pagﬂ225.</strong></span> 
     </span>
    </p>
   </div>
   <div class='ocr_carea' id='block_1_62' title="bbox 2140 452 3637 527">
    <p class='ocr_par' dir='ltr' id='par_1_62' title="bbox 2140 452 3637 527">
     <span class='ocr_line' id='line_1_62' title="bbox 2140 452 3637 527; baseline 0 -16"><span class='ocrx_word' id='word_1_403' title='bbox 2140 459 2200 512; x_wconf 88' lang='lat' dir='ltr'><strong>V.</strong></span> <span class='ocrx_word' id='word_1_404' title='bbox 2248 457 2440 513; x_wconf 73' lang='lat' dir='ltr'><strong>Utrum</strong></span> <span class='ocrx_word' id='word_1_405' title='bbox 2471 471 2600 512; x_wconf 82' lang='lat' dir='ltr'><strong>vero</strong></span> <span class='ocrx_word' id='word_1_406' title='bbox 2645 455 2972 511; x_wconf 85' lang='lat' dir='ltr'><strong>ascribcnda</strong></span> <span class='ocrx_word' id='word_1_407' title='bbox 3027 452 3320 527; x_wconf 84' lang='lat' dir='ltr'><strong>Euthymio</strong></span> <span class='ocrx_word' id='word_1_408' title='bbox 3349 466 3538 512; x_wconf 91' lang='lat' dir='ltr'><strong>nostro</strong></span> <span class='ocrx_word' id='word_1_409' title='bbox 3565 461 3637 513; x_wconf 91' lang='lat' dir='ltr'><strong>sit</strong></span> 
     </span>
    </p>
   </div>
   <div class='ocr_carea' id='block_1_63' title="bbox 2055 549 3635 617">
    <p class='ocr_par' dir='ltr' id='par_1_63' title="bbox 2055 549 3635 617">
     <span class='ocr_line' id='line_1_63' title="bbox 2055 549 3635 617; baseline 0 -13"><span class='ocrx_word' id='word_1_410' title='bbox 2055 553 2216 604; x_wconf 82' lang='lat' dir='ltr'><strong>etiam</strong></span> <span class='ocrx_word' id='word_1_411' title='bbox 2262 551 2531 614; x_wconf 78' lang='lat' dir='ltr'><strong>Mon‘odia.</strong></span> <span class='ocrx_word' id='word_1_412' title='bbox 2561 549 2674 605; x_wconf 88' lang='lat' dir='ltr'><strong>sive</strong></span> <span class='ocrx_word' id='word_1_413' title='bbox 2705 552 2874 603; x_wconf 79' lang='lat' dir='ltr'><strong>oratio</strong></span> <span class='ocrx_word' id='word_1_414' title='bbox 2920 549 3154 617; x_wconf 79' lang='lat' dir='ltr'><strong>funebris</strong></span> <span class='ocrx_word' id='word_1_415' title='bbox 3193 568 3212 601; x_wconf 85' lang='lat' dir='ltr'><strong>t</strong></span> <span class='ocrx_word' id='word_1_416' title='bbox 3251 550 3316 604; x_wconf 88' lang='lat' dir='ltr'><strong>ad</strong></span> <span class='ocrx_word' id='word_1_417' title='bbox 3365 551 3635 604; x_wconf 86' lang='lat' dir='ltr'><strong>tutuulum</strong></span> 
     </span>
    </p>
   </div>
   <div class='ocr_carea' id='block_1_64' title="bbox 2055 641 3631 710">
    <p class='ocr_par' dir='ltr' id='par_1_64' title="bbox 2055 641 3631 710">
     <span class='ocr_line' id='line_1_64' title="bbox 2055 641 3631 710; baseline 0 -15"><span class='ocrx_word' id='word_1_418' title='bbox 2055 642 2390 695; x_wconf 85' lang='lat' dir='ltr'><strong>sanctissimi</strong></span> <span class='ocrx_word' id='word_1_419' title='bbox 2426 641 2943 699; x_wconf 79' lang='lat' dir='ltr'><strong>Thessalonicensis</strong></span> <span class='ocrx_word' id='word_1_420' title='bbox 2985 641 3388 710; x_wconf 85' lang='lat' dir='ltr'><strong>archiepiscopi</strong></span> <span class='ocrx_word' id='word_1_421' title='bbox 3420 643 3631 695; x_wconf 87' lang='lat' dir='ltr'><strong>domini</strong></span> 
     </span>
    </p>
   </div>
   <div class='ocr_carea' id='block_1_65' title="bbox 2057 732 3629 803">
    <p class='ocr_par' dir='ltr' id='par_1_65' title="bbox 2057 732 3629 803">
     <span class='ocr_line' id='line_1_65' title="bbox 2057 732 3629 803; baseline 0 -18"><span class='ocrx_word' id='word_1_422' title='bbox 2057 733 2344 797; x_wconf 78' lang='lat' dir='ltr'><strong>Eustathii,</strong></span> <span class='ocrx_word' id='word_1_423' title='bbox 2382 735 2570 803; x_wconf 84' lang='lat' dir='ltr'><strong>paucis</strong></span> <span class='ocrx_word' id='word_1_424' title='bbox 2612 734 2680 787; x_wconf 85' lang='lat' dir='ltr'><strong>ab</strong></span> <span class='ocrx_word' id='word_1_425' title='bbox 2727 732 2847 801; x_wconf 84' lang='lat' dir='ltr'><strong>ejus</strong></span> <span class='ocrx_word' id='word_1_426' title='bbox 2882 732 3033 786; x_wconf 86' lang='lat' dir='ltr'><strong>obitu</strong></span> <span class='ocrx_word' id='word_1_427' title='bbox 3090 733 3284 788; x_wconf 84' lang='lat' dir='ltr'><strong>diebus</strong></span> <span class='ocrx_word' id='word_1_428' title='bbox 3315 733 3565 798; x_wconf 77' lang='lat' dir='ltr'><strong>recitata,</strong></span> <span class='ocrx_word' id='word_1_429' title='bbox 3610 750 3629 785; x_wconf 71' lang='grc' dir='ltr'><strong><em>ι</em></strong></span> 
     </span>
    </p>
   </div>
   <div class='ocr_carea' id='block_1_66' title="bbox 2056 824 3639 892">
    <p class='ocr_par' dir='ltr' id='par_1_66' title="bbox 2056 824 3639 892">
     <span class='ocr_line' id='line_1_66' title="bbox 2056 824 3639 892; baseline 0.003 -18"><span class='ocrx_word' id='word_1_430' title='bbox 2056 841 2177 892; x_wconf 66' lang='lat' dir='ltr'><strong>quae</strong></span> <span class='ocrx_word' id='word_1_431' title='bbox 2211 825 2314 877; x_wconf 90' lang='lat' dir='ltr'><strong>sub</strong></span> <span class='ocrx_word' id='word_1_432' title='bbox 2344 826 2464 891; x_wconf 87' lang='lat' dir='ltr'><strong>ejus</strong></span> <span class='ocrx_word' id='word_1_433' title='bbox 2492 827 2709 878; x_wconf 77' lang='lat' dir='ltr'><strong>nomine</strong></span> <span class='ocrx_word' id='word_1_434' title='bbox 2744 827 2794 877; x_wconf 91' lang='lat' dir='ltr'><strong>in</strong></span> <span class='ocrx_word' id='word_1_435' title='bbox 2842 824 3032 879; x_wconf 84' lang='lat' dir='ltr'><strong>codice</strong></span> <span class='ocrx_word' id='word_1_436' title='bbox 3061 824 3366 878; x_wconf 80' lang='lat' dir='ltr'><strong>Bodleiano</strong></span> <span class='ocrx_word' id='word_1_437' title='bbox 3426 825 3639 879; x_wconf 87' lang='lat' dir='ltr'><strong>descri-</strong></span> 
     </span>
    </p>
   </div>
   <div class='ocr_carea' id='block_1_67' title="bbox 2060 912 3640 982">
    <p class='ocr_par' dir='ltr' id='par_1_67' title="bbox 2060 912 3640 982">
     <span class='ocr_line' id='line_1_67' title="bbox 2060 912 3640 982; baseline 0.003 -16"><span class='ocrx_word' id='word_1_438' title='bbox 2060 912 2235 975; x_wconf 73' lang='lat' dir='ltr'><strong>bitur,</strong></span> <span class='ocrx_word' id='word_1_439' title='bbox 2277 930 2456 982; x_wconf 81' lang='lat' dir='ltr'><strong>neque</strong></span> <span class='ocrx_word' id='word_1_440' title='bbox 2493 931 2616 967; x_wconf 91' lang='lat' dir='ltr'><strong>cum</strong></span> <span class='ocrx_word' id='word_1_441' title='bbox 2645 915 2766 969; x_wconf 84' lang='lat' dir='ltr'><strong>aliis</strong></span> <span class='ocrx_word' id='word_1_442' title='bbox 2800 915 3069 968; x_wconf 77' lang='lat' dir='ltr'><strong>afﬁrmare</strong></span> <span class='ocrx_word' id='word_1_443' title='bbox 3098 916 3298 977; x_wconf 86' lang='lat' dir='ltr'><strong>ausim,</strong></span> <span class='ocrx_word' id='word_1_444' title='bbox 3333 931 3431 969; x_wconf 84' lang='lat' dir='ltr'><strong>nec</strong></span> <span class='ocrx_word' id='word_1_445' title='bbox 3488 917 3640 970; x_wconf 86' lang='lat' dir='ltr'><strong>solus</strong></span> 
     </span>
    </p>
   </div>
   <div class='ocr_carea' id='block_1_68' title="bbox 2058 1004 3640 1072">
    <p class='ocr_par' dir='ltr' id='par_1_68' title="bbox 2058 1004 3640 1072">
     <span class='ocr_line' id='line_1_68' title="bbox 2058 1004 3640 1072; baseline 0.002 -16"><span class='ocrx_word' id='word_1_446' title='bbox 2058 1005 2311 1060; x_wconf 85' lang='lat' dir='ltr'><strong>inliciari.</strong></span> <span class='ocrx_word' id='word_1_447' title='bbox 2355 1004 2408 1057; x_wconf 84' lang='lat' dir='ltr'><strong>Si</strong></span> <span class='ocrx_word' id='word_1_448' title='bbox 2445 1020 2570 1058; x_wconf 89' lang='lat' dir='ltr'><strong>vere</strong></span> <span class='ocrx_word' id='word_1_449' title='bbox 2607 1005 2671 1058; x_wconf 85' lang='lat' dir='ltr'><strong>ad</strong></span> <span class='ocrx_word' id='word_1_450' title='bbox 2722 1019 2846 1058; x_wconf 91' lang='lat' dir='ltr'><strong>eum</strong></span> <span class='ocrx_word' id='word_1_451' title='bbox 2911 1005 3170 1072; x_wconf 87' lang='lat' dir='ltr'><strong>pertinet,</strong></span> <span class='ocrx_word' id='word_1_452' title='bbox 3223 1022 3286 1058; x_wconf 73' lang='lat' dir='ltr'><strong>ex</strong></span> <span class='ocrx_word' id='word_1_453' title='bbox 3329 1021 3391 1058; x_wconf 84' lang='lat' dir='ltr'><strong>ea</strong></span> <span class='ocrx_word' id='word_1_454' title='bbox 3435 1006 3640 1060; x_wconf 60' lang='lat' dir='ltr'><strong>intelliv</strong></span> 
     </span>
    </p>
   </div>
   <div class='ocr_carea' id='block_1_69' title="bbox 2057 1096 3632 1166">
    <p class='ocr_par' dir='ltr' id='par_1_69' title="bbox 2057 1096 3632 1166">
     <span class='ocr_line' id='line_1_69' title="bbox 2057 1096 3632 1166; baseline 0.003 -18"><span class='ocrx_word' id='word_1_455' title='bbox 2057 1098 2204 1166; x_wconf 85' lang='lat' dir='ltr'><strong>gitur</strong></span> <span class='ocrx_word' id='word_1_456' title='bbox 2238 1109 2444 1150; x_wconf 60' lang='lat' dir='ltr'><strong>exacta!</strong></span> <span class='ocrx_word' id='word_1_457' title='bbox 2485 1097 2780 1150; x_wconf 89' lang='lat' dir='ltr'><strong>admodum</strong></span> <span class='ocrx_word' id='word_1_458' title='bbox 2807 1097 2985 1150; x_wconf 70' lang='lat' dir='ltr'><strong>mtalis</strong></span> <span class='ocrx_word' id='word_1_459' title='bbox 3013 1096 3368 1166; x_wconf 79' lang='lat' dir='ltr'><strong>Eutuyinium</strong></span> <span class='ocrx_word' id='word_1_460' title='bbox 3401 1099 3632 1152; x_wconf 90' lang='lat' dir='ltr'><strong>obiissc.</strong></span> 
     </span>
    </p>
   </div>
   <div class='ocr_carea' id='block_1_70' title="bbox 2057 1188 3636 1256">
    <p class='ocr_par' dir='ltr' id='par_1_70' title="bbox 2057 1188 3636 1256">
     <span class='ocr_line' id='line_1_70' title="bbox 2057 1188 3636 1256; baseline 0 -11"><span class='ocrx_word' id='word_1_461' title='bbox 2057 1191 2191 1245; x_wconf 81' lang='lat' dir='ltr'><strong>Cum</strong></span> <span class='ocrx_word' id='word_1_462' title='bbox 2223 1190 2366 1243; x_wconf 89' lang='lat' dir='ltr'><strong>enim</strong></span> <span class='ocrx_word' id='word_1_463' title='bbox 2399 1189 2570 1241; x_wconf 70' lang='lat' dir='ltr'><strong>Alexii</strong></span> <span class='ocrx_word' id='word_1_464' title='bbox 2607 1190 2806 1255; x_wconf 82' lang='lat' dir='ltr'><strong>ljussu</strong></span> <span class='ocrx_word' id='word_1_465' title='bbox 2858 1188 3174 1256; x_wconf 76' lang='lat' dir='ltr'><strong>PanOpliam</strong></span> <span class='ocrx_word' id='word_1_466' title='bbox 3229 1191 3472 1243; x_wconf 76' lang='lat' dir='ltr'><strong>scribere</strong></span> <span class='ocrx_word' id='word_1_467' title='bbox 3508 1207 3636 1245; x_wconf 83' lang='lat' dir='ltr'><strong>sus-</strong></span> 
     </span>
    </p>
   </div>
   <div class='ocr_carea' id='block_1_71' title="bbox 2058 1279 3635 1350">
    <p class='ocr_par' dir='ltr' id='par_1_71' title="bbox 2058 1279 3635 1350">
     <span class='ocr_line' id='line_1_71' title="bbox 2058 1279 3635 1350; baseline 0 -16"><span class='ocrx_word' id='word_1_468' title='bbox 2058 1280 2264 1349; x_wconf 67' lang='lat' dir='ltr'><strong>ceperit</strong></span> <span class='ocrx_word' id='word_1_469' title='bbox 2294 1295 2438 1334; x_wconf 89' lang='lat' dir='ltr'><strong>anno</strong></span> <span class='ocrx_word' id='word_1_470' title='bbox 2481 1279 2641 1346; x_wconf 84' lang='grc'><strong>1118,</strong></span> <span class='ocrx_word' id='word_1_471' title='bbox 2682 1279 2840 1334; x_wconf 87' lang='lat' dir='ltr'><strong>facile</strong></span> <span class='ocrx_word' id='word_1_472' title='bbox 2861 1290 2944 1335; x_wconf 89' lang='lat' dir='ltr'><strong>est</strong></span> <span class='ocrx_word' id='word_1_473' title='bbox 2976 1281 3075 1336; x_wconf 81' lang='lat' dir='ltr'><strong>sibi</strong></span> <span class='ocrx_word' id='word_1_474' title='bbox 3112 1281 3635 1350; x_wconf 86' lang='lat' dir='ltr'><strong>persuadereipsnm</strong></span> 
     </span>
    </p>
   </div>
   <div class='ocr_carea' id='block_1_72' title="bbox 2061 1373 3640 1444">
    <p class='ocr_par' dir='ltr' id='par_1_72' title="bbox 2061 1373 3640 1444">
     <span class='ocr_line' id='line_1_72' title="bbox 2061 1373 3640 1444; baseline 0.001 -17"><span class='ocrx_word' id='word_1_475' title='bbox 2061 1383 2188 1427; x_wconf 77' lang='lat' dir='ltr'><strong>tunc</strong></span> <span class='ocrx_word' id='word_1_476' title='bbox 2211 1375 2264 1427; x_wconf 91' lang='lat' dir='ltr'><strong>in</strong></span> <span class='ocrx_word' id='word_1_477' title='bbox 2319 1373 2494 1443; x_wconf 87' lang='lat' dir='ltr'><strong>primo</strong></span> <span class='ocrx_word' id='word_1_478' title='bbox 2519 1375 2709 1427; x_wconf 89' lang='lat' dir='ltr'><strong>saltem</strong></span> <span class='ocrx_word' id='word_1_479' title='bbox 2761 1374 3005 1444; x_wconf 64' lang='lat' dir='ltr'><strong>juventae</strong></span> <span class='ocrx_word' id='word_1_480' title='bbox 3060 1373 3192 1428; x_wconf 85' lang='lat' dir='ltr'><strong>flore</strong></span> <span class='ocrx_word' id='word_1_481' title='bbox 3248 1375 3438 1429; x_wconf 89' lang='lat' dir='ltr'><strong>fuisse.</strong></span> <span class='ocrx_word' id='word_1_482' title='bbox 3499 1374 3640 1439; x_wconf 87' lang='lat' dir='ltr'><strong>Quia</strong></span> 
     </span>
    </p>
   </div>
   <div class='ocr_carea' id='block_1_73' title="bbox 2061 1465 3644 1533">
    <p class='ocr_par' dir='ltr' id='par_1_73' title="bbox 2061 1465 3644 1533">
     <span class='ocr_line' id='line_1_73' title="bbox 2061 1465 3644 1533; baseline -0.001 -11"><span class='ocrx_word' id='word_1_483' title='bbox 2061 1483 2192 1522; x_wconf 83' lang='lat' dir='ltr'><strong>vero</strong></span> <span class='ocrx_word' id='word_1_484' title='bbox 2242 1465 2574 1522; x_wconf 83' lang='lat' dir='ltr'><strong>Eustathius</strong></span> <span class='ocrx_word' id='word_1_485' title='bbox 2610 1482 2757 1521; x_wconf 90' lang='lat' dir='ltr'><strong>anno</strong></span> <span class='ocrx_word' id='word_1_486' title='bbox 2811 1466 2969 1532; x_wconf 76' lang='grc'><strong>1194,</strong></span> <span class='ocrx_word' id='word_1_487' title='bbox 3018 1467 3071 1520; x_wconf 94' lang='lat' dir='ltr'><strong>in</strong></span> <span class='ocrx_word' id='word_1_488' title='bbox 3123 1467 3324 1533; x_wconf 85' lang='lat' dir='ltr'><strong>templo</strong></span> <span class='ocrx_word' id='word_1_489' title='bbox 3355 1465 3413 1520; x_wconf 91' lang='lat' dir='ltr'><strong>S.</strong></span> <span class='ocrx_word' id='word_1_490' title='bbox 3450 1465 3644 1520; x_wconf 84' lang='lat' dir='ltr'><strong>Deme-</strong></span> 
     </span>
    </p>
   </div>
   <div class='ocr_carea' id='block_1_74' title="bbox 2063 1559 3636 1632">
    <p class='ocr_par' dir='ltr' id='par_1_74' title="bbox 2063 1559 3636 1632">
     <span class='ocr_line' id='line_1_74' title="bbox 2063 1559 3636 1632; baseline 0 -20"><span class='ocrx_word' id='word_1_491' title='bbox 2063 1560 2152 1614; x_wconf 92' lang='lat' dir='ltr'><strong>trii</strong></span> <span class='ocrx_word' id='word_1_492' title='bbox 2187 1561 2444 1632; x_wconf 83' lang='lat' dir='ltr'><strong>martyris</strong></span> <span class='ocrx_word' id='word_1_493' title='bbox 2478 1559 2774 1632; x_wconf 71' lang='lat' dir='ltr'><strong>Miroblyta:</strong></span> <span class='ocrx_word' id='word_1_494' title='bbox 2826 1561 3150 1614; x_wconf 84' lang='lat' dir='ltr'><strong>concionem</strong></span> <span class='ocrx_word' id='word_1_495' title='bbox 3192 1559 3382 1613; x_wconf 84' lang='lat' dir='ltr'><strong>habuit</strong></span> <span class='ocrx_word' id='word_1_496' title='bbox 3415 1559 3484 1613; x_wconf 88' lang='lat' dir='ltr'><strong>ad</strong></span> <span class='ocrx_word' id='word_1_497' title='bbox 3538 1576 3636 1628; x_wconf 90' lang='lat' dir='ltr'><strong>po-</strong></span> 
     </span>
    </p>
   </div>
   <div class='ocr_carea' id='block_1_75' title="bbox 2065 1651 3641 1722">
    <p class='ocr_par' dir='ltr' id='par_1_75' title="bbox 2065 1651 3641 1722">
     <span class='ocr_line' id='line_1_75' title="bbox 2065 1651 3641 1722; baseline 0.001 -17"><span class='ocrx_word' id='word_1_498' title='bbox 2065 1653 2274 1722; x_wconf 91' lang='lat' dir='ltr'><strong>pulum,</strong></span> <span class='ocrx_word' id='word_1_499' title='bbox 2301 1652 2699 1722; x_wconf 65' lang='lat' dir='ltr'><strong>{concedamus</strong></span> <span class='ocrx_word' id='word_1_500' title='bbox 2752 1653 2901 1717; x_wconf 90' lang='lat' dir='ltr'><strong>licet,</strong></span> <span class='ocrx_word' id='word_1_501' title='bbox 2955 1651 3099 1719; x_wconf 87' lang='lat' dir='ltr'><strong>quod</strong></span> <span class='ocrx_word' id='word_1_502' title='bbox 3165 1652 3269 1705; x_wconf 89' lang='lat' dir='ltr'><strong>hoc</strong></span> <span class='ocrx_word' id='word_1_503' title='bbox 3323 1651 3441 1720; x_wconf 86' lang='lat' dir='ltr'><strong>ipso</strong></span> <span class='ocrx_word' id='word_1_504' title='bbox 3495 1666 3641 1706; x_wconf 86' lang='lat' dir='ltr'><strong>anno</strong></span> 
     </span>
    </p>
   </div>
   <div class='ocr_carea' id='block_1_76' title="bbox 2058 1743 3636 1814">
    <p class='ocr_par' dir='ltr' id='par_1_76' title="bbox 2058 1743 3636 1814">
     <span class='ocr_line' id='line_1_76' title="bbox 2058 1743 3636 1814; baseline -0.001 -17"><span class='ocrx_word' id='word_1_505' title='bbox 2058 1753 2288 1801; x_wconf 90' lang='lat' dir='ltr'><strong>mortem</strong></span> <span class='ocrx_word' id='word_1_506' title='bbox 2317 1746 2537 1809; x_wconf 89' lang='lat' dir='ltr'><strong>obicrit,</strong></span> <span class='ocrx_word' id='word_1_507' title='bbox 2568 1745 2684 1814; x_wconf 85' lang='lat' dir='ltr'><strong>ejus</strong></span> <span class='ocrx_word' id='word_1_508' title='bbox 2717 1745 2996 1800; x_wconf 88' lang='lat' dir='ltr'><strong>funebrem</strong></span> <span class='ocrx_word' id='word_1_509' title='bbox 3025 1743 3392 1798; x_wconf 84' lang='lat' dir='ltr'><strong>laudationem</strong></span> <span class='ocrx_word' id='word_1_510' title='bbox 3427 1743 3636 1814; x_wconf 83' lang='lat' dir='ltr'><strong>Euthy--</strong></span> 
     </span>
    </p>
   </div>
   <div class='ocr_carea' id='block_1_77' title="bbox 2064 1833 3638 1892">
    <p class='ocr_par' dir='ltr' id='par_1_77' title="bbox 2064 1833 3638 1892">
     <span class='ocr_line' id='line_1_77' title="bbox 2064 1833 3638 1892; baseline -0.001 -2"><span class='ocrx_word' id='word_1_511' title='bbox 2064 1837 2207 1892; x_wconf 90' lang='lat' dir='ltr'><strong>mius</strong></span> <span class='ocrx_word' id='word_1_512' title='bbox 2239 1837 2346 1892; x_wconf 88' lang='lat' dir='ltr'><strong>nisi</strong></span> <span class='ocrx_word' id='word_1_513' title='bbox 2377 1846 2604 1892; x_wconf 90' lang='lat' dir='ltr'><strong>centum</strong></span> <span class='ocrx_word' id='word_1_514' title='bbox 2637 1836 2749 1891; x_wconf 91' lang='lat' dir='ltr'><strong>fere</strong></span> <span class='ocrx_word' id='word_1_515' title='bbox 2778 1852 2950 1890; x_wconf 89' lang='lat' dir='ltr'><strong>annos</strong></span> <span class='ocrx_word' id='word_1_516' title='bbox 2985 1849 3151 1890; x_wconf 90' lang='lat' dir='ltr'><strong>natus</strong></span> <span class='ocrx_word' id='word_1_517' title='bbox 3175 1836 3451 1890; x_wconf 86' lang='lat' dir='ltr'><strong>conficere</strong></span> <span class='ocrx_word' id='word_1_518' title='bbox 3490 1833 3638 1890; x_wconf 89' lang='lat' dir='ltr'><strong>haud</strong></span> 
     </span>
    </p>
   </div>
   <div class='ocr_carea' id='block_1_78' title="bbox 2063 1931 3641 2002">
    <p class='ocr_par' dir='ltr' id='par_1_78' title="bbox 2063 1931 3641 2002">
     <span class='ocr_line' id='line_1_78' title="bbox 2063 1931 3641 2002; baseline -0.002 -16"><span class='ocrx_word' id='word_1_519' title='bbox 2063 1931 2408 2002; x_wconf 86' lang='lat' dir='ltr'><strong>potuit.Quin</strong></span> <span class='ocrx_word' id='word_1_520' title='bbox 2468 1933 2632 1986; x_wconf 91' lang='lat' dir='ltr'><strong>etiam</strong></span> <span class='ocrx_word' id='word_1_521' title='bbox 2697 1938 2918 1984; x_wconf 88' lang='lat' dir='ltr'><strong>centqu</strong></span> <span class='ocrx_word' id='word_1_522' title='bbox 2996 1944 3169 1984; x_wconf 85' lang='lat' dir='ltr'><strong>annos</strong></span> <span class='ocrx_word' id='word_1_523' title='bbox 3215 1937 3641 1998; x_wconf 66' lang='lat' dir='ltr'><strong>praetergressus</strong></span> 
     </span>
    </p>
   </div>
   <div class='ocr_carea' id='block_1_79' title="bbox 2061 2023 3636 2094">
    <p class='ocr_par' dir='ltr' id='par_1_79' title="bbox 2061 2023 3636 2094">
     <span class='ocr_line' id='line_1_79' title="bbox 2061 2023 3636 2094; baseline -0.001 -19"><span class='ocrx_word' id='word_1_524' title='bbox 2061 2025 2308 2094; x_wconf 88' lang='lat' dir='ltr'><strong>profecto</strong></span> <span class='ocrx_word' id='word_1_525' title='bbox 2331 2024 2686 2088; x_wconf 85' lang='lat' dir='ltr'><strong>confecisset,</strong></span> <span class='ocrx_word' id='word_1_526' title='bbox 2715 2027 2759 2078; x_wconf 91' lang='lat' dir='ltr'><strong>si</strong></span> <span class='ocrx_word' id='word_1_527' title='bbox 2790 2023 3043 2077; x_wconf 86' lang='lat' dir='ltr'><strong>habenda</strong></span> <span class='ocrx_word' id='word_1_528' title='bbox 3071 2030 3216 2078; x_wconf 91' lang='lat' dir='ltr'><strong>esset</strong></span> <span class='ocrx_word' id='word_1_529' title='bbox 3243 2023 3374 2076; x_wconf 87' lang='lat' dir='ltr'><strong>fides</strong></span> <span class='ocrx_word' id='word_1_530' title='bbox 3399 2023 3636 2076; x_wconf 81' lang='lat' dir='ltr'><strong>Alexan-</strong></span> 
     </span>
    </p>
   </div>
   <div class='ocr_carea' id='block_1_80' title="bbox 2061 2115 3643 2188">
    <p class='ocr_par' dir='ltr' id='par_1_80' title="bbox 2061 2115 3643 2188">
     <span class='ocr_line' id='line_1_80' title="bbox 2061 2115 3643 2188; baseline -0.003 -16"><span class='ocrx_word' id='word_1_531' title='bbox 2061 2119 2162 2172; x_wconf 88' lang='lat' dir='ltr'><strong>dro</strong></span> <span class='ocrx_word' id='word_1_532' title='bbox 2197 2117 2396 2171; x_wconf 87' lang='lat' dir='ltr'><strong>Politio</strong></span> <span class='ocrx_word' id='word_1_533' title='bbox 2431 2118 2568 2188; x_wconf 80' lang='lat' dir='ltr'><strong>(l7),</strong></span> <span class='ocrx_word' id='word_1_534' title='bbox 2617 2118 2708 2184; x_wconf 90' lang='lat' dir='ltr'><strong>qui</strong></span> <span class='ocrx_word' id='word_1_535' title='bbox 2757 2117 3103 2170; x_wconf 78' lang='lat' dir='ltr'><strong>Eustathiuin</strong></span> <span class='ocrx_word' id='word_1_536' title='bbox 3165 2115 3448 2185; x_wconf 80' lang='lat' dir='ltr'><strong>Xipbilino</strong></span> <span class='ocrx_word' id='word_1_537' title='bbox 3495 2131 3643 2168; x_wconf 90' lang='lat' dir='ltr'><strong>anno</strong></span> 
     </span>
    </p>
   </div>
   <div class='ocr_carea' id='block_1_81' title="bbox 2064 2205 3643 2276">
    <p class='ocr_par' dir='ltr' id='par_1_81' title="bbox 2064 2205 3643 2276">
     <span class='ocr_line' id='line_1_81' title="bbox 2064 2205 3643 2276; baseline -0.004 -11"><span class='ocrx_word' id='word_1_538' title='bbox 2064 2209 2201 2264; x_wconf 82' lang='grc'><strong>1198</strong></span> <span class='ocrx_word' id='word_1_539' title='bbox 2235 2225 2266 2263; x_wconf 90' lang='lat' dir='ltr'><strong>e</strong></span> <span class='ocrx_word' id='word_1_540' title='bbox 2300 2209 2439 2263; x_wconf 78' lang='lat' dir='ltr'><strong>vivis</strong></span> <span class='ocrx_word' id='word_1_541' title='bbox 2468 2218 2724 2276; x_wconf 65' lang='lat' dir='ltr'><strong>ese-rupto</strong></span> <span class='ocrx_word' id='word_1_542' title='bbox 2762 2207 3114 2276; x_wconf 89' lang='lat' dir='ltr'><strong>superstitem</strong></span> <span class='ocrx_word' id='word_1_543' title='bbox 3143 2213 3319 2275; x_wconf 88' lang='lat' dir='ltr'><strong>putat,</strong></span> <span class='ocrx_word' id='word_1_544' title='bbox 3371 2205 3500 2273; x_wconf 89' lang='lat' dir='ltr'><strong>quia</strong></span> <span class='ocrx_word' id='word_1_545' title='bbox 3525 2206 3643 2273; x_wconf 89' lang='lat' dir='ltr'><strong>ipse</strong></span> 
     </span>
    </p>
   </div>
   <div class='ocr_carea' id='block_1_82' title="bbox 2062 2295 3642 2366">
    <p class='ocr_par' dir='ltr' id='par_1_82' title="bbox 2062 2295 3642 2366">
     <span class='ocr_line' id='line_1_82' title="bbox 2062 2295 3642 2366; baseline -0.006 -10"><span class='ocrx_word' id='word_1_546' title='bbox 2062 2309 2402 2356; x_wconf 87' lang='lat' dir='ltr'><strong>memoratur</strong></span> <span class='ocrx_word' id='word_1_547' title='bbox 2433 2297 2728 2353; x_wconf 83' lang='lat' dir='ltr'><strong>abJoanne</strong></span> <span class='ocrx_word' id='word_1_548' title='bbox 2747 2299 2879 2352; x_wconf 83' lang='lat' dir='ltr'><strong>Citri</strong></span> <span class='ocrx_word' id='word_1_549' title='bbox 2909 2299 3170 2366; x_wconf 80' lang='lat' dir='ltr'><strong>episcopo</strong></span> <span class='ocrx_word' id='word_1_550' title='bbox 3195 2295 3642 2364; x_wconf 81' lang='lat' dir='ltr'><strong>inresponsionc,</strong></span> 
     </span>
    </p>
   </div>
   <div class='ocr_carea' id='block_1_83' title="bbox 2063 2387 3640 2463">
    <p class='ocr_par' dir='ltr' id='par_1_83' title="bbox 2063 2387 3640 2463">
     <span class='ocr_line' id='line_1_83' title="bbox 2063 2387 3640 2463; baseline -0.003 -18"><span class='ocrx_word' id='word_1_551' title='bbox 2063 2407 2228 2463; x_wconf 88' lang='lat' dir='ltr'><strong>quam</strong></span> <span class='ocrx_word' id='word_1_552' title='bbox 2258 2391 2408 2446; x_wconf 89' lang='lat' dir='ltr'><strong>dedit</strong></span> <span class='ocrx_word' id='word_1_553' title='bbox 2433 2390 2800 2446; x_wconf 76' lang='lat' dir='ltr'><strong>Constantino</strong></span> <span class='ocrx_word' id='word_1_554' title='bbox 2831 2390 3103 2444; x_wconf 72' lang='lat' dir='ltr'><strong>Cabasila:</strong></span> <span class='ocrx_word' id='word_1_555' title='bbox 3127 2389 3274 2442; x_wconf 91' lang='lat' dir='ltr'><strong>circa</strong></span> <span class='ocrx_word' id='word_1_556' title='bbox 3303 2388 3552 2442; x_wconf 85' lang='lat' dir='ltr'><strong>ordinem</strong></span> <span class='ocrx_word' id='word_1_557' title='bbox 3587 2387 3640 2440; x_wconf 93' lang='lat' dir='ltr'><strong>in</strong></span> 
     </span>
    </p>
   </div>
   <div class='ocr_carea' id='block_1_84' title="bbox 2060 2481 3646 2546">
    <p class='ocr_par' dir='ltr' id='par_1_84' title="bbox 2060 2481 3646 2546">
     <span class='ocr_line' id='line_1_84' title="bbox 2060 2481 3646 2546; baseline -0.004 -7"><span class='ocrx_word' id='word_1_558' title='bbox 2060 2484 2456 2540; x_wconf 89' lang='lat' dir='ltr'><strong>ecclesiasticis</strong></span> <span class='ocrx_word' id='word_1_559' title='bbox 2491 2482 2698 2537; x_wconf 86' lang='lat' dir='ltr'><strong>Olliciis</strong></span> <span class='ocrx_word' id='word_1_560' title='bbox 2721 2483 3074 2537; x_wconf 79' lang='lat' dir='ltr'><strong>servandum.</strong></span> <span class='ocrx_word' id='word_1_561' title='bbox 3115 2481 3247 2534; x_wconf 81' lang='lat' dir='ltr'><strong>Nam</strong></span> <span class='ocrx_word' id='word_1_562' title='bbox 3277 2495 3402 2532; x_wconf 91' lang='lat' dir='ltr'><strong>cum</strong></span> <span class='ocrx_word' id='word_1_563' title='bbox 3426 2487 3646 2546; x_wconf 81' lang='lat' dir='ltr'><strong>protec-</strong></span> 
     </span>
    </p>
   </div>
   <div class='ocr_carea' id='block_1_85' title="bbox 2061 2571 3642 2650">
    <p class='ocr_par' dir='ltr' id='par_1_85' title="bbox 2061 2571 3642 2650">
     <span class='ocr_line' id='line_1_85' title="bbox 2061 2571 3642 2650; baseline -0.007 -15"><span class='ocrx_word' id='word_1_564' title='bbox 2061 2582 2214 2636; x_wconf 89' lang='lat' dir='ltr'><strong>dicus</strong></span> <span class='ocrx_word' id='word_1_565' title='bbox 2241 2596 2337 2635; x_wconf 91' lang='lat' dir='ltr'><strong>seu</strong></span> <span class='ocrx_word' id='word_1_566' title='bbox 2361 2580 2554 2650; x_wconf 82' lang='lat' dir='ltr'><strong>judcx,</strong></span> <span class='ocrx_word' id='word_1_567' title='bbox 2606 2580 2660 2633; x_wconf 89' lang='lat' dir='ltr'><strong>in</strong></span> <span class='ocrx_word' id='word_1_568' title='bbox 2695 2577 3076 2633; x_wconf 88' lang='lat' dir='ltr'><strong>criminalibus</strong></span> <span class='ocrx_word' id='word_1_569' title='bbox 3097 2573 3284 2630; x_wconf 89' lang='lat' dir='ltr'><strong>causis</strong></span> <span class='ocrx_word' id='word_1_570' title='bbox 3313 2571 3642 2628; x_wconf 88' lang='lat' dir='ltr'><strong>clericorum</strong></span> 
     </span>
    </p>
   </div>
   <div class='ocr_carea' id='block_1_86' title="bbox 2062 2661 3643 2737">
    <p class='ocr_par' dir='ltr' id='par_1_86' title="bbox 2062 2661 3643 2737">
     <span class='ocr_line' id='line_1_86' title="bbox 2062 2661 3643 2737; baseline -0.011 -8"><span class='ocrx_word' id='word_1_571' title='bbox 2062 2674 2203 2729; x_wconf 82' lang='lat' dir='ltr'><strong>inter</strong></span> <span class='ocrx_word' id='word_1_572' title='bbox 2233 2672 2442 2726; x_wconf 89' lang='lat' dir='ltr'><strong>minora</strong></span> <span class='ocrx_word' id='word_1_573' title='bbox 2477 2670 2651 2723; x_wconf 85' lang='lat' dir='ltr'><strong>oflicia</strong></span> <span class='ocrx_word' id='word_1_574' title='bbox 2679 2670 2832 2737; x_wconf 89' lang='lat' dir='ltr'><strong>prius</strong></span> <span class='ocrx_word' id='word_1_575' title='bbox 2862 2674 3294 2722; x_wconf 87' lang='lat' dir='ltr'><strong>connumeratus</strong></span> <span class='ocrx_word' id='word_1_576' title='bbox 3317 2703 3332 2728; x_wconf 90' lang='lat'><strong>,</strong></span> <span class='ocrx_word' id='word_1_577' title='bbox 3363 2663 3429 2718; x_wconf 91' lang='lat' dir='ltr'><strong>ad</strong></span> <span class='ocrx_word' id='word_1_578' title='bbox 3470 2661 3643 2731; x_wconf 80' lang='lat' dir='ltr'><strong>majo-</strong></span> 
     </span>
    </p>
   </div>
   <div class='ocr_carea' id='block_1_87' title="bbox 2065 2754 3643 2832">
    <p class='ocr_par' dir='ltr' id='par_1_87' title="bbox 2065 2754 3643 2832">
     <span class='ocr_line' id='line_1_87' title="bbox 2065 2754 3643 2832; baseline -0.007 -15"><span class='ocrx_word' id='word_1_579' title='bbox 2065 2780 2176 2818; x_wconf 89' lang='lat' dir='ltr'><strong>rem</strong></span> <span class='ocrx_word' id='word_1_580' title='bbox 2209 2764 2437 2832; x_wconf 81' lang='lat' dir='ltr'><strong>gradum</strong></span> <span class='ocrx_word' id='word_1_581' title='bbox 2483 2761 2551 2813; x_wconf 89' lang='lat' dir='ltr'><strong>ab</strong></span> <span class='ocrx_word' id='word_1_582' title='bbox 2576 2759 2786 2813; x_wconf 83' lang='lat' dir='ltr'><strong>Joanne</strong></span> <span class='ocrx_word' id='word_1_583' title='bbox 2818 2759 3098 2827; x_wconf 79' lang='lat' dir='ltr'><strong>Xiphilino</strong></span> <span class='ocrx_word' id='word_1_584' title='bbox 3157 2754 3350 2809; x_wconf 86' lang='lat' dir='ltr'><strong>fuisset</strong></span> <span class='ocrx_word' id='word_1_585' title='bbox 3397 2762 3643 2816; x_wconf 81' lang='lat' dir='ltr'><strong>evectus,</strong></span> 
     </span>
    </p>
   </div>
   <div class='ocr_carea' id='block_1_88' title="bbox 2065 2847 3648 2926">
    <p class='ocr_par' dir='ltr' id='par_1_88' title="bbox 2065 2847 3648 2926">
     <span class='ocr_line' id='line_1_88' title="bbox 2065 2847 3648 2926; baseline -0.009 -15"><span class='ocrx_word' id='word_1_586' title='bbox 2065 2857 2228 2926; x_wconf 88' lang='lat' dir='ltr'><strong>idque</strong></span> <span class='ocrx_word' id='word_1_587' title='bbox 2251 2855 2559 2922; x_wconf 89' lang='lat' dir='ltr'><strong>aliquorum</strong></span> <span class='ocrx_word' id='word_1_588' title='bbox 2577 2866 2864 2906; x_wconf 86' lang='lat' dir='ltr'><strong>censuram</strong></span> <span class='ocrx_word' id='word_1_589' title='bbox 2888 2848 3236 2911; x_wconf 88' lang='lat' dir='ltr'><strong>suscitasset,</strong></span> <span class='ocrx_word' id='word_1_590' title='bbox 3259 2847 3310 2900; x_wconf 89' lang='lat' dir='ltr'><strong>iu</strong></span> <span class='ocrx_word' id='word_1_591' title='bbox 3333 2861 3397 2899; x_wconf 89' lang='lat' dir='ltr'><strong>ea</strong></span> <span class='ocrx_word' id='word_1_592' title='bbox 3420 2859 3648 2912; x_wconf 84' lang='lat' dir='ltr'><strong>respon-</strong></span> 
     </span>
    </p>
   </div>
   <div class='ocr_carea' id='block_1_89' title="bbox 2063 2936 3643 3012">
    <p class='ocr_par' dir='ltr' id='par_1_89' title="bbox 2063 2936 3643 3012">
     <span class='ocr_line' id='line_1_89' title="bbox 2063 2936 3643 3012; baseline -0.011 -8"><span class='ocrx_word' id='word_1_593' title='bbox 2063 2951 2218 3004; x_wconf 83' lang='lat' dir='ltr'><strong>sione</strong></span> <span class='ocrx_word' id='word_1_594' title='bbox 2254 2947 2516 3002; x_wconf 74' lang='lat' dir='ltr'><strong>Joanncs</strong></span> <span class='ocrx_word' id='word_1_595' title='bbox 2545 2945 2681 2998; x_wconf 88' lang='lat' dir='ltr'><strong>Citri</strong></span> <span class='ocrx_word' id='word_1_596' title='bbox 2711 2942 3005 3012; x_wconf 87' lang='lat' dir='ltr'><strong>episcopus</strong></span> <span class='ocrx_word' id='word_1_597' title='bbox 3036 2940 3236 3009; x_wconf 90' lang='lat' dir='ltr'><strong>inquit,</strong></span> <span class='ocrx_word' id='word_1_598' title='bbox 3275 2937 3326 2991; x_wconf 92' lang='lat' dir='ltr'><strong>id</strong></span> <span class='ocrx_word' id='word_1_599' title='bbox 3375 2936 3579 3006; x_wconf 85' lang='lat' dir='ltr'><strong>optime</strong></span> <span class='ocrx_word' id='word_1_600' title='bbox 3613 2951 3643 2987; x_wconf 89' lang='lat' dir='ltr'><strong>a</strong></span> 
     </span>
    </p>
   </div>
   <div class='ocr_carea' id='block_1_90' title="bbox 2063 3029 3648 3108">
    <p class='ocr_par' dir='ltr' id='par_1_90' title="bbox 2063 3029 3648 3108">
     <span class='ocr_line' id='line_1_90' title="bbox 2063 3029 3648 3108; baseline -0.008 -14"><span class='ocrx_word' id='word_1_601' title='bbox 2063 3039 2338 3108; x_wconf 85' lang='lat' dir='ltr'><strong>Xiphilino</strong></span> <span class='ocrx_word' id='word_1_602' title='bbox 2353 3037 2521 3093; x_wconf 88' lang='lat' dir='ltr'><strong>fuisse</strong></span> <span class='ocrx_word' id='word_1_603' title='bbox 2545 3035 2927 3095; x_wconf 89' lang='lat' dir='ltr'><strong>constitutum,</strong></span> <span class='ocrx_word' id='word_1_604' title='bbox 2947 3040 3109 3102; x_wconf 82' lang='lat' dir='ltr'><strong>atque</strong></span> <span class='ocrx_word' id='word_1_605' title='bbox 3127 3031 3194 3086; x_wconf 86' lang='lat' dir='ltr'><strong>ad</strong></span> <span class='ocrx_word' id='word_1_606' title='bbox 3207 3045 3324 3084; x_wconf 90' lang='lat' dir='ltr'><strong>eam</strong></span> <span class='ocrx_word' id='word_1_607' title='bbox 3340 3029 3648 3083; x_wconf 87' lang='lat' dir='ltr'><strong>innovatio-</strong></span> 
     </span>
    </p>
   </div>
   <div class='ocr_carea' id='block_1_91' title="bbox 2061 3118 3643 3189">
    <p class='ocr_par' dir='ltr' id='par_1_91' title="bbox 2061 3118 3643 3189">
     <span class='ocr_line' id='line_1_91' title="bbox 2061 3118 3643 3189; baseline -0.011 -4"><span class='ocrx_word' id='word_1_608' title='bbox 2061 3147 2184 3185; x_wconf 89' lang='lat' dir='ltr'><strong>nem</strong></span> <span class='ocrx_word' id='word_1_609' title='bbox 2215 3129 2482 3184; x_wconf 87' lang='lat' dir='ltr'><strong>Eustathii</strong></span> <span class='ocrx_word' id='word_1_610' title='bbox 2506 3127 2888 3180; x_wconf 87' lang='lat' dir='ltr'><strong>auctoritatem</strong></span> <span class='ocrx_word' id='word_1_611' title='bbox 2919 3122 3240 3183; x_wconf 56' lang='lat' dir='ltr'><strong>access-isse,</strong></span> <span class='ocrx_word' id='word_1_612' title='bbox 3274 3120 3368 3189; x_wconf 90' lang='lat' dir='ltr'><strong>qui</strong></span> <span class='ocrx_word' id='word_1_613' title='bbox 3403 3118 3456 3172; x_wconf 89' lang='lat' dir='ltr'><strong>id</strong></span> <span class='ocrx_word' id='word_1_614' title='bbox 3490 3133 3643 3170; x_wconf 74' lang='lat' dir='ltr'><strong>sum-</strong></span> 
     </span>
    </p>
   </div>
   <div class='ocr_carea' id='block_1_92' title="bbox 2062 3209 3643 3291">
    <p class='ocr_par' dir='ltr' id='par_1_92' title="bbox 2062 3209 3643 3291">
     <span class='ocr_line' id='line_1_92' title="bbox 2062 3209 3643 3291; baseline -0.01 -15"><span class='ocrx_word' id='word_1_615' title='bbox 2062 3238 2287 3291; x_wconf 85' lang='lat' dir='ltr'><strong>mopere</strong></span> <span class='ocrx_word' id='word_1_616' title='bbox 2324 3219 2832 3275; x_wconf 75' lang='lat' dir='ltr'><strong>commendaverat.</strong></span> <span class='ocrx_word' id='word_1_617' title='bbox 2869 3213 3070 3269; x_wconf 84' lang='lat' dir='ltr'><strong>Verum</strong></span> <span class='ocrx_word' id='word_1_618' title='bbox 3105 3214 3207 3268; x_wconf 89' lang='lat' dir='ltr'><strong>hoc</strong></span> <span class='ocrx_word' id='word_1_619' title='bbox 3252 3228 3358 3265; x_wconf 91' lang='lat' dir='ltr'><strong>non</strong></span> <span class='ocrx_word' id='word_1_620' title='bbox 3415 3209 3643 3274; x_wconf 89' lang='lat' dir='ltr'><strong>evincit,</strong></span> 
     </span>
    </p>
   </div>
   <div class='ocr_carea' id='block_1_93' title="bbox 2063 3299 3644 3375">
    <p class='ocr_par' dir='ltr' id='par_1_93' title="bbox 2063 3299 3644 3375">
     <span class='ocr_line' id='line_1_93' title="bbox 2063 3299 3644 3375; baseline -0.008 -9"><span class='ocrx_word' id='word_1_621' title='bbox 2063 3321 2123 3366; x_wconf 89' lang='lat' dir='ltr'><strong>ut</strong></span> <span class='ocrx_word' id='word_1_622' title='bbox 2150 3312 2358 3366; x_wconf 88' lang='lat' dir='ltr'><strong>Pulitus</strong></span> <span class='ocrx_word' id='word_1_623' title='bbox 2388 3310 2626 3375; x_wconf 88' lang='lat' dir='ltr'><strong>censuit,</strong></span> <span class='ocrx_word' id='word_1_624' title='bbox 2663 3305 3018 3361; x_wconf 87' lang='lat' dir='ltr'><strong>Eustathiqu</strong></span> <span class='ocrx_word' id='word_1_625' title='bbox 3045 3301 3329 3372; x_wconf 78' lang='lat' dir='ltr'><strong>Xiphilino</strong></span> <span class='ocrx_word' id='word_1_626' title='bbox 3354 3299 3523 3355; x_wconf 82' lang='lat' dir='ltr'><strong>fuisse</strong></span> <span class='ocrx_word' id='word_1_627' title='bbox 3549 3314 3644 3354; x_wconf 84' lang='lat' dir='ltr'><strong>su-</strong></span> 
     </span>
    </p>
   </div>
   <div class='ocr_carea' id='block_1_94' title="bbox 2064 3393 3647 3475">
    <p class='ocr_par' dir='ltr' id='par_1_94' title="bbox 2064 3393 3647 3475">
     <span class='ocr_line' id='line_1_94' title="bbox 2064 3393 3647 3475; baseline -0.009 -18"><span class='ocrx_word' id='word_1_628' title='bbox 2064 3404 2369 3475; x_wconf 88' lang='lat' dir='ltr'><strong>perstitem,</strong></span> <span class='ocrx_word' id='word_1_629' title='bbox 2413 3413 2469 3456; x_wconf 91' lang='lat' dir='ltr'><strong>et</strong></span> <span class='ocrx_word' id='word_1_630' title='bbox 2509 3416 2682 3470; x_wconf 91' lang='lat' dir='ltr'><strong>usque</strong></span> <span class='ocrx_word' id='word_1_631' title='bbox 2715 3400 2780 3453; x_wconf 90' lang='lat' dir='ltr'><strong>ad</strong></span> <span class='ocrx_word' id='word_1_632' title='bbox 2810 3397 3043 3452; x_wconf 85' lang='lat' dir='ltr'><strong>Joannis</strong></span> <span class='ocrx_word' id='word_1_633' title='bbox 3068 3397 3215 3450; x_wconf 91' lang='lat' dir='ltr'><strong>illius</strong></span> <span class='ocrx_word' id='word_1_634' title='bbox 3245 3393 3484 3464; x_wconf 86' lang='lat' dir='ltr'><strong>episcopi</strong></span> <span class='ocrx_word' id='word_1_635' title='bbox 3510 3400 3647 3446; x_wconf 81' lang='lat' dir='ltr'><strong>tem-</strong></span> 
     </span>
    </p>
   </div>
   <div class='ocr_carea' id='block_1_95' title="bbox 2070 3484 3645 3565">
    <p class='ocr_par' dir='ltr' id='par_1_95' title="bbox 2070 3484 3645 3565">
     <span class='ocr_line' id='line_1_95' title="bbox 2070 3484 3645 3565; baseline -0.008 -17"><span class='ocrx_word' id='word_1_636' title='bbox 2070 3511 2205 3565; x_wconf 89' lang='lat' dir='ltr'><strong>pora</strong></span> <span class='ocrx_word' id='word_1_637' title='bbox 2239 3494 2588 3564; x_wconf 87' lang='lat' dir='ltr'><strong>pervenisse;</strong></span> <span class='ocrx_word' id='word_1_638' title='bbox 2651 3491 2746 3546; x_wconf 91' lang='lat' dir='ltr'><strong>sed</strong></span> <span class='ocrx_word' id='word_1_639' title='bbox 2796 3490 2982 3560; x_wconf 91' lang='lat' dir='ltr'><strong>potius</strong></span> <span class='ocrx_word' id='word_1_640' title='bbox 3047 3487 3335 3557; x_wconf 83' lang='lat' dir='ltr'><strong>Xiphilino</strong></span> <span class='ocrx_word' id='word_1_641' title='bbox 3389 3485 3518 3540; x_wconf 90' lang='lat' dir='ltr'><strong>dum</strong></span> <span class='ocrx_word' id='word_1_642' title='bbox 3568 3484 3645 3539; x_wconf 89' lang='lat' dir='ltr'><strong>ita</strong></span> 
     </span>
    </p>
   </div>
   <div class='ocr_carea' id='block_1_96' title="bbox 2065 3581 3642 3650">
    <p class='ocr_par' dir='ltr' id='par_1_96' title="bbox 2065 3581 3642 3650">
     <span class='ocr_line' id='line_1_96' title="bbox 2065 3581 3642 3650; baseline -0.008 -8"><span class='ocrx_word' id='word_1_643' title='bbox 2065 3587 2376 3642; x_wconf 75' lang='lat' dir='ltr'><strong>faciendum</strong></span> <span class='ocrx_word' id='word_1_644' title='bbox 2414 3586 2686 3645; x_wconf 86' lang='lat' dir='ltr'><strong>decrevit.</strong></span> <span class='ocrx_word' id='word_1_645' title='bbox 2745 3599 2906 3639; x_wconf 87' lang='lat' dir='ltr'><strong>suum</strong></span> <span class='ocrx_word' id='word_1_646' title='bbox 2977 3581 3281 3650; x_wconf 68' lang='lat' dir='ltr'><strong>przebuisse</strong></span> <span class='ocrx_word' id='word_1_647' title='bbox 3328 3593 3642 3634; x_wconf 88' lang='lat' dir='ltr'><strong>assensum.</strong></span> 
     </span>
    </p>
   </div>
   <div class='ocr_carea' id='block_1_97' title="bbox 2064 3672 3644 3748">
    <p class='ocr_par' dir='ltr' id='par_1_97' title="bbox 2064 3672 3644 3748">
     <span class='ocr_line' id='line_1_97' title="bbox 2064 3672 3644 3748; baseline -0.008 -14"><span class='ocrx_word' id='word_1_648' title='bbox 2064 3682 2221 3748; x_wconf 85' lang='lat' dir='ltr'><strong>Quod</strong></span> <span class='ocrx_word' id='word_1_649' title='bbox 2254 3681 2478 3746; x_wconf 86' lang='lat' dir='ltr'><strong>quidem</strong></span> <span class='ocrx_word' id='word_1_650' title='bbox 2517 3695 2579 3734; x_wconf 80' lang='lat' dir='ltr'><strong>ex</strong></span> <span class='ocrx_word' id='word_1_651' title='bbox 2606 3679 2783 3748; x_wconf 86' lang='lat' dir='ltr'><strong>ipsius</strong></span> <span class='ocrx_word' id='word_1_652' title='bbox 2815 3673 3280 3745; x_wconf 85' lang='lat' dir='ltr'><strong>quoqueJoannis</strong></span> <span class='ocrx_word' id='word_1_653' title='bbox 3313 3672 3494 3727; x_wconf 88' lang='lat' dir='ltr'><strong>verbis</strong></span> <span class='ocrx_word' id='word_1_654' title='bbox 3524 3673 3644 3724; x_wconf 80' lang='lat' dir='ltr'><strong>erui</strong></span> 
     </span>
    </p>
   </div>
   <div class='ocr_carea' id='block_1_98' title="bbox 2065 3764 3651 3844">
    <p class='ocr_par' dir='ltr' id='par_1_98' title="bbox 2065 3764 3651 3844">
     <span class='ocr_line' id='line_1_98' title="bbox 2065 3764 3651 3844; baseline -0.008 -17"><span class='ocrx_word' id='word_1_655' title='bbox 2065 3788 2222 3844; x_wconf 89' lang='lat' dir='ltr'><strong>posse</strong></span> <span class='ocrx_word' id='word_1_656' title='bbox 2239 3773 2451 3825; x_wconf 88' lang='lat' dir='ltr'><strong>videtur</strong></span> <span class='ocrx_word' id='word_1_657' title='bbox 2474 3789 2487 3833; x_wconf 90' lang='lat'><strong>;</strong></span> <span class='ocrx_word' id='word_1_658' title='bbox 2511 3771 2639 3823; x_wconf 89' lang='lat' dir='ltr'><strong>dum</strong></span> <span class='ocrx_word' id='word_1_659' title='bbox 2661 3770 2806 3824; x_wconf 91' lang='lat' dir='ltr'><strong>enim</strong></span> <span class='ocrx_word' id='word_1_660' title='bbox 2837 3767 3111 3821; x_wconf 87' lang='lat' dir='ltr'><strong>Eustathii</strong></span> <span class='ocrx_word' id='word_1_661' title='bbox 3141 3764 3406 3827; x_wconf 88' lang='lat' dir='ltr'><strong>meminit,</strong></span> <span class='ocrx_word' id='word_1_662' title='bbox 3425 3780 3488 3816; x_wconf 86' lang='lat' dir='ltr'><strong>ea</strong></span> <span class='ocrx_word' id='word_1_663' title='bbox 3514 3777 3651 3831; x_wconf 70' lang='lat' dir='ltr'><strong>prte-</strong></span> 
     </span>
    </p>
   </div>
   <div class='ocr_carea' id='block_1_99' title="bbox 2066 3855 3648 3928">
    <p class='ocr_par' dir='ltr' id='par_1_99' title="bbox 2066 3855 3648 3928">
     <span class='ocr_line' id='line_1_99' title="bbox 2066 3855 3648 3928; baseline -0.007 -9"><span class='ocrx_word' id='word_1_664' title='bbox 2066 3865 2232 3919; x_wconf 80' lang='lat' dir='ltr'><strong>mittit</strong></span> <span class='ocrx_word' id='word_1_665' title='bbox 2250 3865 2414 3917; x_wconf 85' lang='lat' dir='ltr'><strong>verba</strong></span> <span class='ocrx_word' id='word_1_666' title='bbox 2441 3861 2536 3914; x_wconf 79' lang='grc' dir='ltr'>τοῦ</span> <span class='ocrx_word' id='word_1_667' title='bbox 2577 3864 2634 3913; x_wconf 83' lang='grc' dir='ltr'><strong>ὲν</strong></span> <span class='ocrx_word' id='word_1_668' title='bbox 2663 3861 2866 3927; x_wconf 75' lang='grc' dir='ltr'><strong>ἁγίοις,</strong></span> <span class='ocrx_word' id='word_1_669' title='bbox 2896 3875 3018 3928; x_wconf 63' lang='lat' dir='ltr'><strong>quae</strong></span> <span class='ocrx_word' id='word_1_670' title='bbox 3045 3874 3166 3910; x_wconf 89' lang='lat' dir='ltr'><strong>cum</strong></span> <span class='ocrx_word' id='word_1_671' title='bbox 3194 3857 3307 3925; x_wconf 90' lang='lat' dir='ltr'><strong>jam</strong></span> <span class='ocrx_word' id='word_1_672' title='bbox 3343 3855 3648 3909; x_wconf 87' lang='lat' dir='ltr'><strong>decessisse</strong></span> 
     </span>
    </p>
   </div>
   <div class='ocr_carea' id='block_1_100' title="bbox 2069 3945 3649 4020">
    <p class='ocr_par' dir='ltr' id='par_1_100' title="bbox 2069 3945 3649 4020">
     <span class='ocr_line' id='line_1_100' title="bbox 2069 3945 3649 4020; baseline -0.006 -12"><span class='ocrx_word' id='word_1_673' title='bbox 2069 3955 2332 4016; x_wconf 85' lang='lat' dir='ltr'><strong>indicant,</strong></span> <span class='ocrx_word' id='word_1_674' title='bbox 2364 3952 2627 4020; x_wconf 86' lang='lat' dir='ltr'><strong>quoniam</strong></span> <span class='ocrx_word' id='word_1_675' title='bbox 2674 3953 2876 4018; x_wconf 83' lang='lat' dir='ltr'><strong>probos</strong></span> <span class='ocrx_word' id='word_1_676' title='bbox 2902 3956 3234 4015; x_wconf 88' lang='lat' dir='ltr'><strong>sanctosque</strong></span> <span class='ocrx_word' id='word_1_677' title='bbox 3259 3947 3408 4000; x_wconf 87' lang='lat' dir='ltr'><strong>viros</strong></span> <span class='ocrx_word' id='word_1_678' title='bbox 3443 3945 3495 3997; x_wconf 90' lang='lat' dir='ltr'><strong>iu</strong></span> <span class='ocrx_word' id='word_1_679' title='bbox 3517 3958 3649 4014; x_wconf 79' lang='lat' dir='ltr'><strong>pare</strong></span> 
     </span>
    </p>
   </div>
   <div class='ocr_carea' id='block_1_101' title="bbox 2066 4039 3574 4112">
    <p class='ocr_par' dir='ltr' id='par_1_101' title="bbox 2066 4039 3574 4112">
     <span class='ocr_line' id='line_1_101' title="bbox 2066 4039 3574 4112; baseline -0.005 -15"><span class='ocrx_word' id='word_1_680' title='bbox 2066 4044 2268 4098; x_wconf 80' lang='lat' dir='ltr'><strong>Christi</strong></span> <span class='ocrx_word' id='word_1_681' title='bbox 2302 4041 2648 4112; x_wconf 54' lang='lat' dir='ltr'><strong>quiescentes</strong></span> <span class='ocrx_word' id='word_1_682' title='bbox 2679 4040 2753 4093; x_wconf 91' lang='lat' dir='ltr'><strong>ita</strong></span> <span class='ocrx_word' id='word_1_683' title='bbox 2780 4039 3113 4107; x_wconf 87' lang='lat' dir='ltr'><strong>compellare</strong></span> <span class='ocrx_word' id='word_1_684' title='bbox 3157 4047 3574 4091; x_wconf 89' lang='lat' dir='ltr'><strong>consueverant.</strong></span> 
     </span>
    </p>
   </div>
   <div class='ocr_carea' id='block_1_102' title="bbox 2137 4219 3648 4294">
    <p class='ocr_par' dir='ltr' id='par_1_102' title="bbox 2137 4219 3648 4294">
     <span class='ocr_line' id='line_1_102' title="bbox 2137 4219 3648 4294; baseline -0.005 -14"><span class='ocrx_word' id='word_1_685' title='bbox 2137 4227 2231 4280; x_wconf 83' lang='lat' dir='ltr'><strong>Vl.</strong></span> <span class='ocrx_word' id='word_1_686' title='bbox 2267 4225 2540 4281; x_wconf 82' lang='lat' dir='ltr'><strong>Hactenus</strong></span> <span class='ocrx_word' id='word_1_687' title='bbox 2574 4221 2845 4294; x_wconf 79' lang='lat' dir='ltr'><strong>Euthymii</strong></span> <span class='ocrx_word' id='word_1_688' title='bbox 2873 4221 3062 4275; x_wconf 88' lang='lat' dir='ltr'><strong>laudes</strong></span> <span class='ocrx_word' id='word_1_689' title='bbox 3099 4219 3376 4288; x_wconf 86' lang='lat' dir='ltr'><strong>prosecuti</strong></span> <span class='ocrx_word' id='word_1_690' title='bbox 3430 4232 3648 4280; x_wconf 85' lang='lat' dir='ltr'><strong>sumus,</strong></span> 
     </span>
    </p>
   </div>
   <div class='ocr_carea' id='block_1_103' title="bbox 2073 4309 3646 4386">
    <p class='ocr_par' dir='ltr' id='par_1_103' title="bbox 2073 4309 3646 4386">
     <span class='ocr_line' id='line_1_103' title="bbox 2073 4309 3646 4386; baseline -0.008 -11"><span class='ocrx_word' id='word_1_691' title='bbox 2073 4323 2165 4375; x_wconf 84' lang='lat' dir='ltr'><strong>sed</strong></span> <span class='ocrx_word' id='word_1_692' title='bbox 2196 4317 2581 4386; x_wconf 80' lang='lat' dir='ltr'><strong>falerioportet</strong></span> <span class='ocrx_word' id='word_1_693' title='bbox 2611 4315 2928 4370; x_wconf 68' lang='lat' dir='ltr'><strong>Graecorum</strong></span> <span class='ocrx_word' id='word_1_694' title='bbox 2975 4311 3266 4368; x_wconf 85' lang='lat' dir='ltr'><strong>schismati</strong></span> <span class='ocrx_word' id='word_1_695' title='bbox 3309 4309 3646 4364; x_wconf 81' lang='lat' dir='ltr'><strong>adhaesisse:</strong></span> 
     </span>
    </p>
   </div>
   <div class='ocr_carea' id='block_1_104' title="bbox 2071 4401 3653 4482">
    <p class='ocr_par' dir='ltr' id='par_1_104' title="bbox 2071 4401 3653 4482">
     <span class='ocr_line' id='line_1_104' title="bbox 2071 4401 3653 4482; baseline -0.008 -16"><span class='ocrx_word' id='word_1_696' title='bbox 2071 4413 2216 4482; x_wconf 90' lang='lat' dir='ltr'><strong>quod</strong></span> <span class='ocrx_word' id='word_1_697' title='bbox 2239 4411 2584 4482; x_wconf 88' lang='lat' dir='ltr'><strong>potissimum</strong></span> <span class='ocrx_word' id='word_1_698' title='bbox 2603 4415 2821 4463; x_wconf 85' lang='lat' dir='ltr'><strong>constat</strong></span> <span class='ocrx_word' id='word_1_699' title='bbox 2836 4421 2899 4459; x_wconf 75' lang='lat' dir='ltr'><strong>ex</strong></span> <span class='ocrx_word' id='word_1_700' title='bbox 2925 4404 3110 4460; x_wconf 85' lang='lat' dir='ltr'><strong>libello</strong></span> <span class='ocrx_word' id='word_1_701' title='bbox 3129 4405 3216 4458; x_wconf 89' lang='lat' dir='ltr'><strong>cui</strong></span> <span class='ocrx_word' id='word_1_702' title='bbox 3241 4404 3467 4457; x_wconf 87' lang='lat' dir='ltr'><strong>titulus:</strong></span> <span class='ocrx_word' id='word_1_703' title='bbox 3495 4401 3653 4455; x_wconf 75' lang='grc' dir='ltr'><strong>Κατὰ</strong></span> 
     </span>
    </p>
   </div>
   <div class='ocr_carea' id='block_1_105' title="bbox 2069 4495 3652 4574">
    <p class='ocr_par' dir='ltr' id='par_1_105' title="bbox 2069 4495 3652 4574">
     <span class='ocr_line' id='line_1_105' title="bbox 2069 4495 3652 4574; baseline -0.006 -16"><span class='ocrx_word' id='word_1_704' title='bbox 2069 4505 2181 4558; x_wconf 83' lang='grc' dir='ltr'><strong>τῶν</strong></span> <span class='ocrx_word' id='word_1_705' title='bbox 2233 4504 2333 4574; x_wconf 82' lang='grc' dir='ltr'><strong>τῆς</strong></span> <span class='ocrx_word' id='word_1_706' title='bbox 2396 4503 2636 4566; x_wconf 83' lang='grc' dir='ltr'><strong>παλαιᾶς</strong></span> <span class='ocrx_word' id='word_1_707' title='bbox 2677 4500 2922 4571; x_wconf 83' lang='grc' dir='ltr'><strong>Ῥώμης,</strong></span> <span class='ocrx_word' id='word_1_708' title='bbox 2964 4499 3086 4568; x_wconf 69' lang='grc' dir='ltr'><strong>ἦτοι</strong></span> <span class='ocrx_word' id='word_1_709' title='bbox 3127 4498 3237 4550; x_wconf 77' lang='grc' dir='ltr'><strong>τῶν</strong></span> <span class='ocrx_word' id='word_1_710' title='bbox 3275 4495 3515 4558; x_wconf 79' lang='grc' dir='ltr'><strong>Ἰταλῶν,</strong></span> <span class='ocrx_word' id='word_1_711' title='bbox 3569 4496 3652 4549; x_wconf 82' lang='grc' dir='ltr'><strong>ὅτι</strong></span> 
     </span>
    </p>
   </div>
   <div class='ocr_carea' id='block_1_106' title="bbox 2072 4587 3648 4660">
    <p class='ocr_par' dir='ltr' id='par_1_106' title="bbox 2072 4587 3648 4660">
     <span class='ocr_line' id='line_1_106' title="bbox 2072 4587 3648 4660; baseline -0.006 -11"><span class='ocrx_word' id='word_1_712' title='bbox 2072 4596 2173 4649; x_wconf 79' lang='grc' dir='ltr'><strong>οὒκ</strong></span> <span class='ocrx_word' id='word_1_713' title='bbox 2213 4597 2278 4648; x_wconf 83' lang='grc' dir='ltr'><strong>ὲκ</strong></span> <span class='ocrx_word' id='word_1_714' title='bbox 2320 4595 2418 4648; x_wconf 82' lang='grc' dir='ltr'><strong>τοῦ</strong></span> <span class='ocrx_word' id='word_1_715' title='bbox 2467 4593 2600 4646; x_wconf 86' lang='grc' dir='ltr'><strong>Υἱοῦ</strong></span> <span class='ocrx_word' id='word_1_716' title='bbox 2651 4591 3021 4660; x_wconf 77' lang='grc' dir='ltr'><strong>ἐκπορεύεται</strong></span> <span class='ocrx_word' id='word_1_717' title='bbox 3083 4591 3144 4643; x_wconf 78' lang='grc' dir='ltr'><strong>τὸ</strong></span> <span class='ocrx_word' id='word_1_718' title='bbox 3195 4590 3350 4658; x_wconf 72' lang='grc' dir='ltr'>ἅγιον</span> <span class='ocrx_word' id='word_1_719' title='bbox 3405 4587 3648 4658; x_wconf 80' lang='grc' dir='ltr'><strong>Πνεῦμα.</strong></span> 
     </span>
    </p>
   </div>
   <div class='ocr_carea' id='block_1_107' title="bbox 2073 4681 3651 4751">
    <p class='ocr_par' dir='ltr' id='par_1_107' title="bbox 2073 4681 3651 4751">
     <span class='ocr_line' id='line_1_107' title="bbox 2073 4681 3651 4751; baseline -0.006 -9"><span class='ocrx_word' id='word_1_720' title='bbox 2073 4686 2334 4742; x_wconf 81' lang='lat' dir='ltr'><strong>Adversus</strong></span> <span class='ocrx_word' id='word_1_721' title='bbox 2365 4685 2546 4738; x_wconf 64' lang='lat' dir='ltr'><strong>Romae</strong></span> <span class='ocrx_word' id='word_1_722' title='bbox 2586 4685 2774 4737; x_wconf 84' lang='lat' dir='ltr'><strong>veteris</strong></span> <span class='ocrx_word' id='word_1_723' title='bbox 2807 4683 2966 4746; x_wconf 85' lang='lat' dir='ltr'><strong>cives,</strong></span> <span class='ocrx_word' id='word_1_724' title='bbox 3001 4684 3106 4736; x_wconf 83' lang='lat' dir='ltr'><strong>sire</strong></span> <span class='ocrx_word' id='word_1_725' title='bbox 3135 4681 3329 4743; x_wconf 87' lang='lat' dir='ltr'><strong>Italos,</strong></span> <span class='ocrx_word' id='word_1_726' title='bbox 3382 4681 3520 4751; x_wconf 84' lang='lat' dir='ltr'><strong>quod</strong></span> <span class='ocrx_word' id='word_1_727' title='bbox 3547 4695 3651 4733; x_wconf 88' lang='lat' dir='ltr'><strong>non</strong></span> 
     </span>
    </p>
   </div>
   <div class='ocr_carea' id='block_1_108' title="bbox 2070 4771 3646 4847">
    <p class='ocr_par' dir='ltr' id='par_1_108' title="bbox 2070 4771 3646 4847">
     <span class='ocr_line' id='line_1_108' title="bbox 2070 4771 3646 4847; baseline -0.005 -14"><span class='ocrx_word' id='word_1_728' title='bbox 2070 4795 2136 4833; x_wconf 80' lang='lat' dir='ltr'><strong>ex</strong></span> <span class='ocrx_word' id='word_1_729' title='bbox 2169 4777 2312 4830; x_wconf 76' lang='lat' dir='ltr'><strong>Filio</strong></span> <span class='ocrx_word' id='word_1_730' title='bbox 2335 4775 2571 4847; x_wconf 82' lang='lat' dir='ltr'><strong>procedit</strong></span> <span class='ocrx_word' id='word_1_731' title='bbox 2598 4773 2832 4844; x_wconf 69' lang='lat' dir='ltr'><strong>Spiritus</strong></span> <span class='ocrx_word' id='word_1_732' title='bbox 2865 4783 3106 4829; x_wconf 81' lang='lat' dir='ltr'><strong>sanctus.</strong></span> <span class='ocrx_word' id='word_1_733' title='bbox 3139 4773 3250 4826; x_wconf 86' lang='lat' dir='ltr'><strong>Leo</strong></span> <span class='ocrx_word' id='word_1_734' title='bbox 3278 4772 3510 4826; x_wconf 83' lang='lat' dir='ltr'><strong>Allatius</strong></span> <span class='ocrx_word' id='word_1_735' title='bbox 3536 4771 3646 4840; x_wconf 87' lang='grc'><strong>(18)</strong></span> 
     </span>
    </p>
   </div>
   <div class='ocr_carea' id='block_1_109' title="bbox 2072 4863 3646 4941">
    <p class='ocr_par' dir='ltr' id='par_1_109' title="bbox 2072 4863 3646 4941">
     <span class='ocr_line' id='line_1_109' title="bbox 2072 4863 3646 4941; baseline -0.006 -17"><span class='ocrx_word' id='word_1_736' title='bbox 2072 4870 2322 4941; x_wconf 86' lang='lat' dir='ltr'><strong>pluribus</strong></span> <span class='ocrx_word' id='word_1_737' title='bbox 2353 4865 3122 4923; x_wconf 80' lang='lat' dir='ltr'><strong>contenderatortbodoxiam</strong></span> <span class='ocrx_word' id='word_1_738' title='bbox 3177 4863 3454 4936; x_wconf 80' lang='lat' dir='ltr'><strong>Euthymii</strong></span> <span class='ocrx_word' id='word_1_739' title='bbox 3491 4878 3646 4917; x_wconf 87' lang='lat' dir='ltr'><strong>com-</strong></span> 
     </span>
    </p>
   </div>
   <div class='ocr_carea' id='block_1_110' title="bbox 2069 4956 3650 5033">
    <p class='ocr_par' dir='ltr' id='par_1_110' title="bbox 2069 4956 3650 5033">
     <span class='ocr_line' id='line_1_110' title="bbox 2069 4956 3650 5033; baseline -0.006 -17"><span class='ocrx_word' id='word_1_740' title='bbox 2069 4964 2326 5033; x_wconf 85' lang='lat' dir='ltr'><strong>probare,</strong></span> <span class='ocrx_word' id='word_1_741' title='bbox 2351 4960 2444 5015; x_wconf 91' lang='lat' dir='ltr'><strong>sed</strong></span> <span class='ocrx_word' id='word_1_742' title='bbox 2473 4957 2766 5014; x_wconf 84' lang='lat' dir='ltr'><strong>abJoanne</strong></span> <span class='ocrx_word' id='word_1_743' title='bbox 2789 4959 3034 5013; x_wconf 83' lang='lat' dir='ltr'><strong>Auberto</strong></span> <span class='ocrx_word' id='word_1_744' title='bbox 3063 4958 3328 5022; x_wconf 90' lang='lat' dir='ltr'><strong>monitus,</strong></span> <span class='ocrx_word' id='word_1_745' title='bbox 3362 4971 3420 5010; x_wconf 89' lang='lat' dir='ltr'><strong>se</strong></span> <span class='ocrx_word' id='word_1_746' title='bbox 3449 4956 3650 5024; x_wconf 81' lang='lat' dir='ltr'><strong>hujus-</strong></span> 
     </span>
    </p>
   </div>
   <div class='ocr_carea' id='block_1_111' title="bbox 2075 5049 3647 5111">
    <p class='ocr_par' dir='ltr' id='par_1_111' title="bbox 2075 5049 3647 5111">
     <span class='ocr_line' id='line_1_111' title="bbox 2075 5049 3647 5111; baseline -0.006 -2"><span class='ocrx_word' id='word_1_747' title='bbox 2075 5056 2222 5110; x_wconf 91' lang='lat' dir='ltr'><strong>modi</strong></span> <span class='ocrx_word' id='word_1_748' title='bbox 2265 5054 2510 5109; x_wconf 92' lang='lat' dir='ltr'><strong>libellum</strong></span> <span class='ocrx_word' id='word_1_749' title='bbox 2549 5053 2603 5107; x_wconf 94' lang='lat' dir='ltr'><strong>in</strong></span> <span class='ocrx_word' id='word_1_750' title='bbox 2631 5053 2968 5108; x_wconf 83' lang='lat' dir='ltr'><strong>bibliotheca</strong></span> <span class='ocrx_word' id='word_1_751' title='bbox 2992 5051 3290 5106; x_wconf 88' lang='lat' dir='ltr'><strong>Parisiensi</strong></span> <span class='ocrx_word' id='word_1_752' title='bbox 3349 5049 3647 5111; x_wconf 85' lang='lat' dir='ltr'><strong>invenisse,</strong></span> 
     </span>
    </p>
   </div>
   <div class='ocr_carea' id='block_1_112' title="bbox 2075 5137 3646 5217">
    <p class='ocr_par' dir='ltr' id='par_1_112' title="bbox 2075 5137 3646 5217">
     <span class='ocr_line' id='line_1_112' title="bbox 2075 5137 3646 5217; baseline -0.006 -15"><span class='ocrx_word' id='word_1_753' title='bbox 2075 5163 2184 5203; x_wconf 92' lang='lat' dir='ltr'><strong>non</strong></span> <span class='ocrx_word' id='word_1_754' title='bbox 2216 5163 2338 5202; x_wconf 90' lang='lat' dir='ltr'><strong>esse</strong></span> <span class='ocrx_word' id='word_1_755' title='bbox 2376 5146 2613 5217; x_wconf 91' lang='lat' dir='ltr'><strong>amplius</strong></span> <span class='ocrx_word' id='word_1_756' title='bbox 2637 5145 2942 5201; x_wconf 89' lang='lat' dir='ltr'><strong>defensioni</strong></span> <span class='ocrx_word' id='word_1_757' title='bbox 2979 5145 3159 5199; x_wconf 87' lang='lat' dir='ltr'><strong>locum</strong></span> <span class='ocrx_word' id='word_1_758' title='bbox 3187 5142 3370 5198; x_wconf 88' lang='lat' dir='ltr'><strong>fassus</strong></span> <span class='ocrx_word' id='word_1_759' title='bbox 3425 5148 3531 5194; x_wconf 82' lang='lat' dir='ltr'><strong>est.</strong></span> <span class='ocrx_word' id='word_1_760' title='bbox 3588 5137 3646 5192; x_wconf 94' lang='lat' dir='ltr'><strong>ln</strong></span> 
     </span>
    </p>
   </div>
   <div class='ocr_carea' id='block_1_113' title="bbox 2069 5229 3646 5305">
    <p class='ocr_par' dir='ltr' id='par_1_113' title="bbox 2069 5229 3646 5305">
     <span class='ocr_line' id='line_1_113' title="bbox 2069 5229 3646 5305; baseline -0.01 -9"><span class='ocrx_word' id='word_1_761' title='bbox 2069 5255 2190 5296; x_wconf 88' lang='lat' dir='ltr'><strong>eam</strong></span> <span class='ocrx_word' id='word_1_762' title='bbox 2208 5239 2534 5296; x_wconf 79' lang='lat' dir='ltr'><strong>sententiam</strong></span> <span class='ocrx_word' id='word_1_763' title='bbox 2563 5238 2799 5293; x_wconf 80' lang='lat' dir='ltr'><strong>Allatius</strong></span> <span class='ocrx_word' id='word_1_764' title='bbox 2817 5236 3201 5300; x_wconf 86' lang='lat' dir='ltr'><strong>descenderat,</strong></span> <span class='ocrx_word' id='word_1_765' title='bbox 3225 5233 3369 5305; x_wconf 90' lang='lat' dir='ltr'><strong>quod</strong></span> <span class='ocrx_word' id='word_1_766' title='bbox 3389 5233 3441 5286; x_wconf 91' lang='lat' dir='ltr'><strong>in</strong></span> <span class='ocrx_word' id='word_1_767' title='bbox 3497 5229 3646 5285; x_wconf 85' lang='lat' dir='ltr'><strong>edita</strong></span> 
     </span>
    </p>
   </div>
   <div class='ocr_carea' id='block_1_114' title="bbox 2070 5321 3649 5403">
    <p class='ocr_par' dir='ltr' id='par_1_114' title="bbox 2070 5321 3649 5403">
     <span class='ocr_line' id='line_1_114' title="bbox 2070 5321 3649 5403; baseline -0.008 -17"><span class='ocrx_word' id='word_1_768' title='bbox 2070 5331 2347 5403; x_wconf 75' lang='lat' dir='ltr'><strong>Panoplia:</strong></span> <span class='ocrx_word' id='word_1_769' title='bbox 2375 5331 2495 5386; x_wconf 86' lang='lat' dir='ltr'><strong>Zini</strong></span> <span class='ocrx_word' id='word_1_770' title='bbox 2533 5331 2784 5386; x_wconf 81' lang='lat' dir='ltr'><strong>versione</strong></span> <span class='ocrx_word' id='word_1_771' title='bbox 2809 5329 2945 5384; x_wconf 93' lang='lat' dir='ltr'><strong>nihil</strong></span> <span class='ocrx_word' id='word_1_772' title='bbox 2967 5330 3249 5384; x_wconf 89' lang='lat' dir='ltr'><strong>invenerat</strong></span> <span class='ocrx_word' id='word_1_773' title='bbox 3288 5324 3433 5396; x_wconf 89' lang='lat' dir='ltr'><strong>quod</strong></span> <span class='ocrx_word' id='word_1_774' title='bbox 3458 5321 3649 5378; x_wconf 86' lang='lat' dir='ltr'><strong>catho-</strong></span> 
     </span>
    </p>
   </div>
   <div class='ocr_carea' id='block_1_115' title="bbox 2178 5507 3638 5574">
    <p class='ocr_par' dir='ltr' id='par_1_115' title="bbox 2178 5507 3638 5574">
     <span class='ocr_line' id='line_1_115' title="bbox 2178 5507 3638 5574; baseline -0.002 -7"><span class='ocrx_word' id='word_1_775' title='bbox 2178 5512 2260 5574; x_wconf 89' lang='lat' dir='ltr'><strong>l6)</strong></span> <span class='ocrx_word' id='word_1_776' title='bbox 2290 5511 2407 5566; x_wconf 82' lang='lat' dir='ltr'><strong>Vid.</strong></span> <span class='ocrx_word' id='word_1_777' title='bbox 2429 5512 2642 5566; x_wconf 75' lang='lat' dir='ltr'><strong>Annam</strong></span> <span class='ocrx_word' id='word_1_778' title='bbox 2673 5511 2936 5566; x_wconf 82' lang='lat' dir='ltr'><strong>Comncn.</strong></span> <span class='ocrx_word' id='word_1_779' title='bbox 2956 5507 3484 5574; x_wconf 75' lang='lat' dir='ltr'><strong>Alexind.iib.!v,p.</strong></span> <span class='ocrx_word' id='word_1_780' title='bbox 3514 5507 3638 5564; x_wconf 77' lang='grc'><strong>157.</strong></span> 
     </span>
    </p>
   </div>
   <div class='ocr_carea' id='block_1_116' title="bbox 2143 5513 3642 5652">
    <p class='ocr_par' dir='ltr' id='par_1_116' title="bbox 2143 5513 3642 5652">
     <span class='ocr_line' id='line_1_116' title="bbox 2178 5513 3638 5574; baseline -0.002 -7"><span class='ocrx_word' id='word_1_781' title='bbox 2178 5513 2260 5574; x_wconf 86' lang='grc'><strong>16)</strong></span> <span class='ocrx_word' id='word_1_782' title='bbox 2290 5513 2407 5566; x_wconf 81' lang='lat' dir='ltr'><strong>Vid.</strong></span> <span class='ocrx_word' id='word_1_783' title='bbox 2429 5513 2642 5566; x_wconf 78' lang='lat' dir='ltr'><strong>Annam</strong></span> <span class='ocrx_word' id='word_1_784' title='bbox 2673 5513 2936 5566; x_wconf 82' lang='lat' dir='ltr'><strong>Comncn.</strong></span> <span class='ocrx_word' id='word_1_785' title='bbox 2956 5513 3484 5574; x_wconf 75' lang='lat' dir='ltr'><strong>Alexind.iib.!v,p.</strong></span> <span class='ocrx_word' id='word_1_786' title='bbox 3514 5513 3638 5564; x_wconf 80' lang='grc'><strong>157.</strong></span> 
     </span>
     <span class='ocr_line' id='line_1_117' title="bbox 2143 5513 3642 5652; baseline -0.001 -16"><span class='ocrx_word' id='word_1_787' title='bbox 2143 5513 2166 5651; x_wconf 54' lang='grc' dir='ltr'><em>ἱ</em></span> <span class='ocrx_word' id='word_1_788' title='bbox 2174 5585 2257 5650; x_wconf 88' lang='grc'><strong>17)</strong></span> <span class='ocrx_word' id='word_1_789' title='bbox 2296 5582 2359 5636; x_wconf 88' lang='lat' dir='ltr'><strong>In</strong></span> <span class='ocrx_word' id='word_1_790' title='bbox 2389 5582 2616 5652; x_wconf 74' lang='lat' dir='ltr'><strong>Pro-fat.</strong></span> <span class='ocrx_word' id='word_1_791' title='bbox 2637 5583 2706 5636; x_wconf 85' lang='lat' dir='ltr'><strong>ad</strong></span> <span class='ocrx_word' id='word_1_792' title='bbox 2722 5581 3016 5635; x_wconf 80' lang='lat' dir='ltr'><strong>Comment.</strong></span> <span class='ocrx_word' id='word_1_793' title='bbox 3043 5579 3313 5633; x_wconf 80' lang='lat' dir='ltr'><strong>Eustothii</strong></span> <span class='ocrx_word' id='word_1_794' title='bbox 3344 5581 3398 5634; x_wconf 85' lang='lat' dir='ltr'><strong>in</strong></span> <span class='ocrx_word' id='word_1_795' title='bbox 3421 5585 3642 5636; x_wconf 84' lang='lat' dir='ltr'><strong>Homer.</strong></span> 
     </span>
    </p>
   </div>
   <div class='ocr_carea' id='block_1_117' title="bbox 2070 5654 3644 5851">
    <p class='ocr_par' dir='ltr' id='par_1_117' title="bbox 2070 5654 3644 5851">
     <span class='ocr_line' id='line_1_118' title="bbox 2070 5654 2490 5726; baseline -0.002 -19"><span class='ocrx_word' id='word_1_796' title='bbox 2070 5669 2193 5726; x_wconf 81' lang='lat' dir='ltr'><strong>pag.</strong></span> <span class='ocrx_word' id='word_1_797' title='bbox 2223 5654 2288 5706; x_wconf 83' lang='grc'><strong>16</strong></span> <span class='ocrx_word' id='word_1_798' title='bbox 2317 5663 2370 5706; x_wconf 89' lang='lat' dir='ltr'><strong>et</strong></span> <span class='ocrx_word' id='word_1_799' title='bbox 2408 5654 2490 5706; x_wconf 89' lang='grc'><strong>17.</strong></span> 
     </span>
     <span class='ocr_line' id='line_1_119' title="bbox 2070 5721 3644 5851; baseline -0.003 -70"><span class='ocrx_word' id='word_1_800' title='bbox 2070 5727 2256 5851; x_wconf 52' lang='grc' dir='ltr'><strong>Μξέξζὲ</strong></span> <span class='ocrx_word' id='word_1_801' title='bbox 2271 5723 2357 5849; x_wconf 41' lang='grc' dir='ltr'><strong>ξιξ</strong></span> <span class='ocrx_word' id='word_1_802' title='bbox 2386 5727 2609 5795; x_wconf 80' lang='lat' dir='ltr'><strong>utriusq.</strong></span> <span class='ocrx_word' id='word_1_803' title='bbox 2651 5722 2852 5778; x_wconf 76' lang='lat' dir='ltr'><strong>Eccles.</strong></span> <span class='ocrx_word' id='word_1_804' title='bbox 2892 5738 3128 5776; x_wconf 81' lang='lat' dir='ltr'><strong>conscus.</strong></span> <span class='ocrx_word' id='word_1_805' title='bbox 3157 5721 3251 5778; x_wconf 88' lang='lat' dir='ltr'><strong>lib.</strong></span> <span class='ocrx_word' id='word_1_806' title='bbox 3284 5723 3376 5793; x_wconf 46' lang='lat' dir='ltr'><strong>at;</strong></span> <span class='ocrx_word' id='word_1_807' title='bbox 3397 5738 3520 5793; x_wconf 84' lang='lat' dir='ltr'><strong>cap.</strong></span> <span class='ocrx_word' id='word_1_808' title='bbox 3558 5721 3644 5789; x_wconf 78' lang='grc'><strong>10,</strong></span> 
     </span>
    </p>
   </div>
   <div class='ocr_carea' id='block_1_118' title="bbox 2067 5803 2353 5868">
    <p class='ocr_par' dir='ltr' id='par_1_118' title="bbox 2067 5803 2353 5868">
     <span class='ocr_line' id='line_1_120' title="bbox 2067 5803 2353 5868; baseline 0.003 -22"><span class='ocrx_word' id='word_1_809' title='bbox 2067 5811 2128 5865; x_wconf 86' lang='lat' dir='ltr'><strong>pa</strong></span> <span class='ocrx_word' id='word_1_810' title='bbox 2138 5812 2188 5868; x_wconf 67' lang='grc' dir='ltr'><strong>ε.</strong></span> <span class='ocrx_word' id='word_1_811' title='bbox 2225 5803 2256 5851; x_wconf 77' lang='lat' dir='ltr'><strong>ti</strong></span> <span class='ocrx_word' id='word_1_812' title='bbox 2271 5803 2353 5849; x_wconf 73' lang='grc'><strong>12.</strong></span> 
     </span>
    </p>
   </div>
  </div>
