4090 6212
350 249 419 313 27
1668 238 1946 306 ΡΒΟΙ.Εζ

2055 247 2226 309 [ENA
3513 240 3585 300 28

346 366 466 421 licaa
510 360 631 418 lidei
663 368 716 416 et
755 360 961 416 Latina:
994 360 1252 417 Ecclesiae
1285 360 1710 427 adversaretur;
1741 364 1798 416 at
1861 354 1922 414 in
2023 357 2333 428 Bogomilos
2376 360 2508 414 illud
2537 357 2889 413 concinnavit
2917 368 3150 425 quorum
3207 351 3458 406 haeresim
3482 354 3588 406 alio

349 455 538 508 codice
591 452 800 515 Graeco,
833 468 995 522 quem
1050 467 1214 522 supra
1280 453 1645 517 laudavimus,
1678 450 1924 507 Michac-
2017 467 2239 521 quoque
2277 453 2542 522 singulari
2575 451 2843 520 opusculo
2906 448 3213 503 insectatus
3272 455 3378 505 est,
3441 447 3586 512 quod

352 549 416 602 lis
444 547 705 610 Eneman,
734 554 912 601 exstat
949 546 1139 600 titulus
1216 562 1338 608 xm,
1378 545 1471 615 qui
1512 561 1575 599 ex
1609 545 1804 602 Pbotio
1827 544 1924 600 de-
2014 542 2290 614 integrum
2325 543 2511 599 Graece
2542 553 2596 596 et
2638 539 2832 593 Latine
2876 537 3224 602 eruditisqne
3288 534 3433 586 notis
3489 549 3590 584 au-

351 649 575 708 cerptus
605 648 705 698 est.
738 647 996 707 totusque
1036 646 1228 693 contra
1287 638 1564 691 Rornanos
1615 639 1927 705 processio-
2019 641 2166 691 ctum
2191 644 2245 690 et
2277 636 2610 690 illustratum
2647 648 2709 686 ex
2737 630 2928 685 codice
2953 624 3373 680 Vindoboneusi
3399 625 3452 676 in
3480 640 3589 691 quo

354 746 475 784 nem
509 730 745 798 Spiritus
772 732 953 785 sancti
981 746 1009 784 a
1036 730 1194 784 Patre
1211 739 1263 783 et
1293 727 1429 783 Filio
1451 737 1766 783 asserentes
1787 743 1925 782 con-
2019 728 2173 783 velut
2220 727 2491 797 appendix
2544 724 2815 791 Panoplia:
2871 721 3095 790 legitur,
3138 717 3310 771 edidit
3352 715 3592 770 Jacobus

352 821 617 889 scriptus.
678 819 918 887 ldipsum
949 819 1223 873 invenitur
1257 818 1310 871 in
1347 818 1453 871 alio
1511 816 1678 872 etiam
1733 816 1925 871 codice
2021 820 2230 874 Tollius
2269 818 2410 889 (2-1).
2450 817 2783 886 lnscripturn
2816 822 2932 869 est:
2973 810 3236 875 Victoria,
3268 825 3364 863 seu
3403 809 3597 860 trium-

354 925 456 962 ms.
496 910 789 977 Panoplia‘,
823 910 915 977 qui
946 916 1122 963 exstat
1149 909 1201 962 in
1236 908 1565 962 bibliotheca
1598 906 1764 975 Regia
1821 905 1923 957 Pa-

2057 911 2152 964 Itus
2184 911 2248 965 de
2277 911 2438 978 impia
2480 908 2929 963 Massalianorum
2953 913 3120 967 secta,
3158 902 3282 971 quia
3317 902 3369 952 in
3396 916 3461 953 eo
3486 914 3593 952 non

356 1001 601 1065 risiensi,
632 1017 782 1053 num.
808 1000 935 1053 1231
961 1016 975 1065 ;
1008 1008 1059 1052 et
1087 999 1216 1053 hinc
1245 1008 1485 1063 constat,
1512 999 1836 1068 praedictum
1859 995 1925 1049 li-

2055 1004 2305 1058 ationutu
2337 1002 2633 1056 momentis
2666 998 3076 1069 Bogomilorum
3133 1008 3353 1049 errores
3415 992 3601 1045 discu-

352 1092 555 1145 b‘ellum
611 1092 741 1144 nihil
794 1106 915 1145 esse
966 1090 1136 1156 aliud,
1165 1090 1267 1144 nisi
1319 1090 1540 1144 titulum
1589 1105 1684 1143 xm
1742 1087 1925 1142 Pano-
2027 1096 2240 1150 ιῑιιηιυι-
2281 1110 2345 1149 ac
2373 1093 2702 1156 refutamur,
2736 1092 2829 1148 sed
2859 1088 3185 1158 singuli,uli
3212 1087 3325 1156 jam
3357 1083 3600 1146 refutati,

355 1181 477 1247 plire
510 1182 801 1250 separatim
850 1180 1209 1248 descriptum,
1246 1186 1362 1233 tum
1398 1182 1452 1233 in
1489 1179 1707 1234 duobus
1776 1177 1928 1233 codi-

354 1270 513 1321 cibus
549 1270 713 1338 regiis
748 1271 882 1339 (19),
939 1284 1172 1336 quorum
1231 1284 1375 1324 unus
1420 1267 1485 1322 ad
1532 1283 1729 1323 manus
1777 1265 1929 1321 venit

357 1360 602 1423 Auberti,
628 1370 739 1413 tum
774 1360 829 1413 in
889 1361 1065 1414 tribus
1121 1359 1401 1414 Vaticanis
1432 1358 1567 1427 (20),
1603 1359 1693 1427 qui
1738 1372 1930 1413 omnes

356 1450 633 1504 miscellas
658 1452 923 1519 quasdam
948 1452 1225 1506 variorum
1259 1459 1646 1520 excerptornm
1674 1450 1917 1520 comple-

356 1554 602 1597 ctuntur.
665 1543 777 1598 lloc
843 1544 1110 1617 Bigotium
1163 1546 1293 1598 olim
1350 1542 1805 1597 animadvertisse
1839 1549 1929 1596 te-

360 1645 540 1689 statur
571 1636 825 1704 cpistola,
856 1652 1018 1706 quam
1074 1636 1125 1690 iu
1186 1636 1522 1690 Bibliotheca
1578 1634 1778 1698 critica;
1815 1632 1926 1702 (21)

361 1728 534 1782 edidit
573 1728 937 1798 Saingiorius.
966 1727 1238 1780 Pra‘terca
1278 1728 1443 1781 alium
1478 1740 1694 1795 quoque
1721 1723 1931 1793 Euthy-

362 1820 457 1871 nrii
492 1818 731 1872 libellum
765 1819 1029 1873 habemus
1061 1819 1113 1872 in
1150 1836 1250 1872 ms.
1278 1818 1466 1872 codice
1519 1816 1787 1872 Vaticano
1829 1816 1931 1869 Pa-

2030 1186 2588 1241 anathematizantur.
2621 1184 2883 1238 Codicem
2924 1180 3077 1234 illum
3112 1178 3596 1234 Vindobonenscm

2025 1274 2136 1345 iam
2165 1274 2533 1344 descripserat
2553 1273 2876 1327 Lambecius
2904 1271 3041 1340 (25),
3069 1279 3123 1324 et
3143 1266 3457 1336 speciminis
3481 1265 3601 1317 loco

2028 1371 2243 1439 primos
2304 1377 2417 1423 tres
2484 1365 2977 1421 anathematismos
3031 1361 3372 1430 vulgaverat.
3457 1356 3601 1409 Idem

2031 1459 2360 1515 Lambecius
2389 1459 2503 1527 (26)
2537 1473 2638 1513 nos
2668 1457 2828 1511 docet
2872 1455 2926 1508 in
2960 1453 3300 1508 bibliotheca
3327 1449 3607 1503 Vindobo-

2037 1549 2193 1605 nensi
2249 1533 2462 1618 aliquas
2528 1549 2694 1603 etiam
2757 1544 3057 1615 reperiisse
3116 1542 3379 1611 epistolas
3415 1546 3607 1593 contra

2034 1642 2518 1713 Phundagiagitas.
2547 1657 2643 1696 seu
2671 1639 2981 1710 Bogomilos
2997 1636 3358 1709 conscriptas,
3379 1633 3609 1687 missas-

2031 1748 2138 1803 que
2159 1748 2187 1787 a
2216 1734 2547 1789 monasterio
2580 1732 2899 1799 Periblepta:
2925 1731 2978 1783 in
3009 1729 3239 1800 patriam
3268 1743 3446 1789 suam,
3471 1741 3611 1793 qua-

364 1911 537 1965 iatino
564 1911 688 1974 561,
729 1913 783 1965 in
819 1928 927 1982 quo
963 1913 1053 1967 ille
1079 1912 1385 1975 contendit,
1438 1911 1712 1965 Christum
1738 1922 1934 1980 magna

361 2002 555 2070 quinta
607 2002 738 2057 feria
783 2019 905 2057 cum
940 2003 1228 2070 discipulis
1258 2002 1373 2057 suis
1410 2002 1577 2070 legale
1605 2001 1816 2055 Pascha
1840 2013 1931 2053 ce-

365 2094 649 2159 lebrasse;
705 2102 757 2147 et
781 2095 910 2148 hinc
933 2094 1281 2163 intelligitur,
1319 2107 1427 2145 non
1455 2094 1619 2145 modo
1653 2089 1933 2145 defensio-

363 2201 487 2239 nem
525 2187 833 2256 suscepisse
857 2203 1104 2242 crrorum
1130 2186 1329 2248 Pliotii,
1359 2185 1455 2239 sed
1481 2184 1646 2239 etiam
1679 2197 1932 2238 errorum

367 2275 421 2329 in
454 2291 592 2344 quos
618 2278 809 2330 incidit
831 2277 1060 2331 Michael
1092 2277 1453 2333 Cterularius.
1492 2278 1574 2329 An
1604 2275 1693 2328 hic
1718 2288 1938 2343 quoque

368 2369 583 2422 libellus
618 2385 683 2421 ex
719 2368 977 2435 Patroclia
1013 2377 1302 2438 excerptns
1335 2367 1429 2429 sit,
1467 2374 1615 2421 certo
1670 2364 1940 2419 aﬂirmare

373 2474 482 2511 non
510 2458 708 2521 audeo,
743 2473 864 2512 eum
896 2460 1170 2528 integrum
1203 2458 1270 2513 ad
1326 2473 1523 2512 manus
1547 2473 1657 2513 non
1709 2458 1939 2512 habeam

368 2548 621 2604 Gra'cum
664 2559 869 2605 textum
903 2551 1195 2620 Panopliae.
1238 2550 1491 2605 Attamen
1531 2551 1604 2604 ita
1635 2564 1757 2604 esse
1779 2548 1943 2603 vehe-

374 2651 585 2695 menter
616 2642 865 2709 ειιειιίροιε
917 2659 981 2697 ex
1022 2657 1088 2696 eo
1151 2641 1298 2710 quod
1342 2642 1576 2711 scriptor
1634 2639 1858 2697 Graecus
1903 2654 1934 2693 a

372 2733 556 2787 Leone
583 2733 784 2787 Allatio
819 2734 931 2803 (‘22)
971 2734 1168 2789 citatus
1201 2744 1409 2799 narrat,
1436 2734 1683 2787 Alexium
1710 2733 1944 2787 Cornuc-

370 2840 500 2877 num
531 2824 807 2893 Zigabeuo
838 2823 1147 2893 Joanniqne
1200 2822 1384 2877 Furno
1428 2824 1667 2893 jussissc
1707 2825 1772 2876 ὲκ
1801 2824 1939 2877 πάν-

374 2935 483 2969 των
510 2916 618 2968 τῶν
650 2916 809 2969 Θεέων
858 2917 1057 2986 βίϐλων
1103 2916 1300 2984 λόγους
1368 2916 1750 2985 ἐρανισάμενοι
1798 2914 1943 2969 κατὰ

370 3009 483 3061 τῶν
506 3010 769 3079 αἱρέσεων
802 3010 900 3079 τὴν
922 3010 1259 3079 δυγματικὴν
1279 3009 1589 3063 Πανοπλίαν
1615 3008 1942 3074 συνέταξαν·

376 3103 470 3153 καὶ
490 3103 612 3154 κατ’
644 3101 823 3155 αὐτῶν
857 3102 919 3171 δὴ
961 3102 1183 3155 Ἰταλῶν
1209 3102 1296 3157 διὰ
1326 3102 1425 3172 τὴν
1480 3102 1801 3172 προσθήκην
1851 3101 1946 3155 τοῦ

379 3192 536 3260 ἁγίου
561 3193 840 3263 Συμϐόλου
866 3194 958 3246 καὶ
989 3193 1059 3245 τὰ
1088 3194 1293 3262 ἄζυμα,
1320 3204 1373 3247 ut
1397 3210 1462 3248 ea:
1487 3195 1726 3248 omnibus
1758 3195 1948 3248 divinis

377 3284 772 3337 commentariis
841 3285 1126 3336 sententias
1186 3284 1485 3354 colligentes
1514 3297 1699 3337 contra
1731 3285 1950 3338 [imreses

382 3372 735 3439 (logmalicam
762 3370 1076 3437 Panopliam
1109 3383 1512 3440 componerent;
1547 3383 1594 3426 et
1624 3383 1811 3425 contra
1839 3389 1953 3426 eos-

378 3463 500 3518 dem
540 3464 707 3517 Italos
731 3474 941 3533 propter
964 3464 1286 3518 additionem
1310 3466 1363 3518 iu
1396 3482 1553 3518 sacro
1619 3463 1871 3533 Symbolo
1904 3475 1952 3517 et

377 3573 599 3627 azyma.
636 3556 791 3623 Quod
820 3557 865 3612 si
893 3555 961 3613 de
986 3559 1196 3627 azymis
1224 3557 1553 3629 Euthymius
1585 3559 1639 3611 in
1693 3557 1955 3625 Panoplia

378 3650 633 3719 scripsit,
665 3648 869 3703 frustra
901 3665 1032 3703 sane
1055 3648 1166 3704 Leo
1193 3650 1427 3704 Allatins
1454 3649 1568 3716 (23)
1609 3648 1849 3703 asseruit
1890 3662 1959 3702 ex

385 3742 498 3795 hoc
523 3740 703 3810 capite
737 3740 940 3794 erroris
979 3739 1132 3809 argui
1206 3737 1555 3810 Enthymium
1612 3752 1720 3791 non
1775 3751 1960 3808 posse,

381 3836 518 3905 quia
541 3832 894 3903 adiaphoram
914 3832 1270 3902 quastionem
1296 3836 1621 3900 prosecutus
1642 3838 1811 3885 esset.
1826 3828 1962 3884 Cum

391 3927 539 3981 enim
571 3924 888 3993 Panopliarn
917 3922 985 3978 ad
1005 3920 1370 3977 eonl‘utandas
1390 3922 1673 3976 haereticas
1706 3921 1967 3991 quaestio-

388 4037 493 4077 nes
533 4019 865 4082 exaraverit,
898 4016 1191 4073 manifesto
1221 4018 1405 4071 statim
1446 4018 1601 4084 argui
1630 4024 1834 4084 potest.
1859 4015 1964 4068 La-

396 4112 637 4164 tinorum
678 4108 1031 4173 sententiam,
1066 4115 1120 4161 et
1145 4107 1307 4160 ritum
1341 4106 1416 4159 ita
1473 4119 1843 4174 oppugnasse,
1907 4112 1968 4158 ut

396 4202 545 4255 illam
570 4200 843 4256 haereseos
882 4198 1304 4262 insimulaverit,
1336 4206 1389 4250 et
1449 4196 1592 4249 hunc
1637 4193 1799 4247 modo
1854 4208 1963 4246 non

398 4294 678 4359 illicitum,
709 4294 806 4348 sed
842 4294 1009 4347 etiam
1048 4289 1129 4344 uti
1165 4287 1466 4341 invalidum
1497 4294 1551 4338 et
1584 4285 1792 4338 nullum
1826 4282 1967 4350 reje-

399 4388 577 4452 cerit;
610 4388 663 4440 in
696 4400 805 4454 quo
842 4383 1113 4450 praecipue
1180 4376 1408 4431 Michael
1445 4375 1778 4430 Caerularius
1821 4372 1973 4443 ejus-

400 4491 507 4544 que
537 4485 837 4530 sectatores
858 4486 887 4524 a
913 4478 1065 4525 recta
1096 4468 1198 4522 lide
1228 4466 1578 4529 aberrabant,
1620 4472 1675 4519 et
1698 4464 1769 4520 ob
1806 4477 1971 4532 quam

402 4568 749 4640 potissimum
777 4578 995 4620 causam
1027 4575 1122 4617 eos
1147 4558 1257 4616 Leo
1295 4556 1370 4611 IX
1395 4555 1648 4613 Pontifex
1701 4554 1975 4613 refutave-

402 4668 489 4719 ηε
543 4666 709 4728 atque
745 4655 1120 4710 damnaverat.

475 4798 593 4853 νη.
622 4797 741 4852 Jam
769 4810 923 4860 vero,
952 4801 1014 4849 ut
1036 4792 1103 4847 ad
1133 4787 1485 4861 opusculum,
1508 4786 1654 4856 quod
1681 4786 1841 4839 modo
1862 4783 1982 4836 vnl-

406 4889 647 4960 gandum
684 4886 1094 4959 est,'proprius'
1126 4881 1412 4947 accedam,
1446 4878 1771 4948 Euthymius
1788 4885 1980 4930 contra

487 5116 759 5186 (19)Cod.
798 5116 957 5186 l37l,
981 5132 1036 5170 n.
1066 5114 1248 5186 ἣκει
1274 5109 1417 5186 Cod.
1454 5106 1619 5186 218?,
1654 5103 1891 5186 num._§.

489 5174 602 5259 i203
640 5187 775 5259 Coa.
811 5174 1099 5259 579,’_pag.
1133 5174 1282 5247 (εει,
1304 5181 1442 5237 Cod.
1471 5179 1595 5244 680,
1612 5191 1736 5248 pag.
1757 5174 1884 5239 438,
1933 5181 1989 5228 et

419 5255 560 5317 Cod.
604 5258 729 5321 717,
766 5272 889 5325 pag.
916 5255 1040 5311 199.

493 5328 605 5397 (211
648 5320 805 5383 Tom.
831 5324 918 5390 lll,
951 5340 1071 5397 eap_.
1102 5323 1194 5397 21,
1220 5338 1344 5393 pag.
1380 5320 1470 5374 97.

491 5382 607 5472 (‘22):
634 5382 715 5472 ρέ
728 5382 1002 5466 utriusque
1022 5382 1236 5449 'Eccles:
1254 5382 1494 5446 cdnsens.
1520 5387 1619 5453 lib,
1641 5400 1723 5453 xl,
1748 5398 1871 5454 cap.
1900 5382 1988 5448 10,

422 5470 710 5544 ρειαξμβιέο

498 5535 616 5681 (εδζ
642 5540 715 5593 De
738 5555 1006 5602 consens.,
1029 5552 1084 5608 p.
1115 5535 1240 5612 462.

503 5613 592 5679 (‘24
648 5609 901 5681 Insignia
951 5612 1193 5681 itinerar.
1229 5613 1240 5661 l

503 5597 616 5680 (⁸24)
660 5609 901 5680 Insignia
951 5597 1193 5680 ititiergr.
1229 5604 1405 5661 Italic.
1452 5616 1579 5673 pag.
1617 5597 1717 5655 106
1748 5604 1803 5654 ct
1839 5608 1991 5664 seqq.

504 5678 621 5756 (ἳῦ)
644 5678 801 5738 Tom.
831 5678 921 5746 lli,
946 5694 1070 5750 pag.
1108 5678 1200 5734 71.

2037 1841 2155 1879 rum
2185 1825 2538 1894 epigraphem
2572 1824 2781 1879 Tollius
2815 1822 3004 1878 Graece
3034 1823 3230 1876 recitat
3267 1834 3390 1873 cum
3420 1819 3611 1873 Latina

2035 1918 2307 1979 versione,
2354 1916 2407 1969 in
2456 1932 2565 1985 qua
2615 1915 2782 1970 verba
2841 1915 2939 1983 τῆς
2986 1913 3157 1984 μονῆς
3201 1913 3303 1983 τῆς
3356 1912 3616 1981 Περιὸλέ-

2037 2024 2173 2059 πτου
2208 2006 2439 2059 illustris
2475 2005 2702 2060 cwuobii
2732 2005 2923 2058 Latine
2954 2004 3191 2065 reddidit
3219 2021 3235 2069 ;
3264 2003 3359 2058 sed
3408 2004 3615 2057 rectius

2037 2113 2169 2153 sane
2200 2096 2528 2150 reddidisset
2560 2096 2777 2150 ρωποι)ἰὶ
2822 2094 3152 2164 Periblepue,
3177 2096 3320 2149 hanc
3374 2094 3618 2149 Gratcam

2036 2203 2223 2242 vocem
2242 2188 2501 2242 intactam
2526 2187 2863 2257 relinquens,
2885 2186 3011 2255 quia
3036 2194 3118 2240 est
3134 2186 3299 2240 veluti
3318 2199 3618 2254 cognomen

2038 2280 2188 2334 illius
2230 2279 2490 2341 cmnobii,
2532 2293 2645 2347 quo
2709 2279 3005 2332 utebantur
3060 2286 3319 2344 tanquam
3376 2276 3619 2342 epitheto

2042 2368 2285 2439 Virginis
2310 2368 2578 2436 Deiparae,
2603 2367 2692 2421 cui
2721 2365 3033 2421 ctenobium
3062 2364 3168 2417 hoc
3220 2371 3338 2416 erat
3393 2361 3614 2415 dedica-

2043 2443 2180 2518 tum,
2211 2465 2270 2510 ut
2300 2456 2368 2509 ab
2394 2454 2516 2507 aliis
2544 2470 2665 2521 quae
2690 2462 2850 2507 erant
2902 2448 3405 2517 Constantinopoli,
3427 2461 3619 2503 emno-

2042 2548 2148 2603 biis
2179 2563 2243 2601 ac
2259 2545 2474 2615 templis
2500 2544 2934 2613 cidemDeiparaa
2961 2542 3137 2602 sacris
3164 2539 3620 2606 distingueretur.

2112 2680 2251 2735 Vlll.
2284 2681 2385 2747 Qui
2412 2679 2615 2734 fuerint
2639 2679 3045 2748 Bogomilorum
3073 2691 3316 2740 errores,
3352 2688 3615 2728 necessa-

2044 2775 2186 2828 rium
2252 2789 2362 2828 non
2419 2783 2497 2828 est
2560 2772 2650 2826 hic
2711 2784 3009 2839 exponere,
3042 2769 3305 2838 quoniam
3331 2769 3414 2821 vel
3453 2783 3518 2821 ex
3550 2766 3622 2822 iis

2048 2867 2248 2926 solum,
2275 2864 2471 2933 quaein
2502 2863 2606 2917 hoc
2632 2863 2815 2917 libello
2846 2868 3034 2915 narrat
3082 2859 3433 2929 Eulhyruitts.
3486 2858 3625 2911 satis

2050 2959 2428 3013 innotescunt.
2487 2954 2925 3025 Appellabantur
2984 2959 3166 3006 autem
3238 2948 3503 3017 Bugomili
3561 2963 3627 3001 ex

2050 3065 2181 3103 voce
2221 3048 2349 3118 Bog,
2380 3062 2505 3117 quae
2538 3047 2895 3117 Bulgarorum
2926 3045 3112 3114 lingua
3139 3040 3411 3111 significat
3441 3040 3627 3103 Deum,

2051 3148 2104 3194 et
2134 3155 2267 3194 voce
2303 3138 2508 3202 omilm',
2542 3152 2650 3207 quo
2675 3137 2845 3190 verbo
2875 3133 3015 3201 apud
3048 3131 3270 3186 eosdem
3297 3128 3626 3195 exprimitur

2053 3235 2320 3295 miserere,
2376 3230 2532 3299 quasi
2572 3228 2649 3281 illi
2694 3233 2879 3281 essent
2910 3225 3004 3292 qui
3060 3222 3151 3275 Dei
3189 3220 3628 3275 misericordiam

2055 3322 2423 3391 implorabant
2457 3319 2595 3390 (‘27).
2634 3316 2798 3370 Iidem
2826 3312 3095 3381 Begomili
3128 3309 3261 3365 dicti
3292 3319 3421 3363 sunt
3457 3308 3623 3360 etiam

2056 3411 2468 3481 Phundagiataa.
2526 3408 2611 3461 vel
2670 3403 2994 3458 Phundaita!
3051 3418 3117 3456 ex
3173 3415 3259 3465 eo,
3319 3408 3378 3453 ut
3410 3398 3638 3465 coniicit

2057 3504 2359 3557 Cotelerius
2424 3500 2578 3567 (28),
2629 3496 2776 3568 quod
2847 3494 3123 3563 marsupia
3180 3491 3247 3545 ad
3303 3488 3640 3558 colligendas

2063 3596 2444 3663 eleemosynas
2490 3591 2791 3660 gerebant:
2821 3586 3025 3657 φοῦνδα
3055 3585 3203 3638 enim
3238 3581 3381 3653 apud
3416 3581 3639 3635 Graecos

2063 3686 2334 3757 sequioris
2383 3683 2482 3737 θηνὶ
2514 3682 2815 3751 scriptores
2855 3693 2956 3748 pro
3008 3674 3292 3744 marsupio
3340 3672 3641 3728 indicando

2064 3778 2360 3850 reperitur.
2389 3777 2665 3831 Praeterea
2710 3772 2837 3827 aliis
2871 3772 3037 3827 etiam
3084 3767 3403 3824 nominibus
3438 3765 3646 3819 distin-

2068 3871 2403 3943 guebantur,
2445 3881 2573 3920 nam
2602 3872 2658 3920 et
2694 3861 3038 3924 Massaliani,
3068 3866 3125 3915 et
3161 3857 3431 3921 Euchitaa,
3456 3863 3509 3910 et
3539 3852 3651 3907 En-

2069 3964 2375 4025 thusiastte,
2412 3967 2467 4015 et
2501 3957 2821 4019 Encralitae,
2856 3963 2912 4010 et
2937 3950 3279 4008 Marcionita
3301 3947 3647 4005 dicebantur,

2071 4064 2137 4110 ut
2164 4071 2230 4109 ex
2253 4054 2443 4107 eodem
2478 4048 2774 4118 Euthymio
2803 4051 3018 4100 constat
3050 4060 3063 4093 :
3095 4054 3215 4108 qua:
3247 4036 3429 4089 omnia
3471 4034 3650 4101 Bago-

2074 4147 2330 4200 milorum
2393 4141 2617 4195 nomina
2668 4137 2881 4206 prolixe
2916 4131 3210 4188 admodum
3264 4133 3317 4179 et
3351 4124 3566 4179 erudite
3597 4122 3650 4174 in

2076 4231 2526 4293 adnotationibus
2551 4229 2668 4283 suis
2708 4225 2920 4278 Tollius
2957 4220 3074 4291 (29)
3110 4217 3388 4287 exposuit.
3441 4214 3509 4269 At
3541 4227 3653 4282 pra:

2076 4326 2289 4383 caeteris
2329 4329 2522 4376 notatu
2561 4317 2786 4386 dignum
2819 4322 2908 4368 est
2955 4325 3155 4365 nomen
3181 4349 3196 4374 ,
3248 4306 3397 4378 quod
3449 4304 3654 4373 Euthy-

2080 4419 2225 4475 mius
2259 4416 2313 4470 in
2343 4414 2447 4467 hoc
2515 4408 2788 4480 Opusculo
2820 4403 3020 4459 asserit
3068 4400 3383 4472 Bogomilos
3408 4397 3514 4453 sibi
3559 4396 3658 4449 tri-

2080 4510 2289 4572 buisse,
2355 4520 2549 4574 nempe
2601 4499 3036 4567 Christopolitas,
3070 4512 3166 4551 seu
3226 4492 3425 4550 Christi
3480 4490 3657 4550 cives;

2088 4603 2193 4658 hoc
2220 4602 2367 4657 enim
2403 4596 2646 4656 nomine,
2679 4608 2789 4662 quo
2821 4590 3115 4661 specialem
3160 4599 3287 4655 erga
3336 4598 3430 4637 eos
3452 4578 3658 4637 Christi

2086 4692 2436 4747 dilectionem
2494 4684 2872 4745 ostentabant,
2928 4675 3193 4749 appellari
3219 4671 3557 4745 gaudebant.
3598 4674 3660 4722 ut

2089 4783 2306 4839 facilius
2371 4776 2737 4847 simpliciores
2776 4774 2831 4828 in
2864 4784 3058 4826 eorum
3098 4778 3314 4823 errores
3373 4759 3661 4833 pertrahe-

2090 4880 2214 4929 rent
2245 4871 2379 4941 (50).
2414 4868 2593 4937 Atque
2631 4863 2883 4921 eamdem
2908 4861 3072 4915 etiam
3099 4858 3170 4912 ob
3216 4868 3442 4911 causam
3477 4865 3667 4906 mona-

2164 5099 2434 5167 (26l1‘nm.
2469 5098 2533 5156 ν.
2564 5110 2664 5167 ρίιπ
2712 5089 3122 5167 58.137J5i-
3320 5153 3358 5167 η

2161 5153 2274 5241 (ᾗ)
2305 5153 2889 5241 Vid._cl."P‘r:es_nletn
2943 5157 3279 5241 Str-pilanum
3319 5153 3662 5241 gurgiamlin

2091 5219 2498 5299 Co\r)—tuient.—de
2516 5219 2684 5290 Cruce
2734 5233 2903 5285 l’atic.
2927 5219 3055 5297 cap:
3088 5228 3139 5287 '7,
3169 5242 3290 5299 pag.
3440 5219 3664 5299 adn.(b)

2164 5292 2269 5375 (Q87
2306 5309 2361 5362 In
2415 5310 2560 5361 notis
2611 5306 2676 5358 ad
2722 5318 2846 5372 pag.
2881 5292 3008 5359 144.
3062 5292 3193 5352 toni.
3240 5295 3280 5360 l,
3336 5292 3666 5345 Monument.

2095 5382 2288 5522 Gr???)
2322 5447 2564 5522 insignia
2603 5445 2779 5522 itiner.
2809 5440 2940 5522 μαι.
2978 5453 3100 5510 pag.
3133 5438 3253 5499 110,
3288 5440 3530 5522 eligat]:

2176 5503 2289 5591 (30)
2323 5503 2560 5591 consule
2582 5503 3010 5591 adnotatio‘n‘em',
3046 5503 3225 5591 quiani‘
3235 5506 3301 5559 ad
3341 5503 3442 5557 hoc
3474 5511 3674 5555 nomen

2106 5572 2363 5664 apposuit
2394 5572 2625 5651 Tollius,
2660 5600 2781 5656 pag.
2814 5581 2939 5649 122,
2974 5572 3125 5634 num.
3162 5575 3247 5631 12.
