4090 6212
419 347 490 412 29
1747 362 2335 425 PROLEGOMENA.
3587 364 3661 425 30

418 466 611 522 sticam
649 465 815 520 vitam
846 465 1269 535 proﬁtebantur,
1304 473 1624 544 tantarrque
1675 474 1989 531 sanctitatis

418 557 657 626 speciem
681 556 923 613 exterius
950 556 1307 622 simulabant,
1346 569 1404 617 ut
1442 567 1600 633 quasi
1652 567 1834 621 omnis
1863 582 1988 636 per-

417 646 674 702 fectionis
705 647 942 701 cultores
964 646 1303 702 viderentur.
1333 646 1483 706 Hanc
1520 669 1708 710 eorum
1746 656 1868 708 \‘itm
1896 671 1987 709 ra-

420 740 624 791 tionem
680 738 745 792 ad
801 740 982 792 vivum
1023 748 1079 793 et
1137 741 1417 809 eleganter
1450 744 1715 800 describit
1770 749 1989 801 oculata

425 828 582 881 testis
632 828 785 882 Anna
855 828 1128 882 Comuena
1194 830 1330 901 (5i),
1372 835 1534 905 cujus
1578 846 1761 893 tamen
1823 839 1988 891 verba

423 920 585 972 modo
606 920 697 973 hic
734 920 930 975 τίσει-ιθ
963 936 1069 975 non
1104 932 1286 978 vacat.

497 1009 584 1062 IX.
614 1010 1002 1078 Inquirendttm
1030 1020 1114 1068 est
1135 1014 1319 1085 potius
1358 1016 1633 1083 quomodo
1680 1016 1843 1087 impia
1888 1016 1991 1071 Bo-

428 1104 751 1169 gomilorum
807 1106 1058 1173 dogmata
1112 1107 1429 1177 Peribh-ptte
1461 1109 1993 1165 monachosinfece-

430 1195 555 1247 rint.
598 1195 860 1264 Equidem
913 1200 968 1252 in
1005 1213 1065 1251 ea
1092 1215 1213 1255 sum
1250 1200 1542 1263 sententia,
1591 1200 1905 1272 Bogomilos
1933 1203 1989 1258 in

429 1302 592 1340 ttnum
618 1289 898 1357 quoddam
957 1290 1238 1361 collegium
1296 1292 1587 1356 coaluisse,
1636 1295 1687 1348 iu
1729 1311 1840 1364 quo
1872 1312 1989 1350 mo-

426 1381 697 1433 nastieum
758 1380 886 1436 vita:
953 1383 1260 1439 institutum
1339 1386 1581 1454 proﬁteri
1640 1387 1987 1447 simularent.

422 1470 657 1527 Causam
692 1490 792 1529 cur
827 1476 899 1528 ita
958 1479 1308 1531 sentiendum
1333 1479 1591 1547 suspicor
1622 1481 1823 1548 praebet
1853 1481 1987 1535 mihi

422 1564 657 1632 primunt
686 1566 1197 1639 Christopolitarmn
1242 1586 1461 1634 nomen,
1494 1572 1639 1641 quod
1680 1589 1867 1628 eorum
1897 1588 1990 1628 so-

420 1655 605 1709 cietati
659 1658 940 1728 fecerunt;
990 1678 1054 1716 ae
1110 1663 1313 1718 deinde
1356 1665 1526 1718 Annae
1557 1664 1986 1737 Comuenae(32)

419 1748 683 1814 narratio,
742 1753 1037 1807 scribentis
1101 1754 1366 1807 Basilium
1414 1771 1562 1811 novre
1617 1758 1780 1821 huius
1823 1767 1987 1813 secta:

418 1846 698 1893 auctorem
754 1841 1045 1899 duodecim
1100 1847 1203 1900 sibi
1258 1845 1565 1917 discipulos
1621 1849 1984 1918 adjunxisse,

416 1942 555 1997 quos
578 1938 631 1984 et
654 1934 958 1999 apostolos,
993 1936 1057 1989 al
1087 1935 1317 1990 Manetis
1362 1940 1697 2008 exemplum,
1735 1942 1989 1994 nomina-

418 2028 594 2073 verat.
630 2016 706 2074 Es
730 2024 833 2077 bac
904 2025 1053 2077 enim
1102 2027 1419 2081 narratione
1455 2030 1642 2081 statim
1674 2029 1825 2081 subit
1871 2031 1990 2097 opi-

421 2112 539 2172 nio,
561 2127 657 2167 eos
679 2128 787 2167 non
819 2129 1167 2169 communeu
1196 2131 1321 2169 cum
1349 2118 1474 2171 aliis
1507 2117 1793 2170 monachis
1831 2118 1996 2169 vitam

429 2204 633 2271 egisse,
662 2205 757 2257 sed
792 2205 936 2258 inter
970 2221 1029 2258 se
1062 2212 1278 2259 tantum
1308 2206 1502 2260 iniisse
1532 2208 1850 2261 societatem
1876 2224 1889 2268 ;
1937 2222 2002 2260 co

436 2293 614 2360 magis
674 2296 817 2363 quod
871 2298 1135 2365 quasdam
1176 2301 1335 2351 etiam
1382 2298 1686 2367 discipulus
1730 2300 1797 2354 iis
1827 2298 1998 2353 fuisse

435 2383 704 2440 immistas
738 2387 807 2441 ab
838 2388 1028 2441 eadem
1080 2388 1234 2442 Anna
1280 2389 1599 2444 aflirmatur.
1640 2391 1707 2445 At
1736 2406 1860 2444 vero
1896 2406 1995 2459 pa—

432 2474 627 2530 tefacta
658 2477 874 2531 demum
906 2478 1308 2545 Bogomilorum
1359 2482 1555 2537 htrresi
1596 2497 1660 2535 ac
1691 2482 1991 2553 hypocrisi,

427 2576 482 2622 et
521 2565 739 2634 Basilio,
774 2569 933 2639 jussu
980 2570 1156 2625 Alexii
1193 2571 1482 2639 Comueni,
1527 2574 1581 2628 iu
1619 2574 1992 2643 llippodromo

425 2660 589 2731 regite
645 2662 796 2716 urbis
840 2674 1057 2729 exusto,
1112 2665 1279 2735 impia
1310 2665 1423 2721 hate
1458 2668 1695 2722 societas
1725 2669 1992 2723 dissoluta

427 2762 511 2806 cst
545 2768 610 2808 ac
630 2753 896 2821 dispersa.
930 2756 1161 2826 ejusque
1194 2774 1409 2815 errores
1443 2760 1710 2816 damnati.
1738 2763 1992 2819 Attamen

428 2843 590 2899 sicuti
612 2847 857 2913 quotidie
884 2849 1179 2904 usuvenire
1196 2852 1593 2920 conspicimus.
1622 2864 1679 2907 ut
1702 2854 1747 2909 si
1773 2856 1996 2925 quando

428 2951 586 2990 error
614 2936 809 3001 aliquis
845 2942 1011 2993 menti
1043 2940 1347 3011 cujuspiam
1385 2943 1665 3007 insederit,
1697 2960 1803 3000 non
1839 2946 1996 3003 facile

431 3028 649 3084 animus
681 3029 748 3082 ab
779 3046 845 3084 eo
878 3031 1211 3092 retrahitur,
1238 3033 1311 3087 ita
1346 3032 1414 3088 de
1442 3033 1737 3104 Bogomilis
1779 3036 1995 3094 accidit.

430 3114 564 3173 Nam
599 3135 691 3173 sex
737 3130 789 3174 et
819 3120 1010 3188 viginti
1044 3137 1216 3175 annos
1261 3131 1548 3192 postquam
1581 3139 1771 3179 eorum
1825 3126 1999 3182 here—

432 3210 512 3263 sis
542 3211 798 3265 datnnata
830 3212 1029 3276 fuerat,
1061 3212 1242 3282 Nipho
1268 3215 1488 3284 quidam
1516 3218 1822 3275 monachus
1845 3220 1993 3274 illam

433 3315 627 3357 rursus
666 3302 928 3357 innovare
954 3304 1066 3371 jam
1098 3311 1364 3374 cteperat,
1401 3321 1509 3360 non
1543 3310 1732 3377 paucis
1761 3309 1814 3364 in
1843 3326 1999 3366 suam

433 3395 759 3449 sententiam
791 3397 1101 3465 pertractis.
1134 3396 1292 3463 Quod
1341 3414 1465 3452 cum
1492 3399 1731 3455 delatum
1761 3413 1907 3458 esset
1932 3404 2000 3458 ad

432 3480 732 3537 Mannelem
793 3486 1127 3539 tiomnenum
1163 3525 1181 3552 ,
1219 3487 1393 3541 Alexii
1459 3488 1480 3542 Ι
1526 3506 1591 3543 ex
1644 3488 1753 3543 filio
1793 3489 2001 3547 Joanne

434 3582 711 3643 nepotem,
745 3576 837 3644 qui
886 3584 1017 3630 tunc
1061 3577 1389 3646 imperabat,
1422 3579 1691 3650 synodum
1725 3581 1996 3637 Constan-

434 3664 655 3733 tinopoli
719 3665 838 3736 cogi
895 3666 1082 3735 jussit,
1115 3676 1173 3720 ut
1200 3665 1469 3736 Niphonis
1496 3684 1660 3722 causa
1694 3670 1999 3727 discutere-

434 3763 545 3810 tur.
580 3755 920 3824 Congregata
947 3772 1010 3812 ea
1042 3755 1283 3829 synodus
1313 3756 1417 3811 fuit
1455 3773 1601 3813 anno
1638 3759 1792 3820 HM,
1821 3759 1998 3825 pridie

432 3843 561 3900 ldus
589 3843 866 3908 Octobris,
914 3845 968 3899 in
1016 3845 1305 3901 'l‘homaite
1351 3861 1446 3901 seu
1495 3846 1842 3917 patriarchali
1904 3847 2004 3900 tri-

434 3935 621 3998 clinio,
677 3935 1007 4004 pravsidente
1066 3932 1329 3989 Michaele
1355 3933 1515 3989 Oxita
1560 3935 1906 4004 patriarcha,
1940 3951 2005 3989 ac.

435 4024 681 4082 Manuele
732 4027 1019 4081 Comueno
1066 4025 1420 4094 imperatore,
1478 4025 1840 4094 pluribusque
1887 4025 2008 4094 epi-

436 4118 616 4184 scOpis
655 4124 708 4171 et
757 4116 1121 4185 optimatibus
1161 4114 1556 4179 assidentihus,
1612 4118 1703 4183 qui
1739 4117 2005 4171 accersito

439 4207 702 4277 Niphone,
750 4217 806 4264 et
855 4209 919 4262 de
974 4207 1096 4277 ejus
1151 4207 1443 4262 sententiis
1494 4207 1818 4276 perquisito,
1880 4223 2003 4263 cum

436 4300 576 4355 male
599 4316 723 4353 eum
764 4300 819 4353 in
876 4299 981 4354 fide
1035 4298 1238 4354 sentire
1269 4296 1778 4367 deprehendissent,
1809 4298 1861 4353 in
1894 4314 2001 4352 mo-

434 4394 735 4446 nasterium
788 4392 1110 4462 Peribleptte
1164 4390 1382 4445 interim
1446 4390 1797 4460 relegandum
1867 4404 2001 4447 cena

435 4500 614 4547 suere,
648 4492 931 4537 monentes
975 4483 1248 4545 abbatem,
1284 4490 1625 4551 ceterosque
1676 4484 2002 4548 monachos,

436 4578 495 4622 ut
521 4585 694 4639 neque
726 4570 829 4638 ipsi
863 4585 985 4624 cum
1015 4585 1081 4624 eo
1123 4569 1588 4637 colloquerentur,
1622 4585 1799 4640 neque
1826 4573 2002 4634 cuiuis
2031 4635 2035 4639 _

433 4669 587 4714 extra
620 4660 1011 4715 monasterium
1043 4662 1255 4732 degenti
1297 4660 1365 4715 ad
1391 4677 1515 4716 eum
1554 4661 1737 4716 aditus
1773 4665 2004 4732 permit-

438 4760 631 4806 terent.
663 4754 769 4807 lies
802 4761 981 4807 tamen
1019 4769 1126 4807 non
1157 4753 1323 4808 cessit
1349 4769 1414 4807 ex
1446 4762 1598 4808 voto.
1634 4753 1805 4823 Nipho
1832 4756 2003 4821 enim,

436 4854 650 4912 arrepta
673 4846 983 4911 occasione,
1015 4860 1139 4900 cum
1162 4846 1494 4914 quibusdam
1527 4843 1851 4917 Peribleptaa
1892 4866 2007 4904 uto-

438 4934 631 4989 nachis
654 4936 913 5004 paulatim
945 4936 1112 5005 cmpit
1164 4935 1455 4989 instituere
1486 4935 1782 5005 colloquia,
1812 4947 1865 4992 et
1894 4938 2006 4993 hae-

437 5040 626 5080 reseos
656 5039 769 5080 sua:
797 5025 948 5079 virus
979 5026 1058 5081 eis
1089 5025 1383 5095 propinare
1406 5041 1423 5091 ;
1449 5025 1520 5078 ob
1548 5040 1713 5096 quam
1771 5042 1994 5081 causam

437 5116 683 5185 ejusdem
706 5117 900 5188 synodi
924 5114 1133 5181 Patres,
1164 5130 1232 5172 ne
1272 5116 1442 5186 pestis
1473 5114 1562 5170 illa
1605 5116 1999 5171 monachorum

440 5216 653 5265 mentes
687 5211 1030 5279 depasceret,
1086 5209 1387 5278 Nipbonem
1429 5210 1768 5265 monasterio
1822 5219 2007 5265 extra-

438 5312 610 5367 ctum,
634 5305 845 5373 acigue
876 5309 931 5356 et
953 5317 1094 5371 aqua
1117 5301 1468 5357 interdictum
1494 5302 1708 5372 longius
1756 5305 2008 5359 exsulare

466 5508 483 5519 ι
511 5480 624 5548 1⁸51)
661 5481 903 5536 Alexiad.
940 5480 1036 5536 lib.
1059 5496 1145 5543 xv,

514 5552 627 5618 r32)
664 5551 832 5614 Ibid.,
871 5567 990 5621 pag,
1016 5553 1140 5606 817.

510 5623 623 5693 (55)
658 5622 729 5676 De
750 5619 979 5691 utriusq.
1017 5622 1219 5678 Eccles.
1246 5637 1483 5683 consent.
1506 5619 1601 5677 lib.
1669 5638 1726 5686 tt,
1756 5636 1878 5693 cap.
1919 5621 2001 5685 l2,

438 5706 564 5762 pag.
595 5690 789 5752 680.ct
811 5690 963 5761 seqq.
1825 5690 1839 5693 ⁷

510 5761 623 5832 (34)
655 5762 774 5819 Vid.
799 5762 1008 5818 Annam
1026 5763 1217 5820 Comn.
1244 5761 1487 5818 Alexiad.
1505 5762 1599 5820 lib.
1623 5779 1708 5828 xv,
1734 5775 1856 5832 pag.
1876 5761 2001 5818 487.

1181 5495 1302 5551 pag.
1332 5479 1457 5536 686.

2089 486 2406 546 coegerunt.
2450 473 2751 546 Utrumque
2775 472 3039 546 synodale
3062 472 3366 536 decretum,
3397 486 3508 543 quo
3538 471 3656 528 haec

2090 576 2209 622 acta
2242 567 2651 636 constitutaque
2677 565 2927 631 fuerunt,
2951 565 3140 621 Graece
3166 572 3223 619 et
3249 562 3443 618 Latine
3488 564 3659 617 edidit

2091 657 2201 714 Leo
2240 659 2475 712 Allatius
2502 659 2634 729 (33).
2658 658 3022 724 Quamobrem
3061 672 3169 712 non
3218 656 3377 719 male,
3415 665 3473 707 ut
3502 655 3655 708 arbi-

2091 759 2229 816 tror,
2262 751 2538 821 conjicere
2564 751 2685 819 quis
2713 750 2932 821 poterit,
2954 760 3067 804 tutu
3094 748 3328 819 primum
3358 764 3423 802 ex
3453 745 3658 815 Nipbo-

2091 844 2179 898 nis
2234 842 2637 897 consuetudine
2678 842 2943 911 quosdam
2994 841 3322 909 Perihlepta
3357 837 3659 893 monachos

2091 935 2498 1004 Bogotnilorum
2529 949 2745 989 errores
2771 934 2937 988 fuisse
2966 942 3267 1002 amplexos.

2159 1027 2227 1083 X.
2259 1026 2509 1093 Quanam
2532 1042 2663 1081 vero
2693 1025 2908 1080 ratione
2932 1025 3259 1095 Euthymius
3300 1025 3497 1078 horum
3541 1036 3659 1075 mo-

2092 1119 2389 1173 nachorum
2416 1117 2740 1187 pravitatem
2786 1116 3080 1179 detexerit,
3104 1131 3406 1184 eorumque
3461 1113 3664 1167 delira-

2074 1217 2274 1264 menta
2323 1207 2603 1266 didicerit.
2637 1207 2751 1275 ipse
2796 1206 2850 1259 in
2900 1206 3005 1261 hoc
3032 1204 3220 1259 libello
3252 1204 3470 1269 longius
3491 1217 3661 1256 enar-

2093 1302 2322 1354 randum
2396 1299 2730 1369 aggreditur.
2785 1298 2964 1365 Atque
3026 1297 3117 1352 hic
3183 1295 3437 1350 adnotes
3480 1293 3665 1355 velim,

2089 1390 2467 1463 Euthymium,
2531 1397 2591 1444 ιιι
2633 1390 2832 1444 melius
2880 1403 2997 1443 rem
3054 1395 3226 1441 totam
3279 1391 3663 1455 cognosceret,

2091 1483 2361 1537 imitatum
2396 1482 2564 1537 fuisse
2589 1482 2837 1537 Alexium
2878 1480 3242 1544 Comuenum,
3277 1477 3371 1549 qui
3404 1474 3664 1529 Basillum

2090 1576 2320 1631 Comiter
2347 1575 2403 1630 in
2447 1575 2646 1646 palatio
2682 1575 2895 1646 excepit
2921 1574 3187 1630 simulans
3213 1571 3369 1626 cordi
3401 1570 3504 1624 sibi
3538 1583 3664 1623 esse

2090 1668 2206 1739 ejus
2233 1668 2488 1737 dogmata
2536 1665 2800 1731 ediscere,
2860 1674 2921 1718 ut
2962 1664 3054 1719 ille
3088 1661 3388 1731 impietatis
3418 1673 3531 1712 sua:
3566 1672 3661 1712 ve-

2092 1776 2293 1815 nenum
2340 1758 2707 1815 confidentius
2756 1765 3033 1812 evomeret
3070 1755 3207 1827 (δι).
3259 1752 3432 1807 Porro
3466 1749 3663 1820 νιπθί-

2091 1869 2259 1925 puum
2295 1852 2698 1922 Bogomilorum
2744 1852 2940 1920 dogma
2978 1858 3151 1905 totum
3206 1863 3273 1901 ex
3309 1845 3541 1898 Manetis
3566 1842 3664 1892 Ilo-

2092 1945 2269 1999 ctrina
2295 1945 2641 2012 desumptqu
2673 1952 2826 2006 erat;
2858 1943 2965 1995 duo
2997 1939 3142 1994 enim
3196 1937 3490 2007 principia,
3521 1946 3662 2000 quo-

2096 2049 2216 2087 rum
2248 2049 2414 2087 unum
2451 2041 2600 2086 esset
2655 2034 2883 2094 bonum,
2936 2031 3169 2082 alterum
3201 2026 3423 2088 malum,
3456 2035 3667 2078 astrue-

2097 2124 2255 2175 bant.
2284 2121 2623 2188 Principium
2667 2121 2871 2173 malum
2919 2118 3011 2170 Dei
3049 2117 3271 2171 nomine
3310 2115 3667 2175 decorabant,

2104 2228 2171 2267 ac
2192 2212 2395 2265 divinis
2429 2209 2785 2279 percolehant
2815 2206 3136 2269 honoribus,
3178 2212 3238 2257 ut
3266 2203 3320 2255 in
3354 2203 3455 2256 hoc
3490 2202 3675 2256 libello

2100 2305 2278 2359 innuit
2314 2301 2656 2373 Euthymius,
2685 2316 2750 2355 ac
2777 2299 3110 2353 luculentlus
3140 2294 3376 2350 amrtnat
3403 2294 3455 2347 in
3484 2293 3666 2347 Pano-

2098 2392 2206 2461 plia
2257 2392 2393 2456 (55).
2459 2391 2549 2444 ubi
2590 2388 2768 2457 inquit
2822 2385 3133 2456 Bogomilos
3191 2382 3482 2436 dictionem
3530 2379 3673 2434 Filio

2101 2482 2270 2536 Verbo
2340 2492 2471 2534 natu
2532 2480 2786 2543 maiorem
2815 2519 2831 2543 ,
2883 2479 3432 2547 prmtautr'oremque,
3490 2484 3675 2541 utpote

2098 2573 2551 2644 Primogenitum,
2598 2572 2925 2626 credidisse.
2970 2569 3212 2641 ln~urgit
3255 2570 3344 2625 hic
3400 2568 3669 2623 adversus

2096 2664 2449 2735 Euthymium
2507 2663 2878 2718 Beausobrius
2940 2663 2996 2717 in
3047 2677 3169 2723 sua,
3222 2677 3387 2732 quam
3437 2660 3672 2730 digessit

2098 2754 2525 2811 Manichaeorum
2556 2754 2786 2809 historia
2822 2752 2960 2823 (36),
3012 2753 3287 2822 nimisque
3326 2751 3675 2821 impudenter

2098 2846 2321 2910 asserit,
2348 2860 2473 2899 eum
2504 2844 2631 2899 dolo
2659 2844 2803 2898 malo
2845 2851 3049 2897 tantam
3078 2841 3382 2912 Bogomilis
3425 2841 3675 2910 impieta-

2103 2947 2213 2997 tem
2270 2938 2551 2993 tribuisse.
2604 2934 2818 2992 Nemini
2863 2937 3032 2999 enim,
3063 2942 3122 2989 ut
3174 2935 3291 3005 ipse
3334 2934 3536 3001 inquit,
3567 2931 3675 2987 erit

2101 3044 2449 3100 persuasum,
2498 3028 2872 3085 Christianam
2937 3035 3178 3090 sectam,
3225 3042 3350 3096 quae
3406 3024 3559 3080 cruci
3620 3033 3683 3078 et.

2102 3121 2434 3187 imaginibus
2464 3134 2681 3173 omnem
2723 3119 2931 3175 cultum
2967 3129 3230 3189 praestare
3254 3117 3537 3180 renuebat,
3570 3115 3675 3170 Sa-

2102 3224 2282 3267 tanam
2338 3210 2520 3266 Verbo
2575 3212 3006 3281 praestantiorem
3061 3211 3384 3266 credidisse.
3443 3211 3510 3262 At
3547 3223 3682 3261 vero

2103 3313 2278 3357 totum
2320 3300 2637 3357 Beausobrii
2665 3301 2949 3371 sophisma
2987 3300 3219 3364 corruit,
3250 3300 3297 3355 si
3328 3301 3678 3355 advertamus

2103 3395 2457 3461 Manichzeos,
2487 3409 2720 3463 quorum
2750 3408 2973 3460 germen
3007 3403 3165 3449 erant
3192 3393 3477 3463 Bogumili,
3500 3391 3677 3454 cruci,

2103 3483 2369 3548 Deiparze,
2421 3492 2475 3537 ct
2528 3482 2859 3554 imaginibus
2909 3481 3123 3537 cultum
3176 3480 3298 3537 ideo
3346 3481 3676 3551 denegasse,

2100 3576 2229 3643 quia
2285 3575 2438 3629 illum
2493 3584 2754 3645 tanquam
2801 3573 3171 3630 idololatriam
3228 3575 3396 3643 impie
3446 3589 3677 3642 respue-

2103 3670 2250 3723 bant.
2305 3656 2518 3723 Etetiim
2575 3669 2845 3739 sacrilega
2908 3668 3025 3723 haec
3072 3678 3225 3724 secta
3282 3668 3562 3722 Christum
3611 3680 3678 3717 ex

2102 3758 2270 3813 Maria
2302 3757 2523 3827 Virgine
2553 3774 2655 3812 nec
2687 3759 2857 3828 gigni,
2901 3773 3002 3812 nec
3033 3758 3185 3812 nasci
3229 3758 3480 3827 potuisse
3535 3754 3683 3809 amr-

2104 3847 2308 3909 ntabat,
2350 3848 2477 3914 quia
2515 3849 2561 3900 si
2597 3861 2725 3900 vere
2745 3847 2987 3915 genitus,
3017 3856 3293 3913 natusque
3320 3846 3538 3907 fuisset,
3566 3861 3674 3900 non

2106 3932 2211 3985 nisi
2244 3947 2339 4000 per
2358 3931 2575 3985 Satanae
2606 3933 2824 3985 vincula
2859 3932 3015 3985 carni
3046 3932 3243 4001 illigari
3272 3931 3565 3999 potuisset.
3602 3932 3683 3985 Ex

2056 4024 2061 4030 ’
2107 4035 2215 4089 quo
2242 4018 2433 4074 eodem
2491 4017 2766 4088 principio
2827 4017 3148 4072 statuebant
3196 4032 3435 4087 quoque,
3478 4017 3683 4072 Christi

2109 4117 2342 4163 mortem
2379 4124 2486 4162 non
2519 4123 2729 4173 veram,
2782 4105 2879 4162 sed
2948 4106 3225 4171 fallacem,
3256 4116 3311 4161 et
3368 4106 3684 4161 simulatam

2112 4203 2304 4258 fuisse.
2334 4199 2496 4255 Plura
2532 4201 2673 4255 hanc
2716 4202 2769 4254 in
2824 4215 2939 4253 rctn
2972 4201 3252 4268 congessit
3282 4212 3472 4255 contra
3510 4200 3697 4252 Βιιιιιι-

2109 4295 2355 4350 sobrium
2403 4295 2581 4365 ipsum
2634 4293 2686 4347 in
2735 4292 3043 4363 Alphaheto
3096 4292 3366 4349 Tibetauo
3408 4295 3490 4346 vir
3526 4294 3698 4361 longe

2109 4388 2464 4445 doctissimus
2504 4386 2847 4457 Augustinus
2896 4386 3174 4442 Antonius
3225 4385 3495 4455 Georgius
3543 4385 3693 4454 (37p

2108 4482 2184 4535 Ex
2233 4480 2319 4535 his
2350 4490 2532 4535 autem
2596 4480 2757 4536 facile
2816 4480 3053 4551 quisque
3100 4477 3390 4549 intelligit,
3451 4480 3687 4548 pseudo-

2106 4573 2464 4627 chrislianam
2490 4571 2634 4624 illam
2654 4579 2860 4625 sectam
2886 4584 2986 4622 nec
3004 4566 3313 4636 Deiparam,
3337 4582 3438 4622 nec
3458 4582 3681 4622 crncetn

2109 4664 2360 4717 venerari
2386 4663 2498 4716 ullo
2526 4663 2689 4716 modo
2715 4660 3000 4718 debuisse.
3048 4660 3178 4729 quia
3208 4658 3466 4713 Christus
3500 4674 3600 4713 nec
3628 4658 3686 4712 in

2111 4755 2333 4826 Virgine
2361 4770 2582 4810 carnem
2661 4761 3004 4823 susceperat.
3058 4768 3159 4807 nec
3200 4752 3255 4806 in
3289 4753 3478 4806 crucis
3533 4753 3687 4820 ligno

2107 4863 2237 4902 vere
2263 4847 2494 4902 obierat.
2530 4846 2770 4915 ldipsum
2817 4843 3129 4899 sentiebant
3158 4844 3322 4898 etiam
3368 4844 3435 4897 de
3474 4843 3703 4897 sanctis.

2108 4954 2231 4993 cum
2262 4937 2559 4994 Cbristoiu
2592 4939 2748 4992 coelis
2781 4936 3158 5008 regnantibus,
3196 4949 3334 5005 quos
3386 4935 3513 4988 item
3561 4945 3699 4986 tau;

2114 5048 2277 5102 quam
2317 5031 2731 5086 idololatrarum
2767 5030 2984 5083 iuventa
3018 5027 3434 5081 aversabantur.
3479 5025 3691 5079 Contra

2114 5138 2243 5179 vero
2268 5122 2391 5193 quis
2417 5136 2522 5176 non
2552 5121 2720 5187 videt,
2746 5121 2868 5175 ideo
2900 5128 3106 5173 tantam
3138 5133 3265 5189 erga
3296 5117 3555 5172 Satanam
3589 5112 3699 5164 lia--

2113 5215 2301 5270 buisse
2323 5214 2710 5280 reverentiam,
2740 5211 2884 5282 quod
2911 5212 2957 5267 is
2989 5222 3246 5282 tanquam
3280 5209 3421 5263 Deus
3457 5202 3683 5257 habitus

2116 5310 2259 5378 apud
2290 5306 2413 5361 illos
2440 5304 2626 5370 fuerit,
2673 5312 2942 5376 tantaque
2994 5303 3253 5375 praeditus
3302 5293 3569 5370 potentia,
3625 5303 3695 5350 ut

2189 5481 2813 5556 (§5l_'l'itul.xxm.§6.
2908 5552 2951 5556 __
3251 5550 3263 5556 _
3348 5544 3379 5556 η

2181 5543 2289 5621 (36)
2308 5554 2540 5607 Histoire
2571 5543 2789 5625 critique
2807 5557 2871 5610 de
2898 5548 3190 5611 )fanicltée,
3217 5550 3319 5600 ttc.
3348 5543 3442 5613 lib,
3460 5560 3540 5613 ιιι,
3562 5559 3703 5618 cap.

2109 5622 2164 5678 5.
2198 5622 2277 5678 £6
2307 5639 2426 5678 nae.
2469 5624 2593 5678 524.

2151 5663 2164 5685 ,
2197 5640 2277 5747 git)
2306 5640 2426 5694 pag.
2469 5640 2593 5678 υκαι.

2182 5694 2201 5762 (
2242 5692 2294 5762 7)
2324 5692 2451 5764 Pag.
2481 5692 2608 5755 207,
2631 5691 2759 5747 208.
