4090 6212
398 344 465 408 3i
1733 361 2326 431 PROLEGOMENA.
3594 381 3664 445 33

399 463 574 519 eidem
601 467 789 522 mundi
821 469 986 538 lmjus
1015 472 1319 543 Opificlum,
1348 478 1701 550 hominisque
1738 482 1979 536 creatio-

404 572 525 610 nem
564 558 851 616 tribuerint
879 563 902 616 ἲ
930 563 1161 636 Negavit
1194 578 1344 626 certe
1406 573 1638 630 callidus
1701 574 1979 630 Calvinia-

403 658 526 707 nus,
581 645 903 708 Manichaaos
957 670 1192 724 unquam
1256 662 1557 730 principem
1626 666 1976 720 tenebrarum

401 734 495 789 Dei
528 738 747 794 nomine
778 740 1097 809 honorassc,
1156 757 1212 802 at
1273 768 1434 820 quam
1484 754 1759 811 innnerito
1802 758 1854 811 id
1897 757 1978 813 fe-

401 827 560 890 cerit,
593 828 846 887 laudatus
878 835 1146 909 Georgius
1184 843 1290 912 ('58)
1326 846 1462 899 satis
1496 847 1740 903 edocuit.

472 916 564 973 Xl.
599 920 826 980 Praestat
872 931 1032 985 modo
1067 935 1397 1004 pr:rcipuum
1452 939 1769 998 Beausobrii
1814 961 1977 1015 argu-

402 1022 645 1066 mentum
676 1030 967 1087 exponere,
1005 1040 1112 1091 qno
1149 1026 1341 1082 nititur
1372 1031 1772 1097 demonstrare,
1809 1036 1982 1107 Bogo-

402 1101 563 1157 tnilos
586 1104 713 1159 dum
745 1107 999 1165 Satanam
1032 1113 1208 1171 Verbo
1242 1131 1371 1174 natu
1404 1125 1666 1191 majorem
1705 1101 1977 1194 dixeruht,

398 1202 545 1247 recte
586 1195 639 1249 in
676 1198 779 1253 fide
808 1205 1065 1268 sensisse,
1116 1207 1579 1283 Euthymiumque
1640 1217 1805 1287 hujus
1854 1236 1982 1274 sen-

401 1285 589 1340 tcntiae
623 1304 843 1347 sensum
900 1311 965 1349 ex
1018 1298 1283 1356 industria
1328 1309 1654 1374 pervertisse
1682 1285 1807 1375 ,Vut
1855 1311 1981 1367 inde

398 1381 603 1431 tantam
633 1379 899 1439 adversus
934 1401 1032 1443 eos
1075 1392 1408 1449 calumniam
1456 1398 1814 1469 confingeret.
1854 1403 1981 1456 Dine

400 1485 551 1539 sunt,
582 1475 780 1546 inquit,
827 1486 1132 1547 sententiae,
1175 1504 1313 1559 quas
1367 1494 1532 1562 aliqui
1581 1505 1793 1552 veteres
1844 1498 1980 1551 scri-

400 1570 587 1630 ptorcs
631 1570 884 1626 catholici
918 1578 1090 1631 secuti
1131 1591 1303 1648 sunt;
1349 1585 1519 1652 prima
1571 1587 1781 1642 scilicet
1836 1588 1981 1658 quod

398 1653 644 1709 divinum
706 1661 937 1718 Verbum
992 1667 1324 1739 hypOstasim
1399 1678 1675 1745 propriam
1728 1653 1981 1733 habuerit

402 1745 637 1812 primum
671 1764 699 1801 a
740 1757 925 1809 mundi
954 1764 1232 1816 creatione
1263 1803 1277 1826 ,
1325 1767 1527 1835 altera,
1567 1770 1712 1837 quod
1744 1769 1975 1826 Satanas

399 1846 453 1889 et
500 1841 675 1908 angeli
728 1845 978 1910 pluribus
1019 1861 1145 1907 ante
1186 1858 1444 1910 mundmn
1503 1860 1651 1915 hunc
1699 1863 1969 1917 visibilem

400 1929 616 1983 smculis
650 1936 981 1992 exstiterint.
1017 1941 1207 2012 Itaque
1244 1947 1683 2018 cumBogomilis
1707 1954 1971 2022 placuerit

398 2019 711 2088 angelorum
745 2030 1072 2085 creationem
1095 2046 1221 2091 ante
1245 2041 1507 2095 mundum
1536 2052 1798 2108 statuere,
1819 2061 1973 2099 cum-

399 2126 505 2178 que
551 2111 784 2170 Verbum
839 2121 1083 2179 divinum
1128 2130 1181 2181 in
1234 2133 1420 2184 mundi
1465 2135 1744 2190 creatione
1798 2139 1971 2206 hypoo

398 2201 589 2256 stasim
639 2209 909 2276 propriam
944 2212 1145 2270 habere
1170 2223 1402 2289 t-(eperit
1429 2262 1442 2286 ,
1486 2224 1612 2277 inde
1643 2201 1921 2281 concludit
1950 2268 1965 2291 ,

392 2291 537 2358 quod
570 2293 686 2349 sine
718 2301 908 2354 baaresi
947 2301 982 2354 ii
1019 2304 1291 2362 allirmarc
1344 2321 1676 2379 potuerunt,
1710 2312 1966 2371 Satanam

400 2379 572 2435 Verbo
624 2396 751 2439 natu
794 2389 1059 2459 majorem
1095 2410 1236 2451 esse.
1288 2398 1405 2453 Hoc
1441 2410 1621 2457 tamen
1668 2406 1969 2462 Calviniani

396 2472 634 2529 hominis
674 2476 1128 2549 deliramentum,
1165 2489 1309 2556 quod
1365 2492 1537 2560 prima
1603 2495 1778 2552 fronte
1828 2498 1965 2552 sim-

396 2564 716 2629 plicioribus
742 2569 979 2628 fortasse
1010 2587 1192 2644 posset
1232 2578 1415 2636 fucum
1452 2583 1626 2641 facere
1653 2627 1666 2648 ,
1718 2588 1761 2643 si
1806 2590 1971 2660 paulo

395 2660 817 2725 perpendamus,
851 2666 1055 2722 nullius
1093 2685 1321 2738 prorsus
1360 2687 1445 2731 est
1482 2679 1716 2734 roboris.
1753 2683 1927 2753 Atque
1951 2723 1967 2749 ,

395 2754 453 2798 ut
483 2748 552 2802 ab
575 2765 642 2803 eo
675 2756 950 2820 exordiar,
989 2760 1132 2827 quod
1163 2764 1371 2835 absque
1403 2769 1510 2823 ulla
1561 2773 1839 2842 religionis
1881 2772 1968 2829 inl-

391 2842 537 2910 juria
575 2846 832 2904 allirmari
867 2865 1075 2922 posset,
1108 2861 1332 2928 angelos
1358 2880 1553 2935 nempe
1571 2870 1819 2935 pluribus
1843 2882 1969 2926 ante

394 2937 655 2990 mtmdum
690 2940 833 2996 hunc
867 2944 1133 3001 visibilem
1165 2953 1378 3008 sreciilis
1422 2954 1593 3011 fuisse
1630 2971 1844 3015 creatos
1869 3002 1882 3024 ,
1917 2962 1965 3016 ei

394 3028 537 3080 ultro
573 3033 893 3089 concedam.
924 3036 1080 3102 Quod
1117 3057 1243 3096 vero
1278 3046 1343 3099 ad
1379 3047 1604 3102 alteram
1633 3054 1963 3108 sententiam

392 3122 609 3188 attinet,
648 3141 810 3195 quam
845 3145 943 3197 pro
972 3135 1245 3191 catholica
1280 3141 1619 3198 confidenter
1670 3146 1917 3200 obtrudit
1950 3188 1965 3212 ,

392 3215 690 3269 notandum
723 3227 806 3272 est
844 3236 941 3290 per
976 3233 1189 3282 veteres
1223 3228 1344 3285 illos
1394 3232 1690 3302 scriptores
1738 3236 1970 3290 catholi-

392 3320 490 3360 cos
548 3306 841 3365 Tatianum
901 3317 1242 3383 potissimum
1289 3330 1343 3376 et
1380 3323 1780 3396 Athenagoram
1820 3326 1970 3383 desio

392 3413 560 3465 gnare
608 3404 848 3461 voluisse
877 3447 892 3469 ,
938 3412 1095 3479 quasi
1153 3428 1342 3469 eorum
1404 3415 1570 3472 fuerit
1621 3419 1808 3489 opinio
1840 3461 1855 3487 ,
1910 3429 1970 3475 ut

391 3492 627 3549 credidit
651 3498 816 3551 etiam
853 3499 1108 3558 Petavius
1142 3504 1276 3575 (59),
1308 3505 1541 3562 Verbum
1572 3510 1821 3566 divinum
1853 3528 1962 3568 non

391 3597 518 3643 ante
547 3591 733 3644 mundi
764 3596 1097 3651 creationem
1145 3602 1417 3670 propriam
1469 3604 1804 3675 hypostasim
1866 3607 1965 3661 ha-

394 3682 597 3738 buisse.
630 3686 739 3747 At,
772 3685 899 3741 licet
947 3690 1237 3748 obscurius
1286 3704 1496 3750 veteres
1548 3698 1599 3750 hi
1659 3698 1850 3754 Patres
1901 3700 1969 3754 de

395 3772 554 3828 Verbi
582 3779 931 3845 generatione
956 3782 1119 3837 locuti
1137 3784 1267 3849 sint,
1292 3802 1571 3856 nunquam
1593 3797 1773 3845 tamen
1805 3793 1970 3861 quid-

390 3882 553 3934 quam
584 3867 840 3924 dixerunt
868 3911 884 3933 ,
913 3874 1060 3942 quod
1088 3875 1206 3943 ejus
1235 3877 1508 3933 divinitati
1538 3920 1552 3945 ,
1592 3882 1883 3938 mternitati
1915 3892 1994 3938 et.

394 3961 771 4026 personalitati
830 3966 1002 4031 possit
1051 3966 1288 4024 ollicere.
1340 3971 1420 4027 Ac
1461 3987 1647 4027 revera
1699 3976 1845 4045 quod
1903 3977 1969 4031 ad

391 4047 679 4104 Tatiannm
717 4055 970 4121 pertinet,
1003 4058 1079 4110 ait
1107 4074 1261 4121 sane.
1314 4060 1368 4114 in
1418 4064 1691 4134 principio
1731 4065 1968 4122 Verbum

394 4141 563 4196 fuisse
598 4141 649 4196 in
680 4142 839 4197 Patre
865 4185 879 4210 ,
913 4148 1101 4218 utique
1132 4161 1188 4205 ut
1238 4152 1293 4205 in
1328 4168 1558 4221 persona
1599 4158 1970 4211 consubstan-

393 4234 531 4299 tiali,
563 4251 687 4291 cum
716 4252 824 4307 quo
852 4242 1033 4294 omnia
1064 4245 1450 4313 sustentabat;
1480 4247 1682 4317 quibus
1708 4249 1760 4302 in
1790 4250 1971 4304 verbis

395 4329 688 4384 manifesto
710 4330 827 4398 ejus
845 4333 1182 4389 divinitatem
1208 4345 1370 4407 atque
1392 4342 1757 4395 aeternitatem
1784 4349 1976 4395 osten-

393 4420 488 4473 dit.
523 4418 658 4473 Dum
694 4435 823 4476 vero
854 4424 1043 4487 addit,
1073 4425 1218 4495 quod
1253 4428 1487 4482 Verbum
1528 4443 1595 4483 ex
1643 4429 1806 4485 Patre
1849 4447 1975 4501 pro-

392 4511 554 4565 dierit
580 4514 798 4583 quando
855 4517 921 4569 ad
975 4519 1163 4572 mundi
1216 4520 1553 4574 creationem
1602 4535 1969 4589 progressum

390 4616 497 4671 est,
530 4607 805 4679 intelligit,
847 4610 992 4681 quod
1032 4613 1172 4669 Deus
1205 4630 1299 4684 per
1334 4614 1530 4669 Filium
1583 4618 1844 4670 omnibus
1874 4634 1973 4687 pa-

394 4703 564 4758 ternis
596 4704 733 4758 ideis
752 4706 1098 4770 etIattribntis
1126 4710 1454 4762 instructum
1477 4710 1658 4764 omnia
1682 4712 1971 4766 creaverit.

394 4793 473 4847 Ac
502 4794 755 4862 quamvis
792 4795 936 4849 inter
981 4796 1141 4852 Verbi
1194 4801 1630 4869 progressionem
1681 4816 1973 4870 rerumque

392 4885 724 4940 creationem
756 4889 1121 4942 necessariam
1150 4900 1312 4958 ponat
1342 4891 1761 4955 connexionem,
1788 4901 1969 4947 tamen

388 4974 543 5040 juxta
569 4977 818 5032 eumdem
854 4976 1145 5033 Tatianum
1206 4981 1277 5033 ita
1333 4980 1567 5035 Verbum
1617 4998 1644 5035 a
1696 4982 1856 5037 Patre
1916 4985 1972 5037 in

390 5084 571 5123 rerum
597 5071 877 5124 creatione
901 5086 1246 5142 progressum
1271 5080 1379 5135 est,
1403 5082 1461 5124 ut
1484 5072 1550 5126 ab
1574 5089 1636 5127 eo
1660 5075 1969 5130 abscissum

391 5170 445 5214 et
467 5171 777 5231 separatum
806 5176 912 5215 non
944 5163 1129 5225 fuerit,
1163 5164 1289 5232 quia
1316 5163 1358 5218 si
1387 5164 1693 5220 abscissum
1750 5166 1967 5234 fuisset,

393 5253 551 5309 Pater
575 5256 767 5322 ἄλογος
804 5254 964 5310 foret.
1009 5255 1199 5325 itaque
1232 5246 1387 5312 falso’
1413 5260 1637 5313 omnino
1681 5261 1969 5325 asseritnr,

393 5345 683 5400 Tatianum
717 5346 986 5413 sensisse,
1033 5346 1278 5401 divinum
1331 5346 1570 5403 Verbum
1631 5353 1969 5422 hypostasim

397 5441 668 5507 propriam
698 5438 956 5494 habuisse
1014 5439 1067 5493 in
1112 5440 1301 5496 mundi
1356 5444 1681 5499 creatione:
1735 5460 1858 5499 nam
1919 5446 1969 5500 id

467 5664 581 5740 (§8)
613 5663 848 5740 [listgire
867 5665 1096 5740 critique
1121 5665 1183 5721 de
1207 5665 1483 5740 Manichée
1508 5667 1606 5725 lib.
1631 5681 1713 5735 ιιι,
1740 5680 1863 5740 pag.
1890 5665 1980 5722 25.

615 5735 684 5811 De
727 5735 935 5811 Τι’ἱηὶι1
960 5735 1054 5794 Ill).
1083 5754 1121 5806 1,
1158 5753 1282 5811 cap.
1312 5739 1370 5795 5.

471 5807 585 5878 till)
620 5808 826 5873 Qua-st.
870 5809 958 5864 (i3.

2086 493 2298 540 tantum
2337 490 2538 545 astittit
2564 534 2578 557 ,
2614 491 2854 548 Verbum
2885 494 3040 554 illud,
3076 499 3217 565 quod
3253 498 3321 549 ab
3354 512 3559 552 te:crno
3611 502 3664 554 in

2083 578 2244 635 Patre
2276 584 2459 637 omnia
2489 588 2837 640 sustentabat
2867 633 2882 652 ,
2925 596 3037 642 tum
3074 589 3128 644 in
3166 606 3348 645 rerum
3385 594 3665 647 creatione

2080 688 2147 727 ex
2182 672 2339 729 Patre
2365 677 2657 745 prodiisse,
2685 679 2812 747 quia
2836 681 3018 734 omnia
3043 683 3326 750 peripsum
3353 682 3493 737 facta
3512 697 3663 739 sunt.

2085 761 2286 818 Eadem
2321 765 2431 821 fere
2468 774 2679 824 ratione
2706 771 3088 841 Athenagoras
3137 790 3355 841 quoque
3403 779 3467 828 de
3506 777 3664 829 Verbi

2083 855 2370 912 divinitate
2422 859 2697 915 disseruit.
2738 863 2880 916 Dicit
2926 864 3070 917 enim
3111 864 3256 933 quod
3312 863 3489 929 Deus,
3541 881 3664 917 eum

2084 947 2153 1001 sit
2184 965 2334 1002 mens
2368 959 2593 1017 zeterna,
2626 952 2817 1007 habuit
2850 956 2915 1007 ab
2943 965 3149 1008 aeterno
3191 957 3244 1009 in
3302 956 3486 1025 seipse
3532 956 3666 1009 Ver-

2085 1038 2237 1103 bum,
2281 1050 2468 1110 ulpote
2510 1044 2577 1095 ab
2618 1052 2826 1097 aeterno
2878 1047 3205 1100 rationalis:
3257 1055 3309 1101 et
3360 1048 3504 1112 quod
3561 1048 3666 1102 hoe

2086 1129 2321 1185 Verbum
2359 1136 2653 1203 prodierit,
2712 1148 2769 1189 ut
2812 1139 3058 1191 omnium
3106 1148 3422 1194 creatarum
3479 1156 3663 1194 rerum

2084 1218 2228 1280 idea,
2261 1231 2313 1273 et
2344 1222 2591 1288 operatio
2622 1225 2934 1279 essisteret.
2961 1226 3190 1281 Constat
3215 1238 3395 1282 autem
3429 1230 3667 1285 voluisse

2083 1312 2486 1379 Athenagoram
2523 1315 2675 1371 hisce
2706 1318 2759 1370 in
2814 1319 2992 1372 verbis
3037 1320 3140 1374 hoc
3187 1321 3361 1374 solum
3406 1323 3603 1377 docere
3647 1363 3667 1387 ,

2085 1420 2181 1472 per
2227 1403 2464 1460 Verbum
2518 1425 2606 1463 res
2664 1426 2857 1465 onmes
2909 1421 3122 1467 creatas
3176 1430 3341 1479 cve,
3405 1418 3663 1485 quoniam

2083 1495 2255 1554 Filius
2283 1500 2466 1569 aliquo
2498 1502 2660 1555 modo
2708 1503 2813 1557 dici
2848 1513 3026 1571 potest
3079 1504 3170 1559 Dei
3227 1507 3369 1562 ratio
3397 1547 3412 1568 .
3468 1525 3623 1565 mens
3648 1547 3668 1573 ,

2084 1592 2349 1659 sapientia
2377 1634 2391 1656 ,
2422 1603 2474 1649 et
2506 1598 2787 1664 operativa
2848 1599 3088 1667 potentia
3113 1637 3127 1660 ,
3163 1616 3286 1669 quae
3335 1602 3568 1670 primum
3608 1603 3661 1657 in

2087 1696 2266 1734 rermn
2300 1687 2576 1740 creatione
2614 1688 2856 1744 exterius
2893 1691 3115 1759 prodiit.
3146 1691 3294 1748 lianc
3332 1695 3661 1748 sententiam

2081 1774 2335 1840 probavit
2360 1792 2584 1845 quoque
2620 1776 2676 1833 S.
2709 1781 3075 1850 Augustinus,
3104 1783 3193 1837 ubi
3248 1784 3378 1837 illud
3425 1782 3663 1840 Joannis

2084 1863 2148 1917 In
2173 1867 2429 1932 principio
2465 1882 2578 1923 erat
2625 1871 2849 1925 Verbum
2879 1889 3189 1942 exponens:
3222 1875 3334 1930 Ilac
3368 1876 3482 1930 loco
3510 1919 3525 1940 ,
3580 1877 3664 1929 in-

2082 1958 2199 2025 quit
2228 1959 2363 2027 (40).
2397 1962 2587 2015 melius
2630 1962 2851 2018 Verbum
2880 1967 3289 2034 interpretamur
3312 2009 3327 2031 ,
3364 1980 3420 2023 ut
3451 1970 3660 2037 signiﬁ-

2079 2060 2225 2101 cetur
2252 2068 2352 2103 non
2389 2054 2561 2107 solum
2593 2055 2666 2108 ad
2694 2055 2911 2111 Patrem
2944 2071 3206 2123 respectus
3233 2102 3248 2123 ,
3305 2064 3396 2116 sed
3450 2064 3519 2116 ad
3567 2064 3661 2117 illa

2082 2142 2258 2198 etiam.
2283 2160 2400 2211 qua:
2417 2162 2506 2210 per
2535 2146 2758 2202 Verbum
2781 2152 2927 2220 facta
2951 2162 3095 2215 sunt,
3117 2156 3384 2221 operativa
3405 2157 3659 2222 potentia.

2086 2231 2289 2289 Habuit
2335 2252 2466 2305 ergo
2512 2238 2744 2295 Verbum
2802 2245 3074 2313 propriam
3111 2260 3171 2299 ac
3216 2246 3527 2302 distinctam
3564 2248 3663 2317 hy-

2084 2329 2342 2395 postasim
2390 2331 2458 2383 ab
2498 2341 2703 2385 aeterno
2754 2336 2881 2386 dum
2945 2336 3124 2387 omnia
3173 2352 3296 2388 cum
3350 2337 3507 2391 Patre
3561 2353 3660 2391 su-

2081 2420 2372 2483 stentabat,
2418 2422 2510 2475 Sed
2544 2424 2596 2475 in
2642 2440 2821 2477 rerum
2854 2426 3129 2479 creatione
3160 2427 3331 2494 patuit
3385 2426 3656 2493 quodam-

2081 2512 2261 2577 modo,
2304 2514 2428 2582 quia
2461 2515 2640 2567 omnia
2673 2530 2766 2584 per
2799 2513 3033 2569 Verbum
3070 2516 3207 2569 laeta
3241 2525 3388 2571 sunt.
3416 2517 3493 2570 Ad
3517 2517 3651 2578 lure.

2088 2611 2147 2657 ut
2182 2606 2354 2674 magis
2376 2606 2586 2659 eluceat
2614 2605 2799 2660 infelix
2834 2605 3150 2660 Beausobrii
3186 2606 3452 2672 vafritics,
3478 2608 3655 2659 anim-

2079 2697 2359 2752 advertere
2407 2697 2584 2768 juvat,
2618 2701 2761 2771 quod
2813 2700 2974 2753 etiam
3014 2700 3258 2755 admisso
3305 2700 3409 2754 hoc
3446 2713 3656 2762 errore,

2079 2785 2315 2841 Verbum
2352 2788 2624 2857 propriam
2654 2790 2915 2845 habuisse
2947 2791 3284 2860 hypostasim
3340 2807 3405 2844 ex
3461 2805 3648 2843 rerum

2079 2879 2375 2943 creatione,
2416 2896 2625 2935 necnon
2658 2882 2747 2935 illa
2782 2886 3051 2937 sententia
3084 2884 3307 2954 angelos
3337 2891 3462 2938 ante
3499 2898 3658 2937 mun-

2080 2970 2208 3023 dum
2233 2980 2445 3027 creatos
2463 2988 2605 3036 esse,
2638 2974 2953 3029 nullatenus
2983 2976 3652 3044 scqueretnranteriorcm

2076 3060 2244 3117 fuisse
2274 3062 2401 3119 huic
2430 3065 2709 3135 hypostasi
2746 3064 3047 3132 Satanam;
3090 3076 3221 3121 tunc
3252 3067 3395 3120 enim
3416 3066 3655 3133 Verbum

2071 3157 2267 3210 nonin
2303 3158 2511 3222 mundi,
2545 3159 2640 3213 sed
2693 3160 2744 3212 in
2795 3162 3112 3225 angelormn
3157 3159 3437 3214 creatione
3482 3159 3655 3229 hypo-

2073 3249 2261 3304 stasim
2292 3249 2597 3316 habuisset,
2628 3251 2751 3320 quia
2775 3259 2906 3306 tunc
2929 3262 3079 3306 extra
3097 3250 3307 3305 Patrem
3330 3249 3648 3320 prodiisset:

2073 3356 2136 3395 ac
2194 3342 2420 3409 proinde
2479 3357 2693 3410 semper
2760 3341 2915 3396 Verbi
2984 3342 3293 3413 hyposmsis
3326 3344 3642 3414 angelorum

2073 3434 2403 3486 creationem
2441 3433 2829 3502 prtecessiSset.

2144 3524 2258 3579 Xll.
2296 3524 2502 3578 Czrtera
2536 3524 2882 3593 Bogosnilica:
2912 3535 3073 3579 sectae
3129 3525 3327 3593 placita
3384 3534 3655 3581 memorat

2075 3619 2127 3671 in
2158 3619 2260 3672 hoc
2290 3619 2470 3671 libello
2504 3617 2854 3687 Eutliymins,
2899 3633 3074 3686 neque
3103 3626 3183 3673 est
3236 3634 3376 3687 opus
3423 3619 3490 3674 de
3538 3619 3655 3675 sin-

2072 3709 2212 3776 gulis
2241 3707 2838 3771 disserere.,Fortassis
2872 3708 3171 3762 distinctim
3210 3708 3299 3762 illa
3332 3709 3656 3779 Enthymius

2076 3800 2427 3867 reintaverat,
2464 3802 2557 3857 seel
2602 3802 2652 3855 in
2692 3800 2884 3855 codice
2918 3800 3184 3855 Vaticano
3226 3802 3402 3857 solum
3451 3818 3652 3871 super-

2076 3903 2203 3947 sunt
2244 3904 2560 3962 argumenta
2591 3935 2604 3954 ,
2646 3893 2847 3962 quibus
2888 3901 3043 3962 urget
3100 3892 3407 3962 Bogomilos
3455 3894 3507 3945 in
3542 3908 3608 3945 eo
3639 3932 3655 3955 ,

2074 3987 2217 4056 quod
2251 3986 2486 4055 pertinet
2544 3986 2610 4039 ad
2670 3994 3012 4039 mortuorum
3066 3985 3540 4039 resurrectionem.
3585 3981 3657 4036 Ut

2075 4089 2253 4133 autem
2290 4093 2409 4131 eam
2440 4086 2586 4131 certe
2623 4077 2861 4131 futuram
2897 4079 3127 4145 probet,
3162 4077 3387 4144 opponit
3418 4076 3653 4142 primmn

2075 4169 2328 4223 hazretico
2356 4167 2477 4222 fidei
2521 4168 2754 4223 Nicaeum
2784 4167 3093 4237 symbolum
3141 4172 3509 4217 trecentorum
3551 4161 3654 4216 de-

2076 4275 2193 4316 cem
2225 4267 2278 4313 et
2323 4268 2449 4313 octo
2480 4258 2702 4312 Patrum
2738 4257 3066 4312 auctoritate
3101 4256 3375 4309 firmatum
3407 4270 3422 4320 ;
3454 4251 3655 4308 deinde

2075 4366 2209 4405 vero
2241 4349 2534 4404 concilium
2564 4348 3037 4409 Chalcedonense,
3068 4347 3227 4416 cujus
3258 4345 3570 4400 auctoritati
3595 4352 3655 4399 ut

2077 4440 2246 4510 magis
2284 4441 2441 4492 Iidem
2493 4438 2785 4500 conciliet,
2834 4437 3158 4491 miraculum
3214 4437 3488 4506 quoddam
3550 4436 3651 4490 de-

2076 4529 2312 4584 srribita
2335 4526 2441 4581 Deo
2459 4535 2728 4596 patratum
2756 4539 2849 4593 per
2874 4524 2931 4577 S.
2958 4523 3310 4593 Euphemiam
3338 4531 3652 4591 martyrem,

2078 4620 2131 4673 in
2160 4619 2321 4687 cujus
2354 4618 2580 4673 basilica
2623 4617 2788 4685 hujus
2822 4615 3040 4670 concilii
3078 4616 3268 4669 Patres
3303 4615 3369 4668 ab
3421 4614 3677 4691 impera-p

2077 4723 2193 4768 tore
2221 4712 2498 4768 Marciano
2535 4714 2851 4780 congregati
2881 4710 3125 4767 inerunt.
3155 4709 3479 4779 Complures
3511 4696 3685 4763 scri-'

2076 4816 2260 4876 ptores
2286 4805 2533 4875 ejusdem
2577 4804 2829 4858 miraculi
2865 4803 3183 4865 meminere,
3226 4801 3317 4856 sed
3343 4802 3433 4855 alii
3482 4800 3655 4870 ipsius

2075 4897 2289 4953 concilii
2315 4908 2577 4966 tempore,
2614 4895 2701 4948 alii
2732 4896 2985 4950 absoluto
3014 4895 3234 4948 demum
3254 4895 3491 4948 concilio
3525 4893 3654 4946 illud

2074 4990 2324 5045 evenisse
2363 4998 2608 5041 narrant.
2668 4986 3037 5042 Posteriorem
3093 4986 3420 5040 sententiam
3483 4986 3651 5040 secuti

2075 5090 2205 5136 sunt
2239 5080 2469 5137 Michael
2502 5083 2697 5150 Ulycas
2715 5078 2826 5148 (41)
2847 5092 2912 5131 ac
2938 5076 3184 5130 Zonaras
3215 5075 3327 5146 (42)
3356 5094 3370 5130 :
3407 5074 3654 5130 scribunt

2082 5174 2227 5229 enim
2295 5172 2439 5243 quod
2505 5186 2629 5225 cum
2680 5168 2940 5239 Eutychis
2994 5166 3349 5236 Dioscorique
3413 5164 3657 5219 fautores

2076 5262 2295 5317 decreta
2330 5259 2548 5315 concilii
2572 5259 3000 5322 subsannarent,
3025 5257 3251 5327 ejusque
3268 5254 3649 5309 auctoritatem

2077 5370 2185 5409 non
2213 5352 2461 5414 veritate,
2489 5351 2582 5405 sed
2620 5350 2862 5420 potentia
2884 5348 3231 5418 imperatoris
3252 5347 3351 5401 niti
3382 5346 3651 5407 dicerent,

2078 5458 2241 5517 atque
2267 5445 2338 5500 ita
2364 5443 2687 5516 pravitatem
2718 5442 3001 5499 sententiae
3025 5456 3139 5498 sua:
3191 5440 3439 5497 stabilire
3483 5451 3649 5493 cona-

2163 5667 2274 5734 (41)
2304 5664 2501 5721 Annal.
2536 5665 2661 5720 Par.
2689 5680 2766 5728 Iv,
2796 5660 2923 5733 pag.
2960 5662 3089 5734 263.

2157 5733 2269 5810 (42)
2298 5737 2496 5792 Annal.
2527 5736 2622 5792 lib.
2658 5749 2777 5800 χιιι,
2811 5749 2931 5803 cap.
2956 5733 3047 5788 25.
