4090 6212
427 310 498 371 33
530 270 533 272 ’
1772 302 2366 368 PROLEGOMENA-
3630 305 3701 368 at

423 435 632 490 rentur,
671 422 958 479 Anatolius
992 423 1326 494 patriarcha.
1359 425 1692 482 adversariis
1740 439 2008 480 convoca-

425 521 494 573 tis
523 558 539 582 ,
587 515 879 587 pr0posuit
918 525 978 570 ιιι
1031 531 1378 588 unaquaque
1432 534 1562 588 pars
1621 519 1854 588 propria
1889 515 2010 571 ﬁdei

424 609 738 681 symbolum
784 607 963 662 libello
1015 609 1382 676 inscriberet,
1411 621 1465 666 et
1499 613 1552 665 in
1584 612 1764 666 loculo
1799 609 1857 664 S.
1900 609 2010 662 Eu-

425 701 660 771 phemia
692 711 921 770 uterque
957 702 1171 756 libellus
1203 705 1607 773 deponeretur,
1659 711 1719 758 ut
1769 702 2006 773 gloriosa

429 795 544 848 hac
575 801 783 863 martyr
812 792 877 846 de
906 794 1134 849 veritate
1164 807 1324 850 rectm
1358 795 1481 850 ﬁdei
1513 795 1783 861 judicium
1843 793 2011 848 ferret

428 902 491 940 ac
546 884 940 940 testimonium.
1014 885 1126 941 lloc
1176 897 1358 943 autem
1422 887 1714 942 consilium
1775 902 1899 940 cum
1956 895 2009 940 et

432 977 706 1032 liarcticis
744 977 1086 1044 placuisset,
1127 988 1341 1032 remoto
1369 978 1552 1049 lapide
1576 1016 1591 1040 .
1649 978 1741 1048 qui
1775 977 2008 1032 loculum

431 1069 738 1132 claudebat,
761 1070 870 1124 duo
899 1070 1064 1124 libelli
1102 1087 1266 1141 supra
1299 1082 1503 1127 sancta
1534 1071 1792 1140 martyris
1821 1080 2012 1140 pectus

437 1163 596 1229 positi
627 1170 793 1224 sunt,
843 1170 896 1216 et
925 1162 1124 1217 deinde
1175 1165 1388 1219 loculus
1432 1179 1538 1218 non
1591 1163 1752 1218 modo
1811 1163 2009 1216 iterum

432 1258 672 1321 clausus,
701 1255 793 1310 sed
821 1255 988 1309 etiam
1024 1257 1311 1327 utriusque
1339 1258 1511 1327 partis
1543 1257 1738 1326 sigillis
1762 1254 2009 1311 munitus

425 1356 473 1399 ct
527 1345 868 1413 obsignatus.
925 1346 1055 1400 Post
1107 1349 1346 1402 triduum
1399 1365 1521 1404 cum
1572 1349 2007 1414 convenissent,

422 1436 751 1504 imperatore
779 1437 945 1490 etiam
981 1448 1284 1506 prasente,
1327 1448 1519 1508 aperto
1563 1439 1744 1495 loculo
1773 1481 1788 1505 ,
1831 1441 2008 1495 luere-

421 1531 655 1583 ticorum
683 1530 900 1586 libellus
928 1533 994 1585 ad
1041 1534 1206 1602 pedes
1236 1535 1499 1604 martyris
1532 1534 1810 1603 projectns
1829 1574 1844 1598 ,
1871 1535 2011 1589 alter

419 1638 551 1676 vero
575 1623 629 1676 in
663 1638 827 1678 mantt
859 1626 980 1692 ejus
1011 1625 1200 1680 dextra
1236 1627 1494 1682 inventus
1544 1637 1649 1683 est.
1699 1626 1898 1682 Verum
1935 1645 2003 1683 ne

423 1714 554 1768 huic
610 1714 836 1770 Zonara
877 1716 1165 1788 Glycaque
1205 1703 1507 1772 narrationi
1559 1719 1811 1788 protinus
1848 1719 2005 1774 fidem

417 1817 662 1863 nostram
697 1819 1021 1875 prastemus
1053 1811 1308 1881 prohibet
1340 1811 1553 1878 Evagrii
1586 1853 1600 1876 ,
1637 1812 2004 1882 aliorumque,

417 1901 513 1967 qui
540 1900 609 1954 de
636 1903 875 1956 concilio
906 1902 1340 1960 Chalcedonensi
1371 1905 1663 1973 scripsere,
1688 1905 2005 1972 silentium;

417 2005 545 2044 cum
575 1991 759 2046 minus
782 1999 933 2046 certe
958 1993 1242 2060 probabile
1268 1993 1520 2048 videatur
1547 2007 1658 2046 rem
1679 1993 1815 2046 adeo
1843 1994 2010 2046 mira-

417 2083 586 2137 bilem
621 2121 637 2146 ,
672 2097 736 2136 ac
776 2083 1161 2137 recordatione
1193 2081 1570 2150 dignissimam
1621 2091 1734 2136 tum
1792 2083 2012 2136 demum

426 2182 508 2226 tot
560 2188 592 2224 a
627 2174 862 2227 concilio
904 2174 1113 2242 elapsis
1145 2173 1362 2227 saculis
1391 2173 1628 2240 primum
1682 2173 2014 2227 innotuisse.

430 2264 501 2314 At
557 2278 689 2316 vero
745 2263 917 2334 magis
952 2265 1145 2334 procul
1193 2263 1363 2318 dubio
1403 2279 1432 2318 a
1482 2264 1709 2319 veritate
1760 2263 2016 2318 abhorret

432 2352 706 2408 Theodori
754 2355 898 2409 Βρειί
927 2396 942 2421 ,
999 2366 1054 2410 et
1113 2354 1459 2409 Constantini
1503 2353 1592 2410 Tii
1621 2355 1864 2426 episcopi
1898 2357 2011 2427 (45)

426 2445 635 2512 opinio.
665 2460 829 2513 quant
860 2446 1188 2516 Euthymius
1216 2460 1435 2516 quoque
1465 2446 1753 2516 amplexus
1782 2455 1888 2510 est,
1914 2447 2006 2516 qui

425 2535 528 2589 hoc
565 2536 889 2590 miraculum
931 2537 1110 2607 ipsius
1155 2537 1373 2592 concilii
1425 2545 1672 2610 tempore
1719 2547 2002 2608 operatum

425 2625 597 2681 fuisse
669 2626 961 2683 aﬁirmant.
1015 2627 1086 2683 Ut
1141 2629 1286 2683 enim
1343 2629 1560 2700 egregie
1622 2629 2006 2685 animadvertit

425 2715 699 2773 Baronius
725 2718 863 2789 (Η),
897 2720 943 2775 si
971 2720 1074 2774 hoc
1105 2720 1227 2775 fidei
1254 2721 1690 2790 experimentum
1723 2737 1752 2775 a
1780 2721 2003 2777 concilii

425 2805 683 2866 Patribus
711 2819 977 2865 tentatum
1013 2812 1225 2877 fuisset,
1256 2826 1388 2867 sane
1410 2820 1530 2867 acta
1563 2822 1692 2866 tunc
1717 2813 2005 2884 diligenter

427 2900 739 2971 conscripta
765 2909 976 2957 tantum
1007 2903 1110 2958 hoc
1145 2904 1470 2959 miraculum
1534 2905 1683 2960 nullo
1723 2906 1886 2960 modo
1913 2905 2004 2961 si-

429 2990 685 3047 luissent.
713 2993 935 3049 Accedit
962 2995 1207 3064 insuper,
1242 2995 1387 3064 quod
1415 3011 1697 3066 nunquam
1731 2996 1920 3053 Patres
1952 2997 2006 3051 itt

431 3086 792 3140 acumenieis
816 3086 1070 3142 conciliis
1117 3103 1184 3141 ex
1214 3089 1496 3144 miraculis
1543 3089 1878 3159 quasierunt
1911 3089 2012 3144 do-

431 3187 669 3246 gtnatutn
703 3179 1012 3242 veritatem,
1043 3193 1207 3249 quam
1245 3195 1311 3234 ex
1337 3181 1540 3236 divinis
1572 3182 1838 3250 imprimis
1861 3181 2011 3236 Scri-

431 3267 629 3337 pturis,
647 3278 701 3324 et
721 3269 958 3338 antiquis
981 3270 1242 3326 Ecclesia
1271 3271 1679 3337 traditionibus,
1699 3287 1764 3327 ac
1786 3272 2007 3328 demum

431 3375 497 3413 ex
533 3368 848 3414 sanctorum
885 3359 1110 3414 Patrum
1141 3362 1545 3417 assertionibus
1571 3378 1841 3433 quarere,
1881 3379 2009 3434 pro-

433 3469 635 3520 ponere
658 3495 674 3521 ,
707 3454 972 3509 afﬁrmare
998 3496 1014 3520 ,
1073 3465 1239 3525 atque
1288 3456 1538 3512 stabilire
1584 3468 2006 3514 consueverunt.

433 3542 775 3614 Quapropter
816 3545 1046 3600 eruditis
1097 3545 1232 3601 viris
1267 3546 1502 3602 libenter
1543 3549 1819 3604 assentior
1843 3587 1860 3614 ,
1915 3549 2008 3621 qui

433 3635 637 3704 Opinati
667 3644 796 3690 sunt
849 3636 958 3694 hoc.
982 3637 1310 3693 miraculum
1346 3638 1743 3708 posterioribus
1792 3641 2010 3697 saculis

432 3726 604 3781 fuisse
633 3727 858 3782 omnino
888 3730 1180 3784 conlictum
1211 3769 1227 3794 ,
1262 3730 1517 3800 piamque
1565 3731 1708 3786 hanc
1755 3731 2007 3786 fabellam

433 3833 498 3872 ex
528 3817 661 3887 ipsis
686 3818 906 3873 concilii
969 3819 1106 3874 actis
1141 3835 1251 3875 non
1286 3821 1425 3875 bene
1455 3821 1752 3876 intellectis
1800 3822 2009 3890 proflu-

434 3908 601 3964 xisse.
649 3907 836 3965 Patres
881 3926 1122 3978 namque
1177 3910 1700 3975 Chalcedoneuses,
1761 3912 2016 3964 absoluto

437 4001 689 4064 concilio,
727 4009 784 4054 ut
808 4000 1162 4056 ostenderent
1209 4000 1395 4054 omnia
1426 4039 1440 4060 ,
1491 4015 1613 4067 qua
1669 4000 1725 4051 in
1780 3999 2018 4052 concilio

438 4091 664 4147 feliciter
711 4103 862 4165 gesta
901 4095 1119 4147 fuerant
1147 4130 1163 4156 ,
1196 4090 1506 4159 patrocinio
1561 4099 1616 4144 et
1653 4089 1923 4160 auspiciis
1957 4088 2014 4144 S.

437 4181 746 4250 Euphemia
781 4199 904 4238 esse
938 4181 1247 4246 referenda,
1275 4181 1350 4234 ita
1380 4180 1433 4234 in
1467 4179 1664 4236 litteris
1687 4177 1754 4232 ad
1782 4177 1840 4233 S.
1868 4177 2007 4234 Leo-

441 4289 563 4328 nt-m
602 4275 908 4342 pontificem
961 4273 1106 4328 datis
1149 4273 1448 4342 loquuntur
1505 4270 1617 4340 (45)
1647 4286 1662 4326 :
1694 4273 1836 4325 Deus
1871 4272 2008 4326 enim

436 4375 550 4420 erat
583 4367 672 4435 qui
705 4366 1017 4436 operabatur
1039 4405 1054 4430 ,
1084 4375 1133 4418 et
1162 4380 1278 4435 quis
1328 4381 1423 4418 suo
1467 4363 1700 4418 thalamo
1735 4363 2014 4418 concilium

438 4459 708 4512 coronavit
755 4467 946 4510 ornata
1001 4456 1184 4511 decore
1222 4457 1458 4510 victoria:
1514 4455 1851 4522 Euphemia:
1900 4469 2018 4525 quia

439 4563 689 4619 tanquam
734 4551 1004 4618 prapriaut
1055 4550 1437 4618 confessionem
1484 4547 1608 4615 ﬁdei
1655 4547 2015 4602 definitionem

443 4643 729 4708 suscipiens
760 4659 790 4695 a
816 4643 982 4703 nobis,
1008 4657 1102 4694 suo
1141 4657 1332 4709 sponso
1380 4655 1470 4706 per
1515 4639 1811 4702 piissimum
1851 4639 2017 4706 impe-

443 4745 692 4797 ratorem,
725 4744 772 4787 et
798 4734 1024 4786 amicam
1051 4731 1254 4787 Christi
1282 4730 1569 4800 Augustam
1587 4730 1791 4792 obtulit,
1815 4746 2016 4784 omnem

441 4826 648 4894 quidem
667 4825 1112 4891 perturbationem
1140 4824 1526 4876 contrariorum
1549 4823 1760 4886 sedans,
1782 4823 2017 4877 veritatis

443 4925 620 4968 autem
642 4914 1015 4984 confessionem
1041 4912 1322 4973 roborans,
1356 4919 1411 4960 ut
1441 4909 1706 4971 amicam,
1752 4917 1798 4962 et
1831 4925 2015 4975 manu,

443 5027 506 5064 ac
535 5009 720 5079 lingua
762 5011 1122 5064 universorum
1163 5007 1386 5059 decretis
1440 5019 1534 5068 pro
1577 5003 2018 5061 demonstratione

441 5101 800 5158 subscribens.
851 5099 1113 5154 Praterea
1164 5094 1568 5152 observandum
1625 5105 1708 5150 est
1753 5111 1970 5165 quoque
2001 5135 2016 5160 ,

443 5199 683 5266 pictores
707 5203 942 5256 veteres,
975 5201 1034 5246 ut
1067 5193 1168 5245 hoc
1195 5192 1373 5259 ipsum
1413 5187 1728 5256 Euphemia
1756 5189 2016 5258 martyris

445 5304 570 5359 erga
628 5287 922 5341 concilium
981 5281 1345 5355 patrocinium
1411 5280 1835 5349 exprimerent,
1895 5293 2016 5334 eam

444 5381 696 5434 volumen
726 5393 889 5432 manu
915 5385 1185 5431 tenentem
1227 5373 1553 5444 quandoque
1601 5371 1655 5425 in
1706 5369 1906 5426 tabulis
1939 5370 2016 5428 ef-

449 5472 697 5539 finxisse,
722 5480 978 5539 tanquatn
1015 5466 1138 5521 ﬁdei
1167 5464 1564 5534 professionem
1596 5461 1822 5519 Patrum
1854 5461 2016 5518 Chal-

521 5677 632 5744 (45)
667 5694 730 5728 .n
761 5674 982 5727 histonn
1015 5669 1488 5744 itttjetttionis._etc.
1516 5680 1670 5720 num.
1706 5678 1785 5718 Ix.

522 5736 633 5817 (44)
667 5747 743 5799 Aul
778 5758 978 5799 annum
1011 5741 1136 5808 dSl,
1167 5754 1314 5793 num.
1349 5736 1471 5790 ΗΞ.

2115 420 2504 476 cedoncnsium
2561 418 2671 474 Deo
2732 417 3098 484 offerentem;
3140 419 3341 473 etenim
3415 417 3696 488 probabile

2115 513 2274 568 valde
2299 513 2512 568 videtur
2532 511 2675 583 quod
2701 510 3016 580 hujusmodi
3050 512 3214 566 etiam
3238 513 3464 582 pictura
3487 512 3695 570 Gracis

2115 604 2391 674 sequioris
2415 605 2513 659 avi
2539 605 2860 660 miraculum
2890 604 3025 659 illud
3050 604 3504 660 comminiscendi
3554 620 3694 676 pra:-

2114 696 2334 751 buerint
2364 707 2768 767 argumentum.

2185 787 2325 843 Xlll.
2351 787 2462 843 Nec
2499 788 2696 843 falsum
2727 799 2813 844 est
2846 793 3024 843 minus
3055 789 3227 854 aliud,
3265 789 3410 860 quod
3470 789 3682 862 Euthy-

2117 881 2262 936 rnius
2295 883 2479 938 statim
2521 882 2730 948 subdit,
2757 883 2814 936 S.
2850 882 3038 937 Basilii
3067 883 3418 948 miraculum,
3447 884 3553 939 etsi
3577 900 3698 938 om—

2119 977 2286 1031 nibus
2315 976 2679 1032 manifestum
2713 987 2950 1032 asserat.
2985 977 3119 1046 Ejus
3149 993 3364 1032 summa
3421 977 3536 1032 hac
3589 985 3696 1032 est.

2115 1068 2254 1122 Cutn
2293 1069 2482 1123 Ariani
2517 1066 2770 1124 Valentis
2802 1069 3150 1138 imperatoris
3182 1070 3306 1125 freti
3331 1071 3598 1139 potentia,
3629 1085 3698 1124 ex

2113 1161 2331 1216 Nicana
2391 1161 2625 1217 ecclesia
2677 1160 2988 1215 catholicos
3021 1162 3247 1215 militari
3277 1176 3440 1215 manu
3493 1161 3696 1230 ejecis-

2115 1263 2257 1320 sent,
2291 1255 2636 1310 orthodoxus
2681 1253 2920 1323 populus
2955 1252 3024 1308 ad
3068 1252 3125 1308 S.
3163 1252 3423 1307 Basiliam
3457 1253 3700 1307 accurrit

2116 1347 2295 1400 multo
2325 1345 2564 1400 clamore
2595 1343 2948 1414 imperatoris
3010 1343 3268 1413 injuriam
3324 1343 3699 1413 expostulans,

2112 1436 2183 1492 ob
2208 1452 2372 1507 quam
2413 1452 2640 1493 causam
2675 1438 3064 1506 imperatorem
3101 1436 3388 1491 Valentem
3417 1436 3509 1490 ille
3539 1435 3698 1499 adiit,

2113 1542 2178 1584 ac
2209 1538 2360 1584 tanta
2378 1545 2502 1584 cum
2531 1531 2844 1598 eloquentia
2876 1539 3136 1599 tanquam
3166 1529 3353 1583 violati
3375 1528 3518 1598 juris
3549 1544 3700 1582 reum

2115 1612 2288 1669 libere
2329 1617 2660 1688 increpavit,
2694 1629 2756 1673 ut
2787 1619 3088 1688 imperator
3139 1619 3216 1672 rei
3263 1616 3531 1688 judicium
3595 1617 3698 1686 ipsi

2113 1705 2172 1762 S.
2203 1708 2406 1764 Basilio
2440 1711 2807 1766 commiserit.
2834 1710 3113 1767 Reversus
3139 1711 3324 1782 itaque
3347 1711 3408 1767 S.
3453 1710 3694 1766 Basilius

2109 1800 2342 1856 Nicaam
2374 1812 2597 1873 pactum
2629 1819 2753 1858 cum
2785 1805 3008 1859 Arianis
3057 1804 3319 1865 firmavit,
3382 1814 3443 1858 ut
3491 1804 3698 1859 clausis

2109 1894 2595 1964 ecclesiajanuis,
2622 1880 2913 1966 sigilloque
2949 1897 3283 1966 obsignatis,
3339 1897 3449 1950 utri
3492 1897 3698 1967 populo

2111 1994 2236 2050 post
2271 1985 2516 2038 triduum
2543 2000 2619 2040 ea
2646 1996 2845 2055 sponte
2874 1990 3209 2056 patuissent,
3244 1990 3292 2045 is
3337 1991 3577 2046 ecclesia
3603 2005 3700 2061 po-

2115 2075 2338 2129 tiretur.
2382 2075 2521 2129 Cum
2597 2086 2780 2131 autem
2842 2080 3028 2133 Ariani
3075 2091 3190 2136 tres
3234 2082 3351 2136 dies
3401 2093 3702 2153 noctesque

2122 2165 2406 2232 precando
2465 2166 2922 2235 insumpsisscnt,
2961 2169 3055 2224 sed
3115 2171 3244 2226 inde
3305 2172 3580 2240 supplices
3633 2174 3703 2228 ad

2119 2255 2412 2311 ecclesiam
2451 2256 2730 2313 incassum
2764 2260 3038 2330 progressi
3087 2270 3296 2329 essent,
3355 2271 3492 2318 tunc
3546 2261 3707 2320 Basi-

2115 2346 2222 2402 lius
2276 2352 2540 2419 templum
2589 2351 2649 2406 S.
2707 2350 2984 2408 Diomedis
3043 2356 3303 2425 martyris
3357 2363 3516 2412 extra
3562 2356 3704 2413 civi-

2112 2447 2278 2494 tatem
2346 2449 2613 2497 oraturus
2673 2443 2960 2514 ingressus
3017 2454 3126 2511 est,
3173 2453 3228 2501 et
3275 2447 3492 2518 expleta
3540 2457 3703 2505 nocte

2113 2532 2364 2603 pervigili
2405 2537 2666 2604 pepulum
2699 2536 2765 2590 ad
2810 2537 3000 2592 urbem
3055 2539 3323 2607 reduxit;
3364 2550 3419 2596 et
3474 2556 3599 2596 cum
3629 2543 3699 2596 ad

2105 2623 2394 2678 ecclesiam
2429 2627 2782 2693 accessisset,
2843 2630 3049 2684 clausa
3103 2629 3518 2702 obsignataque
3578 2633 3701 2702 ejus

2109 2717 2255 2772 fores
2319 2719 2502 2772 statim
2582 2730 2786 2790 apertze
2855 2731 2986 2778 sunt
3063 2734 3324 2792 tanquam
3394 2725 3697 2782 vehementi

2108 2822 2242 2862 aura
2276 2809 2466 2878 pulsa,
2497 2817 2552 2862 et
2577 2809 2642 2863 ad
2681 2826 2870 2866 muros
2899 2813 3080 2867 illisa.
3123 2814 3250 2870 Haec
3309 2824 3395 2870 est
3426 2817 3692 2877 historia,

2108 2913 2272 2968 quam
2308 2914 2405 2969 pro
2467 2909 2616 2955 certa
2673 2911 2729 2956 et
2765 2903 3092 2958 inconcussa
3127 2905 3183 2958 in
3213 2905 3452 2961 medium
3504 2907 3701 2963 τίσει-ω

2110 3006 2220 3044 non
2252 2989 2470 3045 dubitat
2500 2992 2852 3063 Euthymius,
2903 2995 3000 3049 sed
3060 3011 3183 3065 qua
3229 2996 3481 3066 profecto
3534 2999 3701 3056 nimis

2111 3081 2394 3137 imbecillo
2455 3085 2654 3139 nititur
2711 3085 3092 3144 fundamento.
3149 3086 3402 3159 Scriptor
3451 3087 3698 3154 Gracus,

2112 3173 2204 3242 qui
2230 3175 2439 3243 primus
2464 3175 2720 3230 miraculi
2749 3176 2916 3245 hujus
2939 3178 3214 3245 meminit,
3239 3188 3323 3235 est
3350 3191 3548 3236 auctor
3562 3180 3703 3236 Vita

2115 3265 2171 3320 S.
2207 3264 2417 3328 Basilii,
2453 3282 2576 3335 qua
2603 3268 2810 3322 saculo
2843 3284 2962 3331 vm,
2989 3270 3072 3326 vel
3147 3272 3332 3342 petius
3363 3288 3419 3328 tx
3477 3273 3698 3343 prodiit.

2113 3358 2290 3414 Fuere
2313 3359 2538 3430 quidem
2579 3362 2975 3434 uonnulli,qui
3049 3365 3194 3420 hanc
3239 3367 3419 3422 Vitam
3471 3365 3532 3429 S,
3572 3367 3702 3423 Am-

2113 3451 2402 3521 philochio
2424 3452 2702 3510 lconiensi
2733 3456 3016 3526 episcopo,
3045 3456 3267 3528 ipsique
3300 3458 3510 3515 Basilio
3538 3459 3703 3515 fami-

2113 3547 2416 3604 liarissime
2455 3549 2622 3606 facile
2663 3553 3005 3619 tribuerunt,
3047 3555 3178 3625 quia
3213 3556 3266 3609 in
3322 3571 3456 3611 mss.
3493 3556 3704 3612 codici-

2115 3641 2218 3697 bus
2251 3643 2356 3698 sub
2385 3643 2758 3714 Amphilochii
2793 3646 3021 3701 nomine
3079 3647 3356 3717 reperitur
3398 3646 3701 3716 descripta,

2111 3743 2168 3789 et
2219 3734 2350 3803 quia
2381 3746 2535 3791 certo
2559 3735 2771 3792 scimus
2805 3735 2863 3791 S.
2891 3737 3342 3807 Amphilochium
3374 3737 3700 3806 episcopum

2113 3826 2458 3878 lconiensem
2483 3827 2764 3894 quoddam
2804 3829 3120 3881 encomium
3153 3827 3212 3882 S.
3247 3827 3438 3881 Basilii
3470 3827 3705 3896 posteris

2119 3913 2437 3980 reliquisse.
2485 3913 2691 3969 Verum
2744 3917 3060 3970 encomium
3093 3916 3200 3969 hoc
3235 3917 3302 3970 ad
3369 3929 3468 3971 nos
3528 3930 3704 3984 usque

2119 4001 2393 4072 pervenit,
2413 4010 2468 4057 et
2485 4002 2554 4056 ab
2576 4001 2682 4057 hac
2696 4004 2806 4058 vita
2830 4004 2976 4074 stylo
3007 4003 3208 4069 diﬁ'ert,
3228 4014 3284 4061 et
3307 4004 3494 4060 rebus.
3521 4003 3705 4070 Quare

2120 4095 2431 4150 communis
2457 4094 2781 4150 criticorum
2816 4105 2900 4152 est
2923 4096 3220 4164 sententia,
3258 4096 3701 4168 Amphilochium

2121 4184 2257 4240 Vita
2292 4183 2354 4239 S.
2391 4186 2578 4242 Basilii
2638 4185 2966 4256 scriptorem
3034 4199 3160 4255 post
3220 4198 3464 4258 tempora
3539 4189 3700 4258 longa

2120 4276 2189 4330 ab
2219 4284 2380 4332 atate
2407 4277 2587 4332 sancti
2623 4275 2873 4334 doctoris
2932 4277 3161 4344 vixisse,
3221 4287 3276 4333 ct
3305 4294 3394 4334 res
3452 4294 3561 4334 non
3594 4293 3702 4335 ase

2119 4368 2289 4433 visas,
2319 4369 2416 4424 sed
2451 4369 2507 4423 in
2535 4369 2736 4441 vulgus
2763 4385 2991 4441 sparsas
3048 4371 3172 4428 sine
3231 4370 3446 4426 delectu
3491 4369 3702 4426 descri-

2118 4462 2322 4531 psisse.
2353 4471 2406 4516 et
2449 4463 2687 4520 fortasse
2736 4464 3106 4535 Amphilochii
3168 4480 3371 4520 nomen
3439 4464 3548 4522 sibi
3607 4479 3701 4520 as-

2121 4554 2535 4621 sumpsisse,ut
2584 4557 2738 4626 operi
2773 4571 2876 4611 suo
2931 4555 3318 4611 auctoritatem
3374 4556 3701 4612 conciliaret

2119 4649 2173 4694 et
2202 4642 2388 4696 ﬁdem.
2449 4642 2738 4697 Communi
2793 4643 2924 4698 huic
2968 4643 3180 4713 judicio
3238 4643 3563 4698 adversatus
3614 4651 3703 4699 est

2121 4731 2454 4788 Franciscus
2478 4732 2866 4800 Combeﬁsius,
2893 4736 2983 4790 cui
3008 4735 3147 4789 hanc
3175 4749 3396 4804 quoque
3424 4732 3603 4788 Vitam
3637 4732 3698 4787 S.

2119 4822 2310 4878 Basilii
2346 4822 2813 4896 S.Amphilochio
2845 4827 3105 4898 episcopo
3138 4825 3342 4895 placuit
3373 4825 3697 4890 vindicare;

2120 4917 2436 4986 compulsus
2464 4926 2549 4972 est
2579 4926 2834 4973 tamenet
2879 4919 2996 4987 ipse
3031 4915 3196 4971 fateri
3263 4915 3434 4970 fuisse
3488 4915 3637 4970 illam
3667 4927 3697 4966 a

2123 5007 2436 5069 monachis,
2473 5022 2570 5076 per
2594 5022 2832 5076 quorum
2875 5022 3074 5061 manus
3109 5007 3344 5060 decursu
3384 5013 3694 5074 temporum

2121 5099 2366 5164 transiit,
2402 5099 2811 5168 interpolatam,
2841 5109 2894 5152 et
2922 5097 3243 5169 vulgaribus
3278 5094 3697 5153 traditionibus,

2121 5189 2176 5245 ni
2239 5195 2415 5244 mavis
2479 5192 2644 5246 etiam
2708 5191 2959 5248 conﬁctis
3020 5191 3088 5245 ad
3139 5201 3394 5246 ornatum
3456 5181 3702 5238 mirificis

2121 5284 2536 5338 narrationibus
2603 5287 2974 5350 commistam,
3045 5293 3100 5339 et
3157 5291 3397 5337 auctam.
3452 5275 3698 5331 Gracum

2122 5372 2286 5442 hujus
2318 5373 2450 5430 Vita:
2475 5384 2684 5429 textum
2727 5375 2917 5430 Latine
2939 5375 3174 5430 reddidit
3207 5371 3404 5433 Ursus,
3436 5366 3494 5422 S.
3525 5365 3590 5420 R.
3635 5367 3697 5422 E.

2119 5465 2836 5533 subdiaconus,Anastasio
2883 5463 3306 5522 Bibliothecario
3357 5469 3703 5527 coavus;et

2177 5665 2288 5738 (55)
2312 5666 2663 5745 lutcrEpist.
2699 5667 2758 5723 S.
2795 5663 2985 5720 Leonis
3020 5658 3333 5732 Hagni,ep.
3367 5661 3460 5729 98,
3495 5670 3629 5717 tom.
3653 5659 3700 5712 l.
