  <div class='ocr_page' id='page_1' title='image "/cluster/home/n/w/nwhite01/storage/ocr_20150623/128/hvd.32044073502403/023.png"; bbox 0 0 4082 6212; ppageno 0'>
   <div class='ocr_carea' id='block_1_1' title="bbox 406 290 3647 377">
    <p class='ocr_par' dir='ltr' id='par_1_1' title="bbox 406 290 3647 377">
     <span class='ocr_line' id='line_1_1' title="bbox 406 290 3647 377; baseline -0 -24"><span class='ocrx_word' id='word_1_1' title='bbox 406 316 480 377; x_wconf 77' lang='lat'><strong>35</strong></span> <span class='ocrx_word' id='word_1_2' title='bbox 1731 294 2326 355; x_wconf 73' lang='lat' dir='ltr'><strong>PROLEGOMENA.</strong></span> <span class='ocrx_word' id='word_1_3' title='bbox 2592 316 2597 319; x_wconf 66' lang='lat'>‘</span> <span class='ocrx_word' id='word_1_4' title='bbox 3579 290 3647 355; x_wconf 71' lang='lat'><strong>35</strong></span> 
     </span>
    </p>
   </div>
   <div class='ocr_carea' id='block_1_2' title="bbox 404 398 3653 487">
    <p class='ocr_par' dir='ltr' id='par_1_2' title="bbox 404 398 3653 487">
     <span class='ocr_line' id='line_1_2' title="bbox 404 398 3653 487; baseline -0.006 -18"><span class='ocrx_word' id='word_1_5' title='bbox 404 418 535 487; x_wconf 86' lang='lat' dir='ltr'><strong>quia</strong></span> <span class='ocrx_word' id='word_1_6' title='bbox 563 413 715 481; x_wconf 79' lang='lat' dir='ltr'><strong>plura</strong></span> <span class='ocrx_word' id='word_1_7' title='bbox 747 418 1047 466; x_wconf 87' lang='lat' dir='ltr'><strong>occurrunt</strong></span> <span class='ocrx_word' id='word_1_8' title='bbox 1071 409 1243 463; x_wconf 77' lang='lat' dir='ltr'><strong>iuliae</strong></span> <span class='ocrx_word' id='word_1_9' title='bbox 1268 405 1523 461; x_wconf 72' lang='lat' dir='ltr'><strong>versione</strong></span> <span class='ocrx_word' id='word_1_10' title='bbox 1550 402 1630 459; x_wconf 82' lang='lat' dir='ltr'><strong>vel</strong></span> <span class='ocrx_word' id='word_1_11' title='bbox 1658 404 1967 467; x_wconf 87' lang='lat' dir='ltr'><strong>immutata,</strong></span> <span class='ocrx_word' id='word_1_12' title='bbox 2145 404 2287 460; x_wconf 82' lang='lat' dir='ltr'><strong>XIV.</strong></span> <span class='ocrx_word' id='word_1_13' title='bbox 2315 402 2439 459; x_wconf 77' lang='lat' dir='ltr'><strong>Haec</strong></span> <span class='ocrx_word' id='word_1_14' title='bbox 2470 411 2620 463; x_wconf 89' lang='lat' dir='ltr'><strong>sunt,</strong></span> <span class='ocrx_word' id='word_1_15' title='bbox 2678 402 2761 456; x_wconf 76' lang='lat' dir='ltr'><strong>rir</strong></span> <span class='ocrx_word' id='word_1_16' title='bbox 2816 398 2912 466; x_wconf 91' lang='lat' dir='ltr'><strong>cl.,</strong></span> <span class='ocrx_word' id='word_1_17' title='bbox 2945 414 3069 469; x_wconf 62' lang='lat' dir='ltr'><strong>quae</strong></span> <span class='ocrx_word' id='word_1_18' title='bbox 3131 399 3184 454; x_wconf 90' lang='lat' dir='ltr'><strong>in</strong></span> <span class='ocrx_word' id='word_1_19' title='bbox 3244 401 3383 456; x_wconf 84' lang='lat' dir='ltr'><strong>meis</strong></span> <span class='ocrx_word' id='word_1_20' title='bbox 3429 400 3653 457; x_wconf 60' lang='lat' dir='ltr'><strong>schedia</strong></span> 
     </span>
    </p>
   </div>
   <div class='ocr_carea' id='block_1_3' title="bbox 406 492 3651 573">
    <p class='ocr_par' dir='ltr' id='par_1_3' title="bbox 406 492 3651 573">
     <span class='ocr_line' id='line_1_3' title="bbox 406 492 3651 573; baseline -0.004 -9"><span class='ocrx_word' id='word_1_21' title='bbox 406 510 491 564; x_wconf 78' lang='lat' dir='ltr'><strong>vel</strong></span> <span class='ocrx_word' id='word_1_22' title='bbox 516 506 744 573; x_wconf 87' lang='lat' dir='ltr'><strong>adjecta,</strong></span> <span class='ocrx_word' id='word_1_23' title='bbox 776 506 854 556; x_wconf 81' lang='lat' dir='ltr'><strong>vel</strong></span> <span class='ocrx_word' id='word_1_24' title='bbox 893 502 1124 565; x_wconf 88' lang='lat' dir='ltr'><strong>omissa,</strong></span> <span class='ocrx_word' id='word_1_25' title='bbox 1164 514 1394 554; x_wconf 87' lang='lat' dir='ltr'><strong>necesse</strong></span> <span class='ocrx_word' id='word_1_26' title='bbox 1452 507 1540 553; x_wconf 90' lang='lat' dir='ltr'><strong>est</strong></span> <span class='ocrx_word' id='word_1_27' title='bbox 1591 495 1774 549; x_wconf 80' lang='lat' dir='ltr'><strong>dicere</strong></span> <span class='ocrx_word' id='word_1_28' title='bbox 1824 493 1971 562; x_wconf 74' lang='lat' dir='ltr'><strong>quod</strong></span> <span class='ocrx_word' id='word_1_29' title='bbox 2078 499 2473 552; x_wconf 81' lang='lat' dir='ltr'><strong>adnotaveram</strong></span> <span class='ocrx_word' id='word_1_30' title='bbox 2511 495 2578 550; x_wconf 87' lang='lat' dir='ltr'><strong>de</strong></span> <span class='ocrx_word' id='word_1_31' title='bbox 2610 493 2902 566; x_wconf 84' lang='lat' dir='ltr'><strong>Euthymio</strong></span> <span class='ocrx_word' id='word_1_32' title='bbox 2932 492 3233 563; x_wconf 84' lang='lat' dir='ltr'><strong>Zigabeno,</strong></span> <span class='ocrx_word' id='word_1_33' title='bbox 3278 501 3335 548; x_wconf 89' lang='lat' dir='ltr'><strong>et</strong></span> <span class='ocrx_word' id='word_1_34' title='bbox 3404 493 3474 548; x_wconf 90' lang='lat' dir='ltr'><strong>de</strong></span> <span class='ocrx_word' id='word_1_35' title='bbox 3528 495 3651 563; x_wconf 88' lang='lat' dir='ltr'><strong>ejus</strong></span> 
     </span>
    </p>
   </div>
   <div class='ocr_carea' id='block_1_4' title="bbox 405 585 3655 657">
    <p class='ocr_par' dir='ltr' id='par_1_4' title="bbox 405 585 3655 657">
     <span class='ocr_line' id='line_1_4' title="bbox 405 585 3655 657; baseline -0.007 -1"><span class='ocrx_word' id='word_1_36' title='bbox 405 601 582 656; x_wconf 84' lang='lat' dir='ltr'><strong>Ursus</strong></span> <span class='ocrx_word' id='word_1_37' title='bbox 608 608 704 652; x_wconf 89' lang='lat' dir='ltr'><strong>aut</strong></span> <span class='ocrx_word' id='word_1_38' title='bbox 728 596 974 651; x_wconf 85' lang='lat' dir='ltr'><strong>codicem</strong></span> <span class='ocrx_word' id='word_1_39' title='bbox 1010 595 1074 648; x_wconf 88' lang='lat' dir='ltr'><strong>ad</strong></span> <span class='ocrx_word' id='word_1_40' title='bbox 1136 608 1330 647; x_wconf 89' lang='lat' dir='ltr'><strong>manus</strong></span> <span class='ocrx_word' id='word_1_41' title='bbox 1385 590 1632 644; x_wconf 88' lang='lat' dir='ltr'><strong>habuerit</strong></span> <span class='ocrx_word' id='word_1_42' title='bbox 1676 586 1974 656; x_wconf 80' lang='lat' dir='ltr'><strong>puriorem,</strong></span> <span class='ocrx_word' id='word_1_43' title='bbox 2079 590 2221 643; x_wconf 83' lang='lat' dir='ltr'><strong>libro</strong></span> <span class='ocrx_word' id='word_1_44' title='bbox 2252 589 2529 643; x_wconf 74' lang='lat' dir='ltr'><strong>invectiva</strong></span> <span class='ocrx_word' id='word_1_45' title='bbox 2559 600 2751 642; x_wconf 81' lang='lat' dir='ltr'><strong>contra</strong></span> <span class='ocrx_word' id='word_1_46' title='bbox 2787 586 3126 657; x_wconf 77' lang='lat' dir='ltr'><strong>Bogomilos,</strong></span> <span class='ocrx_word' id='word_1_47' title='bbox 3161 586 3319 655; x_wconf 88' lang='lat' dir='ltr'><strong>cujus</strong></span> <span class='ocrx_word' id='word_1_48' title='bbox 3370 585 3655 657; x_wconf 77' lang='lat' dir='ltr'><strong>fragmen-</strong></span> 
     </span>
    </p>
   </div>
   <div class='ocr_carea' id='block_1_5' title="bbox 403 677 3654 760">
    <p class='ocr_par' dir='ltr' id='par_1_5' title="bbox 403 677 3654 760">
     <span class='ocr_line' id='line_1_5' title="bbox 403 677 3654 760; baseline -0.004 -13"><span class='ocrx_word' id='word_1_49' title='bbox 403 701 502 747; x_wconf 81' lang='lat' dir='ltr'><strong>aut</strong></span> <span class='ocrx_word' id='word_1_50' title='bbox 534 692 676 760; x_wconf 84' lang='lat' dir='ltr'><strong>quod</strong></span> <span class='ocrx_word' id='word_1_51' title='bbox 709 704 926 759; x_wconf 77' lang='lat' dir='ltr'><strong>aequum</strong></span> <span class='ocrx_word' id='word_1_52' title='bbox 959 688 1274 754; x_wconf 85' lang='lat' dir='ltr'><strong>bonumque</strong></span> <span class='ocrx_word' id='word_1_53' title='bbox 1298 681 1519 737; x_wconf 81' lang='lat' dir='ltr'><strong>duxerit</strong></span> <span class='ocrx_word' id='word_1_54' title='bbox 1553 695 1661 732; x_wconf 85' lang='lat' dir='ltr'><strong>nou</strong></span> <span class='ocrx_word' id='word_1_55' title='bbox 1688 682 1847 730; x_wconf 83' lang='lat' dir='ltr'><strong>modo</strong></span> <span class='ocrx_word' id='word_1_56' title='bbox 1896 677 1982 729; x_wconf 83' lang='lat' dir='ltr'><strong>iu-</strong></span> <span class='ocrx_word' id='word_1_57' title='bbox 2081 693 2194 736; x_wconf 92' lang='lat' dir='ltr'><strong>tum</strong></span> <span class='ocrx_word' id='word_1_58' title='bbox 2227 680 2515 744; x_wconf 87' lang='lat' dir='ltr'><strong>ineditum,</strong></span> <span class='ocrx_word' id='word_1_59' title='bbox 2547 694 2573 732; x_wconf 77' lang='grc' dir='ltr'><strong>ιι</strong></span> <span class='ocrx_word' id='word_1_60' title='bbox 2605 695 2689 734; x_wconf 90' lang='lat' dir='ltr'><strong>me</strong></span> <span class='ocrx_word' id='word_1_61' title='bbox 2716 694 2783 734; x_wconf 79' lang='lat' dir='ltr'><strong>ex</strong></span> <span class='ocrx_word' id='word_1_62' title='bbox 2826 677 3094 733; x_wconf 80' lang='lat' dir='ltr'><strong>Vaticano</strong></span> <span class='ocrx_word' id='word_1_63' title='bbox 3147 680 3336 733; x_wconf 84' lang='lat' dir='ltr'><strong>codice</strong></span> <span class='ocrx_word' id='word_1_64' title='bbox 3376 679 3506 734; x_wconf 90' lang='lat' dir='ltr'><strong>olim</strong></span> <span class='ocrx_word' id='word_1_65' title='bbox 3554 681 3654 735; x_wconf 86' lang='lat' dir='ltr'><strong>de-</strong></span> 
     </span>
    </p>
   </div>
   <div class='ocr_carea' id='block_1_6' title="bbox 410 770 3654 853">
    <p class='ocr_par' dir='ltr' id='par_1_6' title="bbox 410 770 3654 853">
     <span class='ocr_line' id='line_1_6' title="bbox 410 770 3654 853; baseline -0.004 -14"><span class='ocrx_word' id='word_1_66' title='bbox 410 786 669 853; x_wconf 81' lang='lat' dir='ltr'><strong>terpretis</strong></span> <span class='ocrx_word' id='word_1_67' title='bbox 703 787 805 837; x_wconf 88' lang='lat' dir='ltr'><strong>sibi</strong></span> <span class='ocrx_word' id='word_1_68' title='bbox 846 793 1028 853; x_wconf 82' lang='lat' dir='ltr'><strong>partes</strong></span> <span class='ocrx_word' id='word_1_69' title='bbox 1076 798 1313 845; x_wconf 85' lang='lat' dir='ltr'><strong>sumere,</strong></span> <span class='ocrx_word' id='word_1_70' title='bbox 1372 779 1468 833; x_wconf 89' lang='lat' dir='ltr'><strong>sed</strong></span> <span class='ocrx_word' id='word_1_71' title='bbox 1535 780 1696 831; x_wconf 88' lang='lat' dir='ltr'><strong>etiam</strong></span> <span class='ocrx_word' id='word_1_72' title='bbox 1753 776 1978 844; x_wconf 86' lang='lat' dir='ltr'><strong>judicis.</strong></span> <span class='ocrx_word' id='word_1_73' title='bbox 2082 774 2375 842; x_wconf 87' lang='lat' dir='ltr'><strong>scriptum,</strong></span> <span class='ocrx_word' id='word_1_74' title='bbox 2412 771 2725 840; x_wconf 87' lang='lat' dir='ltr'><strong>nuncjuris</strong></span> <span class='ocrx_word' id='word_1_75' title='bbox 2762 772 2841 824; x_wconf 88' lang='lat' dir='ltr'><strong>tui</strong></span> <span class='ocrx_word' id='word_1_76' title='bbox 2874 771 3052 825; x_wconf 83' lang='lat' dir='ltr'><strong>libens</strong></span> <span class='ocrx_word' id='word_1_77' title='bbox 3086 770 3251 826; x_wconf 88' lang='lat' dir='ltr'><strong>facio.</strong></span> <span class='ocrx_word' id='word_1_78' title='bbox 3315 771 3479 825; x_wconf 78' lang='lat' dir='ltr'><strong>Plura</strong></span> <span class='ocrx_word' id='word_1_79' title='bbox 3514 773 3654 841; x_wconf 84' lang='lat' dir='ltr'><strong>adji-</strong></span> 
     </span>
    </p>
   </div>
   <div class='ocr_carea' id='block_1_7' title="bbox 409 862 3653 944">
    <p class='ocr_par' dir='ltr' id='par_1_7' title="bbox 409 862 3653 944">
     <span class='ocr_line' id='line_1_7' title="bbox 409 862 3653 944; baseline -0.004 -15"><span class='ocrx_word' id='word_1_80' title='bbox 409 875 579 931; x_wconf 77' lang='lat' dir='ltr'><strong>l’orro</strong></span> <span class='ocrx_word' id='word_1_81' title='bbox 608 879 734 944; x_wconf 88' lang='lat' dir='ltr'><strong>quia</strong></span> <span class='ocrx_word' id='word_1_82' title='bbox 772 878 914 930; x_wconf 89' lang='lat' dir='ltr'><strong>inter</strong></span> <span class='ocrx_word' id='word_1_83' title='bbox 944 877 1149 929; x_wconf 85' lang='lat' dir='ltr'><strong>omissa</strong></span> <span class='ocrx_word' id='word_1_84' title='bbox 1183 874 1283 926; x_wconf 81' lang='lat' dir='ltr'><strong>huc</strong></span> <span class='ocrx_word' id='word_1_85' title='bbox 1315 873 1493 941; x_wconf 88' lang='lat' dir='ltr'><strong>ipsum</strong></span> <span class='ocrx_word' id='word_1_86' title='bbox 1547 878 1630 921; x_wconf 88' lang='lat' dir='ltr'><strong>est</strong></span> <span class='ocrx_word' id='word_1_87' title='bbox 1666 868 1731 920; x_wconf 86' lang='lat' dir='ltr'><strong>ab</strong></span> <span class='ocrx_word' id='word_1_88' title='bbox 1769 867 1978 937; x_wconf 87' lang='lat' dir='ltr'><strong>Euthy-</strong></span> <span class='ocrx_word' id='word_1_89' title='bbox 2079 882 2204 920; x_wconf 88' lang='lat' dir='ltr'><strong>cere</strong></span> <span class='ocrx_word' id='word_1_90' title='bbox 2235 866 2540 934; x_wconf 72' lang='lat' dir='ltr'><strong>potuissem</strong></span> <span class='ocrx_word' id='word_1_91' title='bbox 2573 880 2589 928; x_wconf 89' lang='lat'><strong>;</strong></span> <span class='ocrx_word' id='word_1_92' title='bbox 2617 863 2711 918; x_wconf 91' lang='lat' dir='ltr'><strong>sed</strong></span> <span class='ocrx_word' id='word_1_93' title='bbox 2738 872 2884 917; x_wconf 89' lang='lat' dir='ltr'><strong>esset</strong></span> <span class='ocrx_word' id='word_1_94' title='bbox 2939 862 3187 931; x_wconf 77' lang='lat' dir='ltr'><strong>profecto</strong></span> <span class='ocrx_word' id='word_1_95' title='bbox 3223 871 3421 932; x_wconf 75' lang='lat' dir='ltr'><strong>praeter</strong></span> <span class='ocrx_word' id='word_1_96' title='bbox 3453 878 3653 932; x_wconf 86' lang='lat' dir='ltr'><strong>propo-</strong></span> 
     </span>
    </p>
   </div>
   <div class='ocr_carea' id='block_1_8' title="bbox 410 954 3650 1029">
    <p class='ocr_par' dir='ltr' id='par_1_8' title="bbox 410 954 3650 1029">
     <span class='ocr_line' id='line_1_8' title="bbox 410 954 3650 1029; baseline -0.005 -8"><span class='ocrx_word' id='word_1_97' title='bbox 410 971 521 1023; x_wconf 85' lang='lat' dir='ltr'><strong>mio</strong></span> <span class='ocrx_word' id='word_1_98' title='bbox 581 981 939 1023; x_wconf 87' lang='lat' dir='ltr'><strong>memoratum</strong></span> <span class='ocrx_word' id='word_1_99' title='bbox 1030 967 1377 1027; x_wconf 87' lang='lat' dir='ltr'><strong>miraculum,</strong></span> <span class='ocrx_word' id='word_1_100' title='bbox 1444 961 1736 1016; x_wconf 79' lang='lat' dir='ltr'><strong>manifesto</strong></span> <span class='ocrx_word' id='word_1_101' title='bbox 1811 969 1977 1029; x_wconf 90' lang='lat' dir='ltr'><strong>patet,</strong></span> <span class='ocrx_word' id='word_1_102' title='bbox 2078 958 2244 1012; x_wconf 89' lang='lat' dir='ltr'><strong>situm</strong></span> <span class='ocrx_word' id='word_1_103' title='bbox 2278 965 2433 1009; x_wconf 87' lang='lat' dir='ltr'><strong>tuum</strong></span> <span class='ocrx_word' id='word_1_104' title='bbox 2470 955 2667 1009; x_wconf 83' lang='lat' dir='ltr'><strong>edendi</strong></span> <span class='ocrx_word' id='word_1_105' title='bbox 2711 964 2956 1008; x_wconf 84' lang='lat' dir='ltr'><strong>veterum</strong></span> <span class='ocrx_word' id='word_1_106' title='bbox 2990 955 3329 1022; x_wconf 89' lang='lat' dir='ltr'><strong>scriptorum</strong></span> <span class='ocrx_word' id='word_1_107' title='bbox 3357 954 3650 1017; x_wconf 83' lang='lat' dir='ltr'><strong>anecdota,</strong></span> 
     </span>
    </p>
   </div>
   <div class='ocr_carea' id='block_1_9' title="bbox 409 1045 3652 1134">
    <p class='ocr_par' dir='ltr' id='par_1_9' title="bbox 409 1045 3652 1134">
     <span class='ocr_line' id='line_1_9' title="bbox 409 1045 3652 1134; baseline -0.004 -22"><span class='ocrx_word' id='word_1_108' title='bbox 409 1061 573 1114; x_wconf 81' lang='lat' dir='ltr'><strong>etiam</strong></span> <span class='ocrx_word' id='word_1_109' title='bbox 606 1071 732 1114; x_wconf 89' lang='lat' dir='ltr'><strong>ante</strong></span> <span class='ocrx_word' id='word_1_110' title='bbox 760 1060 1036 1129; x_wconf 83' lang='lat' dir='ltr'><strong>Euthymit</strong></span> <span class='ocrx_word' id='word_1_111' title='bbox 1072 1066 1284 1112; x_wconf 66' lang='lat' dir='ltr'><strong>aetatem</strong></span> <span class='ocrx_word' id='word_1_112' title='bbox 1325 1058 1453 1109; x_wconf 84' lang='lat' dir='ltr'><strong>illud</strong></span> <span class='ocrx_word' id='word_1_113' title='bbox 1487 1055 1569 1108; x_wconf 78' lang='lat' dir='ltr'><strong>vel</strong></span> <span class='ocrx_word' id='word_1_114' title='bbox 1602 1069 1705 1123; x_wconf 91' lang='lat' dir='ltr'><strong>pro</strong></span> <span class='ocrx_word' id='word_1_115' title='bbox 1751 1055 1974 1121; x_wconf 87' lang='lat' dir='ltr'><strong>penitus</strong></span> <span class='ocrx_word' id='word_1_116' title='bbox 2078 1049 2122 1103; x_wconf 88' lang='lat' dir='ltr'><strong>si</strong></span> <span class='ocrx_word' id='word_1_117' title='bbox 2144 1049 2239 1102; x_wconf 84' lang='lat' dir='ltr'><strong>tibi</strong></span> <span class='ocrx_word' id='word_1_118' title='bbox 2272 1050 2543 1102; x_wconf 87' lang='lat' dir='ltr'><strong>mitterem</strong></span> <span class='ocrx_word' id='word_1_119' title='bbox 2572 1048 2844 1117; x_wconf 79' lang='lat' dir='ltr'><strong>prolixum</strong></span> <span class='ocrx_word' id='word_1_120' title='bbox 2898 1045 2967 1100; x_wconf 92' lang='lat' dir='ltr'><strong>de</strong></span> <span class='ocrx_word' id='word_1_121' title='bbox 2997 1045 3398 1116; x_wconf 73' lang='lat' dir='ltr'><strong>Bogomilorum</strong></span> <span class='ocrx_word' id='word_1_122' title='bbox 3425 1046 3652 1134; x_wconf 74' lang='lat' dir='ltr'><strong>historia</strong></span> 
     </span>
    </p>
   </div>
   <div class='ocr_carea' id='block_1_10' title="bbox 412 1141 2569 1218">
    <p class='ocr_par' dir='ltr' id='par_1_10' title="bbox 412 1141 2569 1218">
     <span class='ocr_line' id='line_1_10' title="bbox 412 1141 2569 1218; baseline -0.005 -14"><span class='ocrx_word' id='word_1_123' title='bbox 412 1151 570 1216; x_wconf 82' lang='lat' dir='ltr'><strong>falso,</strong></span> <span class='ocrx_word' id='word_1_124' title='bbox 598 1152 677 1205; x_wconf 78' lang='lat' dir='ltr'><strong>vel</strong></span> <span class='ocrx_word' id='word_1_125' title='bbox 709 1153 898 1206; x_wconf 82' lang='lat' dir='ltr'><strong>saltem</strong></span> <span class='ocrx_word' id='word_1_126' title='bbox 948 1166 1047 1218; x_wconf 86' lang='lat' dir='ltr'><strong>pro</strong></span> <span class='ocrx_word' id='word_1_127' title='bbox 1084 1150 1239 1205; x_wconf 73' lang='lat' dir='ltr'><strong>valde</strong></span> <span class='ocrx_word' id='word_1_128' title='bbox 1279 1150 1447 1203; x_wconf 83' lang='lat' dir='ltr'><strong>dubio</strong></span> <span class='ocrx_word' id='word_1_129' title='bbox 1483 1146 1652 1201; x_wconf 85' lang='lat' dir='ltr'><strong>fuisse</strong></span> <span class='ocrx_word' id='word_1_130' title='bbox 1704 1145 1975 1199; x_wconf 79' lang='lat' dir='ltr'><strong>habitum.</strong></span> <span class='ocrx_word' id='word_1_131' title='bbox 2075 1153 2392 1198; x_wconf 83' lang='lat' dir='ltr'><strong>tractatum.</strong></span> <span class='ocrx_word' id='word_1_132' title='bbox 2416 1141 2569 1196; x_wconf 80' lang='lat' dir='ltr'><strong>Vale.</strong></span> 
     </span>
    </p>
   </div>
   <div class='ocr_carea' id='block_1_11' title="bbox 1518 1323 1736 1331">
    <p class='ocr_par' dir='ltr' id='par_1_11' title="bbox 1518 1323 1736 1331">
     <span class='ocr_line' id='line_1_11' title="bbox 1518 1323 1736 1331; baseline -0.005 0"><span class='ocrx_word' id='word_1_133' title='bbox 1518 1323 1736 1331; x_wconf 73' lang='lat'><strong>.__—.</strong></span> 
     </span>
    </p>
   </div>
   <div class='ocr_carea' id='block_1_12' title="bbox 802 1337 2155 1352">
    <p class='ocr_par' dir='ltr' id='par_1_12' title="bbox 802 1337 2155 1352">
     <span class='ocr_line' id='line_1_12' title="bbox 802 1337 2155 1352; baseline 0.001 -7"><span class='ocrx_word' id='word_1_134' title='bbox 802 1348 863 1352; x_wconf 65' lang='lat'><strong>____</strong></span> <span class='ocrx_word' id='word_1_135' title='bbox 882 1341 1525 1352; x_wconf 48' lang='lat' dir='ltr'><strong>_M_‘4AM_,____</strong></span> <span class='ocrx_word' id='word_1_136' title='bbox 1554 1340 1721 1346; x_wconf 47' lang='lat' dir='ltr'><strong>v..-_._.__</strong></span> <span class='ocrx_word' id='word_1_137' title='bbox 1744 1340 1817 1347; x_wconf 65' lang='grc'><strong><em>...-</em></strong></span> <span class='ocrx_word' id='word_1_138' title='bbox 1846 1339 1955 1347; x_wconf 67' lang='lat'><strong>-———</strong></span> <span class='ocrx_word' id='word_1_139' title='bbox 1969 1337 2155 1345; x_wconf 59' lang='lat'><strong>-—~.</strong></span> 
     </span>
    </p>
   </div>
   <div class='ocr_carea' id='block_1_13' title="bbox 895 1520 3180 1712">
    <p class='ocr_par' dir='ltr' id='par_1_13' title="bbox 895 1520 3180 1712">
     <span class='ocr_line' id='line_1_13' title="bbox 895 1520 3180 1712; baseline -0.006 -3"><span class='ocrx_word' id='word_1_140' title='bbox 895 1530 2003 1712; x_wconf 85' lang='lat' dir='ltr'><strong>EUTHYMII</strong></span> <span class='ocrx_word' id='word_1_141' title='bbox 2151 1520 2937 1701; x_wconf 84' lang='lat' dir='ltr'><strong>ZIGABE</strong></span> <span class='ocrx_word' id='word_1_142' title='bbox 2960 1523 3180 1698; x_wconf 87' lang='lat' dir='ltr'><strong>NI</strong></span> 
     </span>
    </p>
   </div>
   <div class='ocr_carea' id='block_1_14' title="bbox 1604 1908 2477 2004">
    <p class='ocr_par' dir='ltr' id='par_1_14' title="bbox 1604 1908 2477 2004">
     <span class='ocr_line' id='line_1_14' title="bbox 1604 1908 2477 2004; baseline -0.007 0"><span class='ocrx_word' id='word_1_143' title='bbox 1604 1908 2477 2004; x_wconf 79' lang='lat' dir='ltr'><strong>COMMENTARIA</strong></span> 
     </span>
    </p>
   </div>
   <div class='ocr_carea' id='block_1_15' title="bbox 1211 2206 2854 2421">
    <p class='ocr_par' dir='ltr' id='par_1_15' title="bbox 1211 2206 2854 2421">
     <span class='ocr_line' id='line_1_15' title="bbox 1211 2206 2854 2421; baseline 0.002 -4"><span class='ocrx_word' id='word_1_144' title='bbox 1211 2218 1487 2421; x_wconf 87' lang='lat' dir='ltr'><strong>IN</strong></span> <span class='ocrx_word' id='word_1_145' title='bbox 1628 2206 2854 2421; x_wconf 83' lang='lat' dir='ltr'><strong>PSALMOS</strong></span> 
     </span>
    </p>
   </div>
   <div class='ocr_carea' id='block_1_16' title="bbox 1026 2712 3029 2837">
    <p class='ocr_par' dir='ltr' id='par_1_16' title="bbox 1026 2712 3029 2837">
     <span class='ocr_line' id='line_1_16' title="bbox 1026 2712 3029 2837; baseline -0 -34"><span class='ocrx_word' id='word_1_146' title='bbox 1026 2719 1295 2804; x_wconf 77' lang='lat' dir='ltr'><strong>ANT.</strong></span> <span class='ocrx_word' id='word_1_147' title='bbox 1403 2712 2251 2837; x_wconf 85' lang='lat' dir='ltr'><strong>BONGIOVANNI</strong></span> <span class='ocrx_word' id='word_1_148' title='bbox 2352 2713 3029 2807; x_wconf 65' lang='lat' dir='ltr'><strong>PRIEFATIO.</strong></span> 
     </span>
    </p>
   </div>
   <div class='ocr_carea' id='block_1_17' title="bbox 1748 1321 2149 1331">
    <p class='ocr_par' dir='ltr' id='par_1_17' title="bbox 1748 1321 2149 1331">
     <span class='ocr_line' id='line_1_17' title="bbox 1748 1321 2149 1331; baseline -0.005 -1"><span class='ocrx_word' id='word_1_149' title='bbox 1748 1321 2149 1331; x_wconf 66' lang='lat'><strong>___—————</strong></span> 
     </span>
    </p>
   </div>
   <div class='ocr_carea' id='block_1_18' title="bbox 3506 1326 3604 1339">
    <p class='ocr_par' dir='ltr' id='par_1_18' title="bbox 3506 1326 3604 1339">
     <span class='ocr_line' id='line_1_18' title="bbox 3506 1326 3604 1339; baseline 0.02 -2"><span class='ocrx_word' id='word_1_150' title='bbox 3506 1326 3604 1339; x_wconf 63' lang='grc' dir='ltr'><strong>..υ-η</strong></span> 
     </span>
    </p>
   </div>
   <div class='ocr_carea' id='block_1_19' title="bbox 449 1347 717 1356">
    <p class='ocr_par' dir='ltr' id='par_1_19' title="bbox 449 1347 717 1356">
     <span class='ocr_line' id='line_1_19' title="bbox 449 1347 717 1356; baseline -0.007 -1"><span class='ocrx_word' id='word_1_151' title='bbox 449 1347 717 1356; x_wconf 42' lang='grc' dir='ltr'><strong>-ο-σ-φν</strong></span> 
     </span>
    </p>
   </div>
   <div class='ocr_carea' id='block_1_20' title="bbox 490 3074 3646 3150">
    <p class='ocr_par' dir='ltr' id='par_1_20' title="bbox 490 3074 3646 3150">
     <span class='ocr_line' id='line_1_20' title="bbox 490 3074 3646 3150; baseline 0.002 -17"><span class='ocrx_word' id='word_1_152' title='bbox 490 3076 547 3133; x_wconf 93' lang='lat' dir='ltr'><strong>Si</strong></span> <span class='ocrx_word' id='word_1_153' title='bbox 600 3076 725 3148; x_wconf 88' lang='lat' dir='ltr'><strong>quis</strong></span> <span class='ocrx_word' id='word_1_154' title='bbox 773 3074 915 3131; x_wconf 89' lang='lat' dir='ltr'><strong>scire</strong></span> <span class='ocrx_word' id='word_1_155' title='bbox 936 3076 1087 3145; x_wconf 87' lang='lat' dir='ltr'><strong>cupit</strong></span> <span class='ocrx_word' id='word_1_156' title='bbox 1144 3075 1272 3145; x_wconf 89' lang='lat' dir='ltr'><strong>quid</strong></span> <span class='ocrx_word' id='word_1_157' title='bbox 1306 3076 1361 3131; x_wconf 92' lang='lat' dir='ltr'><strong>in</strong></span> <span class='ocrx_word' id='word_1_158' title='bbox 1422 3091 1587 3133; x_wconf 85' lang='lat' dir='ltr'><strong>causa</strong></span> <span class='ocrx_word' id='word_1_159' title='bbox 1622 3077 1783 3132; x_wconf 85' lang='lat' dir='ltr'><strong>nobis</strong></span> <span class='ocrx_word' id='word_1_160' title='bbox 1814 3076 2000 3142; x_wconf 82' lang='lat' dir='ltr'><strong>fuerit,</strong></span> <span class='ocrx_word' id='word_1_161' title='bbox 2053 3078 2409 3147; x_wconf 84' lang='lat' dir='ltr'><strong>quamobrem</strong></span> <span class='ocrx_word' id='word_1_162' title='bbox 2444 3078 2579 3135; x_wconf 88' lang='lat' dir='ltr'><strong>istos</strong></span> <span class='ocrx_word' id='word_1_163' title='bbox 2613 3078 2874 3150; x_wconf 73' lang='lat' dir='ltr'><strong>Zigabeni</strong></span> <span class='ocrx_word' id='word_1_164' title='bbox 2900 3079 3343 3139; x_wconf 82' lang='lat' dir='ltr'><strong>Commentarios</strong></span> <span class='ocrx_word' id='word_1_165' title='bbox 3371 3086 3424 3138; x_wconf 91' lang='lat' dir='ltr'><strong>in</strong></span> <span class='ocrx_word' id='word_1_166' title='bbox 3460 3083 3646 3141; x_wconf 84' lang='lat' dir='ltr'><strong>Theo-</strong></span> 
     </span>
    </p>
   </div>
   <div class='ocr_carea' id='block_1_21' title="bbox 421 3170 3655 3247">
    <p class='ocr_par' dir='ltr' id='par_1_21' title="bbox 421 3170 3655 3247">
     <span class='ocr_line' id='line_1_21' title="bbox 421 3170 3655 3247; baseline 0.002 -24"><span class='ocrx_word' id='word_1_167' title='bbox 421 3170 656 3241; x_wconf 84' lang='lat' dir='ltr'><strong>phylacti</strong></span> <span class='ocrx_word' id='word_1_168' title='bbox 687 3183 911 3239; x_wconf 88' lang='lat' dir='ltr'><strong>operum</strong></span> <span class='ocrx_word' id='word_1_169' title='bbox 941 3171 1183 3224; x_wconf 88' lang='lat' dir='ltr'><strong>editione</strong></span> <span class='ocrx_word' id='word_1_170' title='bbox 1240 3172 1554 3227; x_wconf 83' lang='lat' dir='ltr'><strong>locaremus</strong></span> <span class='ocrx_word' id='word_1_171' title='bbox 1587 3170 1663 3242; x_wconf 93' lang='lat' dir='ltr'><strong>(a)</strong></span> <span class='ocrx_word' id='word_1_172' title='bbox 1695 3187 1710 3236; x_wconf 90' lang='lat'><strong>;</strong></span> <span class='ocrx_word' id='word_1_173' title='bbox 1754 3172 1799 3227; x_wconf 91' lang='lat' dir='ltr'><strong>si</strong></span> <span class='ocrx_word' id='word_1_174' title='bbox 1835 3171 2053 3241; x_wconf 90' lang='lat' dir='ltr'><strong>paulum</strong></span> <span class='ocrx_word' id='word_1_175' title='bbox 2090 3172 2136 3226; x_wconf 90' lang='lat' dir='ltr'><strong>is</strong></span> <span class='ocrx_word' id='word_1_176' title='bbox 2175 3172 2470 3226; x_wconf 86' lang='lat' dir='ltr'><strong>attenderit</strong></span> <span class='ocrx_word' id='word_1_177' title='bbox 2502 3172 2570 3226; x_wconf 91' lang='lat' dir='ltr'><strong>ad</strong></span> <span class='ocrx_word' id='word_1_178' title='bbox 2600 3188 2662 3227; x_wconf 89' lang='lat' dir='ltr'><strong>ea</strong></span> <span class='ocrx_word' id='word_1_179' title='bbox 2694 3189 2818 3243; x_wconf 68' lang='lat' dir='ltr'><strong>qua:</strong></span> <span class='ocrx_word' id='word_1_180' title='bbox 2848 3175 2902 3229; x_wconf 92' lang='lat' dir='ltr'><strong>in</strong></span> <span class='ocrx_word' id='word_1_181' title='bbox 2939 3173 3268 3231; x_wconf 69' lang='lat' dir='ltr'><strong>Praefatione</strong></span> <span class='ocrx_word' id='word_1_182' title='bbox 3304 3192 3470 3247; x_wconf 85' lang='lat' dir='ltr'><strong>supra</strong></span> <span class='ocrx_word' id='word_1_183' title='bbox 3512 3178 3655 3232; x_wconf 78' lang='lat' dir='ltr'><strong>dixi-</strong></span> 
     </span>
    </p>
   </div>
   <div class='ocr_carea' id='block_1_22' title="bbox 424 3261 3655 3341">
    <p class='ocr_par' dir='ltr' id='par_1_22' title="bbox 424 3261 3655 3341">
     <span class='ocr_line' id='line_1_22' title="bbox 424 3261 3655 3341; baseline 0.003 -25"><span class='ocrx_word' id='word_1_184' title='bbox 424 3280 571 3328; x_wconf 87' lang='lat' dir='ltr'><strong>mus,</strong></span> <span class='ocrx_word' id='word_1_185' title='bbox 611 3264 662 3319; x_wconf 90' lang='lat' dir='ltr'><strong>id</strong></span> <span class='ocrx_word' id='word_1_186' title='bbox 693 3265 812 3334; x_wconf 89' lang='lat' dir='ltr'><strong>ipse</strong></span> <span class='ocrx_word' id='word_1_187' title='bbox 842 3280 934 3332; x_wconf 79' lang='lat' dir='ltr'><strong>per</strong></span> <span class='ocrx_word' id='word_1_188' title='bbox 968 3281 1026 3319; x_wconf 86' lang='lat' dir='ltr'><strong>se</strong></span> <span class='ocrx_word' id='word_1_189' title='bbox 1064 3266 1223 3320; x_wconf 79' lang='lat' dir='ltr'><strong>facile</strong></span> <span class='ocrx_word' id='word_1_190' title='bbox 1256 3265 1542 3334; x_wconf 79' lang='lat' dir='ltr'><strong>intelliget.</strong></span> <span class='ocrx_word' id='word_1_191' title='bbox 1573 3264 1707 3319; x_wconf 85' lang='lat' dir='ltr'><strong>Cum</strong></span> <span class='ocrx_word' id='word_1_192' title='bbox 1741 3265 1887 3318; x_wconf 91' lang='lat' dir='ltr'><strong>enim</strong></span> <span class='ocrx_word' id='word_1_193' title='bbox 1913 3262 2573 3332; x_wconf 79' lang='lat' dir='ltr'><strong>deessent&#39;l‘beophylacti</strong></span> <span class='ocrx_word' id='word_1_194' title='bbox 2596 3261 3001 3319; x_wconf 86' lang='lat' dir='ltr'><strong>Commentaria</strong></span> <span class='ocrx_word' id='word_1_195' title='bbox 3039 3267 3092 3320; x_wconf 93' lang='lat' dir='ltr'><strong>in</strong></span> <span class='ocrx_word' id='word_1_196' title='bbox 3124 3275 3329 3337; x_wconf 84' lang='lat' dir='ltr'><strong>septem</strong></span> <span class='ocrx_word' id='word_1_197' title='bbox 3357 3270 3655 3341; x_wconf 82' lang='lat' dir='ltr'><strong>prophetas</strong></span> 
     </span>
    </p>
   </div>
   <div class='ocr_carea' id='block_1_23' title="bbox 430 3355 3657 3433">
    <p class='ocr_par' dir='ltr' id='par_1_23' title="bbox 430 3355 3657 3433">
     <span class='ocr_line' id='line_1_23' title="bbox 430 3355 3657 3433; baseline 0.002 -24"><span class='ocrx_word' id='word_1_198' title='bbox 430 3357 709 3421; x_wconf 86' lang='lat' dir='ltr'><strong>minores;</strong></span> <span class='ocrx_word' id='word_1_199' title='bbox 743 3372 917 3425; x_wconf 88' lang='lat' dir='ltr'><strong>eaque</strong></span> <span class='ocrx_word' id='word_1_200' title='bbox 942 3372 1064 3426; x_wconf 81' lang='lat' dir='ltr'><strong>quae</strong></span> <span class='ocrx_word' id='word_1_201' title='bbox 1095 3357 1150 3411; x_wconf 86' lang='lat' dir='ltr'><strong>in</strong></span> <span class='ocrx_word' id='word_1_202' title='bbox 1191 3357 1382 3411; x_wconf 86' lang='lat' dir='ltr'><strong>codice</strong></span> <span class='ocrx_word' id='word_1_203' title='bbox 1408 3356 1675 3411; x_wconf 88' lang='lat' dir='ltr'><strong>Bavarico</strong></span> <span class='ocrx_word' id='word_1_204' title='bbox 1709 3356 2142 3419; x_wconf 85' lang='lat' dir='ltr'><strong>continerentur,</strong></span> <span class='ocrx_word' id='word_1_205' title='bbox 2174 3370 2280 3409; x_wconf 83' lang='lat' dir='ltr'><strong>non</strong></span> <span class='ocrx_word' id='word_1_206' title='bbox 2323 3355 2738 3425; x_wconf 83' lang='lat' dir='ltr'><strong>TheOphylacti,</strong></span> <span class='ocrx_word' id='word_1_207' title='bbox 2771 3358 2863 3411; x_wconf 87' lang='lat' dir='ltr'><strong>sed</strong></span> <span class='ocrx_word' id='word_1_208' title='bbox 2899 3356 3227 3414; x_wconf 84' lang='lat' dir='ltr'><strong>Theodoreti</strong></span> <span class='ocrx_word' id='word_1_209' title='bbox 3260 3375 3385 3416; x_wconf 87' lang='lat' dir='ltr'><strong>esse</strong></span> <span class='ocrx_word' id='word_1_210' title='bbox 3405 3377 3657 3433; x_wconf 89' lang='lat' dir='ltr'><strong>comper-</strong></span> 
     </span>
    </p>
   </div>
   <div class='ocr_carea' id='block_1_24' title="bbox 418 3449 3655 3523">
    <p class='ocr_par' dir='ltr' id='par_1_24' title="bbox 418 3449 3655 3523">
     <span class='ocr_line' id='line_1_24' title="bbox 418 3449 3655 3523; baseline 0.002 -20"><span class='ocrx_word' id='word_1_211' title='bbox 418 3459 536 3504; x_wconf 83' lang='lat' dir='ltr'><strong>tum</strong></span> <span class='ocrx_word' id='word_1_212' title='bbox 566 3450 941 3514; x_wconf 85' lang='lat' dir='ltr'><strong>habuerimus,</strong></span> <span class='ocrx_word' id='word_1_213' title='bbox 990 3466 1216 3504; x_wconf 75' lang='lat' dir='ltr'><strong>necesse</strong></span> <span class='ocrx_word' id='word_1_214' title='bbox 1251 3463 1541 3521; x_wconf 84' lang='lat' dir='ltr'><strong>pr0pterea</strong></span> <span class='ocrx_word' id='word_1_215' title='bbox 1572 3451 1671 3504; x_wconf 82' lang='lat' dir='ltr'><strong>fuit</strong></span> <span class='ocrx_word' id='word_1_216' title='bbox 1699 3450 1766 3503; x_wconf 86' lang='lat' dir='ltr'><strong>ad</strong></span> <span class='ocrx_word' id='word_1_217' title='bbox 1818 3449 1964 3504; x_wconf 86' lang='lat' dir='ltr'><strong>aliud</strong></span> <span class='ocrx_word' id='word_1_218' title='bbox 2018 3449 2245 3504; x_wconf 84' lang='lat' dir='ltr'><strong>alterius</strong></span> <span class='ocrx_word' id='word_1_219' title='bbox 2299 3449 2589 3517; x_wconf 80' lang='lat' dir='ltr'><strong>scriptoris</strong></span> <span class='ocrx_word' id='word_1_220' title='bbox 2635 3464 2774 3519; x_wconf 88' lang='lat' dir='ltr'><strong>opus</strong></span> <span class='ocrx_word' id='word_1_221' title='bbox 2806 3450 3121 3521; x_wconf 78' lang='lat' dir='ltr'><strong>confugere,</strong></span> <span class='ocrx_word' id='word_1_222' title='bbox 3152 3468 3261 3522; x_wconf 91' lang='lat' dir='ltr'><strong>quo</strong></span> <span class='ocrx_word' id='word_1_223' title='bbox 3312 3460 3543 3523; x_wconf 86' lang='lat' dir='ltr'><strong>quartus</strong></span> <span class='ocrx_word' id='word_1_224' title='bbox 3566 3455 3655 3511; x_wconf 87' lang='lat' dir='ltr'><strong>hic</strong></span> 
     </span>
    </p>
   </div>
   <div class='ocr_carea' id='block_1_25' title="bbox 418 3543 3652 3614">
    <p class='ocr_par' dir='ltr' id='par_1_25' title="bbox 418 3543 3652 3614">
     <span class='ocr_line' id='line_1_25' title="bbox 418 3543 3652 3614; baseline 0.002 -17"><span class='ocrx_word' id='word_1_225' title='bbox 418 3556 601 3598; x_wconf 85' lang='lat' dir='ltr'><strong>tomus</strong></span> <span class='ocrx_word' id='word_1_226' title='bbox 632 3545 1025 3614; x_wconf 87' lang='lat' dir='ltr'><strong>compleretur.</strong></span> <span class='ocrx_word' id='word_1_227' title='bbox 1058 3543 1223 3598; x_wconf 82' lang='lat' dir='ltr'><strong>Multa</strong></span> <span class='ocrx_word' id='word_1_228' title='bbox 1257 3559 1422 3613; x_wconf 91' lang='lat' dir='ltr'><strong>porro</strong></span> <span class='ocrx_word' id='word_1_229' title='bbox 1479 3546 1639 3601; x_wconf 91' lang='lat' dir='ltr'><strong>nobis</strong></span> <span class='ocrx_word' id='word_1_230' title='bbox 1664 3562 1731 3601; x_wconf 80' lang='lat' dir='ltr'><strong>ex</strong></span> <span class='ocrx_word' id='word_1_231' title='bbox 1766 3544 2155 3613; x_wconf 84' lang='lat' dir='ltr'><strong>manuscriplis</strong></span> <span class='ocrx_word' id='word_1_232' title='bbox 2214 3543 2497 3600; x_wconf 85' lang='lat' dir='ltr'><strong>codicibus</strong></span> <span class='ocrx_word' id='word_1_233' title='bbox 2544 3544 2913 3612; x_wconf 88' lang='lat' dir='ltr'><strong>suppetebant</strong></span> <span class='ocrx_word' id='word_1_234' title='bbox 2946 3549 3324 3614; x_wconf 66' lang='lat' dir='ltr'><strong>praestantium</strong></span> <span class='ocrx_word' id='word_1_235' title='bbox 3362 3557 3652 3604; x_wconf 88' lang='lat' dir='ltr'><strong>auctorum</strong></span> 
     </span>
    </p>
   </div>
   <div class='ocr_carea' id='block_1_26' title="bbox 416 3632 3655 3710">
    <p class='ocr_par' dir='ltr' id='par_1_26' title="bbox 416 3632 3655 3710">
     <span class='ocr_line' id='line_1_26' title="bbox 416 3632 3655 3710; baseline 0.001 -21"><span class='ocrx_word' id='word_1_236' title='bbox 416 3651 609 3705; x_wconf 86' lang='lat' dir='ltr'><strong>opera,</strong></span> <span class='ocrx_word' id='word_1_237' title='bbox 641 3637 883 3691; x_wconf 82' lang='lat' dir='ltr'><strong>nondum</strong></span> <span class='ocrx_word' id='word_1_238' title='bbox 920 3638 1163 3706; x_wconf 82' lang='lat' dir='ltr'><strong>vulgata,</strong></span> <span class='ocrx_word' id='word_1_239' title='bbox 1197 3640 1379 3692; x_wconf 87' lang='lat' dir='ltr'><strong>omnia</strong></span> <span class='ocrx_word' id='word_1_240' title='bbox 1402 3653 1535 3693; x_wconf 89' lang='lat' dir='ltr'><strong>sane</strong></span> <span class='ocrx_word' id='word_1_241' title='bbox 1557 3639 1718 3708; x_wconf 76' lang='lat' dir='ltr'><strong>digna</strong></span> <span class='ocrx_word' id='word_1_242' title='bbox 1751 3653 1873 3706; x_wconf 67' lang='lat' dir='ltr'><strong>quae</strong></span> <span class='ocrx_word' id='word_1_243' title='bbox 1898 3637 1954 3689; x_wconf 93' lang='lat' dir='ltr'><strong>in</strong></span> <span class='ocrx_word' id='word_1_244' title='bbox 1980 3639 2155 3691; x_wconf 91' lang='lat' dir='ltr'><strong>lucem</strong></span> <span class='ocrx_word' id='word_1_245' title='bbox 2186 3636 2583 3707; x_wconf 83' lang='lat' dir='ltr'><strong>proferrentur.</strong></span> <span class='ocrx_word' id='word_1_246' title='bbox 2618 3632 2696 3687; x_wconf 80' lang='lat' dir='ltr'><strong>Ex</strong></span> <span class='ocrx_word' id='word_1_247' title='bbox 2722 3634 2810 3689; x_wconf 86' lang='lat' dir='ltr'><strong>bis</strong></span> <span class='ocrx_word' id='word_1_248' title='bbox 2838 3644 3016 3688; x_wconf 90' lang='lat' dir='ltr'><strong>tamen</strong></span> <span class='ocrx_word' id='word_1_249' title='bbox 3047 3635 3346 3706; x_wconf 82' lang='lat' dir='ltr'><strong>delegimus</strong></span> <span class='ocrx_word' id='word_1_250' title='bbox 3379 3636 3655 3710; x_wconf 81' lang='lat' dir='ltr'><strong>Euthymii</strong></span> 
     </span>
    </p>
   </div>
   <div class='ocr_carea' id='block_1_27' title="bbox 418 3730 3650 3803">
    <p class='ocr_par' dir='ltr' id='par_1_27' title="bbox 418 3730 3650 3803">
     <span class='ocr_line' id='line_1_27' title="bbox 418 3730 3650 3803; baseline 0.002 -19"><span class='ocrx_word' id='word_1_251' title='bbox 418 3731 680 3800; x_wconf 79' lang='lat' dir='ltr'><strong>Zigabeni</strong></span> <span class='ocrx_word' id='word_1_252' title='bbox 702 3735 1116 3788; x_wconf 73' lang='lat' dir='ltr'><strong>(louunentaria</strong></span> <span class='ocrx_word' id='word_1_253' title='bbox 1149 3738 1204 3789; x_wconf 91' lang='lat' dir='ltr'><strong>in</strong></span> <span class='ocrx_word' id='word_1_254' title='bbox 1235 3735 1508 3798; x_wconf 86' lang='lat' dir='ltr'><strong>Psalmos,</strong></span> <span class='ocrx_word' id='word_1_255' title='bbox 1544 3734 1759 3789; x_wconf 89' lang='lat' dir='ltr'><strong>duabus</strong></span> <span class='ocrx_word' id='word_1_256' title='bbox 1782 3736 1849 3789; x_wconf 89' lang='lat' dir='ltr'><strong>de</strong></span> <span class='ocrx_word' id='word_1_257' title='bbox 1874 3736 2094 3790; x_wconf 85' lang='lat' dir='ltr'><strong>causis:</strong></span> <span class='ocrx_word' id='word_1_258' title='bbox 2133 3733 2302 3786; x_wconf 88' lang='lat' dir='ltr'><strong>altera</strong></span> <span class='ocrx_word' id='word_1_259' title='bbox 2329 3732 2471 3801; x_wconf 87' lang='lat' dir='ltr'><strong>quod</strong></span> <span class='ocrx_word' id='word_1_260' title='bbox 2503 3730 2906 3801; x_wconf 87' lang='lat' dir='ltr'><strong>Theophylacto</strong></span> <span class='ocrx_word' id='word_1_261' title='bbox 2933 3745 3032 3801; x_wconf 87' lang='lat' dir='ltr'><strong>par</strong></span> <span class='ocrx_word' id='word_1_262' title='bbox 3056 3732 3274 3803; x_wconf 74' lang='lat' dir='ltr'><strong>ingenio</strong></span> <span class='ocrx_word' id='word_1_263' title='bbox 3302 3743 3387 3790; x_wconf 85' lang='lat' dir='ltr'><strong>est</strong></span> <span class='ocrx_word' id='word_1_264' title='bbox 3418 3734 3650 3803; x_wconf 80' lang='lat' dir='ltr'><strong>Zigabe-</strong></span> 
     </span>
    </p>
   </div>
   <div class='ocr_carea' id='block_1_28' title="bbox 419 3825 3660 3901">
    <p class='ocr_par' dir='ltr' id='par_1_28' title="bbox 419 3825 3660 3901">
     <span class='ocr_line' id='line_1_28' title="bbox 419 3825 3660 3901; baseline 0.005 -25"><span class='ocrx_word' id='word_1_265' title='bbox 419 3838 564 3887; x_wconf 79' lang='lat' dir='ltr'><strong>IIIIS;</strong></span> <span class='ocrx_word' id='word_1_266' title='bbox 593 3825 786 3889; x_wconf 88' lang='lat' dir='ltr'><strong>altera,</strong></span> <span class='ocrx_word' id='word_1_267' title='bbox 810 3826 953 3892; x_wconf 78' lang='lat' dir='ltr'><strong>quod</strong></span> <span class='ocrx_word' id='word_1_268' title='bbox 985 3827 1037 3881; x_wconf 88' lang='lat' dir='ltr'><strong>id</strong></span> <span class='ocrx_word' id='word_1_269' title='bbox 1068 3842 1206 3897; x_wconf 88' lang='lat' dir='ltr'><strong>opus</strong></span> <span class='ocrx_word' id='word_1_270' title='bbox 1234 3827 1483 3896; x_wconf 81' lang='lat' dir='ltr'><strong>ejusdem</strong></span> <span class='ocrx_word' id='word_1_271' title='bbox 1512 3827 1674 3898; x_wconf 89' lang='lat' dir='ltr'><strong>plane</strong></span> <span class='ocrx_word' id='word_1_272' title='bbox 1696 3829 1912 3898; x_wconf 84' lang='lat' dir='ltr'><strong>generis</strong></span> <span class='ocrx_word' id='word_1_273' title='bbox 1936 3837 2041 3894; x_wconf 88' lang='lat' dir='ltr'><strong>est,</strong></span> <span class='ocrx_word' id='word_1_274' title='bbox 2073 3827 2234 3897; x_wconf 88' lang='lat' dir='ltr'><strong>cujus</strong></span> <span class='ocrx_word' id='word_1_275' title='bbox 2264 3825 2659 3896; x_wconf 77' lang='lat' dir='ltr'><strong>Tlicopbylacti</strong></span> <span class='ocrx_word' id='word_1_276' title='bbox 2710 3826 2942 3895; x_wconf 61' lang='lat' dir='ltr'><strong>scripta.</strong></span> <span class='ocrx_word' id='word_1_277' title='bbox 2972 3842 3094 3897; x_wconf 80' lang='lat' dir='ltr'><strong>quae</strong></span> <span class='ocrx_word' id='word_1_278' title='bbox 3124 3831 3178 3883; x_wconf 82' lang='lat' dir='ltr'><strong>in</strong></span> <span class='ocrx_word' id='word_1_279' title='bbox 3202 3828 3382 3885; x_wconf 81' lang='lat' dir='ltr'><strong>sacris</strong></span> <span class='ocrx_word' id='word_1_280' title='bbox 3411 3829 3660 3901; x_wconf 77' lang='lat' dir='ltr'><strong>Scriptu-</strong></span> 
     </span>
    </p>
   </div>
   <div class='ocr_carea' id='block_1_29' title="bbox 417 3920 1355 3991">
    <p class='ocr_par' dir='ltr' id='par_1_29' title="bbox 417 3920 1355 3991">
     <span class='ocr_line' id='line_1_29' title="bbox 417 3920 1355 3991; baseline 0.005 -16"><span class='ocrx_word' id='word_1_281' title='bbox 417 3921 496 3976; x_wconf 79' lang='lat' dir='ltr'><strong>ris</strong></span> <span class='ocrx_word' id='word_1_282' title='bbox 527 3920 952 3991; x_wconf 85' lang='lat' dir='ltr'><strong>interpretandis</strong></span> <span class='ocrx_word' id='word_1_283' title='bbox 982 3935 1355 3980; x_wconf 83' lang='lat' dir='ltr'><strong>versarentur.</strong></span> 
     </span>
    </p>
   </div>
   <div class='ocr_carea' id='block_1_30' title="bbox 492 4015 3656 4093">
    <p class='ocr_par' dir='ltr' id='par_1_30' title="bbox 492 4015 3656 4093">
     <span class='ocr_line' id='line_1_30' title="bbox 492 4015 3656 4093; baseline 0.002 -22"><span class='ocrx_word' id='word_1_284' title='bbox 492 4015 665 4074; x_wconf 81' lang='lat' dir='ltr'><strong>Venio</strong></span> <span class='ocrx_word' id='word_1_285' title='bbox 697 4035 841 4075; x_wconf 89' lang='lat' dir='ltr'><strong>nunc</strong></span> <span class='ocrx_word' id='word_1_286' title='bbox 870 4021 935 4075; x_wconf 89' lang='lat' dir='ltr'><strong>ad</strong></span> <span class='ocrx_word' id='word_1_287' title='bbox 966 4021 1211 4077; x_wconf 82' lang='lat' dir='ltr'><strong>Latinam</strong></span> <span class='ocrx_word' id='word_1_288' title='bbox 1246 4022 1777 4093; x_wconf 88' lang='lat' dir='ltr'><strong>interpretationem.</strong></span> <span class='ocrx_word' id='word_1_289' title='bbox 1839 4021 1915 4074; x_wconf 86' lang='lat' dir='ltr'><strong>Ea</strong></span> <span class='ocrx_word' id='word_1_290' title='bbox 1945 4029 2030 4076; x_wconf 87' lang='lat' dir='ltr'><strong>est</strong></span> <span class='ocrx_word' id='word_1_291' title='bbox 2064 4019 2238 4087; x_wconf 85' lang='lat' dir='ltr'><strong>Sauli,</strong></span> <span class='ocrx_word' id='word_1_292' title='bbox 2296 4018 2543 4091; x_wconf 85' lang='lat' dir='ltr'><strong>episcopi</strong></span> <span class='ocrx_word' id='word_1_293' title='bbox 2574 4018 2988 4090; x_wconf 79' lang='lat' dir='ltr'><strong>Brugnatensis,</strong></span> <span class='ocrx_word' id='word_1_294' title='bbox 3019 4021 3134 4091; x_wconf 90' lang='lat' dir='ltr'><strong>qui,</strong></span> <span class='ocrx_word' id='word_1_295' title='bbox 3172 4031 3229 4076; x_wconf 91' lang='lat' dir='ltr'><strong>ut</strong></span> <span class='ocrx_word' id='word_1_296' title='bbox 3254 4020 3363 4077; x_wconf 89' lang='lat' dir='ltr'><strong>fere</strong></span> <span class='ocrx_word' id='word_1_297' title='bbox 3394 4022 3471 4085; x_wconf 84' lang='lat' dir='ltr'><strong>ﬁt,</strong></span> <span class='ocrx_word' id='word_1_298' title='bbox 3496 4022 3656 4092; x_wconf 88' lang='lat' dir='ltr'><strong>plura</strong></span> 
     </span>
    </p>
   </div>
   <div class='ocr_carea' id='block_1_31' title="bbox 421 4110 3659 4183">
    <p class='ocr_par' dir='ltr' id='par_1_31' title="bbox 421 4110 3659 4183">
     <span class='ocr_line' id='line_1_31' title="bbox 421 4110 3659 4183; baseline 0.002 -20"><span class='ocrx_word' id='word_1_299' title='bbox 421 4110 603 4174; x_wconf 84' lang='lat' dir='ltr'><strong>modo,</strong></span> <span class='ocrx_word' id='word_1_300' title='bbox 634 4114 795 4167; x_wconf 91' lang='lat' dir='ltr'><strong>modo</strong></span> <span class='ocrx_word' id='word_1_301' title='bbox 824 4116 1079 4183; x_wconf 89' lang='lat' dir='ltr'><strong>pauciora</strong></span> <span class='ocrx_word' id='word_1_302' title='bbox 1117 4117 1170 4169; x_wconf 93' lang='lat' dir='ltr'><strong>in</strong></span> <span class='ocrx_word' id='word_1_303' title='bbox 1211 4116 1403 4170; x_wconf 91' lang='lat' dir='ltr'><strong>codice</strong></span> <span class='ocrx_word' id='word_1_304' title='bbox 1445 4130 1547 4169; x_wconf 90' lang='lat' dir='ltr'><strong>suo</strong></span> <span class='ocrx_word' id='word_1_305' title='bbox 1579 4114 1805 4182; x_wconf 89' lang='lat' dir='ltr'><strong>reperit,</strong></span> <span class='ocrx_word' id='word_1_306' title='bbox 1831 4129 1992 4181; x_wconf 90' lang='lat' dir='ltr'><strong>quam</strong></span> <span class='ocrx_word' id='word_1_307' title='bbox 2031 4114 2085 4167; x_wconf 91' lang='lat' dir='ltr'><strong>in</strong></span> <span class='ocrx_word' id='word_1_308' title='bbox 2151 4115 2340 4169; x_wconf 83' lang='lat' dir='ltr'><strong>codice</strong></span> <span class='ocrx_word' id='word_1_309' title='bbox 2374 4114 2584 4167; x_wconf 81' lang='lat' dir='ltr'><strong>Veneto</strong></span> <span class='ocrx_word' id='word_1_310' title='bbox 2611 4116 2973 4181; x_wconf 82' lang='lat' dir='ltr'><strong>reperiantur.</strong></span> <span class='ocrx_word' id='word_1_311' title='bbox 3014 4112 3287 4167; x_wconf 78' lang='lat' dir='ltr'><strong>Interdum</strong></span> <span class='ocrx_word' id='word_1_312' title='bbox 3321 4115 3484 4167; x_wconf 89' lang='lat' dir='ltr'><strong>etiam</strong></span> <span class='ocrx_word' id='word_1_313' title='bbox 3514 4130 3659 4182; x_wconf 72' lang='lat' dir='ltr'><strong>qum-</strong></span> 
     </span>
    </p>
   </div>
   <div class='ocr_carea' id='block_1_32' title="bbox 418 4202 3660 4275">
    <p class='ocr_par' dir='ltr' id='par_1_32' title="bbox 418 4202 3660 4275">
     <span class='ocr_line' id='line_1_32' title="bbox 418 4202 3660 4275; baseline 0.001 -21"><span class='ocrx_word' id='word_1_314' title='bbox 418 4202 543 4255; x_wconf 89' lang='lat' dir='ltr'><strong>dam</strong></span> <span class='ocrx_word' id='word_1_315' title='bbox 576 4219 639 4256; x_wconf 84' lang='lat' dir='ltr'><strong>ex</strong></span> <span class='ocrx_word' id='word_1_316' title='bbox 672 4205 889 4275; x_wconf 77' lang='lat' dir='ltr'><strong>ingenio</strong></span> <span class='ocrx_word' id='word_1_317' title='bbox 913 4221 1013 4259; x_wconf 90' lang='lat' dir='ltr'><strong>suo</strong></span> <span class='ocrx_word' id='word_1_318' title='bbox 1044 4206 1217 4269; x_wconf 89' lang='lat' dir='ltr'><strong>addit,</strong></span> <span class='ocrx_word' id='word_1_319' title='bbox 1242 4206 1641 4275; x_wconf 78' lang='lat' dir='ltr'><strong>explanationis</strong></span> <span class='ocrx_word' id='word_1_320' title='bbox 1675 4205 1870 4274; x_wconf 73' lang='lat' dir='ltr'><strong>gratia.</strong></span> <span class='ocrx_word' id='word_1_321' title='bbox 1903 4205 2037 4268; x_wconf 64' lang='lat' dir='ltr'><strong>Quae</strong></span> <span class='ocrx_word' id='word_1_322' title='bbox 2059 4206 2240 4274; x_wconf 89' lang='lat' dir='ltr'><strong>itaque</strong></span> <span class='ocrx_word' id='word_1_323' title='bbox 2268 4206 2483 4260; x_wconf 88' lang='lat' dir='ltr'><strong>duobus</strong></span> <span class='ocrx_word' id='word_1_324' title='bbox 2506 4204 2665 4258; x_wconf 91' lang='lat' dir='ltr'><strong>uncis</strong></span> <span class='ocrx_word' id='word_1_325' title='bbox 2696 4206 2816 4260; x_wconf 91' lang='lat' dir='ltr'><strong>istis</strong></span> <span class='ocrx_word' id='word_1_326' title='bbox 2844 4206 2886 4273; x_wconf 82' lang='lat'><strong>()</strong></span> <span class='ocrx_word' id='word_1_327' title='bbox 2919 4204 3270 4265; x_wconf 87' lang='lat' dir='ltr'><strong>clauduntur.</strong></span> <span class='ocrx_word' id='word_1_328' title='bbox 3296 4219 3359 4259; x_wconf 91' lang='lat' dir='ltr'><strong>ea</strong></span> <span class='ocrx_word' id='word_1_329' title='bbox 3390 4204 3442 4257; x_wconf 91' lang='lat' dir='ltr'><strong>in</strong></span> <span class='ocrx_word' id='word_1_330' title='bbox 3469 4206 3660 4259; x_wconf 86' lang='lat' dir='ltr'><strong>codice</strong></span> 
     </span>
    </p>
   </div>
   <div class='ocr_carea' id='block_1_33' title="bbox 422 4298 3655 4368">
    <p class='ocr_par' dir='ltr' id='par_1_33' title="bbox 422 4298 3655 4368">
     <span class='ocr_line' id='line_1_33' title="bbox 422 4298 3655 4368; baseline 0 -16"><span class='ocrx_word' id='word_1_331' title='bbox 422 4298 629 4352; x_wconf 58' lang='lat' dir='ltr'><strong>Veni-to</strong></span> <span class='ocrx_word' id='word_1_332' title='bbox 676 4299 1087 4364; x_wconf 83' lang='lat' dir='ltr'><strong>desiderantur;</strong></span> <span class='ocrx_word' id='word_1_333' title='bbox 1121 4315 1243 4366; x_wconf 66' lang='lat' dir='ltr'><strong>qum</strong></span> <span class='ocrx_word' id='word_1_334' title='bbox 1263 4315 1393 4353; x_wconf 78' lang='lat' dir='ltr'><strong>vero</strong></span> <span class='ocrx_word' id='word_1_335' title='bbox 1424 4299 1597 4368; x_wconf 82' lang='lat' dir='ltr'><strong>signis</strong></span> <span class='ocrx_word' id='word_1_336' title='bbox 1627 4299 1713 4353; x_wconf 90' lang='lat' dir='ltr'><strong>his</strong></span> <span class='ocrx_word' id='word_1_337' title='bbox 1735 4318 1790 4351; x_wconf 76' lang='grc' dir='ltr'>υ</span> <span class='ocrx_word' id='word_1_338' title='bbox 1830 4308 2112 4362; x_wconf 84' lang='lat' dir='ltr'><strong>notantur.</strong></span> <span class='ocrx_word' id='word_1_339' title='bbox 2149 4316 2212 4354; x_wconf 89' lang='lat' dir='ltr'><strong>ea</strong></span> <span class='ocrx_word' id='word_1_340' title='bbox 2268 4302 2464 4356; x_wconf 86' lang='lat' dir='ltr'><strong>desunt</strong></span> <span class='ocrx_word' id='word_1_341' title='bbox 2500 4302 2554 4354; x_wconf 92' lang='lat' dir='ltr'><strong>in</strong></span> <span class='ocrx_word' id='word_1_342' title='bbox 2584 4301 2793 4361; x_wconf 82' lang='lat' dir='ltr'><strong>codice.</strong></span> <span class='ocrx_word' id='word_1_343' title='bbox 2822 4315 2931 4368; x_wconf 89' lang='lat' dir='ltr'><strong>quo</strong></span> <span class='ocrx_word' id='word_1_344' title='bbox 2964 4316 3096 4355; x_wconf 90' lang='lat' dir='ltr'><strong>usus</strong></span> <span class='ocrx_word' id='word_1_345' title='bbox 3135 4310 3218 4354; x_wconf 90' lang='lat' dir='ltr'><strong>est</strong></span> <span class='ocrx_word' id='word_1_346' title='bbox 3244 4299 3469 4353; x_wconf 86' lang='lat' dir='ltr'><strong>Latinus</strong></span> <span class='ocrx_word' id='word_1_347' title='bbox 3514 4302 3655 4354; x_wconf 89' lang='lat' dir='ltr'><strong>idem</strong></span> 
     </span>
    </p>
   </div>
   <div class='ocr_carea' id='block_1_34' title="bbox 426 4386 3653 4459">
    <p class='ocr_par' dir='ltr' id='par_1_34' title="bbox 426 4386 3653 4459">
     <span class='ocr_line' id='line_1_34' title="bbox 426 4386 3653 4459; baseline 0.001 -20"><span class='ocrx_word' id='word_1_348' title='bbox 426 4389 699 4457; x_wconf 87' lang='lat' dir='ltr'><strong>interpres</strong></span> <span class='ocrx_word' id='word_1_349' title='bbox 726 4405 741 4453; x_wconf 93' lang='lat'><strong>;</strong></span> <span class='ocrx_word' id='word_1_350' title='bbox 772 4403 948 4455; x_wconf 87' lang='lat' dir='ltr'><strong>eaque.</strong></span> <span class='ocrx_word' id='word_1_351' title='bbox 974 4403 1041 4441; x_wconf 78' lang='lat' dir='ltr'><strong>ex</strong></span> <span class='ocrx_word' id='word_1_352' title='bbox 1073 4387 1271 4442; x_wconf 88' lang='lat' dir='ltr'><strong>codice</strong></span> <span class='ocrx_word' id='word_1_353' title='bbox 1301 4386 1508 4442; x_wconf 81' lang='lat' dir='ltr'><strong>Veneto</strong></span> <span class='ocrx_word' id='word_1_354' title='bbox 1540 4387 1726 4442; x_wconf 65' lang='lat' dir='ltr'><strong>Graece</strong></span> <span class='ocrx_word' id='word_1_355' title='bbox 1753 4399 1805 4441; x_wconf 91' lang='lat' dir='ltr'><strong>et</strong></span> <span class='ocrx_word' id='word_1_356' title='bbox 1831 4388 2025 4443; x_wconf 88' lang='lat' dir='ltr'><strong>Latine</strong></span> <span class='ocrx_word' id='word_1_357' title='bbox 2055 4390 2213 4459; x_wconf 88' lang='lat' dir='ltr'><strong>primi</strong></span> <span class='ocrx_word' id='word_1_358' title='bbox 2244 4391 2459 4444; x_wconf 85' lang='lat' dir='ltr'><strong>damus.</strong></span> <span class='ocrx_word' id='word_1_359' title='bbox 2487 4390 2612 4445; x_wconf 64' lang='lat' dir='ltr'><strong>Haec</strong></span> <span class='ocrx_word' id='word_1_360' title='bbox 2647 4390 2814 4446; x_wconf 89' lang='lat' dir='ltr'><strong>semei</strong></span> <span class='ocrx_word' id='word_1_361' title='bbox 2846 4392 2947 4445; x_wconf 86' lang='lat' dir='ltr'><strong>hoc</strong></span> <span class='ocrx_word' id='word_1_362' title='bbox 2968 4390 3087 4444; x_wconf 91' lang='lat' dir='ltr'><strong>loco</strong></span> <span class='ocrx_word' id='word_1_363' title='bbox 3110 4392 3386 4445; x_wconf 89' lang='lat' dir='ltr'><strong>monuisse</strong></span> <span class='ocrx_word' id='word_1_364' title='bbox 3404 4390 3653 4457; x_wconf 74' lang='lat' dir='ltr'><strong>suﬂieiat,</strong></span> 
     </span>
    </p>
   </div>
   <div class='ocr_carea' id='block_1_35' title="bbox 422 4478 3194 4555">
    <p class='ocr_par' dir='ltr' id='par_1_35' title="bbox 422 4478 3194 4555">
     <span class='ocr_line' id='line_1_35' title="bbox 422 4478 3194 4555; baseline 0.002 -24"><span class='ocrx_word' id='word_1_365' title='bbox 422 4496 491 4532; x_wconf 89' lang='lat' dir='ltr'><strong>ne</strong></span> <span class='ocrx_word' id='word_1_366' title='bbox 527 4481 713 4532; x_wconf 86' lang='lat' dir='ltr'><strong>eadem</strong></span> <span class='ocrx_word' id='word_1_367' title='bbox 743 4478 975 4547; x_wconf 79' lang='lat' dir='ltr'><strong>singulis</strong></span> <span class='ocrx_word' id='word_1_368' title='bbox 1013 4478 1125 4533; x_wconf 84' lang='lat' dir='ltr'><strong>fere</strong></span> <span class='ocrx_word' id='word_1_369' title='bbox 1162 4481 1395 4550; x_wconf 76' lang='lat' dir='ltr'><strong>paginis,</strong></span> <span class='ocrx_word' id='word_1_370' title='bbox 1433 4480 1597 4551; x_wconf 87' lang='lat' dir='ltr'><strong>idque</strong></span> <span class='ocrx_word' id='word_1_371' title='bbox 1629 4482 1848 4550; x_wconf 68' lang='lat' dir='ltr'><strong>saepius,</strong></span> <span class='ocrx_word' id='word_1_372' title='bbox 1884 4483 2167 4546; x_wconf 83' lang='lat' dir='ltr'><strong>iterantes,</strong></span> <span class='ocrx_word' id='word_1_373' title='bbox 2203 4483 2481 4537; x_wconf 86' lang='lat' dir='ltr'><strong>fastidium</strong></span> <span class='ocrx_word' id='word_1_374' title='bbox 2511 4484 2815 4555; x_wconf 76' lang='lat' dir='ltr'><strong>legentibus</strong></span> <span class='ocrx_word' id='word_1_375' title='bbox 2857 4497 3194 4538; x_wconf 76' lang='lat' dir='ltr'><strong>moveamus.</strong></span> 
     </span>
    </p>
   </div>
   <div class='ocr_carea' id='block_1_36' title="bbox 492 4569 3659 4645">
    <p class='ocr_par' dir='ltr' id='par_1_36' title="bbox 492 4569 3659 4645">
     <span class='ocr_line' id='line_1_36' title="bbox 492 4569 3659 4645; baseline 0 -22"><span class='ocrx_word' id='word_1_376' title='bbox 492 4569 611 4623; x_wconf 80' lang='lat' dir='ltr'><strong>Jam</strong></span> <span class='ocrx_word' id='word_1_377' title='bbox 638 4583 766 4623; x_wconf 89' lang='lat' dir='ltr'><strong>vero</strong></span> <span class='ocrx_word' id='word_1_378' title='bbox 800 4571 865 4622; x_wconf 92' lang='lat' dir='ltr'><strong>de</strong></span> <span class='ocrx_word' id='word_1_379' title='bbox 897 4570 1078 4640; x_wconf 90' lang='lat' dir='ltr'><strong>operis</strong></span> <span class='ocrx_word' id='word_1_380' title='bbox 1106 4573 1419 4642; x_wconf 70' lang='lat' dir='ltr'><strong>praestantia</strong></span> <span class='ocrx_word' id='word_1_381' title='bbox 1472 4588 1935 4643; x_wconf 84' lang='lat' dir='ltr'><strong>supervacaneum</strong></span> <span class='ocrx_word' id='word_1_382' title='bbox 1967 4584 2051 4629; x_wconf 85' lang='lat' dir='ltr'><strong>est</strong></span> <span class='ocrx_word' id='word_1_383' title='bbox 2084 4575 2289 4630; x_wconf 86' lang='lat' dir='ltr'><strong>dicere.</strong></span> <span class='ocrx_word' id='word_1_384' title='bbox 2327 4574 2476 4631; x_wconf 88' lang='lat' dir='ltr'><strong>Satis</strong></span> <span class='ocrx_word' id='word_1_385' title='bbox 2506 4578 2651 4629; x_wconf 88' lang='lat' dir='ltr'><strong>enim</strong></span> <span class='ocrx_word' id='word_1_386' title='bbox 2677 4592 2737 4630; x_wconf 92' lang='lat' dir='ltr'><strong>se</strong></span> <span class='ocrx_word' id='word_1_387' title='bbox 2774 4576 2949 4645; x_wconf 89' lang='lat' dir='ltr'><strong>ipsum</strong></span> <span class='ocrx_word' id='word_1_388' title='bbox 2986 4572 3280 4641; x_wconf 80' lang='lat' dir='ltr'><strong>legentibus</strong></span> <span class='ocrx_word' id='word_1_389' title='bbox 3307 4574 3659 4643; x_wconf 53' lang='lat' dir='ltr'><strong>commendat</strong></span> 
     </span>
    </p>
   </div>
   <div class='ocr_carea' id='block_1_37' title="bbox 419 4654 3653 4736">
    <p class='ocr_par' dir='ltr' id='par_1_37' title="bbox 419 4654 3653 4736">
     <span class='ocr_line' id='line_1_37' title="bbox 419 4654 3653 4736; baseline 0.001 -25"><span class='ocrx_word' id='word_1_390' title='bbox 419 4659 927 4728; x_wconf 71' lang='lat' dir='ltr'><strong>commentlavitque</strong></span> <span class='ocrx_word' id='word_1_391' title='bbox 966 4676 1177 4728; x_wconf 81' lang='lat' dir='ltr'><strong>semper</strong></span> <span class='ocrx_word' id='word_1_392' title='bbox 1200 4663 1391 4717; x_wconf 90' lang='lat' dir='ltr'><strong>merito</strong></span> <span class='ocrx_word' id='word_1_393' title='bbox 1434 4654 1551 4720; x_wconf 81' lang='lat' dir='ltr'><strong>suo</strong></span> <span class='ocrx_word' id='word_1_394' title='bbox 1608 4666 1960 4734; x_wconf 86' lang='lat' dir='ltr'><strong>auctorisque</strong></span> <span class='ocrx_word' id='word_1_395' title='bbox 1982 4666 2065 4720; x_wconf 90' lang='lat' dir='ltr'><strong>sui</strong></span> <span class='ocrx_word' id='word_1_396' title='bbox 2108 4666 2467 4733; x_wconf 87' lang='lat' dir='ltr'><strong>celebritate;</strong></span> <span class='ocrx_word' id='word_1_397' title='bbox 2507 4681 2615 4736; x_wconf 88' lang='lat' dir='ltr'><strong>quo</strong></span> <span class='ocrx_word' id='word_1_398' title='bbox 2666 4667 2859 4720; x_wconf 88' lang='lat' dir='ltr'><strong>merito</strong></span> <span class='ocrx_word' id='word_1_399' title='bbox 2881 4679 3054 4733; x_wconf 84' lang='lat' dir='ltr'><strong>quave</strong></span> <span class='ocrx_word' id='word_1_400' title='bbox 3087 4662 3403 4716; x_wconf 88' lang='lat' dir='ltr'><strong>celebritate</strong></span> <span class='ocrx_word' id='word_1_401' title='bbox 3448 4661 3653 4716; x_wconf 87' lang='lat' dir='ltr'><strong>factum</strong></span> 
     </span>
    </p>
   </div>
   <div class='ocr_carea' id='block_1_38' title="bbox 420 4749 3656 4825">
    <p class='ocr_par' dir='ltr' id='par_1_38' title="bbox 420 4749 3656 4825">
     <span class='ocr_line' id='line_1_38' title="bbox 420 4749 3656 4825; baseline 0.002 -26"><span class='ocrx_word' id='word_1_402' title='bbox 420 4756 529 4810; x_wconf 85' lang='lat' dir='ltr'><strong>est,</strong></span> <span class='ocrx_word' id='word_1_403' title='bbox 556 4756 616 4801; x_wconf 91' lang='lat' dir='ltr'><strong>ut</strong></span> <span class='ocrx_word' id='word_1_404' title='bbox 647 4750 847 4817; x_wconf 68' lang='lat' dir='ltr'><strong>saepius</strong></span> <span class='ocrx_word' id='word_1_405' title='bbox 879 4752 1252 4807; x_wconf 88' lang='lat' dir='ltr'><strong>recuderetur.</strong></span> <span class='ocrx_word' id='word_1_406' title='bbox 1275 4752 1467 4808; x_wconf 85' lang='lat' dir='ltr'><strong>Plures</strong></span> <span class='ocrx_word' id='word_1_407' title='bbox 1494 4754 1638 4809; x_wconf 91' lang='lat' dir='ltr'><strong>enim</strong></span> <span class='ocrx_word' id='word_1_408' title='bbox 1661 4764 1786 4808; x_wconf 88' lang='lat' dir='ltr'><strong>ante</strong></span> <span class='ocrx_word' id='word_1_409' title='bbox 1805 4754 1945 4808; x_wconf 90' lang='lat' dir='ltr'><strong>hanc</strong></span> <span class='ocrx_word' id='word_1_410' title='bbox 1973 4755 2091 4825; x_wconf 84' lang='lat' dir='ltr'><strong>ejus</strong></span> <span class='ocrx_word' id='word_1_411' title='bbox 2109 4756 2292 4824; x_wconf 90' lang='lat' dir='ltr'><strong>operis</strong></span> <span class='ocrx_word' id='word_1_412' title='bbox 2321 4754 2590 4809; x_wconf 88' lang='lat' dir='ltr'><strong>editiones</strong></span> <span class='ocrx_word' id='word_1_413' title='bbox 2612 4753 2815 4808; x_wconf 58' lang='lat' dir='ltr'><strong>Latinas</strong></span> <span class='ocrx_word' id='word_1_414' title='bbox 2834 4754 3183 4823; x_wconf 90' lang='lat' dir='ltr'><strong>prodierunt;</strong></span> <span class='ocrx_word' id='word_1_415' title='bbox 3214 4752 3382 4804; x_wconf 87' lang='lat' dir='ltr'><strong>altera</strong></span> <span class='ocrx_word' id='word_1_416' title='bbox 3406 4749 3656 4816; x_wconf 73' lang='lat' dir='ltr'><strong>Veronae,</strong></span> 
     </span>
    </p>
   </div>
   <div class='ocr_carea' id='block_1_39' title="bbox 419 4840 3657 4916">
    <p class='ocr_par' dir='ltr' id='par_1_39' title="bbox 419 4840 3657 4916">
     <span class='ocr_line' id='line_1_39' title="bbox 419 4840 3657 4916; baseline -0 -21"><span class='ocrx_word' id='word_1_417' title='bbox 419 4840 595 4895; x_wconf 76' lang='lat' dir='ltr'><strong>altera</strong></span> <span class='ocrx_word' id='word_1_418' title='bbox 618 4840 878 4907; x_wconf 83' lang='lat' dir='ltr'><strong>Venetiis,</strong></span> <span class='ocrx_word' id='word_1_419' title='bbox 904 4843 1127 4900; x_wconf 85' lang='lat' dir='ltr'><strong>Parisiis</strong></span> <span class='ocrx_word' id='word_1_420' title='bbox 1148 4847 1290 4911; x_wconf 64' lang='lat' dir='ltr'><strong>alia,</strong></span> <span class='ocrx_word' id='word_1_421' title='bbox 1315 4846 1434 4901; x_wconf 71' lang='lat' dir='ltr'><strong>alia:</strong></span> <span class='ocrx_word' id='word_1_422' title='bbox 1460 4846 1583 4902; x_wconf 88' lang='lat' dir='ltr'><strong>aliis</strong></span> <span class='ocrx_word' id='word_1_423' title='bbox 1616 4848 1670 4901; x_wconf 92' lang='lat' dir='ltr'><strong>in</strong></span> <span class='ocrx_word' id='word_1_424' title='bbox 1693 4846 1850 4909; x_wconf 80' lang='lat' dir='ltr'><strong>locis,</strong></span> <span class='ocrx_word' id='word_1_425' title='bbox 1892 4844 2034 4911; x_wconf 87' lang='lat' dir='ltr'><strong>Quid</strong></span> <span class='ocrx_word' id='word_1_426' title='bbox 2062 4846 2163 4899; x_wconf 88' lang='lat' dir='ltr'><strong>hoc</strong></span> <span class='ocrx_word' id='word_1_427' title='bbox 2195 4845 2298 4900; x_wconf 89' lang='lat' dir='ltr'><strong>sibi</strong></span> <span class='ocrx_word' id='word_1_428' title='bbox 2330 4845 2478 4899; x_wconf 78' lang='lat' dir='ltr'><strong>vult?</strong></span> <span class='ocrx_word' id='word_1_429' title='bbox 2506 4844 2560 4899; x_wconf 91' lang='lat' dir='ltr'><strong>Id</strong></span> <span class='ocrx_word' id='word_1_430' title='bbox 2591 4859 2729 4916; x_wconf 80' lang='lat' dir='ltr'><strong>Opus</strong></span> <span class='ocrx_word' id='word_1_431' title='bbox 2762 4844 3018 4899; x_wconf 89' lang='lat' dir='ltr'><strong>nimirum</strong></span> <span class='ocrx_word' id='word_1_432' title='bbox 3050 4857 3170 4897; x_wconf 88' lang='lat' dir='ltr'><strong>esse</strong></span> <span class='ocrx_word' id='word_1_433' title='bbox 3199 4843 3358 4911; x_wconf 79' lang='lat' dir='ltr'><strong>longe</strong></span> <span class='ocrx_word' id='word_1_434' title='bbox 3392 4844 3657 4911; x_wconf 80' lang='lat' dir='ltr'><strong>Optimum</strong></span> 
     </span>
    </p>
   </div>
   <div class='ocr_carea' id='block_1_40' title="bbox 420 4937 3660 5009">
    <p class='ocr_par' dir='ltr' id='par_1_40' title="bbox 420 4937 3660 5009">
     <span class='ocr_line' id='line_1_40' title="bbox 420 4937 3660 5009; baseline 0 -21"><span class='ocrx_word' id='word_1_435' title='bbox 420 4943 587 5001; x_wconf 83' lang='lat' dir='ltr'><strong>atque</strong></span> <span class='ocrx_word' id='word_1_436' title='bbox 612 4938 1127 5003; x_wconf 75' lang='lat' dir='ltr'><strong>praestantissimum</strong></span> <span class='ocrx_word' id='word_1_437' title='bbox 1153 4954 1167 4992; x_wconf 90' lang='lat'><strong>:</strong></span> <span class='ocrx_word' id='word_1_438' title='bbox 1190 4941 1245 4994; x_wconf 92' lang='lat' dir='ltr'><strong>ni</strong></span> <span class='ocrx_word' id='word_1_439' title='bbox 1277 4941 1422 4995; x_wconf 90' lang='lat' dir='ltr'><strong>enim</strong></span> <span class='ocrx_word' id='word_1_440' title='bbox 1460 4941 1565 4996; x_wconf 89' lang='lat' dir='ltr'><strong>tale</strong></span> <span class='ocrx_word' id='word_1_441' title='bbox 1588 4949 1755 5006; x_wconf 91' lang='lat' dir='ltr'><strong>esset,</strong></span> <span class='ocrx_word' id='word_1_442' title='bbox 1788 4940 2006 5009; x_wconf 85' lang='lat' dir='ltr'><strong>placere</strong></span> <span class='ocrx_word' id='word_1_443' title='bbox 2038 4948 2324 5009; x_wconf 87' lang='lat' dir='ltr'><strong>tantopere</strong></span> <span class='ocrx_word' id='word_1_444' title='bbox 2361 4954 2468 4993; x_wconf 93' lang='lat' dir='ltr'><strong>non</strong></span> <span class='ocrx_word' id='word_1_445' title='bbox 2516 4941 2807 5009; x_wconf 89' lang='lat' dir='ltr'><strong>potuisset,</strong></span> <span class='ocrx_word' id='word_1_446' title='bbox 2844 4938 3004 5006; x_wconf 89' lang='lat' dir='ltr'><strong>idque</strong></span> <span class='ocrx_word' id='word_1_447' title='bbox 3030 4950 3265 5004; x_wconf 87' lang='lat' dir='ltr'><strong>semper,</strong></span> <span class='ocrx_word' id='word_1_448' title='bbox 3295 4941 3349 4989; x_wconf 89' lang='lat' dir='ltr'><strong>et</strong></span> <span class='ocrx_word' id='word_1_449' title='bbox 3382 4937 3660 4998; x_wconf 88' lang='lat' dir='ltr'><strong>omnibus,</strong></span> 
     </span>
    </p>
   </div>
   <div class='ocr_carea' id='block_1_41' title="bbox 420 5026 3660 5104">
    <p class='ocr_par' dir='ltr' id='par_1_41' title="bbox 420 5026 3660 5104">
     <span class='ocr_line' id='line_1_41' title="bbox 420 5026 3660 5104; baseline 0 -25"><span class='ocrx_word' id='word_1_450' title='bbox 420 5034 479 5079; x_wconf 83' lang='lat' dir='ltr'><strong>et</strong></span> <span class='ocrx_word' id='word_1_451' title='bbox 517 5026 742 5096; x_wconf 88' lang='lat' dir='ltr'><strong>ubique.</strong></span> <span class='ocrx_word' id='word_1_452' title='bbox 774 5028 932 5095; x_wconf 86' lang='lat' dir='ltr'><strong>Quod</strong></span> <span class='ocrx_word' id='word_1_453' title='bbox 981 5034 1027 5086; x_wconf 89' lang='lat' dir='ltr'><strong>si</strong></span> <span class='ocrx_word' id='word_1_454' title='bbox 1085 5042 1373 5102; x_wconf 86' lang='lat' dir='ltr'><strong>tantopere</strong></span> <span class='ocrx_word' id='word_1_455' title='bbox 1425 5033 1628 5104; x_wconf 83' lang='lat' dir='ltr'><strong>placuit</strong></span> <span class='ocrx_word' id='word_1_456' title='bbox 1657 5033 1849 5087; x_wconf 86' lang='lat' dir='ltr'><strong>Latine</strong></span> <span class='ocrx_word' id='word_1_457' title='bbox 1886 5042 2119 5095; x_wconf 86' lang='lat' dir='ltr'><strong>tantum,</strong></span> <span class='ocrx_word' id='word_1_458' title='bbox 2170 5042 2359 5087; x_wconf 77' lang='lat' dir='ltr'><strong>extera</strong></span> <span class='ocrx_word' id='word_1_459' title='bbox 2392 5033 2602 5102; x_wconf 75' lang='lat' dir='ltr'><strong>lingua,</strong></span> <span class='ocrx_word' id='word_1_460' title='bbox 2636 5032 2845 5086; x_wconf 89' lang='lat' dir='ltr'><strong>auctori</strong></span> <span class='ocrx_word' id='word_1_461' title='bbox 2886 5046 2985 5084; x_wconf 90' lang='lat' dir='ltr'><strong>suo</strong></span> <span class='ocrx_word' id='word_1_462' title='bbox 3017 5029 3171 5099; x_wconf 91' lang='lat' dir='ltr'><strong>plane</strong></span> <span class='ocrx_word' id='word_1_463' title='bbox 3208 5030 3416 5099; x_wconf 78' lang='lat' dir='ltr'><strong>ignota,</strong></span> <span class='ocrx_word' id='word_1_464' title='bbox 3460 5037 3660 5096; x_wconf 89' lang='lat' dir='ltr'><strong>quanto</strong></span> 
     </span>
    </p>
   </div>
   <div class='ocr_carea' id='block_1_42' title="bbox 422 5117 3658 5194">
    <p class='ocr_par' dir='ltr' id='par_1_42' title="bbox 422 5117 3658 5194">
     <span class='ocr_line' id='line_1_42' title="bbox 422 5117 3658 5194; baseline 0.001 -24"><span class='ocrx_word' id='word_1_465' title='bbox 422 5119 621 5189; x_wconf 78' lang='lat' dir='ltr'><strong>utagis.</strong></span> <span class='ocrx_word' id='word_1_466' title='bbox 660 5130 843 5189; x_wconf 87' lang='lat' dir='ltr'><strong>putas,</strong></span> <span class='ocrx_word' id='word_1_467' title='bbox 881 5122 933 5175; x_wconf 85' lang='lat' dir='ltr'><strong>id</strong></span> <span class='ocrx_word' id='word_1_468' title='bbox 970 5124 1205 5193; x_wconf 85' lang='lat' dir='ltr'><strong>placebit</strong></span> <span class='ocrx_word' id='word_1_469' title='bbox 1238 5124 1424 5179; x_wconf 65' lang='lat' dir='ltr'><strong>Graeca</strong></span> <span class='ocrx_word' id='word_1_470' title='bbox 1460 5126 1663 5194; x_wconf 80' lang='lat' dir='ltr'><strong>lingua,</strong></span> <span class='ocrx_word' id='word_1_471' title='bbox 1695 5139 1800 5192; x_wconf 84' lang='lat' dir='ltr'><strong>qua</strong></span> <span class='ocrx_word' id='word_1_472' title='bbox 1835 5131 2026 5177; x_wconf 90' lang='lat' dir='ltr'><strong>auctor</strong></span> <span class='ocrx_word' id='word_1_473' title='bbox 2058 5123 2312 5193; x_wconf 76' lang='lat' dir='ltr'><strong>egregius</strong></span> <span class='ocrx_word' id='word_1_474' title='bbox 2345 5122 2614 5193; x_wconf 86' lang='lat' dir='ltr'><strong>scripsit?</strong></span> <span class='ocrx_word' id='word_1_475' title='bbox 2645 5122 2783 5177; x_wconf 90' lang='lat' dir='ltr'><strong>Cum</strong></span> <span class='ocrx_word' id='word_1_476' title='bbox 2823 5120 3016 5174; x_wconf 89' lang='lat' dir='ltr'><strong>Latina</strong></span> <span class='ocrx_word' id='word_1_477' title='bbox 3051 5120 3213 5174; x_wconf 77' lang='lat' dir='ltr'><strong>verba</strong></span> <span class='ocrx_word' id='word_1_478' title='bbox 3246 5120 3403 5188; x_wconf 70' lang='lat' dir='ltr'><strong>legis,</strong></span> <span class='ocrx_word' id='word_1_479' title='bbox 3438 5117 3658 5173; x_wconf 84' lang='lat' dir='ltr'><strong>Saulqu</strong></span> 
     </span>
    </p>
   </div>
   <div class='ocr_carea' id='block_1_43' title="bbox 421 5210 3658 5287">
    <p class='ocr_par' dir='ltr' id='par_1_43' title="bbox 421 5210 3658 5287">
     <span class='ocr_line' id='line_1_43' title="bbox 421 5210 3658 5287; baseline 0.001 -24"><span class='ocrx_word' id='word_1_480' title='bbox 421 5210 620 5278; x_wconf 83' lang='lat' dir='ltr'><strong>audis;</strong></span> <span class='ocrx_word' id='word_1_481' title='bbox 656 5228 777 5267; x_wconf 88' lang='lat' dir='ltr'><strong>cum</strong></span> <span class='ocrx_word' id='word_1_482' title='bbox 823 5214 1047 5279; x_wconf 65' lang='lat' dir='ltr'><strong>Graeca,</strong></span> <span class='ocrx_word' id='word_1_483' title='bbox 1078 5216 1437 5285; x_wconf 83' lang='lat' dir='ltr'><strong>Zigabenum.</strong></span> <span class='ocrx_word' id='word_1_484' title='bbox 1471 5216 1706 5272; x_wconf 84' lang='lat' dir='ltr'><strong>Tantum</strong></span> <span class='ocrx_word' id='word_1_485' title='bbox 1761 5231 1928 5287; x_wconf 90' lang='lat' dir='ltr'><strong>porro</strong></span> <span class='ocrx_word' id='word_1_486' title='bbox 1955 5215 2098 5269; x_wconf 88' lang='lat' dir='ltr'><strong>inter</strong></span> <span class='ocrx_word' id='word_1_487' title='bbox 2135 5215 2239 5271; x_wconf 82' lang='lat' dir='ltr'><strong>hoc</strong></span> <span class='ocrx_word' id='word_1_488' title='bbox 2279 5224 2441 5286; x_wconf 89' lang='lat' dir='ltr'><strong>atque</strong></span> <span class='ocrx_word' id='word_1_489' title='bbox 2473 5216 2601 5270; x_wconf 92' lang='lat' dir='ltr'><strong>illud</strong></span> <span class='ocrx_word' id='word_1_490' title='bbox 2648 5216 2898 5279; x_wconf 81' lang='lat' dir='ltr'><strong>interest,</strong></span> <span class='ocrx_word' id='word_1_491' title='bbox 2932 5222 3190 5283; x_wconf 90' lang='lat' dir='ltr'><strong>quantum</strong></span> <span class='ocrx_word' id='word_1_492' title='bbox 3216 5214 3356 5268; x_wconf 91' lang='lat' dir='ltr'><strong>inter</strong></span> <span class='ocrx_word' id='word_1_493' title='bbox 3387 5213 3658 5266; x_wconf 86' lang='lat' dir='ltr'><strong>hominem</strong></span> 
     </span>
    </p>
   </div>
   <div class='ocr_carea' id='block_1_44' title="bbox 423 5302 3664 5379">
    <p class='ocr_par' dir='ltr' id='par_1_44' title="bbox 423 5302 3664 5379">
     <span class='ocr_line' id='line_1_44' title="bbox 423 5302 3664 5379; baseline 0.002 -28"><span class='ocrx_word' id='word_1_494' title='bbox 423 5302 661 5366; x_wconf 87' lang='lat' dir='ltr'><strong>intersit,</strong></span> <span class='ocrx_word' id='word_1_495' title='bbox 691 5314 745 5357; x_wconf 90' lang='lat' dir='ltr'><strong>et</strong></span> <span class='ocrx_word' id='word_1_496' title='bbox 771 5305 891 5373; x_wconf 87' lang='lat' dir='ltr'><strong>ejus</strong></span> <span class='ocrx_word' id='word_1_497' title='bbox 922 5307 1237 5377; x_wconf 74' lang='lat' dir='ltr'><strong>imaginem,</strong></span> <span class='ocrx_word' id='word_1_498' title='bbox 1270 5324 1389 5378; x_wconf 69' lang='lat' dir='ltr'><strong>quae</strong></span> <span class='ocrx_word' id='word_1_499' title='bbox 1420 5308 1471 5362; x_wconf 90' lang='lat' dir='ltr'><strong>in</strong></span> <span class='ocrx_word' id='word_1_500' title='bbox 1499 5310 1721 5378; x_wconf 87' lang='lat' dir='ltr'><strong>speculo</strong></span> <span class='ocrx_word' id='word_1_501' title='bbox 1752 5317 2200 5375; x_wconf 83' lang='lat' dir='ltr'><strong>repracsentatur.</strong></span> <span class='ocrx_word' id='word_1_502' title='bbox 2227 5309 2303 5362; x_wconf 80' lang='lat' dir='ltr'><strong>Ex</strong></span> <span class='ocrx_word' id='word_1_503' title='bbox 2342 5308 2564 5378; x_wconf 81' lang='lat' dir='ltr'><strong>Optimis</strong></span> <span class='ocrx_word' id='word_1_504' title='bbox 2592 5324 2756 5379; x_wconf 88' lang='lat' dir='ltr'><strong>porro</strong></span> <span class='ocrx_word' id='word_1_505' title='bbox 2785 5307 3028 5363; x_wconf 84' lang='lat' dir='ltr'><strong>fontibus</strong></span> <span class='ocrx_word' id='word_1_506' title='bbox 3064 5307 3241 5362; x_wconf 88' lang='lat' dir='ltr'><strong>hausit</strong></span> <span class='ocrx_word' id='word_1_507' title='bbox 3265 5314 3456 5360; x_wconf 90' lang='lat' dir='ltr'><strong>auctor</strong></span> <span class='ocrx_word' id='word_1_508' title='bbox 3480 5316 3664 5360; x_wconf 88' lang='lat' dir='ltr'><strong>noster</strong></span> 
     </span>
    </p>
   </div>
   <div class='ocr_carea' id='block_1_45' title="bbox 422 5399 3662 5475">
    <p class='ocr_par' dir='ltr' id='par_1_45' title="bbox 422 5399 3662 5475">
     <span class='ocr_line' id='line_1_45' title="bbox 422 5399 3662 5475; baseline 0 -25"><span class='ocrx_word' id='word_1_509' title='bbox 422 5399 698 5466; x_wconf 71' lang='lat' dir='ltr'><strong>egregius,</strong></span> <span class='ocrx_word' id='word_1_510' title='bbox 732 5410 789 5451; x_wconf 91' lang='lat' dir='ltr'><strong>ut</strong></span> <span class='ocrx_word' id='word_1_511' title='bbox 818 5403 1151 5467; x_wconf 83' lang='lat' dir='ltr'><strong>experientia</strong></span> <span class='ocrx_word' id='word_1_512' title='bbox 1180 5405 1324 5458; x_wconf 90' lang='lat' dir='ltr'><strong>docti</strong></span> <span class='ocrx_word' id='word_1_513' title='bbox 1381 5413 1721 5475; x_wconf 88' lang='lat' dir='ltr'><strong>compertum</strong></span> <span class='ocrx_word' id='word_1_514' title='bbox 1787 5403 2071 5456; x_wconf 85' lang='lat' dir='ltr'><strong>habemus.</strong></span> <span class='ocrx_word' id='word_1_515' title='bbox 2098 5403 2363 5457; x_wconf 72' lang='lat' dir='ltr'><strong>Praeclare</strong></span> <span class='ocrx_word' id='word_1_516' title='bbox 2395 5404 2613 5471; x_wconf 81' lang='lat' dir='ltr'><strong>quidem</strong></span> <span class='ocrx_word' id='word_1_517' title='bbox 2650 5404 2695 5458; x_wconf 88' lang='lat' dir='ltr'><strong>is</strong></span> <span class='ocrx_word' id='word_1_518' title='bbox 2727 5403 2950 5459; x_wconf 88' lang='lat' dir='ltr'><strong>disserit</strong></span> <span class='ocrx_word' id='word_1_519' title='bbox 2982 5404 3035 5457; x_wconf 90' lang='lat' dir='ltr'><strong>in</strong></span> <span class='ocrx_word' id='word_1_520' title='bbox 3061 5400 3388 5456; x_wconf 79' lang='lat' dir='ltr'><strong>versiculum</strong></span> <span class='ocrx_word' id='word_1_521' title='bbox 3425 5400 3662 5469; x_wconf 88' lang='lat' dir='ltr'><strong>primum</strong></span> 
     </span>
    </p>
   </div>
   <div class='ocr_carea' id='block_1_46' title="bbox 423 5488 3664 5565">
    <p class='ocr_par' dir='ltr' id='par_1_46' title="bbox 423 5488 3664 5565">
     <span class='ocr_line' id='line_1_46' title="bbox 423 5488 3664 5565; baseline 0.002 -26"><span class='ocrx_word' id='word_1_522' title='bbox 423 5489 616 5553; x_wconf 83' lang='lat' dir='ltr'><strong>psalmi</strong></span> <span class='ocrx_word' id='word_1_523' title='bbox 648 5488 805 5556; x_wconf 89' lang='lat' dir='ltr'><strong>primi</strong></span> <span class='ocrx_word' id='word_1_524' title='bbox 839 5488 1035 5543; x_wconf 72' lang='lat' dir='ltr'><strong>Beatus</strong></span> <span class='ocrx_word' id='word_1_525' title='bbox 1066 5492 1166 5558; x_wconf 81' lang='lat' dir='ltr'><strong>vir,</strong></span> <span class='ocrx_word' id='word_1_526' title='bbox 1199 5492 1401 5549; x_wconf 89' lang='lat' dir='ltr'><strong>docens</strong></span> <span class='ocrx_word' id='word_1_527' title='bbox 1440 5510 1534 5562; x_wconf 91' lang='lat' dir='ltr'><strong>per</strong></span> <span class='ocrx_word' id='word_1_528' title='bbox 1576 5494 1751 5547; x_wconf 81' lang='lat' dir='ltr'><strong>virum</strong></span> <span class='ocrx_word' id='word_1_529' title='bbox 1787 5508 1891 5545; x_wconf 91' lang='lat' dir='ltr'><strong>non</strong></span> <span class='ocrx_word' id='word_1_530' title='bbox 1923 5491 2143 5544; x_wconf 79' lang='lat' dir='ltr'><strong>excludi</strong></span> <span class='ocrx_word' id='word_1_531' title='bbox 2180 5492 2458 5545; x_wconf 89' lang='lat' dir='ltr'><strong>mulierem</strong></span> <span class='ocrx_word' id='word_1_532' title='bbox 2487 5510 2501 5559; x_wconf 90' lang='lat'><strong>;</strong></span> <span class='ocrx_word' id='word_1_533' title='bbox 2531 5506 2587 5547; x_wconf 91' lang='lat' dir='ltr'><strong>at</strong></span> <span class='ocrx_word' id='word_1_534' title='bbox 2618 5493 2755 5559; x_wconf 57' lang='lat' dir='ltr'><strong>haec,</strong></span> <span class='ocrx_word' id='word_1_535' title='bbox 2787 5505 2845 5549; x_wconf 88' lang='lat' dir='ltr'><strong>ut</strong></span> <span class='ocrx_word' id='word_1_536' title='bbox 2878 5494 3137 5565; x_wconf 86' lang='lat' dir='ltr'><strong>pleraque</strong></span> <span class='ocrx_word' id='word_1_537' title='bbox 3170 5494 3296 5560; x_wconf 85' lang='lat' dir='ltr'><strong>alia,</strong></span> <span class='ocrx_word' id='word_1_538' title='bbox 3331 5491 3664 5561; x_wconf 80' lang='lat' dir='ltr'><strong>deprompsit</strong></span> 
     </span>
    </p>
   </div>
   <div class='ocr_carea' id='block_1_47' title="bbox 484 5685 2585 5753">
    <p class='ocr_par' dir='ltr' id='par_1_47' title="bbox 484 5685 2585 5753">
     <span class='ocr_line' id='line_1_47' title="bbox 484 5685 2585 5753; baseline 0.006 -22"><span class='ocrx_word' id='word_1_539' title='bbox 484 5686 553 5743; x_wconf 88' lang='lat' dir='ltr'><strong>(a)</strong></span> <span class='ocrx_word' id='word_1_540' title='bbox 589 5685 696 5746; x_wconf 77' lang='lat' dir='ltr'><strong>Opp</strong></span> <span class='ocrx_word' id='word_1_541' title='bbox 751 5689 1127 5753; x_wconf 69' lang='lat' dir='ltr'><strong>Theophylacti,</strong></span> <span class='ocrx_word' id='word_1_542' title='bbox 1156 5695 1333 5744; x_wconf 72' lang='lat' dir='ltr'><strong>Venet.</strong></span> <span class='ocrx_word' id='word_1_543' title='bbox 1364 5695 1581 5743; x_wconf 27' lang='lat'><strong>1759.05.</strong></span> <span class='ocrx_word' id='word_1_544' title='bbox 1619 5721 1666 5729; x_wconf 87' lang='lat'><strong>—-</strong></span> <span class='ocrx_word' id='word_1_545' title='bbox 1696 5691 1992 5751; x_wconf 74' lang='lat' dir='ltr'><strong>Putroloqim</strong></span> <span class='ocrx_word' id='word_1_546' title='bbox 2024 5698 2140 5741; x_wconf 89' lang='lat' dir='ltr'><strong>tom.</strong></span> <span class='ocrx_word' id='word_1_547' title='bbox 2172 5692 2585 5744; x_wconf 68' lang='lat' dir='ltr'><strong>CXXIII—CXXVI.</strong></span> 
     </span>
    </p>
   </div>
  </div>
