4090 6212
400 325 466 387 37
1744 313 2331 377 PROLEGOMENA.
3587 305 3659 369 38

402 452 467 490 cs
512 436 717 492 Basilio
749 434 852 504 (a),
890 434 974 490 vel
1027 433 1394 490 Theodorcto.
1423 432 1573 488 Scite
1607 431 1749 487 idem
1785 432 2180 500 interpretatur
2213 425 2539 481 versiculum
2573 427 2796 482 tertium
2841 437 2894 482 et
2929 441 3134 482 nouum
3164 425 3358 496 psalmi
3397 423 3654 488 secundi,

406 523 796 595 Dirumpamus
819 524 1028 577 vincula
1057 542 1237 579 eorum
1264 541 1281 578 :
1317 541 1462 594 reges
1499 540 1585 577 eos
1610 524 1661 576 in
1694 523 1838 592 virga
1862 521 2055 590 ferrea,
2095 535 2192 587 per
2221 518 2491 572 \inculum
2523 517 2807 572 Judaicam
2834 519 3028 587 legem,
3058 533 3155 588 per
3185 515 3390 587 virgam
3428 528 3652 570 crucem

406 618 724 688 intelligens
767 625 864 672 :at
901 617 1034 682 hcc,
1072 629 1130 673 ut
1176 619 1278 672 alia
1314 621 1452 673 bene
1480 617 1670 680 multa,
1727 613 2063 683 deprompsit
2109 628 2174 666 ex
2227 626 2424 680 magno
2455 612 2751 666 Athanasio
2787 613 2881 680 (ὁ).
2914 612 3143 682 Egregie
3173 625 3391 680 quoque
3425 607 3656 662 disserit

411 716 479 769 de
537 723 744 783 septem
801 728 1081 768 sacrarum
1121 715 1532 784 Scripturarum
1565 713 1920 774 editionibus,
1950 725 2058 778 quo
2097 723 2326 776 qumque
2360 716 2627 775 tempore,
2659 718 2710 761 et
2741 723 2768 758 a
2803 722 2910 776 quo
2943 707 3161 774 scriptae
3191 705 3417 757 fuerint.
3447 701 3645 756 Verum

410 808 526 862 haec
560 806 865 875 desumpsit
893 822 960 859 ex
995 816 1223 861 auclore
1250 806 1574 876 Syuopseos,
1636 820 1760 874 qua:
1789 817 1983 874 magno
2011 799 2184 855 cidem
2219 799 2524 852 Athanasio
2551 799 2831 852 tribuitur.
2856 798 2985 862 Quae
3011 813 3138 851 vero
3163 797 3230 850 de
3264 793 3550 850 Psalterio.
3592 790 3660 844 de

411 903 536 968 ode,
583 903 653 957 de
693 901 1081 969 diapsahuate,
1147 903 1212 956 de
1266 903 1478 956 caeteris
1517 903 1770 956 edisserit
1798 900 1850 953 in
1889 896 2156 966 prooemio
2199 894 2534 962 Zigabeuus,
2563 909 2650 956 ea,
2681 905 2738 946 ut
2769 896 2871 947 alia
2911 892 3216 961 complura,
3250 887 3534 951 αὑτολεξεὶ
3563 889 3662 939 (le-

415 994 690 1062 prompsit
718 1009 780 1047 ex
810 991 1032 1047 Eusebii
1058 991 1689 1064 Patnphiliargumento,
1728 991 2061 1059 reliquisque
2087 987 2500 1041 commentariis
2536 986 2589 1039 iu
2621 986 2878 1040 Psalmos.
2918 985 3180 1049 Quoniam
3213 992 3390 1035 autem
3419 981 3473 1034 in
3511 980 3662 1033 hunc

414 1089 595 1140 locum
641 1087 950 1147 incidimus,
989 1098 1168 1152 opera:
1198 1086 1430 1153 pretium
1461 1087 1719 1140 ducimus
1757 1084 1843 1137 hic
1892 1083 2156 1136 exhibere
2197 1079 2505 1150 argumenti
2569 1079 2744 1147 ipsius
2776 1078 3014 1141 initium,
3044 1074 3188 1144 quod
3218 1073 3272 1126 in
3304 1072 3663 1128 celeberrima

421 1179 709 1232 clarissimi
754 1175 1148 1232 Montl'auconii
1196 1176 1436 1230 editione
1485 1174 1848 1230 desideratur.
1899 1173 1954 1226 ld
2009 1181 2189 1225 autem
2235 1169 2632 1238 exscripsimus
2659 1184 2722 1222 cx
2758 1169 3134 1249 vetustissimo
3158 1171 3345 1223 codice
3390 1160 3663 1219 Bernardi

419 1267 791 1328 Nani..Veneti
820 1269 1117 1331 senatoris,
1144 1284 1316 1338 nuper
1365 1267 1522 1337 (proh
1554 1267 1711 1322 dolor
1737 1267 1750 1319 l
1775 1267 1792 1333 )
1816 1264 1928 1319 lato
1965 1264 2162 1326 l'uncti,
2227 1265 2294 1318 de
2330 1279 2388 1316 re
2411 1261 2675 1316 litteraria
2715 1261 2922 1330 optime
2958 1260 3160 1324 meriti,
3190 1261 3283 1332 qui
3316 1275 3436 1316 cum
3466 1257 3665 1310 multos

413 1358 652 1426 undique
681 1355 904 1412 codices
940 1357 1328 1426 conquisisset,
1356 1372 1520 1426 opera
1558 1354 1744 1409 Jacobi
1773 1354 1981 1417 fratris,
2012 1354 2219 1407 strenui
2251 1352 2374 1418 viri,
2407 1352 2621 1406 navium
2655 1351 2916 1420 przel'ecti,
2942 1365 3038 1405 eos
3073 1352 3228 1417 mihi,
3268 1360 3525 1418 tanquam
3552 1365 3663 1403 rem

410 1467 610 1509 meatu,
641 1449 874 1505 utendos
907 1449 1302 1506 humanissime
1327 1452 1620 1507 concessit.
1664 1449 1737 1503 Ex
1765 1450 1849 1503 his
1898 1450 2080 1520 itaque
2104 1449 2406 1517 codicibus,
2446 1449 2537 1518 qui
2563 1462 2790 1502 numero
2828 1444 3020 1499 XXXII
3050 1455 3293 1514 notatur,
3328 1447 3408 1503 sic
3441 1444 3665 1502 Eusebii

409 1553 790 1611 argumentum
823 1543 874 1595 in
901 1541 1143 1599 PSalmos
1168 1544 1390 1599 exhibet
1414 1560 1426 1594 :

1427 1637 1740 1702 Ὑπόθεσις
1774 1636 2069 1690 Εὺσεόίου
2099 1638 2190 1698 εἰς
2217 1634 2282 1688 τὸ
2312 1635 2655 1705 Διὰψαλμα.

479 1725 750 1788 Πολλάκις
778 1725 1019 1798 ζητήσας
1038 1731 1136 1800 τὴν
1159 1731 1339 1782 αἰτίαν
1359 1729 1451 1783 τοῦ
1478 1731 1880 1800 ἐπιγράφεσθαι
1913 1729 2119 1801 μεταξύ
2149 1747 2312 1782 τινων
2338 1729 2572 1799 ψαλμῶν
2595 1727 2900 1798 διάψαλμα,
2921 1726 3145 1797 ὕστερον
3176 1727 3580 1798 παρατηρήσας
3603 1727 3662 1778 ἐν

405 1815 483 1884 τῷ
520 1816 820 1887 Ἐσραῖκῷ,
853 1820 946 1873 καὶ
983 1821 1348 1886 συνεξετάσας
1379 1821 1529 1892 αὐτῷ
1555 1823 1616 1875 τὸ
1658 1821 1993 1893 Ἑλληνικὸν,
2019 1817 2200 1892 εὖρον,
2232 1821 2466 1874 ὃτιόπου
2515 1821 2796 1892 Ἐϐραϊστὶ
2823 1819 2934 1883 σὲλ,
2983 1819 3288 1889 Ἑλληνιστὶ
3311 1819 3366 1871 δὲ
3397 1818 3510 1882 ἀεὶ,
3539 1821 3664 1890 ἦτοι

408 1910 637 1980 τοιούτῳ
663 1911 1045 1983 ἰσοδυναμοῦν,
1073 1917 1190 1968 ἐκεῖ
1210 1916 1260 1968 οἱ
1288 1911 1365 1982 Ο’,
1390 1917 1486 1969 καὶ
1510 1915 1828 1980 Θεοδοτίων,
1849 1914 1945 1970 καὶ
1969 1914 2268 1985 Σύμμαχος
2289 1915 2487 1981 ἔταξαν
2514 1914 2576 1967 τὸ
2597 1913 2900 1984 διάψαλμα.
2935 1911 3222 1983 Ἕγραψαν
3251 1911 3430 1965 τοίνυν
3457 1913 3518 1966 τὸ
3546 1913 3664 1966 διά-

408 2005 602 2073 ψαὶμα
632 2025 686 2059 κ.
725 2025 778 2060 τ.
819 2007 870 2060 λ.

491 2096 620 2150 llaec
649 2097 811 2153 divus
844 2097 1214 2170 Hieronymus
1243 2099 1314 2169 (c)
1352 2100 1425 2154 ita
1450 2099 1646 2153 Latine
1675 2099 1935 2152 reddidit.

497 2204 513 2235 ι
553 2187 710 2253 Sa‘pe
739 2203 989 2256 quaerens
1017 2203 1241 2252 causas,
1279 2205 1375 2241 cur
1400 2189 1453 2241 in
1480 2188 1809 2257 quibusdam
1868 2186 2094 2255 psalmis
2138 2186 2516 2256 interponatur
2551 2186 2879 2252 diapsalma,
2940 2187 3226 2241 observavi
3262 2185 3674 2254 diligentissime

423 2277 478 2326 iu
549 2274 798 2341 Hebraeo,
836 2286 888 2332 et
948 2293 1073 2333 cum
1127 2275 1319 2333 Graeco
1377 2280 1607 2343 contuli,
1670 2279 1965 2348 iuvenique
2010 2282 2138 2348 quia
2189 2279 2280 2332 ubi
2317 2279 2495 2348 lingua
2533 2277 2759 2332 Hebraea
2802 2277 2926 2332 Scia
2957 2279 3078 2348 (ms.
3114 2278 3226 2346 Sel)
3280 2279 3458 2342 habet,
3489 2279 3675 2334 Grzt'm

425 2382 555 2419 vero
603 2385 824 2434 semper,
873 2378 965 2422 aut
1020 2370 1226 2438 aliquid
1263 2369 1594 2434 istiusmodi,
1641 2369 1712 2422 ibi
1758 2368 2138 2440 Septuaginta,
2174 2379 2226 2423 et
2250 2368 2612 2433 Theodotion,
2647 2378 2702 2423 et
2734 2367 3096 2440 Symmachus
3126 2370 3520 2424 transtulerunt
3557 2372 3671 2422 dia-

416 2459 642 2523 psalma.
669 2480 687 2511 ι

491 2553 612 2608 llaec
649 2555 937 2616 Eusebius.
967 2555 1034 2610 ab
1065 2555 1300 2626 Origene
1329 2563 1608 2610 mutuatus
1638 2555 1703 2609 ad
1733 2555 1983 2608 verbum.
2010 2554 2066 2608 ld
2101 2564 2280 2609 autem
2312 2553 2677 2611 libentissime
2723 2555 2939 2622 damus,
2981 2570 3154 2626 eoque
3194 2557 3356 2611 etiam
3393 2558 3674 2618 libentius.

417 2651 560 2716 quod
592 2647 807 2703 Eusebii
848 2650 1066 2703 nomine
1100 2648 1640 2717 nondumvulgatum
1681 2655 1787 2710 est,
1826 2647 2081 2716 quodque
2104 2655 2218 2699 tum
2261 2644 2520 2710 Eusebio,
2561 2655 2674 2699 tum
2722 2647 3042 2718 Euthymio,
3072 2657 3187 2702 tum
3222 2652 3385 2704 etiam
3429 2650 3673 2724 Origeni.

420 2736 566 2789 unde
593 2749 869 2806 sumptum
909 2747 1016 2802 est,
1057 2739 1384 2792 illustrando
1439 2738 1731 2807 plurimum
1765 2736 2000 2792 c0nlcrt.
2025 2735 2101 2789 Ex
2133 2737 2218 2792 his
2253 2737 2419 2808 igitur
2469 2740 2727 2794 omnibus
2764 2739 2948 2794 hausit
2983 2739 3314 2808 Zigabeuus,
3367 2758 3466 2794 nec
3496 2760 3556 2795 ex
3589 2745 3674 2796 his

419 2829 619 2892 Sultttlt,
656 2829 749 2883 sed
781 2831 946 2882 etiam
981 2844 1047 2881 ex
1088 2828 1235 2888 aliis,
1267 2841 1500 2896 quorum
1533 2840 1696 2895 opera
1731 2835 1827 2879 aut
1879 2826 2300 2889 interciderunt,
2333 2837 2425 2879 aut
2454 2828 2506 2880 in
2547 2827 2893 2882 bibliothecis
2922 2833 3298 2898 manuscripts
3324 2832 3675 2887 tlt‘litt'senm.

429 2921 591 2990 Lege,
636 2921 680 2973 si
713 2923 910 2988 placet.
943 2919 1196 2989 Origenis
1221 2918 1510 2987 Exegetica
1538 2920 1592 2971 in
1623 2918 1892 2976 Psalmos.
1929 2931 2191 2986 percurre
2221 2915 2406 2970 Basilii
2431 2918 2896 2985 Commentarios,
2932 2921 3151 2975 revolve
3185 2920 3446 2992 Ilesyehii
3481 2923 3678 2976 Hiero-

427 3014 739 3084 sulyutitani
775 3012 1034 3075 Scholia;
1064 3012 1150 3066 adi
1182 3012 1242 3065 b'.
1271 3011 1540 3065 Joannem
1573 3010 2046 3080 Chrysostomum,
2087 3009 2144 3064 S.
2183 3008 2445 3079 Cyrillum
2479 3010 2933 3078 Alexandrinum,
2964 3022 3192 3066 caeteros
3216 3011 3270 3066 in
3309 3016 3490 3068 aureis
3512 3016 3681 3068 (Zale-

429 3109 514 3162 nis
549 3107 939 3175 manuscriptis
972 3106 1174 3161 Graecae
1203 3106 1263 3160 D.
1296 3105 1461 3160 Marci
1501 3104 1865 3166 bibliothecae,
1895 3119 1958 3157 ex
1991 3103 2190 3173 quibus
2217 3104 2473 3159 omnibus
2505 3105 2672 3158 multa
2705 3105 3040 3176 Zigabenum
3075 3105 3488 3178 deprompsisse
3515 3125 3674 3164 com-

426 3199 627 3270 perics.
654 3196 790 3251 Cum
825 3199 1010 3268 itaque
1027 3196 1484 3265 praestantissimo
1513 3196 1733 3266 ingenio
1756 3194 2170 3264 sitligabenus,
2197 3209 2321 3247 cum
2351 3209 2414 3248 ex
2446 3195 2666 3264 optimis
2701 3197 2817 3266 ipse
2841 3195 3086 3253 fontibus
3123 3198 3389 3260 hauserit,
3422 3201 3676 3270 Origene,

425 3289 749 3353 Athanasio,
778 3288 997 3343 Basilio.
1026 3287 1444 3358 Chrysostomo,
1471 3287 1765 3358 llesychio,
1803 3287 2018 3342 caeteris
2055 3302 2069 3339 :
2126 3299 2309 3348 nemo,
2342 3286 2559 3355 opinor,
2588 3289 2824 3358 amplius
2858 3291 3170 3356 mirabitur,
3203 3292 3350 3360 quod
3383 3302 3488 3346 tazu
3517 3310 3675 3362 egre-

425 3379 512 3446 gia
549 3377 661 3432 sint
691 3379 812 3446 ejus
845 3377 1251 3432 Commentaria
1286 3378 1340 3431 in
1373 3377 1646 3440 Psalmos,
1679 3376 1936 3447 quodque
1976 3379 2109 3434 viris
2138 3381 2372 3437 eruditis
2429 3392 2715 3453 tantopere
2739 3399 2958 3454 semper
2984 3386 3312 3453 placuerint.
3346 3387 3498 3450 Quod
3552 3403 3675 3442 cum

424 3475 498 3526 ita
524 3475 616 3537 sit,
671 3482 1012 3544 pergratum,
1069 3472 1288 3543 Opinor,
1323 3489 1532 3544 perque
1560 3473 1862 3544 jucundum
1896 3476 2154 3532 omnibus
2186 3478 2291 3532 erit
2327 3477 2378 3532 id
2418 3494 2577 3549 opus,
2614 3479 2756 3548 quod
2791 3478 2896 3542 ipsi
2934 3480 3096 3549 primi
3128 3480 3319 3536 Graece
3348 3481 3567 3546 damus,
3599 3497 3666 3533 ea

428 3577 624 3634 nempe
661 3565 864 3634 lingua,
894 3579 998 3634 qua
1031 3565 1348 3620 auctor-hic
1377 3565 1612 3620 eximius
1647 3566 1998 3636 conscripsit.
2035 3566 2219 3637 Equo
2247 3570 2414 3640 igitur
2453 3570 2639 3625 animo
2666 3569 2792 3632 viri,
2828 3577 3099 3641 quotquot
3149 3573 3282 3627 estis
3313 3572 3364 3626 iu
3397 3573 3531 3628 orbe
3566 3584 3682 3625 ter-

429 3672 614 3712 rarum
648 3657 876 3721 eruditi,
899 3657 1087 3712 istlnec
1114 3657 1330 3727 egregia
1365 3665 1478 3711 tum
1505 3656 1916 3730 Theophylacti,
1954 3669 2068 3714 tum
2099 3661 2359 3730 Zigabeni
2389 3678 2578 3734 opera,
2603 3678 2726 3733 quae
2752 3664 2994 3719 nondum
3019 3663 3503 3734 lucemyiderunt,
3529 3666 3684 3717 εχρῆ-

430 3753 564 3823 pite.

502 3843 698 3899 Verum
729 3852 1018 3913 antequam
1053 3840 1269 3912 pml‘ari
1301 3842 1519 3909 desino,
1551 3859 1719 3896 unum
1745 3843 1928 3896 adhuc
1958 3857 2176 3902 moneo,
2209 3841 2403 3910 nempe
2425 3845 2891 3898 Commentarium
2916 3847 2971 3897 in
2998 3845 3266 3907 Psalmos,
3293 3847 3386 3912 qui
3426 3845 3482 3897 in
3516 3847 3679 3898 Cata-

439 3937 562 4006 logo
598 3937 862 3991 hbrorutn
911 3944 968 3990 et
995 3936 1500 4004 manuscriptorum
1529 3937 1874 3990 bibliothecae
1899 3932 2439 4002 Regio-Parisieusis
2479 3933 2891 4002 Theophylaeto
2927 3943 3121 3987 nostro
3151 3935 3499 3997 inscribitur,
3533 3934 3680 3988 hunc

430 4031 681 4084 eumdem
732 4041 878 4090 esse,
931 4019 1096 4094 quem
1150 4026 1240 4078 hic
1298 4024 1537 4084 edimus,
1572 4023 1849 4092 Euthymii
1885 4021 2171 4091 Zigabeni,
2199 4036 2470 4090 quemque
2512 4035 2656 4088 saepe
2678 4020 2906 4075 Parisiis
2940 4021 3296 4089 promissum,
3328 4032 3381 4078 et
3412 4024 3680 4089 nondum,

431 4136 553 4176 eum
584 4123 776 4175 tertius
804 4119 1062 4173 ederetur
1086 4123 1289 4181 tomus,
1319 4129 1348 4167 a
1381 4115 1543 4168 nobis
1573 4122 1856 4183 acceptum
1891 4113 2084 4177 fuisse,
2114 4118 2328 4167 monuit
2357 4113 2450 4183 qui
2479 4115 2533 4168 in
2565 4113 2742 4182 ipsum
2773 4111 3034 4182 praelatus
3066 4122 3149 4167 est
3175 4124 3310 4169 sect.
3345 4113 3486 4170 Xlll.
3525 4113 3688 4170 Scili-

430 4222 516 4268 cet
545 4228 608 4268 ea
667 4211 952 4281 inscriptio
998 4223 1098 4262 nos
1134 4208 1191 4262 in
1222 4222 1372 4278 spem
1406 4215 1680 4270 erexerat,
1713 4215 1932 4262 exstare
1979 4207 2214 4277 aliquem
2248 4205 2646 4277 'l‘heophylacti
2677 4205 2730 4259 in
2780 4203 3031 4261 Psalmos
3055 4207 3544 4271 Commentarium,
3574 4225 3686 4279 quo

431 4307 582 4360 istac
631 4306 802 4360 editio
834 4313 1026 4360 nostra
1090 4310 1279 4371 posset
1327 4300 1654 4369 locupletari
1691 4311 1856 4370 atque
1907 4301 2195 4370 compleri.
2235 4301 2415 4366 Quare
2449 4302 2660 4355 nullum
2690 4315 2799 4356 non
2832 4302 3071 4372 lapidem
3105 4304 3401 4368 movimus,
3446 4314 3504 4358 ut
3529 4306 3680 4360 illius

429 4405 715 4466 compotes
738 4396 1017 4452 liereums.
1056 4394 1256 4449 Verum
1289 4410 1438 4460 cum,
1471 4395 1646 4448 multo
1678 4396 1960 4463 insumpto
2009 4402 2257 4459 tempore
2297 4409 2361 4447 ac
2417 4395 2625 4461 labore,
2653 4395 2872 4450 tandem
2905 4395 3054 4450 illius
3087 4396 3276 4466 primae
3308 4396 3519 4466 pagina:
3550 4411 3686 4466 apo-

431 4492 698 4558 graphum
727 4489 795 4543 ad
838 4503 938 4543 nos
960 4488 1228 4557 perlatum
1256 4487 1733 4552 esset,collatione
1759 4486 1900 4540 facta
1935 4489 2329 4558 comperimus,
2360 4504 2424 4544 eo
2449 4491 2636 4544 codice
2659 4505 2765 4543 non
2797 4491 2946 4545 aliud
2977 4492 3273 4554 contineri,
3310 4492 3418 4547 nisi
3465 4501 3680 4548 textum

429 4578 700 4644 Gmcum,
733 4594 970 4649 eumque
997 4580 1286 4644 iueditum,
1317 4579 1710 4635 Commentarii
1745 4577 2023 4650 Euthytuii
2067 4581 2266 4648 saepius
2299 4580 2412 4649 jam
2444 4579 2639 4636 Latine
2672 4583 2830 4638 editi.
2872 4582 3010 4648 Quid
3038 4583 3422 4638 doctissimum
3457 4586 3595 4641 alias
3628 4595 3689 4641 et

431 4676 852 4732 solertissimum
875 4675 1120 4746 pradicti
1159 4676 1410 4746 Catalegi
1441 4682 1722 4730 auctorem
1754 4676 1810 4730 in
1837 4691 2080 4732 errorem
2118 4677 2422 4742 induxerit,
2480 4688 2540 4731 ut
2573 4678 2719 4732 hunc
2768 4678 3240 4734 Commentarium
3265 4679 3684 4752 Thcophylacte

431 4768 725 4832 tribueret,
759 4783 862 4824 nec
892 4767 1146 4823 divinare
1177 4782 1494 4839 possumus,
1520 4783 1694 4837 neque
1719 4767 1772 4821 id
1803 4769 2108 4838 disquirere
2138 4777 2326 4823 nostra
2352 4769 2596 4824 interest.
2630 4769 2740 4823 Hoc
2767 4782 2947 4824 tamen
2976 4786 3201 4825 mouere
3228 4786 3408 4841 opera:
3441 4776 3681 4841 pretium

432 4865 715 4928 duximus,
746 4878 813 4918 ne
842 4863 967 4933 quis
997 4862 1252 4917 eumdem
1278 4862 1594 4931 Catalogum
1627 4877 1982 4932 percurrens,
2031 4869 2201 4932 atque
2248 4863 2713 4917 Commentarium
2759 4863 2811 4916 in
2856 4862 3102 4919 l‘salmos
3147 4864 3563 4936 Theopbylacto
3602 4869 3690 4920 ἰη-

433 4954 701 5023 scriptum
743 4954 1108 5023 comperiens,
1141 4967 1376 5021 eumque
1408 4953 1460 5006 in
1497 4954 1740 5007 editione
1798 4965 1988 5007 nostra
2026 4969 2131 5008 non
2174 4954 2390 5020 videns,
2422 4964 2475 5009 et
2514 4955 2653 5008 hanc
2679 4963 2735 5008 ut
2774 4955 3152 5026 imperfectam
3205 4959 3419 5014 minore
3454 4961 3686 5014 haberet

435 5043 491 5098 in
525 5047 724 5114 pretio,
747 5054 800 5099 et
829 5060 926 5098 nos
953 5060 1052 5097 ceu
1086 5045 1140 5097 in
1177 5045 1562 5114 perquirendis
1589 5044 2024 5115 colligendisquc
2083 5045 2328 5116 ejusdem
2362 5044 2757 5117 TheOphylacti
2798 5049 3054 5116 operibus
3091 5049 3276 5106 minus
3307 5061 3595 5111 accuratus
3620 5063 3688 5102 ac

436 5136 660 5191 desides
690 5137 1118 5190 condemnaret.

513 5325 588 5396 (a)
623 5321 1048 5396 Com.iin_Psal.
1086 5323 1151 5396 ad
1181 5338 1302 5396 eum
1340 5323 1546 5396 locum.

2182 5323 2252 5393 (ε)
2285 5322 2384 5394 Ep.
2407 5323 2474 5379 ad
2507 5323 2723 5383 Marcel.
2757 5326 2820 5382 Τ.
2855 5327 2874 5380 1
2904 5328 3034 5382 edit.
3068 5327 3340 5391 Vallarsii,
3371 5341 3424 5396 p.
3458 5325 3581 5382 133.

507 5393 582 5465 (b)
606 5396 759 5449 Com.
793 5395 847 5448 in
875 5394 1019 5448 Psal.
1047 5393 1112 5446 ad
1146 5393 1327 5447 eumd.
1355 5393 1552 5448 locum.
