  <div class='ocr_page' id='page_1' title='image "/cluster/home/n/w/nwhite01/storage/ocr_20150623/128/hvd.32044073502403/025.png"; bbox 0 0 4090 6212; ppageno 0'>
   <div class='ocr_carea' id='block_1_1' title="bbox 491 302 3771 383">
    <p class='ocr_par' dir='ltr' id='par_1_1' title="bbox 491 302 3771 383">
     <span class='ocr_line' id='line_1_1' title="bbox 491 302 3771 383; baseline -0.002 -13"><span class='ocrx_word' id='word_1_1' title='bbox 1853 304 2447 365; x_wconf 79' lang='lat' dir='ltr'><strong><em>PROLEGOMENA.</em></strong></span> <span class='ocrx_word' id='word_1_2' title='bbox 3684 302 3771 383; x_wconf 72' lang='lat' dir='ltr'><strong><em>4Q</em></strong></span> 
     </span>
    </p>
   </div>
   <div class='ocr_carea' id='block_1_2' title="bbox 1573 595 2663 687">
    <p class='ocr_par' dir='ltr' id='par_1_2' title="bbox 1573 595 2663 687">
     <span class='ocr_line' id='line_1_2' title="bbox 1573 595 2663 687; baseline 0.003 -3"><span class='ocrx_word' id='word_1_3' title='bbox 1573 595 2069 685; x_wconf 87' lang='lat' dir='ltr'><strong><em>PAULINI</em></strong></span> <span class='ocrx_word' id='word_1_4' title='bbox 2148 596 2663 687; x_wconf 82' lang='lat' dir='ltr'><strong><em>TURCHII</em></strong></span> 
     </span>
    </p>
   </div>
   <div class='ocr_carea' id='block_1_3' title="bbox 847 791 3391 860">
    <p class='ocr_par' dir='ltr' id='par_1_3' title="bbox 847 791 3391 860">
     <span class='ocr_line' id='line_1_3' title="bbox 847 791 3391 860; baseline 0.002 -4"><span class='ocrx_word' id='word_1_5' title='bbox 847 794 1241 857; x_wconf 75' lang='lat' dir='ltr'><strong><em>EPISTULA</em></strong></span> <span class='ocrx_word' id='word_1_6' title='bbox 1308 791 1928 853; x_wconf 78' lang='lat' dir='ltr'><strong><em>NUNCUPATORIA</em></strong></span> <span class='ocrx_word' id='word_1_7' title='bbox 1985 793 2091 852; x_wconf 79' lang='lat' dir='ltr'><strong>AD</strong></span> <span class='ocrx_word' id='word_1_8' title='bbox 2138 791 2632 854; x_wconf 81' lang='lat' dir='ltr'><strong><em>CLEMENTEM</em></strong></span> <span class='ocrx_word' id='word_1_9' title='bbox 2706 794 3122 857; x_wconf 81' lang='lat' dir='ltr'><strong><em>SEPTIMUM</em></strong></span> <span class='ocrx_word' id='word_1_10' title='bbox 3200 798 3269 860; x_wconf 94' lang='lat' dir='ltr'><strong><em>P.</em></strong></span> <span class='ocrx_word' id='word_1_11' title='bbox 3311 800 3391 860; x_wconf 90' lang='lat' dir='ltr'><strong><em>M.</em></strong></span> 
     </span>
    </p>
   </div>
   <div class='ocr_carea' id='block_1_4' title="bbox 1634 958 2597 1037">
    <p class='ocr_par' dir='ltr' id='par_1_4' title="bbox 1634 958 2597 1037">
     <span class='ocr_line' id='line_1_4' title="bbox 1634 958 2597 1037; baseline 0.003 -17"><span class='ocrx_word' id='word_1_12' title='bbox 1634 958 1928 1020; x_wconf 82' lang='lat' dir='ltr'><strong><em>Editioni</em></strong></span> <span class='ocrx_word' id='word_1_13' title='bbox 1970 958 2211 1019; x_wconf 77' lang='lat' dir='ltr'><strong><em>Latina:</em></strong></span> <span class='ocrx_word' id='word_1_14' title='bbox 2249 960 2597 1037; x_wconf 71' lang='lat' dir='ltr'><strong><em>praemissa.</em></strong></span> 
     </span>
    </p>
   </div>
   <div class='ocr_carea' id='block_1_5' title="bbox 555 1300 3760 1381">
    <p class='ocr_par' dir='ltr' id='par_1_5' title="bbox 555 1300 3760 1381">
     <span class='ocr_line' id='line_1_5' title="bbox 555 1300 3760 1381; baseline -0.002 -14"><span class='ocrx_word' id='word_1_15' title='bbox 555 1313 648 1367; x_wconf 90' lang='lat' dir='ltr'><strong><em>Illi</em></strong></span> <span class='ocrx_word' id='word_1_16' title='bbox 682 1309 965 1381; x_wconf 75' lang='lat' dir='ltr'><strong><em>imprimis,</em></strong></span> <span class='ocrx_word' id='word_1_17' title='bbox 998 1308 1155 1362; x_wconf 82' lang='lat' dir='ltr'><strong><em>Pater</em></strong></span> <span class='ocrx_word' id='word_1_18' title='bbox 1188 1306 1507 1371; x_wconf 77' lang='lat' dir='ltr'><strong><em>beatissime,</em></strong></span> <span class='ocrx_word' id='word_1_19' title='bbox 1537 1305 1681 1359; x_wconf 91' lang='lat' dir='ltr'><strong><em>omni</em></strong></span> <span class='ocrx_word' id='word_1_20' title='bbox 1710 1305 1904 1358; x_wconf 84' lang='lat' dir='ltr'><strong><em>honore</em></strong></span> <span class='ocrx_word' id='word_1_21' title='bbox 1931 1306 2434 1374; x_wconf 87' lang='lat' dir='ltr'><strong><em>suntprosequendi,</em></strong></span> <span class='ocrx_word' id='word_1_22' title='bbox 2459 1304 2550 1375; x_wconf 93' lang='lat' dir='ltr'><strong><em>qui</em></strong></span> <span class='ocrx_word' id='word_1_23' title='bbox 2574 1304 2748 1357; x_wconf 89' lang='lat' dir='ltr'><strong><em>divino</em></strong></span> <span class='ocrx_word' id='word_1_24' title='bbox 2774 1300 3007 1358; x_wconf 79' lang='lat' dir='ltr'><strong><em>Numine</em></strong></span> <span class='ocrx_word' id='word_1_25' title='bbox 3037 1304 3222 1376; x_wconf 75' lang='lat' dir='ltr'><strong><em>afflati,</em></strong></span> <span class='ocrx_word' id='word_1_26' title='bbox 3256 1315 3305 1360; x_wconf 93' lang='lat' dir='ltr'><strong><em>et</em></strong></span> <span class='ocrx_word' id='word_1_27' title='bbox 3338 1310 3535 1376; x_wconf 88' lang='lat' dir='ltr'><strong><em>proprii</em></strong></span> <span class='ocrx_word' id='word_1_28' title='bbox 3564 1308 3760 1381; x_wconf 75' lang='lat' dir='ltr'><strong><em>ingenii</em></strong></span> 
     </span>
    </p>
   </div>
   <div class='ocr_carea' id='block_1_6' title="bbox 487 1392 3758 1467">
    <p class='ocr_par' dir='ltr' id='par_1_6' title="bbox 487 1392 3758 1467">
     <span class='ocr_line' id='line_1_6' title="bbox 487 1392 3758 1467; baseline -0.002 -6"><span class='ocrx_word' id='word_1_29' title='bbox 487 1408 879 1467; x_wconf 68' lang='lat' dir='ltr'><strong><em>exercitatione,</em></strong></span> <span class='ocrx_word' id='word_1_30' title='bbox 915 1403 1094 1456; x_wconf 85' lang='lat' dir='ltr'><strong><em>divina</em></strong></span> <span class='ocrx_word' id='word_1_31' title='bbox 1127 1400 1276 1454; x_wconf 86' lang='lat' dir='ltr'><strong><em>nobis</em></strong></span> <span class='ocrx_word' id='word_1_32' title='bbox 1308 1396 1518 1452; x_wconf 78' lang='lat' dir='ltr'><strong><em>tradere</em></strong></span> <span class='ocrx_word' id='word_1_33' title='bbox 1545 1407 1861 1451; x_wconf 83' lang='lat' dir='ltr'><strong><em>curaverunt</em></strong></span> <span class='ocrx_word' id='word_1_34' title='bbox 1904 1413 1922 1450; x_wconf 94' lang='lat'><strong><em>:</em></strong></span> <span class='ocrx_word' id='word_1_35' title='bbox 1951 1398 2134 1465; x_wconf 80' lang='lat' dir='ltr'><strong><em>quales</em></strong></span> <span class='ocrx_word' id='word_1_36' title='bbox 2168 1396 2396 1466; x_wconf 83' lang='lat' dir='ltr'><strong><em>Moyses,</em></strong></span> <span class='ocrx_word' id='word_1_37' title='bbox 2434 1396 2630 1463; x_wconf 81' lang='lat' dir='ltr'><strong><em>David,</em></strong></span> <span class='ocrx_word' id='word_1_38' title='bbox 2663 1392 2860 1463; x_wconf 89' lang='lat' dir='ltr'><strong><em>Isaias,</em></strong></span> <span class='ocrx_word' id='word_1_39' title='bbox 2903 1395 3133 1460; x_wconf 79' lang='lat' dir='ltr'><strong><em>Paulus,</em></strong></span> <span class='ocrx_word' id='word_1_40' title='bbox 3176 1414 3238 1452; x_wconf 90' lang='lat' dir='ltr'><strong><em>ac</em></strong></span> <span class='ocrx_word' id='word_1_41' title='bbox 3260 1400 3439 1453; x_wconf 67' lang='lat' dir='ltr'><strong><em>ca&#39;teri</em></strong></span> <span class='ocrx_word' id='word_1_42' title='bbox 3472 1403 3758 1455; x_wconf 85' lang='lat' dir='ltr'><strong><em>canonico-</em></strong></span> 
     </span>
    </p>
   </div>
   <div class='ocr_carea' id='block_1_7' title="bbox 486 1487 3755 1563">
    <p class='ocr_par' dir='ltr' id='par_1_7' title="bbox 486 1487 3755 1563">
     <span class='ocr_line' id='line_1_7' title="bbox 486 1487 3755 1563; baseline 0 -17"><span class='ocrx_word' id='word_1_43' title='bbox 486 1516 602 1552; x_wconf 75' lang='lat' dir='ltr'><strong><em>rum</em></strong></span> <span class='ocrx_word' id='word_1_44' title='bbox 635 1497 895 1550; x_wconf 86' lang='lat' dir='ltr'><strong><em>librorum</em></strong></span> <span class='ocrx_word' id='word_1_45' title='bbox 922 1492 1205 1560; x_wconf 86' lang='lat' dir='ltr'><strong><em>scriptores</em></strong></span> <span class='ocrx_word' id='word_1_46' title='bbox 1241 1507 1258 1545; x_wconf 91' lang='lat'><strong><em>:</em></strong></span> <span class='ocrx_word' id='word_1_47' title='bbox 1295 1507 1325 1543; x_wconf 92' lang='lat' dir='ltr'><strong><em>a</em></strong></span> <span class='ocrx_word' id='word_1_48' title='bbox 1366 1491 1551 1560; x_wconf 82' lang='lat' dir='ltr'><strong><em>quibus</em></strong></span> <span class='ocrx_word' id='word_1_49' title='bbox 1584 1505 1685 1542; x_wconf 90' lang='lat' dir='ltr'><strong><em>non</em></strong></span> <span class='ocrx_word' id='word_1_50' title='bbox 1716 1490 1868 1558; x_wconf 89' lang='lat' dir='ltr'><strong><em>longe</em></strong></span> <span class='ocrx_word' id='word_1_51' title='bbox 1901 1487 2091 1540; x_wconf 87' lang='lat' dir='ltr'><strong><em>absunt</em></strong></span> <span class='ocrx_word' id='word_1_52' title='bbox 2124 1488 2220 1541; x_wconf 87' lang='lat' dir='ltr'><strong><em>alii</em></strong></span> <span class='ocrx_word' id='word_1_53' title='bbox 2254 1487 2656 1556; x_wconf 88' lang='lat' dir='ltr'><strong><em>quamplurimi,</em></strong></span> <span class='ocrx_word' id='word_1_54' title='bbox 2688 1490 2777 1557; x_wconf 89' lang='lat' dir='ltr'><strong><em>qui</em></strong></span> <span class='ocrx_word' id='word_1_55' title='bbox 2807 1489 2987 1542; x_wconf 82' lang='lat' dir='ltr'><strong><em>eodem</em></strong></span> <span class='ocrx_word' id='word_1_56' title='bbox 3029 1490 3201 1542; x_wconf 91' lang='lat' dir='ltr'><strong><em>edocti</em></strong></span> <span class='ocrx_word' id='word_1_57' title='bbox 3253 1489 3484 1559; x_wconf 76' lang='lat' dir='ltr'><strong><em>Spiritu,</em></strong></span> <span class='ocrx_word' id='word_1_58' title='bbox 3516 1510 3633 1563; x_wconf 73' lang='lat' dir='ltr'><strong><em>quae</em></strong></span> <span class='ocrx_word' id='word_1_59' title='bbox 3663 1510 3755 1561; x_wconf 89' lang='lat' dir='ltr'><strong><em>per</em></strong></span> 
     </span>
    </p>
   </div>
   <div class='ocr_carea' id='block_1_8' title="bbox 488 1583 3758 1658">
    <p class='ocr_par' dir='ltr' id='par_1_8' title="bbox 488 1583 3758 1658">
     <span class='ocr_line' id='line_1_8' title="bbox 488 1583 3758 1658; baseline -0.001 -13"><span class='ocrx_word' id='word_1_60' title='bbox 488 1593 610 1645; x_wconf 89' lang='lat' dir='ltr'><strong><em>illos</em></strong></span> <span class='ocrx_word' id='word_1_61' title='bbox 647 1589 851 1641; x_wconf 90' lang='lat' dir='ltr'><strong><em>tradita</em></strong></span> <span class='ocrx_word' id='word_1_62' title='bbox 912 1596 1053 1647; x_wconf 88' lang='lat' dir='ltr'><strong><em>sunt,</em></strong></span> <span class='ocrx_word' id='word_1_63' title='bbox 1085 1602 1180 1653; x_wconf 87' lang='lat' dir='ltr'><strong><em>pro</em></strong></span> <span class='ocrx_word' id='word_1_64' title='bbox 1204 1585 1434 1639; x_wconf 82' lang='lat' dir='ltr'><strong><em>hominis</em></strong></span> <span class='ocrx_word' id='word_1_65' title='bbox 1470 1594 1626 1651; x_wconf 87' lang='lat' dir='ltr'><strong><em>captu</em></strong></span> <span class='ocrx_word' id='word_1_66' title='bbox 1653 1583 1941 1646; x_wconf 82' lang='lat' dir='ltr'><strong><em>intellecta,</em></strong></span> <span class='ocrx_word' id='word_1_67' title='bbox 1976 1591 2031 1635; x_wconf 91' lang='lat' dir='ltr'><strong><em>ut</em></strong></span> <span class='ocrx_word' id='word_1_68' title='bbox 2058 1583 2180 1637; x_wconf 87' lang='lat' dir='ltr'><strong><em>aliis</em></strong></span> <span class='ocrx_word' id='word_1_69' title='bbox 2212 1600 2413 1652; x_wconf 90' lang='lat' dir='ltr'><strong><em>quoque</em></strong></span> <span class='ocrx_word' id='word_1_70' title='bbox 2448 1594 2617 1637; x_wconf 81' lang='lat' dir='ltr'><strong><em>essent</em></strong></span> <span class='ocrx_word' id='word_1_71' title='bbox 2649 1585 2848 1651; x_wconf 85' lang='lat' dir='ltr'><strong><em>pervia,</em></strong></span> <span class='ocrx_word' id='word_1_72' title='bbox 2892 1600 2986 1637; x_wconf 90' lang='lat' dir='ltr'><strong><em>suo</em></strong></span> <span class='ocrx_word' id='word_1_73' title='bbox 3017 1585 3222 1654; x_wconf 90' lang='lat' dir='ltr'><strong><em>ingenio</em></strong></span> <span class='ocrx_word' id='word_1_74' title='bbox 3252 1597 3301 1639; x_wconf 91' lang='lat' dir='ltr'><strong><em>et</em></strong></span> <span class='ocrx_word' id='word_1_75' title='bbox 3340 1583 3605 1642; x_wconf 77' lang='lat' dir='ltr'><strong><em>laboribus</em></strong></span> <span class='ocrx_word' id='word_1_76' title='bbox 3632 1591 3758 1658; x_wconf 81' lang='lat' dir='ltr'><strong><em>effe-</em></strong></span> 
     </span>
    </p>
   </div>
   <div class='ocr_carea' id='block_1_9' title="bbox 503 1675 3757 1752">
    <p class='ocr_par' dir='ltr' id='par_1_9' title="bbox 503 1675 3757 1752">
     <span class='ocr_line' id='line_1_9' title="bbox 503 1675 3757 1752; baseline -0.002 -14"><span class='ocrx_word' id='word_1_77' title='bbox 503 1700 621 1737; x_wconf 84' lang='lat' dir='ltr'><strong><em>cere</em></strong></span> <span class='ocrx_word' id='word_1_78' title='bbox 653 1699 672 1738; x_wconf 91' lang='lat'><strong><em>:</em></strong></span> <span class='ocrx_word' id='word_1_79' title='bbox 706 1700 796 1736; x_wconf 75' lang='lat' dir='ltr'><strong><em>ceu</em></strong></span> <span class='ocrx_word' id='word_1_80' title='bbox 839 1682 1148 1752; x_wconf 79' lang='lat' dir='ltr'><strong><em>Dionysius,</em></strong></span> <span class='ocrx_word' id='word_1_81' title='bbox 1176 1679 1524 1739; x_wconf 75' lang='lat' dir='ltr'><strong><em>Athanasius,</em></strong></span> <span class='ocrx_word' id='word_1_82' title='bbox 1566 1678 1823 1741; x_wconf 87' lang='lat' dir='ltr'><strong><em>Basilius,</em></strong></span> <span class='ocrx_word' id='word_1_83' title='bbox 1856 1675 2283 1747; x_wconf 84' lang='lat' dir='ltr'><strong><em>Chrysostomus,</em></strong></span> <span class='ocrx_word' id='word_1_84' title='bbox 2317 1676 2571 1745; x_wconf 85' lang='lat' dir='ltr'><strong><em>mullique</em></strong></span> <span class='ocrx_word' id='word_1_85' title='bbox 2601 1677 2720 1740; x_wconf 89' lang='lat' dir='ltr'><strong><em>alii,</em></strong></span> <span class='ocrx_word' id='word_1_86' title='bbox 2751 1678 2842 1747; x_wconf 92' lang='lat' dir='ltr'><strong><em>qui</em></strong></span> <span class='ocrx_word' id='word_1_87' title='bbox 2875 1677 2996 1731; x_wconf 77' lang='lat' dir='ltr'><strong><em>vita:</em></strong></span> <span class='ocrx_word' id='word_1_88' title='bbox 3028 1694 3090 1730; x_wconf 90' lang='lat' dir='ltr'><strong><em>ac</em></strong></span> <span class='ocrx_word' id='word_1_89' title='bbox 3123 1695 3329 1732; x_wconf 86' lang='lat' dir='ltr'><strong><em>morum</em></strong></span> <span class='ocrx_word' id='word_1_90' title='bbox 3357 1680 3643 1733; x_wconf 86' lang='lat' dir='ltr'><strong><em>sanctitate</em></strong></span> <span class='ocrx_word' id='word_1_91' title='bbox 3673 1682 3757 1734; x_wconf 84' lang='lat' dir='ltr'><strong><em>in-</em></strong></span> 
     </span>
    </p>
   </div>
   <div class='ocr_carea' id='block_1_10' title="bbox 485 1764 3759 1843">
    <p class='ocr_par' dir='ltr' id='par_1_10' title="bbox 485 1764 3759 1843">
     <span class='ocr_line' id='line_1_10' title="bbox 485 1764 3759 1843; baseline 0 -19"><span class='ocrx_word' id='word_1_92' title='bbox 485 1775 679 1843; x_wconf 83' lang='lat' dir='ltr'><strong><em>signes,</em></strong></span> <span class='ocrx_word' id='word_1_93' title='bbox 711 1785 757 1827; x_wconf 92' lang='lat' dir='ltr'><strong><em>et</em></strong></span> <span class='ocrx_word' id='word_1_94' title='bbox 794 1770 1202 1840; x_wconf 86' lang='lat' dir='ltr'><strong><em>incomparabili</em></strong></span> <span class='ocrx_word' id='word_1_95' title='bbox 1231 1768 1474 1823; x_wconf 87' lang='lat' dir='ltr'><strong><em>doctrina</em></strong></span> <span class='ocrx_word' id='word_1_96' title='bbox 1510 1766 1805 1834; x_wconf 87' lang='lat' dir='ltr'><strong><em>conspicui,</em></strong></span> <span class='ocrx_word' id='word_1_97' title='bbox 1843 1766 2053 1820; x_wconf 76' lang='lat' dir='ltr'><strong><em>eximiis</em></strong></span> <span class='ocrx_word' id='word_1_98' title='bbox 2078 1764 2403 1828; x_wconf 85' lang='lat' dir='ltr'><strong><em>actionibus,</em></strong></span> <span class='ocrx_word' id='word_1_99' title='bbox 2426 1765 2804 1820; x_wconf 84' lang='lat' dir='ltr'><strong><em>eruditissimis</em></strong></span> <span class='ocrx_word' id='word_1_100' title='bbox 2843 1766 2991 1820; x_wconf 81' lang='lat' dir='ltr'><strong><em>libris</em></strong></span> <span class='ocrx_word' id='word_1_101' title='bbox 3017 1784 3048 1820; x_wconf 90' lang='lat' dir='ltr'><strong><em>a</em></strong></span> <span class='ocrx_word' id='word_1_102' title='bbox 3073 1784 3126 1822; x_wconf 94' lang='lat' dir='ltr'><strong><em>se</em></strong></span> <span class='ocrx_word' id='word_1_103' title='bbox 3157 1771 3471 1835; x_wconf 83' lang='lat' dir='ltr'><strong><em>conscriptis</em></strong></span> <span class='ocrx_word' id='word_1_104' title='bbox 3495 1768 3759 1826; x_wconf 86' lang='lat' dir='ltr'><strong><em>Christia-</em></strong></span> 
     </span>
    </p>
   </div>
   <div class='ocr_carea' id='block_1_11' title="bbox 489 1856 3757 1933">
    <p class='ocr_par' dir='ltr' id='par_1_11' title="bbox 489 1856 3757 1933">
     <span class='ocr_line' id='line_1_11' title="bbox 489 1856 3757 1933; baseline -0.001 -17"><span class='ocrx_word' id='word_1_105' title='bbox 489 1882 610 1917; x_wconf 88' lang='lat' dir='ltr'><strong><em>nam</em></strong></span> <span class='ocrx_word' id='word_1_106' title='bbox 656 1882 822 1933; x_wconf 71' lang='lat' dir='ltr'><strong><em>rcmp.</em></strong></span> <span class='ocrx_word' id='word_1_107' title='bbox 863 1863 1225 1916; x_wconf 79' lang='lat' dir='ltr'><strong><em>illustrarunt.</em></strong></span> <span class='ocrx_word' id='word_1_108' title='bbox 1254 1863 1293 1915; x_wconf 83' lang='lat' dir='ltr'><strong><em>A</em></strong></span> <span class='ocrx_word' id='word_1_109' title='bbox 1336 1876 1557 1929; x_wconf 87' lang='lat' dir='ltr'><strong><em>quorum</em></strong></span> <span class='ocrx_word' id='word_1_110' title='bbox 1592 1857 1812 1913; x_wconf 82' lang='lat' dir='ltr'><strong><em>lectione</em></strong></span> <span class='ocrx_word' id='word_1_111' title='bbox 1859 1874 2113 1921; x_wconf 87' lang='lat' dir='ltr'><strong><em>cessasse,</em></strong></span> <span class='ocrx_word' id='word_1_112' title='bbox 2145 1866 2194 1911; x_wconf 94' lang='lat' dir='ltr'><strong><em>et</em></strong></span> <span class='ocrx_word' id='word_1_113' title='bbox 2222 1858 2435 1911; x_wconf 80' lang='lat' dir='ltr'><strong><em>manitis</em></strong></span> <span class='ocrx_word' id='word_1_114' title='bbox 2464 1856 2758 1920; x_wconf 85' lang='lat' dir='ltr'><strong><em>recessisse,</em></strong></span> <span class='ocrx_word' id='word_1_115' title='bbox 2791 1856 3056 1911; x_wconf 90' lang='lat' dir='ltr'><strong><em>malorum</em></strong></span> <span class='ocrx_word' id='word_1_116' title='bbox 3081 1861 3313 1913; x_wconf 91' lang='lat' dir='ltr'><strong><em>omnium</em></strong></span> <span class='ocrx_word' id='word_1_117' title='bbox 3342 1862 3555 1915; x_wconf 82' lang='lat' dir='ltr'><strong><em>occasio</em></strong></span> <span class='ocrx_word' id='word_1_118' title='bbox 3610 1861 3757 1914; x_wconf 87' lang='lat' dir='ltr'><strong><em>nobis</em></strong></span> 
     </span>
    </p>
   </div>
   <div class='ocr_carea' id='block_1_12' title="bbox 420 1954 3753 2029">
    <p class='ocr_par' dir='ltr' id='par_1_12' title="bbox 420 1954 3753 2029">
     <span class='ocr_line' id='line_1_12' title="bbox 420 1954 3753 2029; baseline -0.001 -14"><span class='ocrx_word' id='word_1_119' title='bbox 420 2002 423 2007; x_wconf 75' lang='lat'><strong><em>.</em></strong></span> <span class='ocrx_word' id='word_1_120' title='bbox 488 1962 617 2029; x_wconf 84' lang='lat' dir='ltr'><strong><em>fuit.</em></strong></span> <span class='ocrx_word' id='word_1_121' title='bbox 656 1961 796 2016; x_wconf 91' lang='lat' dir='ltr'><strong><em>IIinc</em></strong></span> <span class='ocrx_word' id='word_1_122' title='bbox 828 1962 966 2014; x_wconf 81' lang='lat' dir='ltr'><strong><em>enim</em></strong></span> <span class='ocrx_word' id='word_1_123' title='bbox 1024 1960 1286 2013; x_wconf 83' lang='lat' dir='ltr'><strong><em>innumeri</em></strong></span> <span class='ocrx_word' id='word_1_124' title='bbox 1327 1972 1532 2012; x_wconf 88' lang='lat' dir='ltr'><strong><em>errores</em></strong></span> <span class='ocrx_word' id='word_1_125' title='bbox 1561 1964 1609 2010; x_wconf 88' lang='lat' dir='ltr'><strong><em>et</em></strong></span> <span class='ocrx_word' id='word_1_126' title='bbox 1641 1956 1707 2011; x_wconf 89' lang='lat' dir='ltr'><strong><em>ha</em></strong></span> <span class='ocrx_word' id='word_1_127' title='bbox 1725 1973 1886 2020; x_wconf 89' lang='lat' dir='ltr'><strong><em>reses,</em></strong></span> <span class='ocrx_word' id='word_1_128' title='bbox 1923 1956 2043 2009; x_wconf 89' lang='lat' dir='ltr'><strong><em>hinc</em></strong></span> <span class='ocrx_word' id='word_1_129' title='bbox 2075 1955 2194 2008; x_wconf 79' lang='lat' dir='ltr'><strong><em>vita:</em></strong></span> <span class='ocrx_word' id='word_1_130' title='bbox 2232 1954 2367 2024; x_wconf 63' lang='lat' dir='ltr'><strong><em>negti</em></strong></span> <span class='ocrx_word' id='word_1_131' title='bbox 2382 1963 2520 2018; x_wconf 91' lang='lat' dir='ltr'><strong><em>ctus,</em></strong></span> <span class='ocrx_word' id='word_1_132' title='bbox 2556 1963 2884 2024; x_wconf 85' lang='lat' dir='ltr'><strong><em>contemptus</em></strong></span> <span class='ocrx_word' id='word_1_133' title='bbox 2911 1956 3189 2019; x_wconf 88' lang='lat' dir='ltr'><strong><em>virtutum,</em></strong></span> <span class='ocrx_word' id='word_1_134' title='bbox 3211 1958 3458 2011; x_wconf 90' lang='lat' dir='ltr'><strong><em>vitiorum</em></strong></span> <span class='ocrx_word' id='word_1_135' title='bbox 3491 1960 3753 2027; x_wconf 81' lang='lat' dir='ltr'><strong><em>tyrannis,</em></strong></span> 
     </span>
    </p>
   </div>
   <div class='ocr_carea' id='block_1_13' title="bbox 488 2049 3754 2125">
    <p class='ocr_par' dir='ltr' id='par_1_13' title="bbox 488 2049 3754 2125">
     <span class='ocr_line' id='line_1_13' title="bbox 488 2049 3754 2125; baseline -0.001 -16"><span class='ocrx_word' id='word_1_136' title='bbox 488 2058 709 2111; x_wconf 84' lang='lat' dir='ltr'><strong><em>initium</em></strong></span> <span class='ocrx_word' id='word_1_137' title='bbox 743 2058 950 2125; x_wconf 86' lang='lat' dir='ltr'><strong><em>pariter</em></strong></span> <span class='ocrx_word' id='word_1_138' title='bbox 978 2063 1027 2109; x_wconf 90' lang='lat' dir='ltr'><strong><em>et</em></strong></span> <span class='ocrx_word' id='word_1_139' title='bbox 1062 2056 1438 2108; x_wconf 86' lang='lat' dir='ltr'><strong><em>incrementum</em></strong></span> <span class='ocrx_word' id='word_1_140' title='bbox 1467 2067 1754 2119; x_wconf 77' lang='lat' dir='ltr'><strong><em>sumpsere.</em></strong></span> <span class='ocrx_word' id='word_1_141' title='bbox 1782 2051 1911 2118; x_wconf 83' lang='lat' dir='ltr'><strong><em>Quis</em></strong></span> <span class='ocrx_word' id='word_1_142' title='bbox 1936 2051 2076 2105; x_wconf 90' lang='lat' dir='ltr'><strong><em>enim</em></strong></span> <span class='ocrx_word' id='word_1_143' title='bbox 2107 2050 2293 2103; x_wconf 90' lang='lat' dir='ltr'><strong><em>horum</em></strong></span> <span class='ocrx_word' id='word_1_144' title='bbox 2313 2049 2524 2102; x_wconf 86' lang='lat' dir='ltr'><strong><em>lectioni</em></strong></span> <span class='ocrx_word' id='word_1_145' title='bbox 2555 2051 2808 2103; x_wconf 85' lang='lat' dir='ltr'><strong><em>attentius</em></strong></span> <span class='ocrx_word' id='word_1_146' title='bbox 2845 2066 3060 2118; x_wconf 88' lang='lat' dir='ltr'><strong><em>vacans,</em></strong></span> <span class='ocrx_word' id='word_1_147' title='bbox 3091 2052 3145 2105; x_wconf 91' lang='lat' dir='ltr'><strong><em>in</em></strong></span> <span class='ocrx_word' id='word_1_148' title='bbox 3168 2051 3273 2120; x_wconf 82' lang='lat' dir='ltr'><strong><em>ﬁde</em></strong></span> <span class='ocrx_word' id='word_1_149' title='bbox 3304 2062 3446 2108; x_wconf 91' lang='lat' dir='ltr'><strong><em>recta</em></strong></span> <span class='ocrx_word' id='word_1_150' title='bbox 3474 2069 3536 2107; x_wconf 88' lang='lat' dir='ltr'><strong><em>ac</em></strong></span> <span class='ocrx_word' id='word_1_151' title='bbox 3564 2054 3754 2118; x_wconf 86' lang='lat' dir='ltr'><strong><em>pietate</em></strong></span> 
     </span>
    </p>
   </div>
   <div class='ocr_carea' id='block_1_14' title="bbox 486 2140 3754 2221">
    <p class='ocr_par' dir='ltr' id='par_1_14' title="bbox 486 2140 3754 2221">
     <span class='ocr_line' id='line_1_14' title="bbox 486 2140 3754 2221; baseline -0 -15"><span class='ocrx_word' id='word_1_152' title='bbox 486 2168 587 2206; x_wconf 90' lang='lat' dir='ltr'><strong><em>non</em></strong></span> <span class='ocrx_word' id='word_1_153' title='bbox 643 2153 909 2221; x_wconf 81' lang='lat' dir='ltr'><strong><em>proﬁciat,</em></strong></span> <span class='ocrx_word' id='word_1_154' title='bbox 957 2151 1192 2205; x_wconf 89' lang='lat' dir='ltr'><strong><em>animum</em></strong></span> <span class='ocrx_word' id='word_1_155' title='bbox 1223 2153 1386 2211; x_wconf 88' lang='lat' dir='ltr'><strong><em>colat,</em></strong></span> <span class='ocrx_word' id='word_1_156' title='bbox 1419 2150 1740 2203; x_wconf 89' lang='lat' dir='ltr'><strong><em>charitatem</em></strong></span> <span class='ocrx_word' id='word_1_157' title='bbox 1773 2140 2147 2217; x_wconf 83' lang='lat' dir='ltr'><strong><em>prosequatur,</em></strong></span> <span class='ocrx_word' id='word_1_158' title='bbox 2188 2146 2641 2211; x_wconf 86' lang='lat' dir='ltr'><strong><em>misericordiam,</em></strong></span> <span class='ocrx_word' id='word_1_159' title='bbox 2693 2147 3092 2214; x_wconf 86' lang='lat' dir='ltr'><strong><em>liberalitatem,</em></strong></span> <span class='ocrx_word' id='word_1_160' title='bbox 3127 2150 3398 2219; x_wconf 81' lang='lat' dir='ltr'><strong><em>justitiam</em></strong></span> <span class='ocrx_word' id='word_1_161' title='bbox 3433 2161 3754 2219; x_wconf 64' lang='lat' dir='ltr'><strong><em>ceterasque</em></strong></span> 
     </span>
    </p>
   </div>
   <div class='ocr_carea' id='block_1_15' title="bbox 483 2242 3757 2317">
    <p class='ocr_par' dir='ltr' id='par_1_15' title="bbox 483 2242 3757 2317">
     <span class='ocr_line' id='line_1_15' title="bbox 483 2242 3757 2317; baseline -0.001 -13"><span class='ocrx_word' id='word_1_162' title='bbox 483 2251 700 2304; x_wconf 83' lang='lat' dir='ltr'><strong><em>virtutes</em></strong></span> <span class='ocrx_word' id='word_1_163' title='bbox 737 2251 763 2304; x_wconf 86' lang='lat'><strong><em>?</em></strong></span> <span class='ocrx_word' id='word_1_164' title='bbox 792 2248 1089 2302; x_wconf 83' lang='lat' dir='ltr'><strong><em>Avaritiam</em></strong></span> <span class='ocrx_word' id='word_1_165' title='bbox 1119 2263 1260 2313; x_wconf 91' lang='lat' dir='ltr'><strong><em>vero,</em></strong></span> <span class='ocrx_word' id='word_1_166' title='bbox 1296 2247 1575 2308; x_wconf 83' lang='lat' dir='ltr'><strong><em>invidiam,</em></strong></span> <span class='ocrx_word' id='word_1_167' title='bbox 1612 2246 1909 2310; x_wconf 78' lang='lat' dir='ltr'><strong><em>luxuriam,</em></strong></span> <span class='ocrx_word' id='word_1_168' title='bbox 1941 2243 2304 2303; x_wconf 88' lang='lat' dir='ltr'><strong><em>iracundiam,</em></strong></span> <span class='ocrx_word' id='word_1_169' title='bbox 2335 2242 2573 2312; x_wconf 90' lang='lat' dir='ltr'><strong><em>aliosque</em></strong></span> <span class='ocrx_word' id='word_1_170' title='bbox 2604 2243 2912 2312; x_wconf 89' lang='lat' dir='ltr'><strong><em>hujusmodi</em></strong></span> <span class='ocrx_word' id='word_1_171' title='bbox 2942 2248 3113 2302; x_wconf 91' lang='lat' dir='ltr'><strong><em>animi</em></strong></span> <span class='ocrx_word' id='word_1_172' title='bbox 3152 2252 3363 2303; x_wconf 88' lang='lat' dir='ltr'><strong><em>morbos</em></strong></span> <span class='ocrx_word' id='word_1_173' title='bbox 3394 2250 3561 2303; x_wconf 88' lang='lat' dir='ltr'><strong><em>multo</em></strong></span> <span class='ocrx_word' id='word_1_174' title='bbox 3588 2248 3757 2317; x_wconf 89' lang='lat' dir='ltr'><strong><em>magis</em></strong></span> 
     </span>
    </p>
   </div>
   <div class='ocr_carea' id='block_1_16' title="bbox 484 2334 3760 2408">
    <p class='ocr_par' dir='ltr' id='par_1_16' title="bbox 484 2334 3760 2408">
     <span class='ocr_line' id='line_1_16' title="bbox 484 2334 3760 2408; baseline -0.001 -13"><span class='ocrx_word' id='word_1_175' title='bbox 484 2356 644 2407; x_wconf 88' lang='lat' dir='ltr'><strong><em>quam</em></strong></span> <span class='ocrx_word' id='word_1_176' title='bbox 675 2348 939 2408; x_wconf 88' lang='lat' dir='ltr'><strong><em>serpentes</em></strong></span> <span class='ocrx_word' id='word_1_177' title='bbox 970 2355 1031 2391; x_wconf 91' lang='lat' dir='ltr'><strong><em>ac</em></strong></span> <span class='ocrx_word' id='word_1_178' title='bbox 1056 2346 1276 2391; x_wconf 88' lang='lat' dir='ltr'><strong><em>mortem</em></strong></span> <span class='ocrx_word' id='word_1_179' title='bbox 1313 2336 1535 2407; x_wconf 66' lang='lat' dir='ltr'><strong><em>fugiat]?</em></strong></span> <span class='ocrx_word' id='word_1_180' title='bbox 1566 2334 1680 2399; x_wconf 87' lang='lat' dir='ltr'><strong><em>Quo</em></strong></span> <span class='ocrx_word' id='word_1_181' title='bbox 1713 2337 1795 2403; x_wconf 75' lang='lat' dir='ltr'><strong><em>ﬁt,</em></strong></span> <span class='ocrx_word' id='word_1_182' title='bbox 1831 2344 1889 2389; x_wconf 94' lang='lat' dir='ltr'><strong><em>ut</em></strong></span> <span class='ocrx_word' id='word_1_183' title='bbox 1920 2336 2135 2390; x_wconf 90' lang='lat' dir='ltr'><strong><em>credam</em></strong></span> <span class='ocrx_word' id='word_1_184' title='bbox 2172 2334 2304 2387; x_wconf 83' lang='lat' dir='ltr'><strong><em>nihil</em></strong></span> <span class='ocrx_word' id='word_1_185' title='bbox 2338 2339 2524 2393; x_wconf 90' lang='lat' dir='ltr'><strong><em>utilius</em></strong></span> <span class='ocrx_word' id='word_1_186' title='bbox 2558 2336 2882 2395; x_wconf 76' lang='lat' dir='ltr'><strong><em>Christiana:</em></strong></span> <span class='ocrx_word' id='word_1_187' title='bbox 2918 2338 3049 2404; x_wconf 91' lang='lat' dir='ltr'><strong><em>reip.</em></strong></span> <span class='ocrx_word' id='word_1_188' title='bbox 3085 2338 3272 2405; x_wconf 79' lang='lat' dir='ltr'><strong><em>afferri</em></strong></span> <span class='ocrx_word' id='word_1_189' title='bbox 3306 2355 3479 2406; x_wconf 88' lang='lat' dir='ltr'><strong><em>posse,</em></strong></span> <span class='ocrx_word' id='word_1_190' title='bbox 3512 2355 3671 2408; x_wconf 91' lang='lat' dir='ltr'><strong><em>quam</em></strong></span> <span class='ocrx_word' id='word_1_191' title='bbox 3702 2348 3760 2392; x_wconf 91' lang='lat' dir='ltr'><strong><em>ut</em></strong></span> 
     </span>
    </p>
   </div>
   <div class='ocr_carea' id='block_1_17' title="bbox 487 2418 3760 2498">
    <p class='ocr_par' dir='ltr' id='par_1_17' title="bbox 487 2418 3760 2498">
     <span class='ocr_line' id='line_1_17' title="bbox 487 2418 3760 2498; baseline -0.001 -16"><span class='ocrx_word' id='word_1_192' title='bbox 487 2418 526 2482; x_wconf 59' lang='lat' dir='ltr'><strong><em>ii</em></strong></span> <span class='ocrx_word' id='word_1_193' title='bbox 554 2430 704 2483; x_wconf 91' lang='lat' dir='ltr'><strong><em>nobis</em></strong></span> <span class='ocrx_word' id='word_1_194' title='bbox 741 2430 1056 2494; x_wconf 83' lang='lat' dir='ltr'><strong><em>reddantur,</em></strong></span> <span class='ocrx_word' id='word_1_195' title='bbox 1112 2444 1205 2497; x_wconf 90' lang='lat' dir='ltr'><strong><em>per</em></strong></span> <span class='ocrx_word' id='word_1_196' title='bbox 1256 2444 1386 2498; x_wconf 78' lang='lat' dir='ltr'><strong><em>quos</em></strong></span> <span class='ocrx_word' id='word_1_197' title='bbox 1415 2427 1540 2481; x_wconf 89' lang='lat' dir='ltr'><strong><em>olim</em></strong></span> <span class='ocrx_word' id='word_1_198' title='bbox 1573 2428 1668 2481; x_wconf 90' lang='lat' dir='ltr'><strong><em>Dei</em></strong></span> <span class='ocrx_word' id='word_1_199' title='bbox 1703 2425 1969 2488; x_wconf 83' lang='lat' dir='ltr'><strong><em>Ecclesia,</em></strong></span> <span class='ocrx_word' id='word_1_200' title='bbox 1992 2427 2154 2480; x_wconf 90' lang='lat' dir='ltr'><strong><em>etiam</em></strong></span> <span class='ocrx_word' id='word_1_201' title='bbox 2183 2426 2319 2481; x_wconf 92' lang='lat' dir='ltr'><strong><em>inter</em></strong></span> <span class='ocrx_word' id='word_1_202' title='bbox 2357 2430 2644 2484; x_wconf 88' lang='lat' dir='ltr'><strong><em>acerrimos</em></strong></span> <span class='ocrx_word' id='word_1_203' title='bbox 2680 2428 3036 2491; x_wconf 88' lang='lat' dir='ltr'><strong><em>adversarios,</em></strong></span> <span class='ocrx_word' id='word_1_204' title='bbox 3071 2427 3286 2494; x_wconf 89' lang='lat' dir='ltr'><strong><em>pietatis</em></strong></span> <span class='ocrx_word' id='word_1_205' title='bbox 3325 2428 3592 2492; x_wconf 83' lang='lat' dir='ltr'><strong><em>doctrina,</em></strong></span> <span class='ocrx_word' id='word_1_206' title='bbox 3640 2428 3760 2479; x_wconf 78' lang='lat' dir='ltr'><strong><em>vita:</em></strong></span> 
     </span>
    </p>
   </div>
   <div class='ocr_carea' id='block_1_18' title="bbox 488 2516 3755 2588">
    <p class='ocr_par' dir='ltr' id='par_1_18' title="bbox 488 2516 3755 2588">
     <span class='ocr_line' id='line_1_18' title="bbox 488 2516 3755 2588; baseline -0.001 -16"><span class='ocrx_word' id='word_1_207' title='bbox 488 2521 691 2574; x_wconf 89' lang='lat' dir='ltr'><strong><em>meritis</em></strong></span> <span class='ocrx_word' id='word_1_208' title='bbox 718 2529 767 2574; x_wconf 93' lang='lat' dir='ltr'><strong><em>et</em></strong></span> <span class='ocrx_word' id='word_1_209' title='bbox 797 2536 1015 2574; x_wconf 89' lang='lat' dir='ltr'><strong><em>numero</em></strong></span> <span class='ocrx_word' id='word_1_210' title='bbox 1056 2519 1278 2571; x_wconf 86' lang='lat' dir='ltr'><strong><em>crevisse</em></strong></span> <span class='ocrx_word' id='word_1_211' title='bbox 1308 2517 1661 2587; x_wconf 88' lang='lat' dir='ltr'><strong><em>dignoscitur.</em></strong></span> <span class='ocrx_word' id='word_1_212' title='bbox 1701 2516 1854 2582; x_wconf 80' lang='lat' dir='ltr'><strong><em>Quod</em></strong></span> <span class='ocrx_word' id='word_1_213' title='bbox 1882 2533 2009 2570; x_wconf 90' lang='lat' dir='ltr'><strong><em>sane</em></strong></span> <span class='ocrx_word' id='word_1_214' title='bbox 2036 2519 2241 2571; x_wconf 92' lang='lat' dir='ltr'><strong><em>utinam</em></strong></span> <span class='ocrx_word' id='word_1_215' title='bbox 2275 2520 2602 2574; x_wconf 88' lang='lat' dir='ltr'><strong><em>attenderent</em></strong></span> <span class='ocrx_word' id='word_1_216' title='bbox 2637 2520 2790 2573; x_wconf 85' lang='lat' dir='ltr'><strong><em>multi</em></strong></span> <span class='ocrx_word' id='word_1_217' title='bbox 2836 2527 3137 2571; x_wconf 89' lang='lat' dir='ltr'><strong><em>nostrorum</em></strong></span> <span class='ocrx_word' id='word_1_218' title='bbox 3170 2527 3484 2585; x_wconf 87' lang='lat' dir='ltr'><strong><em>temporum,</em></strong></span> <span class='ocrx_word' id='word_1_219' title='bbox 3533 2518 3622 2588; x_wconf 91' lang='lat' dir='ltr'><strong><em>qui</em></strong></span> <span class='ocrx_word' id='word_1_220' title='bbox 3659 2517 3755 2570; x_wconf 91' lang='lat' dir='ltr'><strong><em>hoc</em></strong></span> 
     </span>
    </p>
   </div>
   <div class='ocr_carea' id='block_1_19' title="bbox 491 2608 3756 2682">
    <p class='ocr_par' dir='ltr' id='par_1_19' title="bbox 491 2608 3756 2682">
     <span class='ocr_line' id='line_1_19' title="bbox 491 2608 3756 2682; baseline -0 -17"><span class='ocrx_word' id='word_1_221' title='bbox 491 2614 657 2682; x_wconf 74' lang='lat' dir='ltr'><strong><em>officio</em></strong></span> <span class='ocrx_word' id='word_1_222' title='bbox 695 2612 1024 2665; x_wconf 85' lang='lat' dir='ltr'><strong><em>commodius</em></strong></span> <span class='ocrx_word' id='word_1_223' title='bbox 1065 2611 1215 2681; x_wconf 90' lang='lat' dir='ltr'><strong><em>fungi</em></strong></span> <span class='ocrx_word' id='word_1_224' title='bbox 1245 2618 1495 2678; x_wconf 89' lang='lat' dir='ltr'><strong><em>possent:</em></strong></span> <span class='ocrx_word' id='word_1_225' title='bbox 1526 2608 1841 2678; x_wconf 87' lang='lat' dir='ltr'><strong><em>mallentque</em></strong></span> <span class='ocrx_word' id='word_1_226' title='bbox 1870 2608 2057 2663; x_wconf 89' lang='lat' dir='ltr'><strong><em>horum</em></strong></span> <span class='ocrx_word' id='word_1_227' title='bbox 2083 2611 2335 2679; x_wconf 82' lang='lat' dir='ltr'><strong><em>vertendo</em></strong></span> <span class='ocrx_word' id='word_1_228' title='bbox 2365 2612 2555 2679; x_wconf 90' lang='lat' dir='ltr'><strong><em>libros,</em></strong></span> <span class='ocrx_word' id='word_1_229' title='bbox 2598 2611 2820 2681; x_wconf 80' lang='lat' dir='ltr'><strong><em>publica:</em></strong></span> <span class='ocrx_word' id='word_1_230' title='bbox 2856 2609 3080 2663; x_wconf 88' lang='lat' dir='ltr'><strong><em>utilitati</em></strong></span> <span class='ocrx_word' id='word_1_231' title='bbox 3122 2609 3415 2673; x_wconf 85' lang='lat' dir='ltr'><strong><em>consulere,</em></strong></span> <span class='ocrx_word' id='word_1_232' title='bbox 3441 2626 3599 2680; x_wconf 88' lang='lat' dir='ltr'><strong><em>quam</em></strong></span> <span class='ocrx_word' id='word_1_233' title='bbox 3630 2627 3756 2680; x_wconf 90' lang='lat' dir='ltr'><strong><em>pro-</em></strong></span> 
     </span>
    </p>
   </div>
   <div class='ocr_carea' id='block_1_20' title="bbox 487 2704 3756 2778">
    <p class='ocr_par' dir='ltr' id='par_1_20' title="bbox 487 2704 3756 2778">
     <span class='ocr_line' id='line_1_20' title="bbox 487 2704 3756 2778; baseline -0.001 -17"><span class='ocrx_word' id='word_1_234' title='bbox 487 2725 607 2778; x_wconf 78' lang='lat' dir='ltr'><strong><em>pria</em></strong></span> <span class='ocrx_word' id='word_1_235' title='bbox 632 2722 822 2763; x_wconf 89' lang='lat' dir='ltr'><strong><em>temere</em></strong></span> <span class='ocrx_word' id='word_1_236' title='bbox 852 2707 1193 2778; x_wconf 76' lang='lat' dir='ltr'><strong><em>effundenda,</em></strong></span> <span class='ocrx_word' id='word_1_237' title='bbox 1218 2707 1440 2774; x_wconf 80' lang='lat' dir='ltr'><strong><em>privatw</em></strong></span> <span class='ocrx_word' id='word_1_238' title='bbox 1464 2705 1649 2775; x_wconf 71' lang='lat' dir='ltr'><strong><em>gloriae</em></strong></span> <span class='ocrx_word' id='word_1_239' title='bbox 1681 2706 1941 2759; x_wconf 90' lang='lat' dir='ltr'><strong><em>deservire</em></strong></span> <span class='ocrx_word' id='word_1_240' title='bbox 1957 2706 1978 2759; x_wconf 89' lang='lat'><strong><em>.’</em></strong></span> <span class='ocrx_word' id='word_1_241' title='bbox 2002 2706 2045 2759; x_wconf 84' lang='grc' dir='ltr'><em>Α</em></span> <span class='ocrx_word' id='word_1_242' title='bbox 2075 2724 2299 2775; x_wconf 89' lang='lat' dir='ltr'><strong><em>quorum</em></strong></span> <span class='ocrx_word' id='word_1_243' title='bbox 2329 2709 2566 2777; x_wconf 86' lang='lat' dir='ltr'><strong><em>profecto</em></strong></span> <span class='ocrx_word' id='word_1_244' title='bbox 2596 2705 2820 2762; x_wconf 88' lang='lat' dir='ltr'><strong><em>consilio</em></strong></span> <span class='ocrx_word' id='word_1_245' title='bbox 2850 2705 3001 2776; x_wconf 89' lang='lat' dir='ltr'><strong><em>longe</em></strong></span> <span class='ocrx_word' id='word_1_246' title='bbox 3024 2705 3205 2760; x_wconf 86' lang='lat' dir='ltr'><strong><em>aberat</em></strong></span> <span class='ocrx_word' id='word_1_247' title='bbox 3226 2704 3500 2773; x_wconf 84' lang='lat' dir='ltr'><strong><em>Philippus</em></strong></span> <span class='ocrx_word' id='word_1_248' title='bbox 3534 2704 3756 2769; x_wconf 82' lang='lat' dir='ltr'><strong><em>Saulus,</em></strong></span> 
     </span>
    </p>
   </div>
   <div class='ocr_carea' id='block_1_21' title="bbox 487 2795 3760 2869">
    <p class='ocr_par' dir='ltr' id='par_1_21' title="bbox 487 2795 3760 2869">
     <span class='ocr_line' id='line_1_21' title="bbox 487 2795 3760 2869; baseline -0.002 -16"><span class='ocrx_word' id='word_1_249' title='bbox 487 2801 764 2869; x_wconf 88' lang='lat' dir='ltr'><strong><em>episcopus</em></strong></span> <span class='ocrx_word' id='word_1_250' title='bbox 821 2798 1229 2869; x_wconf 86' lang='lat' dir='ltr'><strong><em>Brugnatensis,</em></strong></span> <span class='ocrx_word' id='word_1_251' title='bbox 1266 2798 1345 2851; x_wconf 89' lang='lat' dir='ltr'><strong><em>vir</em></strong></span> <span class='ocrx_word' id='word_1_252' title='bbox 1384 2813 1512 2850; x_wconf 89' lang='lat' dir='ltr'><strong><em>sane</em></strong></span> <span class='ocrx_word' id='word_1_253' title='bbox 1543 2797 1731 2864; x_wconf 84' lang='lat' dir='ltr'><strong><em>priscis</em></strong></span> <span class='ocrx_word' id='word_1_254' title='bbox 1758 2797 1868 2850; x_wconf 90' lang='lat' dir='ltr'><strong><em>illis</em></strong></span> <span class='ocrx_word' id='word_1_255' title='bbox 1916 2799 2195 2861; x_wconf 87' lang='lat' dir='ltr'><strong><em>Patribus,</em></strong></span> <span class='ocrx_word' id='word_1_256' title='bbox 2232 2801 2489 2853; x_wconf 78' lang='lat' dir='ltr'><strong><em>virtutum</em></strong></span> <span class='ocrx_word' id='word_1_257' title='bbox 2525 2809 2716 2853; x_wconf 89' lang='lat' dir='ltr'><strong><em>ornatu</em></strong></span> <span class='ocrx_word' id='word_1_258' title='bbox 2745 2807 2795 2853; x_wconf 89' lang='lat' dir='ltr'><strong><em>et</em></strong></span> <span class='ocrx_word' id='word_1_259' title='bbox 2844 2814 3123 2854; x_wconf 89' lang='lat' dir='ltr'><strong><em>sacrarum</em></strong></span> <span class='ocrx_word' id='word_1_260' title='bbox 3181 2795 3511 2851; x_wconf 89' lang='lat' dir='ltr'><strong><em>Litterarum</em></strong></span> <span class='ocrx_word' id='word_1_261' title='bbox 3563 2797 3760 2865; x_wconf 88' lang='lat' dir='ltr'><strong><em>peritia</em></strong></span> 
     </span>
    </p>
   </div>
   <div class='ocr_carea' id='block_1_22' title="bbox 494 2890 3758 2963">
    <p class='ocr_par' dir='ltr' id='par_1_22' title="bbox 494 2890 3758 2963">
     <span class='ocr_line' id='line_1_22' title="bbox 494 2890 3758 2963; baseline -0.001 -17"><span class='ocrx_word' id='word_1_262' title='bbox 494 2897 908 2959; x_wconf 89' lang='lat' dir='ltr'><strong><em>comparandus,</em></strong></span> <span class='ocrx_word' id='word_1_263' title='bbox 938 2893 1029 2961; x_wconf 91' lang='lat' dir='ltr'><strong><em>qui</em></strong></span> <span class='ocrx_word' id='word_1_264' title='bbox 1068 2891 1188 2946; x_wconf 84' lang='lat' dir='ltr'><strong><em>huic</em></strong></span> <span class='ocrx_word' id='word_1_265' title='bbox 1229 2890 1583 2945; x_wconf 90' lang='lat' dir='ltr'><strong><em>saluberrimo</em></strong></span> <span class='ocrx_word' id='word_1_266' title='bbox 1607 2892 1851 2945; x_wconf 91' lang='lat' dir='ltr'><strong><em>instituto</em></strong></span> <span class='ocrx_word' id='word_1_267' title='bbox 1877 2909 2038 2963; x_wconf 87' lang='lat' dir='ltr'><strong><em>quam</em></strong></span> <span class='ocrx_word' id='word_1_268' title='bbox 2067 2894 2295 2948; x_wconf 78' lang='lat' dir='ltr'><strong><em>maxime</em></strong></span> <span class='ocrx_word' id='word_1_269' title='bbox 2336 2895 2572 2948; x_wconf 88' lang='lat' dir='ltr'><strong><em>intentus</em></strong></span> <span class='ocrx_word' id='word_1_270' title='bbox 2602 2904 2742 2949; x_wconf 89' lang='lat' dir='ltr'><strong><em>erat.</em></strong></span> <span class='ocrx_word' id='word_1_271' title='bbox 2780 2893 2922 2947; x_wconf 80' lang='lat' dir='ltr'><strong><em>Nam</em></strong></span> <span class='ocrx_word' id='word_1_272' title='bbox 2967 2894 3014 2948; x_wconf 87' lang='lat' dir='ltr'><strong><em>si</em></strong></span> <span class='ocrx_word' id='word_1_273' title='bbox 3044 2909 3176 2963; x_wconf 89' lang='lat' dir='ltr'><strong><em>quos</em></strong></span> <span class='ocrx_word' id='word_1_274' title='bbox 3214 2892 3338 2946; x_wconf 90' lang='lat' dir='ltr'><strong><em>huic</em></strong></span> <span class='ocrx_word' id='word_1_275' title='bbox 3367 2892 3511 2961; x_wconf 89' lang='lat' dir='ltr'><strong><em>operi</em></strong></span> <span class='ocrx_word' id='word_1_276' title='bbox 3543 2890 3758 2946; x_wconf 88' lang='lat' dir='ltr'><strong><em>idoneos</em></strong></span> 
     </span>
    </p>
   </div>
   <div class='ocr_carea' id='block_1_23' title="bbox 492 2983 3757 3057">
    <p class='ocr_par' dir='ltr' id='par_1_23' title="bbox 492 2983 3757 3057">
     <span class='ocr_line' id='line_1_23' title="bbox 492 2983 3757 3057; baseline -0.001 -18"><span class='ocrx_word' id='word_1_277' title='bbox 492 2994 681 3041; x_wconf 86' lang='lat' dir='ltr'><strong><em>nactus</em></strong></span> <span class='ocrx_word' id='word_1_278' title='bbox 730 2995 888 3050; x_wconf 87' lang='lat' dir='ltr'><strong><em>esset,</em></strong></span> <span class='ocrx_word' id='word_1_279' title='bbox 925 2984 1216 3048; x_wconf 72' lang='lat' dir='ltr'><strong><em>excitabat,</em></strong></span> <span class='ocrx_word' id='word_1_280' title='bbox 1252 2986 1519 3049; x_wconf 81' lang='lat' dir='ltr'><strong><em>monebat,</em></strong></span> <span class='ocrx_word' id='word_1_281' title='bbox 1557 2985 1799 3057; x_wconf 90' lang='lat' dir='ltr'><strong><em>rogabat,</em></strong></span> <span class='ocrx_word' id='word_1_282' title='bbox 1845 2996 1894 3040; x_wconf 89' lang='lat' dir='ltr'><strong><em>et</em></strong></span> <span class='ocrx_word' id='word_1_283' title='bbox 1934 2986 2121 3057; x_wconf 87' lang='lat' dir='ltr'><strong><em>quibus</em></strong></span> <span class='ocrx_word' id='word_1_284' title='bbox 2152 2997 2324 3055; x_wconf 84' lang='lat' dir='ltr'><strong><em>posset</em></strong></span> <span class='ocrx_word' id='word_1_285' title='bbox 2365 2990 2536 3043; x_wconf 88' lang='lat' dir='ltr'><strong><em>modis</em></strong></span> <span class='ocrx_word' id='word_1_286' title='bbox 2585 2988 2654 3043; x_wconf 89' lang='lat' dir='ltr'><strong><em>ad</em></strong></span> <span class='ocrx_word' id='word_1_287' title='bbox 2693 2989 2791 3043; x_wconf 88' lang='lat' dir='ltr'><strong><em>hoc</em></strong></span> <span class='ocrx_word' id='word_1_288' title='bbox 2831 2986 3144 3055; x_wconf 87' lang='lat' dir='ltr'><strong><em>compellere</em></strong></span> <span class='ocrx_word' id='word_1_289' title='bbox 3175 3002 3277 3039; x_wconf 90' lang='lat' dir='ltr'><strong><em>non</em></strong></span> <span class='ocrx_word' id='word_1_290' title='bbox 3306 2985 3607 3039; x_wconf 81' lang='lat' dir='ltr'><strong><em>omittebat.</em></strong></span> <span class='ocrx_word' id='word_1_291' title='bbox 3636 2983 3757 3053; x_wconf 91' lang='lat' dir='ltr'><strong><em>Ipse</em></strong></span> 
     </span>
    </p>
   </div>
   <div class='ocr_carea' id='block_1_24' title="bbox 489 3074 3760 3149">
    <p class='ocr_par' dir='ltr' id='par_1_24' title="bbox 489 3074 3760 3149">
     <span class='ocr_line' id='line_1_24' title="bbox 489 3074 3760 3149; baseline -0.002 -15"><span class='ocrx_word' id='word_1_292' title='bbox 489 3095 610 3135; x_wconf 85' lang='lat' dir='ltr'><strong><em>vero</em></strong></span> <span class='ocrx_word' id='word_1_293' title='bbox 633 3088 782 3133; x_wconf 89' lang='lat' dir='ltr'><strong><em>tanto</em></strong></span> <span class='ocrx_word' id='word_1_294' title='bbox 822 3077 981 3147; x_wconf 84' lang='lat' dir='ltr'><strong><em>hujus</em></strong></span> <span class='ocrx_word' id='word_1_295' title='bbox 1012 3078 1087 3131; x_wconf 89' lang='lat' dir='ltr'><strong><em>rei</em></strong></span> <span class='ocrx_word' id='word_1_296' title='bbox 1118 3078 1293 3132; x_wconf 88' lang='lat' dir='ltr'><strong><em>studio</em></strong></span> <span class='ocrx_word' id='word_1_297' title='bbox 1332 3079 1631 3142; x_wconf 88' lang='lat' dir='ltr'><strong><em>tenebatur,</em></strong></span> <span class='ocrx_word' id='word_1_298' title='bbox 1666 3091 1721 3131; x_wconf 92' lang='lat' dir='ltr'><strong><em>ut</em></strong></span> <span class='ocrx_word' id='word_1_299' title='bbox 1763 3079 1873 3133; x_wconf 90' lang='lat' dir='ltr'><strong><em>dies</em></strong></span> <span class='ocrx_word' id='word_1_300' title='bbox 1906 3097 1967 3132; x_wconf 90' lang='lat' dir='ltr'><strong><em>ac</em></strong></span> <span class='ocrx_word' id='word_1_301' title='bbox 2017 3090 2192 3133; x_wconf 88' lang='lat' dir='ltr'><strong><em>noctes</em></strong></span> <span class='ocrx_word' id='word_1_302' title='bbox 2228 3097 2438 3134; x_wconf 88' lang='lat' dir='ltr'><strong><em>summa</em></strong></span> <span class='ocrx_word' id='word_1_303' title='bbox 2467 3098 2585 3135; x_wconf 90' lang='lat' dir='ltr'><strong><em>cum</em></strong></span> <span class='ocrx_word' id='word_1_304' title='bbox 2613 3082 2883 3149; x_wconf 91' lang='lat' dir='ltr'><strong><em>voluptate</em></strong></span> <span class='ocrx_word' id='word_1_305' title='bbox 2935 3081 2989 3133; x_wconf 93' lang='lat' dir='ltr'><strong><em>in</em></strong></span> <span class='ocrx_word' id='word_1_306' title='bbox 3032 3079 3130 3131; x_wconf 90' lang='lat' dir='ltr'><strong><em>hoc</em></strong></span> <span class='ocrx_word' id='word_1_307' title='bbox 3179 3078 3487 3131; x_wconf 83' lang='lat' dir='ltr'><strong><em>insumeret.</em></strong></span> <span class='ocrx_word' id='word_1_308' title='bbox 3529 3074 3607 3131; x_wconf 83' lang='lat' dir='ltr'><strong><em>Ab</em></strong></span> <span class='ocrx_word' id='word_1_309' title='bbox 3664 3076 3760 3130; x_wconf 87' lang='lat' dir='ltr'><strong><em>hoc</em></strong></span> 
     </span>
    </p>
   </div>
   <div class='ocr_carea' id='block_1_25' title="bbox 490 3167 3759 3243">
    <p class='ocr_par' dir='ltr' id='par_1_25' title="bbox 490 3167 3759 3243">
     <span class='ocr_line' id='line_1_25' title="bbox 490 3167 3759 3243; baseline -0.002 -17"><span class='ocrx_word' id='word_1_310' title='bbox 490 3172 722 3243; x_wconf 88' lang='lat' dir='ltr'><strong><em>profecto</em></strong></span> <span class='ocrx_word' id='word_1_311' title='bbox 764 3170 961 3241; x_wconf 81' lang='lat' dir='ltr'><strong><em>optimo</em></strong></span> <span class='ocrx_word' id='word_1_312' title='bbox 1008 3172 1118 3228; x_wconf 87' lang='lat' dir='ltr'><strong><em>viro</em></strong></span> <span class='ocrx_word' id='word_1_313' title='bbox 1165 3170 1325 3239; x_wconf 91' lang='lat' dir='ltr'><strong><em>plura</em></strong></span> <span class='ocrx_word' id='word_1_314' title='bbox 1368 3180 1419 3224; x_wconf 90' lang='lat' dir='ltr'><strong><em>et</em></strong></span> <span class='ocrx_word' id='word_1_315' title='bbox 1459 3172 1667 3241; x_wconf 85' lang='lat' dir='ltr'><strong><em>egregia</em></strong></span> <span class='ocrx_word' id='word_1_316' title='bbox 1698 3186 1912 3238; x_wconf 87' lang='lat' dir='ltr'><strong><em>sperare</em></strong></span> <span class='ocrx_word' id='word_1_317' title='bbox 1937 3180 2265 3239; x_wconf 90' lang='lat' dir='ltr'><strong><em>poteramus,</em></strong></span> <span class='ocrx_word' id='word_1_318' title='bbox 2310 3172 2413 3225; x_wconf 90' lang='lat' dir='ltr'><strong><em>nisi</em></strong></span> <span class='ocrx_word' id='word_1_319' title='bbox 2445 3172 2625 3225; x_wconf 88' lang='lat' dir='ltr'><strong><em>divina</em></strong></span> <span class='ocrx_word' id='word_1_320' title='bbox 2660 3170 3004 3226; x_wconf 86' lang='lat' dir='ltr'><strong><em>Providentia</em></strong></span> <span class='ocrx_word' id='word_1_321' title='bbox 3032 3169 3182 3221; x_wconf 89' lang='lat' dir='ltr'><strong><em>illum</em></strong></span> <span class='ocrx_word' id='word_1_322' title='bbox 3211 3184 3243 3221; x_wconf 91' lang='lat' dir='ltr'><strong><em>a</em></strong></span> <span class='ocrx_word' id='word_1_323' title='bbox 3276 3167 3425 3221; x_wconf 90' lang='lat' dir='ltr'><strong><em>nobis</em></strong></span> <span class='ocrx_word' id='word_1_324' title='bbox 3463 3177 3759 3233; x_wconf 84' lang='lat' dir='ltr'><strong><em>avocasset,</em></strong></span> 
     </span>
    </p>
   </div>
   <div class='ocr_carea' id='block_1_26' title="bbox 491 3263 3762 3337">
    <p class='ocr_par' dir='ltr' id='par_1_26' title="bbox 491 3263 3762 3337">
     <span class='ocr_line' id='line_1_26' title="bbox 491 3263 3762 3337; baseline -0.002 -15"><span class='ocrx_word' id='word_1_325' title='bbox 491 3267 801 3336; x_wconf 75' lang='lat' dir='ltr'><strong><em>felicitatem</em></strong></span> <span class='ocrx_word' id='word_1_326' title='bbox 834 3266 914 3320; x_wconf 91' lang='lat' dir='ltr'><strong><em>illi</em></strong></span> <span class='ocrx_word' id='word_1_327' title='bbox 958 3266 977 3336; x_wconf 92' lang='lat'>(</span> <span class='ocrx_word' id='word_1_328' title='bbox 1010 3274 1065 3318; x_wconf 89' lang='lat' dir='ltr'><strong><em>ut</em></strong></span> <span class='ocrx_word' id='word_1_329' title='bbox 1098 3267 1283 3319; x_wconf 85' lang='lat' dir='ltr'><strong><em>merito</em></strong></span> <span class='ocrx_word' id='word_1_330' title='bbox 1321 3281 1598 3334; x_wconf 89' lang='lat' dir='ltr'><strong><em>speramus</em></strong></span> <span class='ocrx_word' id='word_1_331' title='bbox 1643 3265 1660 3337; x_wconf 96' lang='lat'><strong>)</strong></span> <span class='ocrx_word' id='word_1_332' title='bbox 1703 3276 1839 3320; x_wconf 76' lang='lat' dir='ltr'><strong><em>recte</em></strong></span> <span class='ocrx_word' id='word_1_333' title='bbox 1871 3275 2130 3320; x_wconf 79' lang='lat' dir='ltr'><strong><em>anteacta:</em></strong></span> <span class='ocrx_word' id='word_1_334' title='bbox 2155 3268 2273 3321; x_wconf 75' lang='lat' dir='ltr'><strong><em>vita:</em></strong></span> <span class='ocrx_word' id='word_1_335' title='bbox 2304 3267 2579 3335; x_wconf 65' lang='lat' dir='ltr'><strong><em>praemium</em></strong></span> <span class='ocrx_word' id='word_1_336' title='bbox 2607 3268 2824 3337; x_wconf 88' lang='lat' dir='ltr'><strong><em>benigne</em></strong></span> <span class='ocrx_word' id='word_1_337' title='bbox 2866 3264 3164 3332; x_wconf 87' lang='lat' dir='ltr'><strong><em>conferens,</em></strong></span> <span class='ocrx_word' id='word_1_338' title='bbox 3199 3263 3350 3318; x_wconf 91' lang='lat' dir='ltr'><strong><em>nobis</em></strong></span> <span class='ocrx_word' id='word_1_339' title='bbox 3383 3278 3502 3317; x_wconf 90' lang='lat' dir='ltr'><strong><em>vero</em></strong></span> <span class='ocrx_word' id='word_1_340' title='bbox 3534 3271 3762 3330; x_wconf 88' lang='lat' dir='ltr'><strong><em>paterna</em></strong></span> 
     </span>
    </p>
   </div>
   <div class='ocr_carea' id='block_1_27' title="bbox 488 3358 3763 3436">
    <p class='ocr_par' dir='ltr' id='par_1_27' title="bbox 488 3358 3763 3436">
     <span class='ocr_line' id='line_1_27' title="bbox 488 3358 3763 3436; baseline 0 -23"><span class='ocrx_word' id='word_1_341' title='bbox 488 3360 769 3415; x_wconf 87' lang='lat' dir='ltr'><strong><em>clementia</em></strong></span> <span class='ocrx_word' id='word_1_342' title='bbox 814 3358 893 3428; x_wconf 92' lang='lat' dir='ltr'><strong><em>(ut</em></strong></span> <span class='ocrx_word' id='word_1_343' title='bbox 926 3358 1074 3426; x_wconf 92' lang='lat' dir='ltr'><strong><em>puto)</em></strong></span> <span class='ocrx_word' id='word_1_344' title='bbox 1110 3359 1410 3428; x_wconf 87' lang='lat' dir='ltr'><strong><em>indulgens,</em></strong></span> <span class='ocrx_word' id='word_1_345' title='bbox 1435 3374 1498 3413; x_wconf 89' lang='lat' dir='ltr'><strong><em>ne</em></strong></span> <span class='ocrx_word' id='word_1_346' title='bbox 1534 3360 1766 3413; x_wconf 86' lang='lat' dir='ltr'><strong><em>acriores</em></strong></span> <span class='ocrx_word' id='word_1_347' title='bbox 1791 3359 1921 3412; x_wconf 91' lang='lat' dir='ltr'><strong><em>dare</em></strong></span> <span class='ocrx_word' id='word_1_348' title='bbox 1947 3374 2127 3427; x_wconf 80' lang='lat' dir='ltr'><strong><em>ptenas</em></strong></span> <span class='ocrx_word' id='word_1_349' title='bbox 2162 3371 2358 3414; x_wconf 86' lang='lat' dir='ltr'><strong><em>nostra:</em></strong></span> <span class='ocrx_word' id='word_1_350' title='bbox 2399 3363 2625 3430; x_wconf 73' lang='lat' dir='ltr'><strong><em>ignaviae</em></strong></span> <span class='ocrx_word' id='word_1_351' title='bbox 2662 3377 2991 3433; x_wconf 85' lang='lat' dir='ltr'><strong><em>cogeremur,</em></strong></span> <span class='ocrx_word' id='word_1_352' title='bbox 3022 3366 3115 3436; x_wconf 88' lang='lat' dir='ltr'><strong><em>qui</em></strong></span> <span class='ocrx_word' id='word_1_353' title='bbox 3142 3361 3281 3417; x_wconf 88' lang='lat' dir='ltr'><strong><em>tanti</em></strong></span> <span class='ocrx_word' id='word_1_354' title='bbox 3317 3363 3419 3416; x_wconf 87' lang='lat' dir='ltr'><strong><em>viri</em></strong></span> <span class='ocrx_word' id='word_1_355' title='bbox 3450 3362 3688 3433; x_wconf 68' lang='lat' dir='ltr'><strong><em>exemplo</em></strong></span> <span class='ocrx_word' id='word_1_356' title='bbox 3711 3368 3763 3415; x_wconf 93' lang='lat' dir='ltr'><strong><em>et</em></strong></span> 
     </span>
    </p>
   </div>
   <div class='ocr_carea' id='block_1_28' title="bbox 489 3450 3763 3525">
    <p class='ocr_par' dir='ltr' id='par_1_28' title="bbox 489 3450 3763 3525">
     <span class='ocr_line' id='line_1_28' title="bbox 489 3450 3763 3525; baseline 0.001 -16"><span class='ocrx_word' id='word_1_357' title='bbox 489 3452 710 3509; x_wconf 85' lang='lat' dir='ltr'><strong><em>monitis</em></strong></span> <span class='ocrx_word' id='word_1_358' title='bbox 742 3452 916 3505; x_wconf 88' lang='lat' dir='ltr'><strong><em>minus</em></strong></span> <span class='ocrx_word' id='word_1_359' title='bbox 953 3450 1345 3520; x_wconf 82' lang='lat' dir='ltr'><strong><em>proﬁceremus.</em></strong></span> <span class='ocrx_word' id='word_1_360' title='bbox 1396 3454 1497 3505; x_wconf 85' lang='lat' dir='ltr'><strong><em>Hic</em></strong></span> <span class='ocrx_word' id='word_1_361' title='bbox 1526 3452 1949 3522; x_wconf 88' lang='lat' dir='ltr'><strong><em>elegantissimos</em></strong></span> <span class='ocrx_word' id='word_1_362' title='bbox 1993 3454 2402 3507; x_wconf 87' lang='lat' dir='ltr'><strong><em>commentarios</em></strong></span> <span class='ocrx_word' id='word_1_363' title='bbox 2458 3452 2732 3525; x_wconf 78' lang='lat' dir='ltr'><strong><em>Euthymii</em></strong></span> <span class='ocrx_word' id='word_1_364' title='bbox 2785 3458 3048 3523; x_wconf 89' lang='lat' dir='ltr'><strong><em>monachi,</em></strong></span> <span class='ocrx_word' id='word_1_365' title='bbox 3104 3457 3293 3512; x_wconf 82' lang='lat' dir='ltr'><strong><em>Patris</em></strong></span> <span class='ocrx_word' id='word_1_366' title='bbox 3332 3458 3661 3513; x_wconf 87' lang='lat' dir='ltr'><strong><em>sanctissimi</em></strong></span> <span class='ocrx_word' id='word_1_367' title='bbox 3712 3461 3763 3511; x_wconf 77' lang='lat' dir='ltr'><strong><em>et</em></strong></span> 
     </span>
    </p>
   </div>
   <div class='ocr_carea' id='block_1_29' title="bbox 497 3541 3764 3616">
    <p class='ocr_par' dir='ltr' id='par_1_29' title="bbox 497 3541 3764 3616">
     <span class='ocr_line' id='line_1_29' title="bbox 497 3541 3764 3616; baseline 0 -18"><span class='ocrx_word' id='word_1_368' title='bbox 497 3542 875 3607; x_wconf 85' lang='lat' dir='ltr'><strong><em>eruditissimi,</em></strong></span> <span class='ocrx_word' id='word_1_369' title='bbox 901 3558 1067 3612; x_wconf 90' lang='lat' dir='ltr'><strong><em>nuper</em></strong></span> <span class='ocrx_word' id='word_1_370' title='bbox 1089 3541 1312 3596; x_wconf 89' lang='lat' dir='ltr'><strong><em>Latinos</em></strong></span> <span class='ocrx_word' id='word_1_371' title='bbox 1340 3541 1560 3610; x_wconf 84' lang='lat' dir='ltr'><strong><em>fecerat,</em></strong></span> <span class='ocrx_word' id='word_1_372' title='bbox 1592 3559 1726 3611; x_wconf 88' lang='lat' dir='ltr'><strong><em>puro</em></strong></span> <span class='ocrx_word' id='word_1_373' title='bbox 1759 3541 1970 3613; x_wconf 88' lang='lat' dir='ltr'><strong><em>quidem</em></strong></span> <span class='ocrx_word' id='word_1_374' title='bbox 1999 3558 2061 3595; x_wconf 90' lang='lat' dir='ltr'><strong><em>ac</em></strong></span> <span class='ocrx_word' id='word_1_375' title='bbox 2086 3543 2321 3608; x_wconf 88' lang='lat' dir='ltr'><strong><em>simplici</em></strong></span> <span class='ocrx_word' id='word_1_376' title='bbox 2351 3543 2561 3598; x_wconf 89' lang='lat' dir='ltr'><strong><em>dicendi</em></strong></span> <span class='ocrx_word' id='word_1_377' title='bbox 2590 3561 2795 3615; x_wconf 89' lang='lat' dir='ltr'><strong><em>genere,</em></strong></span> <span class='ocrx_word' id='word_1_378' title='bbox 2827 3564 2957 3616; x_wconf 90' lang='lat' dir='ltr'><strong><em>quos</em></strong></span> <span class='ocrx_word' id='word_1_379' title='bbox 2994 3549 3289 3601; x_wconf 90' lang='lat' dir='ltr'><strong><em>immatura</em></strong></span> <span class='ocrx_word' id='word_1_380' title='bbox 3332 3560 3499 3601; x_wconf 89' lang='lat' dir='ltr'><strong><em>morte</em></strong></span> <span class='ocrx_word' id='word_1_381' title='bbox 3530 3562 3764 3615; x_wconf 73' lang='lat' dir='ltr'><strong><em>prwven-</em></strong></span> 
     </span>
    </p>
   </div>
   <div class='ocr_carea' id='block_1_30' title="bbox 448 3632 3763 3708">
    <p class='ocr_par' dir='ltr' id='par_1_30' title="bbox 448 3632 3763 3708">
     <span class='ocr_line' id='line_1_30' title="bbox 448 3632 3763 3708; baseline 0.001 -19"><span class='ocrx_word' id='word_1_382' title='bbox 448 3662 449 3665; x_wconf 54' lang='grc' dir='ltr'><strong>η</strong></span> <span class='ocrx_word' id='word_1_383' title='bbox 494 3650 599 3699; x_wconf 76' lang='lat' dir='ltr'><strong><em>tus,</em></strong></span> <span class='ocrx_word' id='word_1_384' title='bbox 634 3636 688 3688; x_wconf 92' lang='lat' dir='ltr'><strong><em>in</em></strong></span> <span class='ocrx_word' id='word_1_385' title='bbox 726 3633 891 3687; x_wconf 84' lang='lat' dir='ltr'><strong><em>lucem</em></strong></span> <span class='ocrx_word' id='word_1_386' title='bbox 919 3632 1069 3688; x_wconf 89' lang='lat' dir='ltr'><strong><em>edere</em></strong></span> <span class='ocrx_word' id='word_1_387' title='bbox 1101 3649 1205 3687; x_wconf 90' lang='lat' dir='ltr'><strong><em>non</em></strong></span> <span class='ocrx_word' id='word_1_388' title='bbox 1237 3635 1430 3702; x_wconf 88' lang='lat' dir='ltr'><strong><em>potuit.</em></strong></span> <span class='ocrx_word' id='word_1_389' title='bbox 1463 3632 1573 3705; x_wconf 84' lang='lat' dir='ltr'><strong><em>Ego</em></strong></span> <span class='ocrx_word' id='word_1_390' title='bbox 1604 3650 1743 3698; x_wconf 91' lang='lat' dir='ltr'><strong><em>vero,</em></strong></span> <span class='ocrx_word' id='word_1_391' title='bbox 1778 3634 1867 3703; x_wconf 86' lang='lat' dir='ltr'><strong><em>qui</em></strong></span> <span class='ocrx_word' id='word_1_392' title='bbox 1902 3633 2015 3703; x_wconf 89' lang='lat' dir='ltr'><strong><em>ejus</em></strong></span> <span class='ocrx_word' id='word_1_393' title='bbox 2045 3632 2308 3688; x_wconf 67' lang='lat' dir='ltr'><strong><em>doctrinm</em></strong></span> <span class='ocrx_word' id='word_1_394' title='bbox 2342 3650 2404 3687; x_wconf 91' lang='lat' dir='ltr'><strong><em>ac</em></strong></span> <span class='ocrx_word' id='word_1_395' title='bbox 2436 3638 2747 3691; x_wconf 87' lang='lat' dir='ltr'><strong><em>sanctitatis</em></strong></span> <span class='ocrx_word' id='word_1_396' title='bbox 2784 3638 2930 3692; x_wconf 91' lang='lat' dir='ltr'><strong><em>testis</em></strong></span> <span class='ocrx_word' id='word_1_397' title='bbox 2961 3638 3166 3692; x_wconf 89' lang='lat' dir='ltr'><strong><em>diutius</em></strong></span> <span class='ocrx_word' id='word_1_398' title='bbox 3198 3639 3429 3708; x_wconf 77' lang='lat' dir='ltr'><strong><em>fuerant,</em></strong></span> <span class='ocrx_word' id='word_1_399' title='bbox 3460 3637 3763 3691; x_wconf 86' lang='lat' dir='ltr'><strong><em>studiorum</em></strong></span> 
     </span>
    </p>
   </div>
   <div class='ocr_carea' id='block_1_31' title="bbox 493 3730 3762 3805">
    <p class='ocr_par' dir='ltr' id='par_1_31' title="bbox 493 3730 3762 3805">
     <span class='ocr_line' id='line_1_31' title="bbox 493 3730 3762 3805; baseline 0.001 -17"><span class='ocrx_word' id='word_1_400' title='bbox 493 3749 686 3797; x_wconf 80' lang='lat' dir='ltr'><strong><em>comes,</em></strong></span> <span class='ocrx_word' id='word_1_401' title='bbox 726 3732 1069 3786; x_wconf 87' lang='lat' dir='ltr'><strong><em>consiliorum</em></strong></span> <span class='ocrx_word' id='word_1_402' title='bbox 1102 3732 1374 3795; x_wconf 86' lang='lat' dir='ltr'><strong><em>conscius,</em></strong></span> <span class='ocrx_word' id='word_1_403' title='bbox 1417 3731 1586 3787; x_wconf 79' lang='lat' dir='ltr'><strong><em>nimia</em></strong></span> <span class='ocrx_word' id='word_1_404' title='bbox 1619 3732 1784 3799; x_wconf 84' lang='lat' dir='ltr'><strong><em>ipsius</em></strong></span> <span class='ocrx_word' id='word_1_405' title='bbox 1816 3730 2150 3786; x_wconf 86' lang='lat' dir='ltr'><strong><em>humanitate</em></strong></span> <span class='ocrx_word' id='word_1_406' title='bbox 2174 3748 2385 3786; x_wconf 89' lang='lat' dir='ltr'><strong><em>summa</em></strong></span> <span class='ocrx_word' id='word_1_407' title='bbox 2414 3732 2499 3786; x_wconf 90' lang='lat' dir='ltr'><strong><em>illi</em></strong></span> <span class='ocrx_word' id='word_1_408' title='bbox 2531 3735 2913 3789; x_wconf 84' lang='lat' dir='ltr'><strong><em>necessitudine</em></strong></span> <span class='ocrx_word' id='word_1_409' title='bbox 2938 3736 3206 3791; x_wconf 79' lang='lat' dir='ltr'><strong><em>devinctus</em></strong></span> <span class='ocrx_word' id='word_1_410' title='bbox 3227 3753 3246 3791; x_wconf 91' lang='lat'><strong><em>:</em></strong></span> <span class='ocrx_word' id='word_1_411' title='bbox 3279 3737 3404 3790; x_wconf 88' lang='lat' dir='ltr'><strong><em>talis</em></strong></span> <span class='ocrx_word' id='word_1_412' title='bbox 3448 3736 3627 3799; x_wconf 81' lang='lat' dir='ltr'><strong><em>amici,</em></strong></span> <span class='ocrx_word' id='word_1_413' title='bbox 3660 3752 3762 3805; x_wconf 84' lang='lat' dir='ltr'><strong><em>quo</em></strong></span> 
     </span>
    </p>
   </div>
   <div class='ocr_carea' id='block_1_32' title="bbox 492 3821 3762 3898">
    <p class='ocr_par' dir='ltr' id='par_1_32' title="bbox 492 3821 3762 3898">
     <span class='ocr_line' id='line_1_32' title="bbox 492 3821 3762 3898; baseline 0.001 -19"><span class='ocrx_word' id='word_1_414' title='bbox 492 3827 759 3880; x_wconf 87' lang='lat' dir='ltr'><strong><em>meliorem</em></strong></span> <span class='ocrx_word' id='word_1_415' title='bbox 796 3841 858 3879; x_wconf 89' lang='lat' dir='ltr'><strong><em>ne</em></strong></span> <span class='ocrx_word' id='word_1_416' title='bbox 887 3823 1188 3879; x_wconf 88' lang='lat' dir='ltr'><strong><em>desiderare</em></strong></span> <span class='ocrx_word' id='word_1_417' title='bbox 1213 3825 1423 3894; x_wconf 86' lang='lat' dir='ltr'><strong><em>quidem</em></strong></span> <span class='ocrx_word' id='word_1_418' title='bbox 1459 3821 1673 3886; x_wconf 89' lang='lat' dir='ltr'><strong><em>licebat,</em></strong></span> <span class='ocrx_word' id='word_1_419' title='bbox 1700 3832 1808 3875; x_wconf 91' lang='lat' dir='ltr'><strong><em>tam</em></strong></span> <span class='ocrx_word' id='word_1_420' title='bbox 1841 3834 2055 3876; x_wconf 87' lang='lat' dir='ltr'><strong><em>sanctos</em></strong></span> <span class='ocrx_word' id='word_1_421' title='bbox 2086 3821 2294 3876; x_wconf 90' lang='lat' dir='ltr'><strong><em>labores</em></strong></span> <span class='ocrx_word' id='word_1_422' title='bbox 2327 3821 2588 3891; x_wconf 88' lang='lat' dir='ltr'><strong><em>deperire,</em></strong></span> <span class='ocrx_word' id='word_1_423' title='bbox 2608 3841 2702 3880; x_wconf 89' lang='lat' dir='ltr'><strong><em>nos</em></strong></span> <span class='ocrx_word' id='word_1_424' title='bbox 2737 3842 2857 3880; x_wconf 90' lang='lat' dir='ltr'><strong><em>vero</em></strong></span> <span class='ocrx_word' id='word_1_425' title='bbox 2886 3836 3036 3881; x_wconf 88' lang='lat' dir='ltr'><strong><em>tanto</em></strong></span> <span class='ocrx_word' id='word_1_426' title='bbox 3062 3828 3313 3883; x_wconf 90' lang='lat' dir='ltr'><strong><em>thesauro</em></strong></span> <span class='ocrx_word' id='word_1_427' title='bbox 3338 3828 3588 3898; x_wconf 89' lang='lat' dir='ltr'><strong><em>fraudari</em></strong></span> <span class='ocrx_word' id='word_1_428' title='bbox 3613 3842 3762 3895; x_wconf 70' lang='lat' dir='ltr'><strong><em>inquo</em></strong></span> 
     </span>
    </p>
   </div>
   <div class='ocr_carea' id='block_1_33' title="bbox 492 3914 3763 3991">
    <p class='ocr_par' dir='ltr' id='par_1_33' title="bbox 492 3914 3763 3991">
     <span class='ocr_line' id='line_1_33' title="bbox 492 3914 3763 3991; baseline 0.001 -18"><span class='ocrx_word' id='word_1_429' title='bbox 492 3922 673 3975; x_wconf 90' lang='lat' dir='ltr'><strong><em>animo</em></strong></span> <span class='ocrx_word' id='word_1_430' title='bbox 695 3919 833 3988; x_wconf 90' lang='lat' dir='ltr'><strong><em>ferre</em></strong></span> <span class='ocrx_word' id='word_1_431' title='bbox 872 3934 975 3974; x_wconf 88' lang='lat' dir='ltr'><strong><em>non</em></strong></span> <span class='ocrx_word' id='word_1_432' title='bbox 998 3930 1259 3988; x_wconf 91' lang='lat' dir='ltr'><strong><em>poteram.</em></strong></span> <span class='ocrx_word' id='word_1_433' title='bbox 1309 3916 1558 3972; x_wconf 88' lang='lat' dir='ltr'><strong><em>Converti</em></strong></span> <span class='ocrx_word' id='word_1_434' title='bbox 1598 3934 1677 3972; x_wconf 89' lang='lat' dir='ltr'><strong><em>me</em></strong></span> <span class='ocrx_word' id='word_1_435' title='bbox 1712 3917 1879 3988; x_wconf 85' lang='lat' dir='ltr'><strong><em>igitur</em></strong></span> <span class='ocrx_word' id='word_1_436' title='bbox 1930 3916 1998 3970; x_wconf 91' lang='lat' dir='ltr'><strong><em>ad</em></strong></span> <span class='ocrx_word' id='word_1_437' title='bbox 2041 3914 2307 3971; x_wconf 83' lang='lat' dir='ltr'><strong><em>Joannem</em></strong></span> <span class='ocrx_word' id='word_1_438' title='bbox 2359 3918 2692 3985; x_wconf 78' lang='lat' dir='ltr'><strong><em>Matt/neum,</em></strong></span> <span class='ocrx_word' id='word_1_439' title='bbox 2732 3924 3032 3991; x_wconf 86' lang='lat' dir='ltr'><strong><em>episcopum</em></strong></span> <span class='ocrx_word' id='word_1_440' title='bbox 3078 3921 3443 3990; x_wconf 81' lang='lat' dir='ltr'><strong><em>Veronensem,</em></strong></span> <span class='ocrx_word' id='word_1_441' title='bbox 3508 3924 3763 3977; x_wconf 84' lang='lat' dir='ltr'><strong><em>bonorum</em></strong></span> 
     </span>
    </p>
   </div>
   <div class='ocr_carea' id='block_1_34' title="bbox 494 4008 3759 4081">
    <p class='ocr_par' dir='ltr' id='par_1_34' title="bbox 494 4008 3759 4081">
     <span class='ocr_line' id='line_1_34' title="bbox 494 4008 3759 4081; baseline 0.001 -15"><span class='ocrx_word' id='word_1_442' title='bbox 494 4013 729 4066; x_wconf 89' lang='lat' dir='ltr'><strong><em>omnium</em></strong></span> <span class='ocrx_word' id='word_1_443' title='bbox 762 4023 839 4080; x_wconf 52' lang='lat' dir='ltr'><strong><em>rut</em></strong></span> <span class='ocrx_word' id='word_1_444' title='bbox 874 4014 1069 4079; x_wconf 87' lang='lat' dir='ltr'><strong><em>optime</em></strong></span> <span class='ocrx_word' id='word_1_445' title='bbox 1098 4010 1259 4075; x_wconf 90' lang='lat' dir='ltr'><strong><em>nosti)</em></strong></span> <span class='ocrx_word' id='word_1_446' title='bbox 1296 4026 1456 4080; x_wconf 88' lang='lat' dir='ltr'><strong><em>quam</em></strong></span> <span class='ocrx_word' id='word_1_447' title='bbox 1489 4011 1720 4063; x_wconf 76' lang='lat' dir='ltr'><strong><em>maxime</em></strong></span> <span class='ocrx_word' id='word_1_448' title='bbox 1748 4010 2071 4074; x_wconf 87' lang='lat' dir='ltr'><strong><em>studiosum,</em></strong></span> <span class='ocrx_word' id='word_1_449' title='bbox 2096 4008 2269 4074; x_wconf 90' lang='lat' dir='ltr'><strong><em>ipsum</em></strong></span> <span class='ocrx_word' id='word_1_450' title='bbox 2294 4008 2540 4064; x_wconf 90' lang='lat' dir='ltr'><strong><em>hortatus</em></strong></span> <span class='ocrx_word' id='word_1_451' title='bbox 2579 4012 2783 4080; x_wconf 90' lang='lat' dir='ltr'><strong><em>pariter</em></strong></span> <span class='ocrx_word' id='word_1_452' title='bbox 2809 4024 2856 4066; x_wconf 92' lang='lat' dir='ltr'><strong><em>et</em></strong></span> <span class='ocrx_word' id='word_1_453' title='bbox 2891 4024 3162 4081; x_wconf 85' lang='lat' dir='ltr'><strong><em>precatus,</em></strong></span> <span class='ocrx_word' id='word_1_454' title='bbox 3188 4026 3245 4068; x_wconf 91' lang='lat' dir='ltr'><strong><em>ut</em></strong></span> <span class='ocrx_word' id='word_1_455' title='bbox 3278 4017 3417 4069; x_wconf 90' lang='lat' dir='ltr'><strong><em>tanti</em></strong></span> <span class='ocrx_word' id='word_1_456' title='bbox 3454 4014 3578 4069; x_wconf 88' lang='lat' dir='ltr'><strong><em>boni</em></strong></span> <span class='ocrx_word' id='word_1_457' title='bbox 3610 4015 3759 4069; x_wconf 90' lang='lat' dir='ltr'><strong><em>nobis</em></strong></span> 
     </span>
    </p>
   </div>
   <div class='ocr_carea' id='block_1_35' title="bbox 496 4099 3761 4175">
    <p class='ocr_par' dir='ltr' id='par_1_35' title="bbox 496 4099 3761 4175">
     <span class='ocr_line' id='line_1_35' title="bbox 496 4099 3761 4175; baseline -0.001 -15"><span class='ocrx_word' id='word_1_458' title='bbox 496 4116 684 4160; x_wconf 89' lang='lat' dir='ltr'><strong><em>auctor</em></strong></span> <span class='ocrx_word' id='word_1_459' title='bbox 708 4106 859 4175; x_wconf 80' lang='lat' dir='ltr'><strong><em>fieret</em></strong></span> <span class='ocrx_word' id='word_1_460' title='bbox 889 4120 907 4158; x_wconf 91' lang='lat'><strong><em>:</em></strong></span> <span class='ocrx_word' id='word_1_461' title='bbox 940 4114 1089 4157; x_wconf 92' lang='lat' dir='ltr'><strong><em>ratus</em></strong></span> <span class='ocrx_word' id='word_1_462' title='bbox 1120 4103 1256 4172; x_wconf 90' lang='lat' dir='ltr'><strong><em>quod</em></strong></span> <span class='ocrx_word' id='word_1_463' title='bbox 1292 4104 1415 4165; x_wconf 84' lang='lat' dir='ltr'><strong><em>erit,</em></strong></span> <span class='ocrx_word' id='word_1_464' title='bbox 1458 4111 1512 4153; x_wconf 88' lang='lat' dir='ltr'><strong><em>ut</em></strong></span> <span class='ocrx_word' id='word_1_465' title='bbox 1543 4102 1638 4154; x_wconf 89' lang='lat' dir='ltr'><strong><em>hoc</em></strong></span> <span class='ocrx_word' id='word_1_466' title='bbox 1671 4112 1828 4169; x_wconf 90' lang='lat' dir='ltr'><strong><em>pacto</em></strong></span> <span class='ocrx_word' id='word_1_467' title='bbox 1858 4102 2017 4153; x_wconf 89' lang='lat' dir='ltr'><strong><em>amici</em></strong></span> <span class='ocrx_word' id='word_1_468' title='bbox 2049 4099 2288 4167; x_wconf 72' lang='lat' dir='ltr'><strong><em>defuncti</em></strong></span> <span class='ocrx_word' id='word_1_469' title='bbox 2327 4113 2527 4155; x_wconf 72' lang='lat' dir='ltr'><strong><em>sancta:</em></strong></span> <span class='ocrx_word' id='word_1_470' title='bbox 2567 4106 2859 4166; x_wconf 74' lang='lat' dir='ltr'><strong><em>memoriae,</em></strong></span> <span class='ocrx_word' id='word_1_471' title='bbox 2889 4114 2935 4157; x_wconf 91' lang='lat' dir='ltr'><strong><em>et</em></strong></span> <span class='ocrx_word' id='word_1_472' title='bbox 2973 4106 3189 4159; x_wconf 89' lang='lat' dir='ltr'><strong><em>viventis</em></strong></span> <span class='ocrx_word' id='word_1_473' title='bbox 3212 4106 3377 4174; x_wconf 74' lang='lat' dir='ltr'><strong><em>justce</em></strong></span> <span class='ocrx_word' id='word_1_474' title='bbox 3414 4107 3662 4171; x_wconf 86' lang='lat' dir='ltr'><strong><em>mercedi,</em></strong></span> <span class='ocrx_word' id='word_1_475' title='bbox 3713 4113 3761 4159; x_wconf 90' lang='lat' dir='ltr'><strong><em>et</em></strong></span> 
     </span>
    </p>
   </div>
   <div class='ocr_carea' id='block_1_36' title="bbox 495 4189 3764 4265">
    <p class='ocr_par' dir='ltr' id='par_1_36' title="bbox 495 4189 3764 4265">
     <span class='ocr_line' id='line_1_36' title="bbox 495 4189 3764 4265; baseline -0.001 -11"><span class='ocrx_word' id='word_1_476' title='bbox 495 4200 765 4254; x_wconf 87' lang='lat' dir='ltr'><strong><em>communi</em></strong></span> <span class='ocrx_word' id='word_1_477' title='bbox 797 4198 1031 4250; x_wconf 88' lang='lat' dir='ltr'><strong><em>omnium</em></strong></span> <span class='ocrx_word' id='word_1_478' title='bbox 1068 4198 1323 4249; x_wconf 88' lang='lat' dir='ltr'><strong><em>bonorum</em></strong></span> <span class='ocrx_word' id='word_1_479' title='bbox 1356 4192 1582 4246; x_wconf 88' lang='lat' dir='ltr'><strong><em>utilitati</em></strong></span> <span class='ocrx_word' id='word_1_480' title='bbox 1615 4208 1771 4260; x_wconf 90' lang='lat' dir='ltr'><strong><em>quam</em></strong></span> <span class='ocrx_word' id='word_1_481' title='bbox 1797 4192 1988 4258; x_wconf 78' lang='lat' dir='ltr'><strong><em>Optime</em></strong></span> <span class='ocrx_word' id='word_1_482' title='bbox 2016 4189 2348 4244; x_wconf 89' lang='lat' dir='ltr'><strong><em>consulatur.</em></strong></span> <span class='ocrx_word' id='word_1_483' title='bbox 2384 4191 2614 4262; x_wconf 85' lang='lat' dir='ltr'><strong><em>Benigne</em></strong></span> <span class='ocrx_word' id='word_1_484' title='bbox 2653 4196 2840 4248; x_wconf 89' lang='lat' dir='ltr'><strong><em>annuit</em></strong></span> <span class='ocrx_word' id='word_1_485' title='bbox 2867 4198 3187 4251; x_wconf 80' lang='lat' dir='ltr'><strong><em>venerandus</em></strong></span> <span class='ocrx_word' id='word_1_486' title='bbox 3209 4196 3468 4265; x_wconf 75' lang='lat' dir='ltr'><strong><em>pontifex,</em></strong></span> <span class='ocrx_word' id='word_1_487' title='bbox 3498 4207 3555 4250; x_wconf 91' lang='lat' dir='ltr'><strong><em>ut</em></strong></span> <span class='ocrx_word' id='word_1_488' title='bbox 3581 4206 3660 4251; x_wconf 90' lang='lat' dir='ltr'><strong><em>est</em></strong></span> <span class='ocrx_word' id='word_1_489' title='bbox 3693 4195 3764 4250; x_wconf 85' lang='lat' dir='ltr'><strong><em>ad</em></strong></span> 
     </span>
    </p>
   </div>
   <div class='ocr_carea' id='block_1_37' title="bbox 496 4278 3760 4357">
    <p class='ocr_par' dir='ltr' id='par_1_37' title="bbox 496 4278 3760 4357">
     <span class='ocr_line' id='line_1_37' title="bbox 496 4278 3760 4357; baseline -0.002 -14"><span class='ocrx_word' id='word_1_490' title='bbox 496 4295 640 4343; x_wconf 85' lang='lat' dir='ltr'><strong><em>recta</em></strong></span> <span class='ocrx_word' id='word_1_491' title='bbox 668 4287 844 4340; x_wconf 90' lang='lat' dir='ltr'><strong><em>omnia</em></strong></span> <span class='ocrx_word' id='word_1_492' title='bbox 866 4296 913 4340; x_wconf 88' lang='lat' dir='ltr'><strong><em>et</em></strong></span> <span class='ocrx_word' id='word_1_493' title='bbox 940 4285 1157 4340; x_wconf 89' lang='lat' dir='ltr'><strong><em>honesta</em></strong></span> <span class='ocrx_word' id='word_1_494' title='bbox 1186 4283 1365 4335; x_wconf 81' lang='lat' dir='ltr'><strong><em>stadia</em></strong></span> <span class='ocrx_word' id='word_1_495' title='bbox 1399 4296 1557 4350; x_wconf 86' lang='lat' dir='ltr'><strong><em>quam</em></strong></span> <span class='ocrx_word' id='word_1_496' title='bbox 1587 4278 2038 4348; x_wconf 86' lang='lat' dir='ltr'><strong><em>promptissimus,</em></strong></span> <span class='ocrx_word' id='word_1_497' title='bbox 2068 4294 2268 4350; x_wconf 90' lang='lat' dir='ltr'><strong><em>suaque</em></strong></span> <span class='ocrx_word' id='word_1_498' title='bbox 2288 4283 2632 4349; x_wconf 90' lang='lat' dir='ltr'><strong><em>auctoritate,</em></strong></span> <span class='ocrx_word' id='word_1_499' title='bbox 2648 4283 2809 4352; x_wconf 89' lang='lat' dir='ltr'><strong><em>jussu</em></strong></span> <span class='ocrx_word' id='word_1_500' title='bbox 2840 4295 2887 4338; x_wconf 90' lang='lat' dir='ltr'><strong><em>et</em></strong></span> <span class='ocrx_word' id='word_1_501' title='bbox 2915 4287 3163 4349; x_wconf 86' lang='lat' dir='ltr'><strong><em>impensis</em></strong></span> <span class='ocrx_word' id='word_1_502' title='bbox 3194 4288 3382 4357; x_wconf 66' lang='lat' dir='ltr'><strong><em>effecit,</em></strong></span> <span class='ocrx_word' id='word_1_503' title='bbox 3414 4299 3470 4342; x_wconf 90' lang='lat' dir='ltr'><strong><em>ut</em></strong></span> <span class='ocrx_word' id='word_1_504' title='bbox 3501 4288 3760 4355; x_wconf 88' lang='lat' dir='ltr'><strong><em>egregium</em></strong></span> 
     </span>
    </p>
   </div>
   <div class='ocr_carea' id='block_1_38' title="bbox 496 4368 3760 4451">
    <p class='ocr_par' dir='ltr' id='par_1_38' title="bbox 496 4368 3760 4451">
     <span class='ocr_line' id='line_1_38' title="bbox 496 4368 3760 4451; baseline -0.002 -17"><span class='ocrx_word' id='word_1_505' title='bbox 496 4383 593 4436; x_wconf 87' lang='lat' dir='ltr'><strong><em>hoc</em></strong></span> <span class='ocrx_word' id='word_1_506' title='bbox 631 4396 760 4451; x_wconf 87' lang='lat' dir='ltr'><strong><em>opus</em></strong></span> <span class='ocrx_word' id='word_1_507' title='bbox 789 4393 946 4449; x_wconf 89' lang='lat' dir='ltr'><strong><em>quam</em></strong></span> <span class='ocrx_word' id='word_1_508' title='bbox 978 4376 1174 4444; x_wconf 87' lang='lat' dir='ltr'><strong><em>optime</em></strong></span> <span class='ocrx_word' id='word_1_509' title='bbox 1210 4371 1530 4439; x_wconf 87' lang='lat' dir='ltr'><strong><em>dispositum</em></strong></span> <span class='ocrx_word' id='word_1_510' title='bbox 1558 4369 1796 4436; x_wconf 90' lang='lat' dir='ltr'><strong><em>prodiret</em></strong></span> <span class='ocrx_word' id='word_1_511' title='bbox 1819 4370 1871 4422; x_wconf 88' lang='lat' dir='ltr'><strong><em>in</em></strong></span> <span class='ocrx_word' id='word_1_512' title='bbox 1903 4368 2169 4436; x_wconf 89' lang='lat' dir='ltr'><strong><em>publicum</em></strong></span> <span class='ocrx_word' id='word_1_513' title='bbox 2197 4384 2214 4421; x_wconf 92' lang='lat'><strong><em>:</em></strong></span> <span class='ocrx_word' id='word_1_514' title='bbox 2242 4384 2394 4438; x_wconf 91' lang='lat' dir='ltr'><strong><em>opus,</em></strong></span> <span class='ocrx_word' id='word_1_515' title='bbox 2419 4370 2658 4441; x_wconf 87' lang='lat' dir='ltr'><strong><em>inquam,</em></strong></span> <span class='ocrx_word' id='word_1_516' title='bbox 2689 4390 2721 4425; x_wconf 89' lang='lat' dir='ltr'><strong><em>a</em></strong></span> <span class='ocrx_word' id='word_1_517' title='bbox 2743 4374 2948 4427; x_wconf 87' lang='lat' dir='ltr'><strong><em>nemine</em></strong></span> <span class='ocrx_word' id='word_1_518' title='bbox 2977 4374 3109 4428; x_wconf 91' lang='lat' dir='ltr'><strong><em>satis</em></strong></span> <span class='ocrx_word' id='word_1_519' title='bbox 3138 4391 3236 4440; x_wconf 86' lang='lat' dir='ltr'><strong><em>pro</em></strong></span> <span class='ocrx_word' id='word_1_520' title='bbox 3261 4376 3513 4442; x_wconf 87' lang='lat' dir='ltr'><strong><em>dignitate</em></strong></span> <span class='ocrx_word' id='word_1_521' title='bbox 3530 4376 3760 4428; x_wconf 87' lang='lat' dir='ltr'><strong><em>laudan-</em></strong></span> 
     </span>
    </p>
   </div>
   <div class='ocr_carea' id='block_1_39' title="bbox 496 4460 3766 4538">
    <p class='ocr_par' dir='ltr' id='par_1_39' title="bbox 496 4460 3766 4538">
     <span class='ocr_line' id='line_1_39' title="bbox 496 4460 3766 4538; baseline -0.006 -9"><span class='ocrx_word' id='word_1_522' title='bbox 496 4476 643 4538; x_wconf 89' lang='lat' dir='ltr'><strong><em>dum,</em></strong></span> <span class='ocrx_word' id='word_1_523' title='bbox 676 4476 722 4528; x_wconf 90' lang='lat' dir='ltr'><strong><em>si</em></strong></span> <span class='ocrx_word' id='word_1_524' title='bbox 745 4470 927 4526; x_wconf 75' lang='lat' dir='ltr'><strong><em>eximii</em></strong></span> <span class='ocrx_word' id='word_1_525' title='bbox 956 4467 1089 4521; x_wconf 88' lang='lat' dir='ltr'><strong><em>vatis</em></strong></span> <span class='ocrx_word' id='word_1_526' title='bbox 1120 4462 1353 4517; x_wconf 85' lang='lat' dir='ltr'><strong><em>divinam</em></strong></span> <span class='ocrx_word' id='word_1_527' title='bbox 1385 4470 1608 4515; x_wconf 91' lang='lat' dir='ltr'><strong><em>mentem</em></strong></span> <span class='ocrx_word' id='word_1_528' title='bbox 1639 4471 1687 4513; x_wconf 91' lang='lat' dir='ltr'><strong><em>et</em></strong></span> <span class='ocrx_word' id='word_1_529' title='bbox 1720 4460 2121 4530; x_wconf 89' lang='lat' dir='ltr'><strong><em>intelligentiam</em></strong></span> <span class='ocrx_word' id='word_1_530' title='bbox 2154 4462 2413 4529; x_wconf 90' lang='lat' dir='ltr'><strong><em>suspicias</em></strong></span> <span class='ocrx_word' id='word_1_531' title='bbox 2450 4480 2464 4516; x_wconf 83' lang='lat'><strong>:</strong></span> <span class='ocrx_word' id='word_1_532' title='bbox 2500 4465 2548 4517; x_wconf 90' lang='lat' dir='ltr'><strong><em>si</em></strong></span> <span class='ocrx_word' id='word_1_533' title='bbox 2574 4463 2917 4535; x_wconf 87' lang='lat' dir='ltr'><strong><em>interpretum</em></strong></span> <span class='ocrx_word' id='word_1_534' title='bbox 2938 4465 3286 4521; x_wconf 87' lang='lat' dir='ltr'><strong><em>eruditionem</em></strong></span> <span class='ocrx_word' id='word_1_535' title='bbox 3306 4472 3355 4520; x_wconf 85' lang='lat' dir='ltr'><strong><em>et</em></strong></span> <span class='ocrx_word' id='word_1_536' title='bbox 3370 4464 3554 4531; x_wconf 80' lang='lat' dir='ltr'><strong><em>ﬁdem,</em></strong></span> <span class='ocrx_word' id='word_1_537' title='bbox 3576 4466 3624 4519; x_wconf 77' lang='lat' dir='ltr'><strong><em>si</em></strong></span> <span class='ocrx_word' id='word_1_538' title='bbox 3648 4481 3766 4520; x_wconf 74' lang='lat' dir='ltr'><strong><em>cor.</em></strong></span> 
     </span>
    </p>
   </div>
   <div class='ocr_carea' id='block_1_40' title="bbox 496 4553 3761 4630">
    <p class='ocr_par' dir='ltr' id='par_1_40' title="bbox 496 4553 3761 4630">
     <span class='ocr_line' id='line_1_40' title="bbox 496 4553 3761 4630; baseline -0.003 -9"><span class='ocrx_word' id='word_1_539' title='bbox 496 4567 716 4621; x_wconf 89' lang='lat' dir='ltr'><strong><em>rectoris</em></strong></span> <span class='ocrx_word' id='word_1_540' title='bbox 745 4576 791 4620; x_wconf 92' lang='lat' dir='ltr'><strong><em>et</em></strong></span> <span class='ocrx_word' id='word_1_541' title='bbox 830 4560 1054 4630; x_wconf 78' lang='lat' dir='ltr'><strong><em>artificis</em></strong></span> <span class='ocrx_word' id='word_1_542' title='bbox 1085 4559 1332 4629; x_wconf 88' lang='lat' dir='ltr'><strong><em>peritiam</em></strong></span> <span class='ocrx_word' id='word_1_543' title='bbox 1359 4566 1409 4610; x_wconf 91' lang='lat' dir='ltr'><strong><em>et</em></strong></span> <span class='ocrx_word' id='word_1_544' title='bbox 1431 4555 1765 4626; x_wconf 89' lang='lat' dir='ltr'><strong><em>diligentiam</em></strong></span> <span class='ocrx_word' id='word_1_545' title='bbox 1787 4553 2162 4612; x_wconf 74' lang='lat' dir='ltr'><strong><em>attendas.Cui</em></strong></span> <span class='ocrx_word' id='word_1_546' title='bbox 2186 4572 2302 4610; x_wconf 84' lang='lat' dir='ltr'><strong><em>vero</em></strong></span> <span class='ocrx_word' id='word_1_547' title='bbox 2321 4558 2495 4627; x_wconf 88' lang='lat' dir='ltr'><strong><em>aptius</em></strong></span> <span class='ocrx_word' id='word_1_548' title='bbox 2512 4568 2841 4628; x_wconf 72' lang='lat' dir='ltr'><strong><em>nuncupatur</em></strong></span> <span class='ocrx_word' id='word_1_549' title='bbox 2856 4576 3011 4630; x_wconf 91' lang='lat' dir='ltr'><strong><em>quam</em></strong></span> <span class='ocrx_word' id='word_1_550' title='bbox 3041 4560 3206 4622; x_wconf 85' lang='lat' dir='ltr'><strong><em>tibi,si</em></strong></span> <span class='ocrx_word' id='word_1_551' title='bbox 3237 4558 3316 4613; x_wconf 81' lang='lat' dir='ltr'><strong><em>vel</em></strong></span> <span class='ocrx_word' id='word_1_552' title='bbox 3340 4560 3447 4627; x_wconf 92' lang='lat' dir='ltr'><strong><em>ipse</em></strong></span> <span class='ocrx_word' id='word_1_553' title='bbox 3462 4559 3761 4626; x_wconf 89' lang='lat' dir='ltr'><strong><em>respiciaris</em></strong></span> 
     </span>
    </p>
   </div>
   <div class='ocr_carea' id='block_1_41' title="bbox 498 4649 3763 4725">
    <p class='ocr_par' dir='ltr' id='par_1_41' title="bbox 498 4649 3763 4725">
     <span class='ocr_line' id='line_1_41' title="bbox 498 4649 3763 4725; baseline -0.002 -13"><span class='ocrx_word' id='word_1_554' title='bbox 498 4657 575 4712; x_wconf 88' lang='lat' dir='ltr'><strong><em>vel</em></strong></span> <span class='ocrx_word' id='word_1_555' title='bbox 615 4658 701 4712; x_wconf 88' lang='lat' dir='ltr'><strong><em>ille</em></strong></span> <span class='ocrx_word' id='word_1_556' title='bbox 733 4656 757 4710; x_wconf 85' lang='lat'><strong><em>7</em></strong></span> <span class='ocrx_word' id='word_1_557' title='bbox 807 4656 887 4711; x_wconf 88' lang='lat' dir='ltr'><strong><em>Tu</em></strong></span> <span class='ocrx_word' id='word_1_558' title='bbox 949 4654 1091 4708; x_wconf 89' lang='lat' dir='ltr'><strong><em>enim</em></strong></span> <span class='ocrx_word' id='word_1_559' title='bbox 1151 4650 1447 4706; x_wconf 88' lang='lat' dir='ltr'><strong><em>Christiani</em></strong></span> <span class='ocrx_word' id='word_1_560' title='bbox 1479 4649 1661 4720; x_wconf 87' lang='lat' dir='ltr'><strong><em>populi</em></strong></span> <span class='ocrx_word' id='word_1_561' title='bbox 1687 4657 1847 4716; x_wconf 91' lang='lat' dir='ltr'><strong><em>caput</em></strong></span> <span class='ocrx_word' id='word_1_562' title='bbox 1870 4664 1922 4705; x_wconf 70' lang='lat' dir='ltr'><strong><em>es</em></strong></span> <span class='ocrx_word' id='word_1_563' title='bbox 1948 4657 1998 4704; x_wconf 89' lang='lat' dir='ltr'><strong><em>et</em></strong></span> <span class='ocrx_word' id='word_1_564' title='bbox 2024 4659 2177 4719; x_wconf 90' lang='lat' dir='ltr'><strong><em>pater</em></strong></span> <span class='ocrx_word' id='word_1_565' title='bbox 2209 4667 2227 4707; x_wconf 84' lang='lat'><strong><em>.&#39;</em></strong></span> <span class='ocrx_word' id='word_1_566' title='bbox 2258 4653 2343 4707; x_wconf 91' lang='lat' dir='ltr'><strong><em>cui</em></strong></span> <span class='ocrx_word' id='word_1_567' title='bbox 2393 4662 2443 4707; x_wconf 87' lang='lat' dir='ltr'><strong><em>et</em></strong></span> <span class='ocrx_word' id='word_1_568' title='bbox 2487 4653 2747 4723; x_wconf 86' lang='lat' dir='ltr'><strong><em>dignitate</em></strong></span> <span class='ocrx_word' id='word_1_569' title='bbox 2778 4670 2881 4724; x_wconf 90' lang='lat' dir='ltr'><strong><em>qua</em></strong></span> <span class='ocrx_word' id='word_1_570' title='bbox 2915 4654 3206 4725; x_wconf 87' lang='lat' dir='ltr'><strong><em>insigniris,</em></strong></span> <span class='ocrx_word' id='word_1_571' title='bbox 3252 4661 3302 4706; x_wconf 92' lang='lat' dir='ltr'><strong><em>et</em></strong></span> <span class='ocrx_word' id='word_1_572' title='bbox 3336 4652 3604 4721; x_wconf 88' lang='lat' dir='ltr'><strong><em>probitate</em></strong></span> <span class='ocrx_word' id='word_1_573' title='bbox 3657 4667 3763 4722; x_wconf 89' lang='lat' dir='ltr'><strong><em>qua</em></strong></span> 
     </span>
    </p>
   </div>
   <div class='ocr_carea' id='block_1_42' title="bbox 499 4746 3765 4827">
    <p class='ocr_par' dir='ltr' id='par_1_42' title="bbox 499 4746 3765 4827">
     <span class='ocr_line' id='line_1_42' title="bbox 499 4746 3765 4827; baseline -0.002 -19"><span class='ocrx_word' id='word_1_574' title='bbox 499 4755 692 4827; x_wconf 86' lang='lat' dir='ltr'><strong><em>fulges,</em></strong></span> <span class='ocrx_word' id='word_1_575' title='bbox 724 4753 860 4807; x_wconf 88' lang='lat' dir='ltr'><strong><em>bona</em></strong></span> <span class='ocrx_word' id='word_1_576' title='bbox 896 4760 1086 4805; x_wconf 89' lang='lat' dir='ltr'><strong><em>cuncta</em></strong></span> <span class='ocrx_word' id='word_1_577' title='bbox 1116 4760 1164 4803; x_wconf 90' lang='lat' dir='ltr'><strong><em>et</em></strong></span> <span class='ocrx_word' id='word_1_578' title='bbox 1203 4765 1358 4802; x_wconf 86' lang='lat' dir='ltr'><strong><em>sacra</em></strong></span> <span class='ocrx_word' id='word_1_579' title='bbox 1396 4748 1587 4801; x_wconf 88' lang='lat' dir='ltr'><strong><em>merito</em></strong></span> <span class='ocrx_word' id='word_1_580' title='bbox 1607 4746 1713 4801; x_wconf 91' lang='lat' dir='ltr'><strong><em>sint</em></strong></span> <span class='ocrx_word' id='word_1_581' title='bbox 1741 4747 2014 4800; x_wconf 78' lang='lat' dir='ltr'><strong><em>dicenda:</em></strong></span> <span class='ocrx_word' id='word_1_582' title='bbox 2050 4762 2170 4800; x_wconf 90' lang='lat' dir='ltr'><strong><em>cum</em></strong></span> <span class='ocrx_word' id='word_1_583' title='bbox 2202 4750 2467 4817; x_wconf 73' lang='lat' dir='ltr'><strong><em>prwcipue</em></strong></span> <span class='ocrx_word' id='word_1_584' title='bbox 2496 4748 2743 4807; x_wconf 77' lang='lat' dir='ltr'><strong><em>humana:</em></strong></span> <span class='ocrx_word' id='word_1_585' title='bbox 2778 4757 2829 4801; x_wconf 91' lang='lat' dir='ltr'><strong><em>et</em></strong></span> <span class='ocrx_word' id='word_1_586' title='bbox 2871 4748 3062 4802; x_wconf 74' lang='lat' dir='ltr'><strong><em>divina:</em></strong></span> <span class='ocrx_word' id='word_1_587' title='bbox 3108 4746 3303 4802; x_wconf 76' lang='lat' dir='ltr'><strong><em>littera:</em></strong></span> <span class='ocrx_word' id='word_1_588' title='bbox 3338 4748 3653 4804; x_wconf 78' lang='lat' dir='ltr'><strong><em>clarissimae</em></strong></span> <span class='ocrx_word' id='word_1_589' title='bbox 3678 4748 3765 4817; x_wconf 60' lang='lat' dir='ltr'><strong><em>fac</em></strong></span> 
     </span>
    </p>
   </div>
   <div class='ocr_carea' id='block_1_43' title="bbox 499 4842 3759 4916">
    <p class='ocr_par' dir='ltr' id='par_1_43' title="bbox 499 4842 3759 4916">
     <span class='ocr_line' id='line_1_43' title="bbox 499 4842 3759 4916; baseline -0.003 -9"><span class='ocrx_word' id='word_1_590' title='bbox 499 4852 664 4907; x_wconf 78' lang='lat' dir='ltr'><strong><em>miliae</em></strong></span> <span class='ocrx_word' id='word_1_591' title='bbox 700 4860 803 4905; x_wconf 67' lang='lat' dir='ltr'><strong><em>tua:</em></strong></span> <span class='ocrx_word' id='word_1_592' title='bbox 835 4846 1087 4903; x_wconf 81' lang='lat' dir='ltr'><strong><em>Medicea:</em></strong></span> <span class='ocrx_word' id='word_1_593' title='bbox 1108 4846 1398 4916; x_wconf 86' lang='lat' dir='ltr'><strong><em>plurimum</em></strong></span> <span class='ocrx_word' id='word_1_594' title='bbox 1422 4843 1666 4907; x_wconf 87' lang='lat' dir='ltr'><strong><em>debeant,</em></strong></span> <span class='ocrx_word' id='word_1_595' title='bbox 1696 4842 1847 4910; x_wconf 89' lang='lat' dir='ltr'><strong><em>cujus</em></strong></span> <span class='ocrx_word' id='word_1_596' title='bbox 1876 4842 2142 4910; x_wconf 75' lang='lat' dir='ltr'><strong><em>prazcipuo</em></strong></span> <span class='ocrx_word' id='word_1_597' title='bbox 2170 4843 2345 4896; x_wconf 89' lang='lat' dir='ltr'><strong><em>studio</em></strong></span> <span class='ocrx_word' id='word_1_598' title='bbox 2375 4852 2425 4897; x_wconf 90' lang='lat' dir='ltr'><strong><em>et</em></strong></span> <span class='ocrx_word' id='word_1_599' title='bbox 2452 4859 2613 4911; x_wconf 91' lang='lat' dir='ltr'><strong><em>opera</em></strong></span> <span class='ocrx_word' id='word_1_600' title='bbox 2653 4844 2980 4897; x_wconf 89' lang='lat' dir='ltr'><strong><em>densissimis</em></strong></span> <span class='ocrx_word' id='word_1_601' title='bbox 3016 4854 3172 4897; x_wconf 88' lang='lat' dir='ltr'><strong><em>antea</em></strong></span> <span class='ocrx_word' id='word_1_602' title='bbox 3220 4860 3419 4914; x_wconf 73' lang='lat' dir='ltr'><strong><em>pressw</em></strong></span> <span class='ocrx_word' id='word_1_603' title='bbox 3449 4847 3673 4899; x_wconf 88' lang='lat' dir='ltr'><strong><em>tenebris</em></strong></span> <span class='ocrx_word' id='word_1_604' title='bbox 3709 4853 3759 4898; x_wconf 89' lang='lat' dir='ltr'><strong><em>et</em></strong></span> 
     </span>
    </p>
   </div>
   <div class='ocr_carea' id='block_1_44' title="bbox 500 4934 3761 5015">
    <p class='ocr_par' dir='ltr' id='par_1_44' title="bbox 500 4934 3761 5015">
     <span class='ocr_line' id='line_1_44' title="bbox 500 4934 3761 5015; baseline -0.002 -18"><span class='ocrx_word' id='word_1_605' title='bbox 500 4944 652 5015; x_wconf 74' lang='lat' dir='ltr'><strong><em>quasi</em></strong></span> <span class='ocrx_word' id='word_1_606' title='bbox 686 4945 927 5012; x_wconf 79' lang='lat' dir='ltr'><strong><em>sepultcv,</em></strong></span> <span class='ocrx_word' id='word_1_607' title='bbox 963 4943 1017 4994; x_wconf 90' lang='lat' dir='ltr'><strong><em>in</em></strong></span> <span class='ocrx_word' id='word_1_608' title='bbox 1042 4940 1356 4994; x_wconf 82' lang='lat' dir='ltr'><strong><em>luccmsunt</em></strong></span> <span class='ocrx_word' id='word_1_609' title='bbox 1387 4937 1625 4991; x_wconf 72' lang='lat' dir='ltr'><strong><em>redditw.</em></strong></span> <span class='ocrx_word' id='word_1_610' title='bbox 1651 4934 1753 4989; x_wconf 87' lang='lat' dir='ltr'><strong><em>Ille</em></strong></span> <span class='ocrx_word' id='word_1_611' title='bbox 1777 4952 1897 4990; x_wconf 90' lang='lat' dir='ltr'><strong><em>vero</em></strong></span> <span class='ocrx_word' id='word_1_612' title='bbox 1927 4937 2114 4990; x_wconf 89' lang='lat' dir='ltr'><strong><em>domus</em></strong></span> <span class='ocrx_word' id='word_1_613' title='bbox 2143 4946 2248 4990; x_wconf 77' lang='lat' dir='ltr'><strong><em>tua:</em></strong></span> <span class='ocrx_word' id='word_1_614' title='bbox 2274 4935 2523 4989; x_wconf 89' lang='lat' dir='ltr'><strong><em>alumnus</em></strong></span> <span class='ocrx_word' id='word_1_615' title='bbox 2552 4946 2627 4989; x_wconf 92' lang='lat' dir='ltr'><strong><em>tot</em></strong></span> <span class='ocrx_word' id='word_1_616' title='bbox 2654 4936 2916 5004; x_wconf 89' lang='lat' dir='ltr'><strong><em>tantisque</em></strong></span> <span class='ocrx_word' id='word_1_617' title='bbox 2936 4935 3200 5001; x_wconf 80' lang='lat' dir='ltr'><strong><em>beneﬁciis</em></strong></span> <span class='ocrx_word' id='word_1_618' title='bbox 3218 4946 3291 4989; x_wconf 90' lang='lat' dir='ltr'><strong><em>est</em></strong></span> <span class='ocrx_word' id='word_1_619' title='bbox 3310 4936 3553 5005; x_wconf 69' lang='lat' dir='ltr'><strong><em>affectus,</em></strong></span> <span class='ocrx_word' id='word_1_620' title='bbox 3584 4947 3642 4990; x_wconf 89' lang='lat' dir='ltr'><strong><em>ut</em></strong></span> <span class='ocrx_word' id='word_1_621' title='bbox 3671 4952 3761 4990; x_wconf 85' lang='lat' dir='ltr'><strong><em>ne-</em></strong></span> 
     </span>
    </p>
   </div>
   <div class='ocr_carea' id='block_1_45' title="bbox 502 5025 3762 5105">
    <p class='ocr_par' dir='ltr' id='par_1_45' title="bbox 502 5025 3762 5105">
     <span class='ocr_line' id='line_1_45' title="bbox 502 5025 3762 5105; baseline -0.002 -15"><span class='ocrx_word' id='word_1_622' title='bbox 502 5038 671 5091; x_wconf 88' lang='lat' dir='ltr'><strong><em>sciam</em></strong></span> <span class='ocrx_word' id='word_1_623' title='bbox 701 5036 936 5105; x_wconf 88' lang='lat' dir='ltr'><strong><em>magisne</em></strong></span> <span class='ocrx_word' id='word_1_624' title='bbox 961 5034 1029 5087; x_wconf 91' lang='lat' dir='ltr'><strong><em>sit</em></strong></span> <span class='ocrx_word' id='word_1_625' title='bbox 1058 5032 1415 5102; x_wconf 88' lang='lat' dir='ltr'><strong><em>perspicuum,</em></strong></span> <span class='ocrx_word' id='word_1_626' title='bbox 1452 5038 1543 5083; x_wconf 92' lang='lat' dir='ltr'><strong><em>tua</em></strong></span> <span class='ocrx_word' id='word_1_627' title='bbox 1579 5028 1901 5099; x_wconf 89' lang='lat' dir='ltr'><strong><em>benignitate</em></strong></span> <span class='ocrx_word' id='word_1_628' title='bbox 1927 5028 2100 5096; x_wconf 90' lang='lat' dir='ltr'><strong><em>ipsum</em></strong></span> <span class='ocrx_word' id='word_1_629' title='bbox 2125 5043 2236 5081; x_wconf 90' lang='lat' dir='ltr'><strong><em>esse</em></strong></span> <span class='ocrx_word' id='word_1_630' title='bbox 2261 5025 2401 5098; x_wconf 86' lang='lat' dir='ltr'><strong><em>quod</em></strong></span> <span class='ocrx_word' id='word_1_631' title='bbox 2432 5034 2510 5079; x_wconf 86' lang='lat' dir='ltr'><strong><em>est</em></strong></span> <span class='ocrx_word' id='word_1_632' title='bbox 2536 5041 2555 5079; x_wconf 90' lang='lat'><strong><em>:</em></strong></span> <span class='ocrx_word' id='word_1_633' title='bbox 2586 5043 2653 5079; x_wconf 91' lang='lat' dir='ltr'><strong><em>an</em></strong></span> <span class='ocrx_word' id='word_1_634' title='bbox 2683 5026 2890 5079; x_wconf 86' lang='lat' dir='ltr'><strong><em>nullum</em></strong></span> <span class='ocrx_word' id='word_1_635' title='bbox 2914 5025 3151 5079; x_wconf 89' lang='lat' dir='ltr'><strong><em>studium</em></strong></span> <span class='ocrx_word' id='word_1_636' title='bbox 3192 5025 3272 5079; x_wconf 89' lang='lat' dir='ltr'><strong><em>illi</em></strong></span> <span class='ocrx_word' id='word_1_637' title='bbox 3303 5026 3610 5096; x_wconf 90' lang='lat' dir='ltr'><strong><em>propensius</em></strong></span> <span class='ocrx_word' id='word_1_638' title='bbox 3648 5042 3762 5082; x_wconf 86' lang='lat' dir='ltr'><strong><em>esse</em></strong></span> 
     </span>
    </p>
   </div>
   <div class='ocr_carea' id='block_1_46' title="bbox 501 5112 3761 5198">
    <p class='ocr_par' dir='ltr' id='par_1_46' title="bbox 501 5112 3761 5198">
     <span class='ocr_line' id='line_1_46' title="bbox 501 5112 3761 5198; baseline -0.005 -18"><span class='ocrx_word' id='word_1_639' title='bbox 501 5143 652 5195; x_wconf 77' lang='lat' dir='ltr'><strong><em>posse</em></strong></span> <span class='ocrx_word' id='word_1_640' title='bbox 685 5144 837 5198; x_wconf 90' lang='lat' dir='ltr'><strong><em>quam</em></strong></span> <span class='ocrx_word' id='word_1_641' title='bbox 872 5134 1063 5180; x_wconf 88' lang='lat' dir='ltr'><strong><em>cuncta</em></strong></span> <span class='ocrx_word' id='word_1_642' title='bbox 1094 5123 1301 5192; x_wconf 83' lang='lat' dir='ltr'><strong><em>efficere</em></strong></span> <span class='ocrx_word' id='word_1_643' title='bbox 1323 5138 1441 5191; x_wconf 77' lang='lat' dir='ltr'><strong><em>qua:</em></strong></span> <span class='ocrx_word' id='word_1_644' title='bbox 1469 5119 1537 5173; x_wconf 89' lang='lat' dir='ltr'><strong><em>ad</em></strong></span> <span class='ocrx_word' id='word_1_645' title='bbox 1569 5118 1793 5173; x_wconf 90' lang='lat' dir='ltr'><strong><em>salutem</em></strong></span> <span class='ocrx_word' id='word_1_646' title='bbox 1816 5126 1865 5173; x_wconf 92' lang='lat' dir='ltr'><strong><em>et</em></strong></span> <span class='ocrx_word' id='word_1_647' title='bbox 1888 5118 2117 5188; x_wconf 89' lang='lat' dir='ltr'><strong><em>gloriam</em></strong></span> <span class='ocrx_word' id='word_1_648' title='bbox 2144 5126 2293 5171; x_wconf 89' lang='lat' dir='ltr'><strong><em>tuam</em></strong></span> <span class='ocrx_word' id='word_1_649' title='bbox 2319 5126 2560 5185; x_wconf 88' lang='lat' dir='ltr'><strong><em>spectare</em></strong></span> <span class='ocrx_word' id='word_1_650' title='bbox 2596 5114 2894 5169; x_wconf 89' lang='lat' dir='ltr'><strong><em>videantur.</em></strong></span> <span class='ocrx_word' id='word_1_651' title='bbox 2917 5114 3037 5169; x_wconf 87' lang='lat' dir='ltr'><strong><em>Tibi</em></strong></span> <span class='ocrx_word' id='word_1_652' title='bbox 3057 5116 3221 5185; x_wconf 90' lang='lat' dir='ltr'><strong><em>igitur</em></strong></span> <span class='ocrx_word' id='word_1_653' title='bbox 3246 5112 3503 5169; x_wconf 80' lang='lat' dir='ltr'><strong><em>Pontilici</em></strong></span> <span class='ocrx_word' id='word_1_654' title='bbox 3524 5113 3761 5168; x_wconf 70' lang='lat' dir='ltr'><strong><em>Maximo</em></strong></span> 
     </span>
    </p>
   </div>
   <div class='ocr_carea' id='block_1_47' title="bbox 501 5204 3760 5290">
    <p class='ocr_par' dir='ltr' id='par_1_47' title="bbox 501 5204 3760 5290">
     <span class='ocr_line' id='line_1_47' title="bbox 501 5204 3760 5290; baseline -0.006 -13"><span class='ocrx_word' id='word_1_655' title='bbox 501 5225 739 5278; x_wconf 88' lang='lat' dir='ltr'><strong><em>divinum</em></strong></span> <span class='ocrx_word' id='word_1_656' title='bbox 773 5227 867 5276; x_wconf 89' lang='lat' dir='ltr'><strong><em>hoc</em></strong></span> <span class='ocrx_word' id='word_1_657' title='bbox 901 5236 1032 5290; x_wconf 90' lang='lat' dir='ltr'><strong><em>opus</em></strong></span> <span class='ocrx_word' id='word_1_658' title='bbox 1064 5222 1303 5273; x_wconf 83' lang='lat' dir='ltr'><strong><em>dicamus</em></strong></span> <span class='ocrx_word' id='word_1_659' title='bbox 1330 5225 1381 5270; x_wconf 89' lang='lat' dir='ltr'><strong><em>et</em></strong></span> <span class='ocrx_word' id='word_1_660' title='bbox 1415 5214 1707 5282; x_wconf 89' lang='lat' dir='ltr'><strong><em>mittimus,</em></strong></span> <span class='ocrx_word' id='word_1_661' title='bbox 1739 5230 1841 5287; x_wconf 90' lang='lat' dir='ltr'><strong><em>quo</em></strong></span> <span class='ocrx_word' id='word_1_662' title='bbox 1871 5223 1961 5268; x_wconf 88' lang='lat' dir='ltr'><strong><em>tuo</em></strong></span> <span class='ocrx_word' id='word_1_663' title='bbox 1987 5212 2286 5282; x_wconf 87' lang='lat' dir='ltr'><strong><em>patrocinio</em></strong></span> <span class='ocrx_word' id='word_1_664' title='bbox 2310 5220 2359 5266; x_wconf 93' lang='lat' dir='ltr'><strong><em>et</em></strong></span> <span class='ocrx_word' id='word_1_665' title='bbox 2371 5210 2582 5281; x_wconf 89' lang='lat' dir='ltr'><strong><em>judicio</em></strong></span> <span class='ocrx_word' id='word_1_666' title='bbox 2605 5211 2890 5277; x_wconf 86' lang='lat' dir='ltr'><strong><em>munitum,</em></strong></span> <span class='ocrx_word' id='word_1_667' title='bbox 2927 5209 3162 5267; x_wconf 85' lang='lat' dir='ltr'><strong><em>securius</em></strong></span> <span class='ocrx_word' id='word_1_668' title='bbox 3203 5218 3254 5263; x_wconf 92' lang='lat' dir='ltr'><strong><em>et</em></strong></span> <span class='ocrx_word' id='word_1_669' title='bbox 3278 5207 3494 5264; x_wconf 78' lang='lat' dir='ltr'><strong><em>liberius</em></strong></span> <span class='ocrx_word' id='word_1_670' title='bbox 3518 5204 3760 5262; x_wconf 89' lang='lat' dir='ltr'><strong><em>omnibus</em></strong></span> 
     </span>
    </p>
   </div>
   <div class='ocr_carea' id='block_1_48' title="bbox 503 5310 1354 5392">
    <p class='ocr_par' dir='ltr' id='par_1_48' title="bbox 503 5310 1354 5392">
     <span class='ocr_line' id='line_1_48' title="bbox 503 5310 1354 5392; baseline -0.013 -16"><span class='ocrx_word' id='word_1_671' title='bbox 503 5336 557 5376; x_wconf 86' lang='lat' dir='ltr'><strong><em>se</em></strong></span> <span class='ocrx_word' id='word_1_672' title='bbox 587 5318 863 5392; x_wconf 85' lang='lat' dir='ltr'><strong><em>legendum</em></strong></span> <span class='ocrx_word' id='word_1_673' title='bbox 886 5314 1150 5372; x_wconf 79' lang='lat' dir='ltr'><strong><em>exhibeat.</em></strong></span> <span class='ocrx_word' id='word_1_674' title='bbox 1206 5310 1354 5367; x_wconf 73' lang='lat' dir='ltr'><strong><em>Vale.</em></strong></span> 
     </span>
    </p>
   </div>
  </div>
