4090 6212
405 266 476 330 ib
1557 261 1711 322 COM
1722 259 1951 322 MENT.
1990 256 2073 318 IN
2112 258 2467 320 PSALMOS;
3578 248 3643 314 46

388 377 698 449 πατρῴους,
765 377 858 430 καὶ
901 377 1039 444 ιερὰ,
1091 375 1184 429 καὶ
1244 377 1447 443 γονεῖς,

389 473 542 538 γένη,
581 472 675 522 καὶ
705 469 940 538 ἡλικίας·
972 471 1000 521 6
1033 469 1089 520 δὲ
1132 467 1340 520 τούτων
1397 469 1496 535 μὲν
1551 465 1706 518 οὐδὲν
1767 466 1968 534 ἐμεγα-

391 561 688 631 λαύχησεν,
721 559 1106 613 ἐπιεικέστατα
1149 560 1205 612 δὲ
1260 559 1402 612 πάνυ
1450 555 1693 627 διεξῆλθε
1738 555 1800 608 rb
1833 555 1966 625 πρὸς

392 652 484 705 τὸν
523 651 717 704 Γολιὰο
750 652 1102 721 μονομάχιον.

474 833 616 886 Ἀλλ’
656 828 810 896 οὗτος
861 835 890 886 6
934 832 1193 895 τοσοῦτος
1236 833 1332 886 καὶ
1363 831 1700 897 τηλικοῦτος,
1760 831 1847 884 ἵνα
1892 831 1968 901 μὴ

388 926 624 980 ἕκαστον
670 926 931 996 διατρίϐω
978 926 1176 992 λόγον,
1233 922 1624 989 ὲξευτελίζεται
1675 922 1772 993 μὲν
1817 924 1969 993 παρὰ

391 1017 488 1069 τοῦ
530 1017 759 1086 πατρὸς,
786 1017 884 1087 τὴν
905 1017 1102 1087 ἀρχὴν.
1141 1056 1155 1069 .
1191 1056 1205 1070 .
1239 1055 1254 1070 .
1289 1016 1562 1084 αινομένῳ
1583 1013 1965 1084 προσέχοντος,

397 1107 766 1161 ἀποϐάλλεται
799 1108 844 1160 6’
881 1110 963 1170 sl;
1001 1107 1293 1177 ποιμένας,
1343 1105 1436 1158 καὶ
1477 1105 1555 1171 (2)
1605 1103 1808 1156 τούτων
1857 1105 1969 1166 τοῖς

397 1203 456 1252 ὲν
500 1202 614 1261 τοῖς
661 1198 1046 1268 λοχευομένοις
1104 1197 1350 1251 ὄπισθεν.
1401 1196 1508 1248 Καὶ
1569 1197 1595 1247 6
1640 1196 1741 1262 μὲν
1784 1198 1970 1264 πατὴρ

400 1291 610 1359 ὥσπερ.
645 1330 659 1344 .
710 1332 722 1344 .
765 1329 779 1344 .
820 1291 925 1342 ἔθει
951 1291 1212 1352 κάτωθεν,
1242 1291 1268 1340 6
1293 1288 1348 1340 δὲ
1379 1287 1507 1350 Θεὸς
1550 1287 1759 1340 ἄνωθεν
1793 1286 1965 1339 υἱοθέο

395 1398 499 1444 τει,
553 1381 806 1450 καθάπερ
858 1379 1138 1449 βασιλικὸν
1185 1378 1347 1430 παῖδα
1384 1378 1484 1445 τὴν
1525 1377 1836 1447 βασιλικὴν,
1869 1378 1968 1428 εἶτ’

391 1468 487 1524 οὖν
516 1471 878 1540 ποιμαντικὴν
907 1471 1213 1539 ἐπιστήμην
1245 1469 1464 1540 πρῶτον
1506 1471 1564 1520 ὲν
1591 1471 1705 1531 τοῖς
1754 1469 1970 1535 ἀλόγοις

387 1563 690 1632 ἐκμελετᾷν
743 1566 1178 1631 παρεσκεύασεν,
1230 1563 1628 1632 ἐπαγρυπνεῖν,
1685 1561 1967 1630 πολεμεῖν,

384 1653 715 1706 κινδυνεύειν
745 1655 844 1722 τῆς
872 1652 1133 1722 ποίμνης,
1177 1651 1626 1721 παρατάττεσθαι
1677 1652 1814 1721 πρὸς
1868 1652 1968 1721 θῆ-

385 1761 506 1816 ρας,
533 1745 670 1814 πρὸς
707 1744 934 1817 λῃστὰς,
967 1744 1103 1814 πρὸς
1135 1744 1399 1807 κλέπτας,
1437 1743 1574 1811 πρὸς
1603 1744 1782 1813 λιμὸν,
1827 1745 1967 1812 πρὸς
1999 1722 2038 1774 Β

383 1837 614 1906 κρυμον,
639 1838 776 1905 πρὸς
806 1836 1006 1904 φλόγα,
1037 1836 1424 1904 προηγεῖσθαι,
1448 1834 1794 1903 παρακαλεῖν
1826 1834 1965 1904 πρὸς

381 1926 584 1994 νομὰς,
637 1928 777 1995 πρὸς
836 1927 1018 1989 σκιὰς,
1067 1926 1146 1985 εἰς
1204 1926 1447 1994 κρήνας,
1503 1926 1586 1986 εἰς
1639 1926 1963 1992 ποταμοὺς,

385 2017 461 2086 ('5)
493 2015 912 2085 ἁνακομεῖσθαι,
947 2015 1227 2082 συνάγειν,
1258 2018 1325 2084 τῇ
1349 2015 1646 2084 βακτηρίᾳ,
1694 2017 1762 2083 τῇ
1786 2017 1966 2083 φωνῇ,

385 2112 453 2177 τῇ
490 2107 628 2179 ᾠδῇ,
658 2109 724 2175 τῇ
758 2105 1006 2174 σύριγγι,
1040 2105 1287 2175 τέρπειν,
1325 2103 1535 2170 φοϐεῖν,
1562 2102 1795 2170 διαιτᾷν,
1826 2117 1971 2168 φαρ-

394 2197 679 2267 μακεύειν,
709 2191 784 2247 ὢν
838 2194 1095 2247 ἁπάντων
1141 2193 1329 2254 τέλος,
1369 2192 1447 2262 μὴ
1501 2191 1757 2244 πιότατον
1813 2191 1974 2258 μόνον

394 2288 677 2350 ἀποδεῖξαι
709 2287 772 2338 τὸ
796 2285 1068 2354 ποίμνιον,
1091 2284 1227 2339 ἀλλά
1262 2285 1356 2337 καὶ
1402 2283 1845 2354 σωφρονέστερον
1875 2283 1971 2335 καὶ

392 2377 896 2432 εύπαιδευτότατον.
949 2363 1107 2428 vim
1139 2376 1303 2428 τίδεῖ
1349 2374 1654 2444 μηκύνειν;
1704 2375 1966 2444 Ἔρχεται

392 2469 516 2537 μετ’
561 2467 741 2534 ὀλίγον
773 2469 801 2520 6
858 2466 1110 2536 χρέστης,
1159 2463 1496 2535 ὲπιζητεῖται
1526 2465 1582 2518 δὲ
1613 2467 1640 2518 6
1673 2465 1965 2536 χρισθῆναι

390 2558 623 2628 μέλλων’
664 2557 944 2628 ἐξέρχεται
977 2556 1034 2609 δὲ
1061 2559 1087 2609 6
1115 2556 1276 2626 χορὸς
1309 2556 1417 2608 τῶν
1457 2556 1691 2619 παίδων,
1739 2557 1766 2607 6
1794 2554 1964 2617 πολὺς

387 2648 616 2713 ἐκεῖνος,
651 2648 679 2700 6
710 2646 870 2710 καλὸς
903 2647 993 2699 καὶ
1024 2646 1300 2715 λαμπρὸς,
1334 2647 1636 2700 ἐπιτίθεται
1669 2647 1730 2699 τὸ
1766 2645 1960 2717 κέρας,

390 2739 792 2810 ὑπερτίθεταιὸ
830 2739 982 2802 Θεός’
1032 2738 1422 2808 ἀποδοκιμάζει
1477 2738 1722 2802 τούτους,
1774 2739 1964 2809 ὥσπερ

389 2831 454 2902 δὴ
493 2833 522 2885 6
553 2833 734 2903 πατὴρ
782 2831 873 2884 τὸν
925 2830 1108 2885 Δαϐίδ.
1175 2831 1570 2898 Ἀναγκάζεται
1618 2833 1965 2900 παραγαγεῖν

392 2920 555 2982 αὐτὸς
583 2921 612 2972 6
637 2919 936 2986 ὲξουθενῶν
985 2919 1077 2972 τὸν
1119 2919 1586 2987 ὲξουθενούμενον·
1629 2921 1964 2991 παράγεται,

391 3009 604 3081 χρίεται
641 3011 736 3063 καὶ
789 3010 980 3080 ἄμφω,
1020 3009 1300 3080 βασιλείαν
1344 3011 1440 3062 καὶ
1489 3013 1847 3082 προφητείαν
1886 3011 1965 3084 τῷ

392 3103 501 3172 γὰρ
527 3103 718 3172 κέρατι
750 3103 844 3155 καὶ⁵
883 3101 963 3171 τῷ
1001 3100 1297 3170 πνεύματι.
1337 3101 1593 3170 Σύμϐολα
1653 3104 1748 3156 καὶ
1797 3103 1973 3156 ταῦτα

393 3192 488 3247 τοῦ
514 3194 766 3263 Σωτῆρος
808 3192 988 3262 Ἰησοῦ
1017 3192 1334 3263 χρισθέντος
1373 3193 1604 3264 ὕστερον
1635 3196 1712 3257 εἰς
1745 3193 1975 3264 βασιλέα

393 3302 454 3340 τε
477 3287 569 3338 καὶ
607 3286 760 3340 Θεόν.
796 3287 861 3338 Τί
888 3285 1019 3353 γοῦν
1043 3287 1102 3338 τὺ
1133 3285 1276 3356 μετὰ
1303 3285 1499 3352 τοῦτο;
1551 3285 1792 3356 Πόλεμος
1820 3285 1978 3340 ἀλλο-

397 3377 580 3448 φύλων
613 3377 903 3444 ἐφίσταται
932 3375 1094 3440 πολὺς
1133 3376 1229 3428 καὶ
1266 3377 1479 3446 ἄμαχος
1528 3377 1624 3429 καὶ
1654 3377 1933 3448 ἀμήχανος
1957 3393 1971 3408 ο

399 3471 493 3522 ἐπὶ
521 3468 683 3540 ξυροῦ
737 3469 794 3521 δὲ
839 3467 919 3537 τῷ
970 3467 1184 3538 βασιλεῖ
1239 3466 1334 3520 καὶ
1381 3467 1459 3536 τῷ
1510 3466 1654 3520 ἔθνει
1715 3469 1876 3522 παντὶ
1905 3467 1974 3522 τὰ

396 3561 718 3631 πράγματα.
755 3558 1093 3629 Παρίσταται
1126 3559 1185 3611 δὲ
1236 3559 1264 3611 6
1307 3557 1544 3629 ῥύστης,
1604 3559 1632 3610 6
1689 3561 1973 3630 προφήτης

394 3653 534 3722 ὁμοῦ
589 3651 684 3704 καὶ
725 3650 1068 3720 στρατιώτης
1125 3649 1222 3702 καὶ
1263 3649 1540 3720 βασιλεύς.
1581 3650 1972 3715 Ἐξουθενείται

399 3747 584 3811 πάλιν,
618 3743 986 3799 ἀποϐάλλεται
1025 3745 1187 3798 πάλιν
1218 3761 1232 3776 ·
1267 3745 1596 3816 ὑπερϐάλλει
1652 3747 1814 3799 πάλιν
1845 3747 1972 3808 τοὺς

397 3839 682 3906 ἀδελφοὺς,
719 3840 784 3908 τῇ
815 3836 1186 3908 κακροθυμία·
1221 3837 1314 3890 τὸν
1345 3838 1544 3902 Σαοὺλ,
1576 3840 1642 3906 τῇ
1673 3836 1965 3904 ἀπολογία·

396 3927 489 3980 τὸν
513 3925 728 3989 Γολιὰθ,
781 3928 847 3996 τῇ
887 3925 1102 3996 ἀνδρίᾳο
1131 3925 1344 3988 πάντας
1378 3925 1517 3994 ἅμα,
1571 3924 1818 3984 καὶτοὺς
1870 3921 1977 3991 πρὸ

399 4017 590 4084 αὑτοῦ,
622 4018 717 4070 καὶ
760 4017 885 4080 τοὺς
909 4017 1030 4084 μετ’
1066 4015 1232 4068 αὑτὸν
1288 4018 1354 4084 τῇ
1414 4015 1683 4083 ὑπερφυεῖ
1726 4029 1978 4081 γιγαντοο

402 4108 592 4180 μαχία·
622 4107 786 4172 σώζει
815 4108 1022 4172 πάντας
1055 4103 1140 4170 εἷς
1185 4107 1375 4177 φανεὶς
1427 4105 1570 4176 ὑπὲρ
1606 4104 1848 4172 πάντων,
1882 4106 1978 4158 καὶ

401 4201 524 4254 ἀντὶ
547 4201 788 4264 πάντων,
814 4201 909 4254 καὶ
933 4200 1075 4269 ὑπὲρ
1125 4200 1356 4261 πάντας.
1409 4193 1542 4251 Εἶτα
1575 4198 1664 4262 τίς
1696 4197 1976 4266 Συμϐασι-

399 4291 567 4358 λεύει,
625 4290 1120 4362 συνεκστρατεύει,
1179 4289 1582 4361 συγκατορθοτο
1649 4289 1849 4360 μᾶλλον
1893 4290 1971 4354 δὲ,

2066 2652 2247 2706 clarus
2289 2651 2520 2706 ﬁliorum
2553 2651 2752 2706 chorus
2787 2667 2800 2704 :
2835 2651 3132 2719 imponitur
3185 2662 3382 2714 cornu,

1507 391 1542 427 κ
1553 375 1610 426 αἱ
1668 374 1731 426 σύ
1743 389 1962 444 μπαντα

2075 387 2211 434 cem,
2245 374 2502 439 patriam,
2567 371 2835 444 majorum
2879 368 3160 443 sepulcra,
3213 370 3359 440 leges
3413 370 3641 440 patrias,

2076 465 2299 533 templa,
2337 471 2590 533 parentes
2624 466 2797 532 ipsos,
2831 474 2885 519 et
2909 479 3129 519 omnem
3151 462 3388 532 denique
3427 471 3642 516 atatem

2071 557 2308 610 servavit
2347 575 2358 609 :
2397 558 2511 626 ipse
2540 567 2718 613 tamen
2756 559 2810 612 in
2870 558 2956 612 his
3005 557 3141 613 nihil
3208 557 3475 626 gloriatus
3533 564 3641 618 est,

2070 648 2166 704 sed
2199 648 2481 718 singulare
2513 657 2808 714 certamen,
2862 650 3007 720 quod
3061 649 3162 704 sibi
3215 647 3318 702 fuit
3358 663 3481 704 cum
3525 647 3643 716 ipso

2069 741 2311 806 Goliatb,
2350 748 2563 795 tantum
2617 743 3016 797 modestissime
3047 742 3312 796 narravit.

2143 831 2536 888 Verumtamen
2569 834 2659 887 hic
2685 843 2871 889 noster
2920 842 3108 889 tantus
3139 849 3204 889 ac
3260 834 3387 889 talis
3444 831 3640 896 David,

2072 939 2141 980 ne
2177 925 2358 980 omnia
2391 940 2489 995 per
2515 925 2727 996 singula
2757 940 3073 996 persequar,
3107 927 3398 997 negligitur
3425 941 3454 980 a
3485 935 3645 995 patre

2072 1016 2188 1084 (qui
2217 1015 2374 1070 initio
2400 1017 2672 1070 exteriora
2711 1025 2922 1071 tantum
2949 1018 3246 1085 spectabat)
3279 1031 3330 1073 et
3357 1018 3420 1071 ad
3447 1033 3643 1087 greges

2072 1105 2308 1160 mittitur
2371 1114 2424 1160 et
2475 1105 2540 1160 ad
2597 1115 2843 1161 armenta
2881 1125 2895 1162 ι
2933 1107 3182 1174 quinimo
3234 1108 3428 1162 borum
3477 1109 3641 1161 etiam

2073 1193 2235 1250 festas
2269 1211 2398 1250 oves
2435 1195 2794 1265 sequebatur.
2833 1188 3332 1266 Et'pater'qnidem
3384 1195 3438 1249 in
3496 1203 3644 1248 terra

2071 1302 2196 1340 eum
2267 1286 2604 1356 abjicicbat,
2683 1286 2824 1342 Deus
2848 1302 2978 1342 vero
3032 1287 3268 1355 desuper
3331 1285 3647 1353 adoptabat,

2070 1392 2306 1446 eumque
2354 1377 2521 1432 veluti
2577 1377 2784 1448 regium
2836 1392 3090 1446 puerum,
3148 1377 3350 1448 regali,
3411 1377 3512 1430 hoc
3566 1385 3649 1429 est

2073 1467 2333 1535 pastorali
2375 1467 2617 1521 scientias
2646 1468 2882 1536 primttm
2932 1482 3152 1532 vacare,
3185 1469 3328 1521 inter
3352 1464 3648 1520 irrationa-

2073 1559 2143 1614 lia
2177 1561 2504 1630 prmparavit
2533 1577 2546 1613 :
2573 1561 2799 1630 vigilare
2829 1561 3055 1626 scilicet,
3094 1567 3307 1614 certare
3336 1573 3434 1628 pro
3459 1570 3641 1627 grege,

2076 1651 2341 1721 periculis
2391 1667 2448 1706 se
2481 1667 2774 1722 opponere,
2809 1654 3144 1707 contendere
3177 1653 3444 1707 adversus
3477 1649 3641 1710 feras.

2071 1745 2338 1806 latrones,
2382 1743 2552 1810 fures,
2582 1744 2803 1807 famem,
2826 1742 3053 1814 frigora,
3091 1742 3364 1797 ﬂammam
3397 1760 3413 1794 ι
3446 1742 3644 1812 praeire

2071 1836 2235 1890 etiam
2261 1842 2315 1888 et
2350 1834 2620 1889 advocare
2647 1835 2714 1888 ad
2748 1849 2970 1904 pascua,
3002 1834 3069 1888 ad
3101 1833 3354 1895 umbras,
3405 1832 3473 1886 ad
3517 1829 3643 1885 fon-

2073 1934 2178 1989 tes,
2206 1923 2274 1976 ad
2310 1923 2535 1978 flumina
2569 1942 2583 1977 :
2616 1940 2875 1978 revocare
2918 1925 3072 1986 item,
3102 1931 3156 1979 et
3214 1924 3268 1977 in
3320 1937 3488 1976 untnn
3545 1921 3644 1972 ad-

2077 2014 2306 2075 ducere,
2338 2015 2511 2081 virga,
2553 2026 2706 2076 voce,
2757 2023 2927 2066 cantu
2987 2021 3041 2066 et
3105 2013 3306 2075 ﬁstula,
3378 2010 3647 2064 delectare

2078 2103 2245 2156 etiam
2279 2117 2342 2155 ac
2374 2112 2682 2169 perterrere
2720 2120 2734 2155 :
2779 2101 2994 2155 vivendi
3022 2116 3268 2154 normam
3302 2101 3564 2168 praebere,
3591 2109 3648 2152 et

2083 2194 2312 2260 mederi,
2353 2209 2586 2264 quorum
2618 2193 2863 2248 omnium
2893 2194 2938 2246 is
2971 2202 3054 2246 est
3089 2192 3233 2257 linis,
3273 2201 3335 2245 ut
3383 2206 3490 2244 non
3534 2190 3654 2259 pin-

2077 2301 2238 2356 guem
2270 2286 2458 2351 modo,
2489 2285 2583 2340 sed
2615 2293 2674 2339 ut
2721 2283 3222 2338 moderatissimum
3257 2282 3441 2344 etiam,
3471 2290 3523 2336 et
3559 2295 3651 2334 ca-

2073 2376 2497 2445 stigatissimum
2533 2390 2749 2446 gregem
2779 2373 3114 2430 ostenderet.
3151 2374 3256 2429 Sed
3308 2373 3441 2444 quid
3474 2375 3647 2442 pluri-

2071 2467 2175 2523 bus
2201 2483 2340 2537 opus
2371 2467 2496 2523 est?
2526 2466 2684 2521 Venit
2716 2465 2878 2536 paulo
2926 2475 3047 2535 post
3083 2473 3280 2521 unctor
3308 2482 3323 2520 :
3358 2465 3648 2536 ungendus

2070 2559 2430 2630 perquiritur.
2481 2557 2743 2614 Procedit
2795 2560 3053 2628 c0piosus
3111 2559 3220 2622 ille,
3281 2557 3531 2627 pulcher,
3591 2568 3648 2612 et

3451 2663 3645 2718 supero

2073 2745 2297 2817 ponitur
2366 2743 2512 2799 Deus
2577 2761 2591 2797 :
2655 2754 2710 2798 et
2771 2741 3231 2812 quemadmodum
3288 2749 3446 2795 antea
3496 2748 3648 2810 pater

2071 2837 2253 2906 ipsum
2283 2835 2474 2900 David,
2503 2835 2583 2890 sic
2609 2844 2664 2890 et
2700 2834 2841 2889 Deus
2871 2848 3065 2890 omnes
3115 2833 3254 2887 alios
3307 2833 3645 2902 rcprobavit.

2072 2929 2297 2998 Cogitur
2321 2936 2477 2997 pater
2501 2927 2592 2996 qui
2622 2927 2952 2997 neglexerat,
2982 2925 3286 2995 neglectum
3323 2939 3352 2977 a
3377 2925 3597 2978 lducere
3630 2944 3645 2978 :

2077 3019 2373 3075 adducitur
2425 3019 2632 3088 itaque,
2697 3027 2751 3072 et
2811 3019 3036 3083 ungitur
3087 3015 3155 3070 ad
3207 3025 3498 3084 utrumque
3533 3033 3546 3068 :
3580 3016 3648 3068 ad

2075 3129 2304 3184 regnum
2339 3113 2620 3178 nimirum,
2661 3123 2716 3167 et
2748 3111 2814 3167 ad
2849 3111 3190 3182 prophetiam
3227 3126 3436 3166 :cornu
3474 3111 3649 3181 siqui-

2072 3206 2219 3267 dem,
2249 3214 2302 3260 et
2329 3204 2550 3274 spiritu.
2588 3189 2788 3274 Figura
2831 3213 2990 3258 erant
3037 3204 3151 3258 hac
3213 3202 3511 3258 Salvatoris
3553 3218 3649 3257 no-

2074 3297 2172 3351 stri
2194 3294 2325 3350 Jesu
2353 3294 2585 3359 Christi,
2651 3295 2741 3363 qni
2775 3295 2829 3348 in
2883 3309 3063 3365 regem
3115 3292 3399 3363 ungendus
3428 3299 3566 3357 erat,
3596 3301 3650 3345 et

2073 3389 2129 3443 in
2164 3388 2356 3443 Deum.
2407 3387 2548 3452 Quid
2586 3387 2751 3457 igitur
2801 3397 2922 3457 post
2981 3387 3132 3441 haec?
3181 3386 3381 3442 bellum
3438 3385 3648 3439 adesta

2071 3477 2390 3545 Philistaais,
2423 3480 2653 3544 bellum,
2686 3479 2936 3550 inquam,
2971 3480 3180 3550 grande
3210 3501 3220 3534 :
3265 3480 3516 3549 quinimo
3549 3478 3649 3532 im-

2073 3588 2323 3628 mensum
2353 3579 2407 3628 et
2451 3572 2841 3642 insuperabile.
2877 3571 3074 3626 Omnia
3109 3579 3218 3625 tam
3281 3573 3444 3641 regis,
3479 3582 3649 3638 quam

2072 3663 2349 3720 universae
2377 3663 2558 3734 gentis
2598 3662 2812 3734 negotia
2861 3663 2915 3717 in
2963 3677 3182 3718 summo
3230 3672 3392 3717 erant
3442 3660 3650 3715 discri-

2073 3757 2221 3809 mine
2271 3773 2284 3808 :
2346 3755 2466 3821 ipse
2529 3765 2715 3808 autem
2755 3755 3016 3809 liberator
3082 3754 3302 3808 advenit
3355 3755 3648 3822 propheta,

2078 3843 2261 3903 miles,
2322 3843 2533 3910 pariter
2587 3849 2643 3896 et
2698 3857 2817 3894 rex.
2875 3841 3179 3910 Negligitur
3233 3857 3424 3895 rursus
3487 3850 3651 3908 atque

2079 3928 2336 4000 abjicitur
2372 3946 2386 3982 :
2427 3938 2482 3982 et
2531 3944 2726 3983 rursus
2775 3929 2915 3997 ipse,
2961 3930 3227 3998 patientia
3281 3945 3380 3986 sua
3431 3930 3650 3990 fratres,

2079 4032 2346 4089 responso
2379 4015 2537 4080 Saul,
2566 4017 2888 4072 fortitudine
2916 4016 3156 4080 Goliath,
3187 4025 3240 4072 et
3273 4033 3466 4074 omnes
3499 4019 3651 4073 insn-

2077 4126 2196 4185 per,
2230 4110 2321 4180 qui
2373 4120 2506 4165 tunc
2544 4108 2826 4179 temporis,
2885 4115 2940 4163 et
2989 4115 3149 4162 antea
3199 4123 3264 4166 ac
3305 4111 3650 4180 postmodum

2077 4203 2324 4268 fuerunt,
2362 4203 2633 4258 immensa
2674 4202 2775 4255 hac
2814 4201 3068 4272 gigantea
3104 4217 3282 4272 pugna
3316 4196 3649 4272 superavit'

2079 4309 2334 4365 unusque
2395 4309 2496 4363 pro
2548 4292 2832 4356 omnibus,
2885 4301 3078 4346 contra
3141 4306 3356 4356 omnes,
3413 4294 3649 4348 servavit

404 4384 662 4455 κατορθοῖ
691 4383 762 4437 τὰ
784 4383 1042 4436 λείποντα
1061 4400 1076 4414 ·
1108 4385 1237 4453 νικᾷ
1265 4385 1389 4446 τοὺς
1424 4383 1522 4452 μὲν
1551 4382 1654 4448 ἔξω
1682 4383 1971 4452 πολεμίους

2080 4401 2292 4443 omnes.
2326 4387 2433 4441 Sed
2461 4385 2594 4455 quid
2626 4385 2890 4456 deinceps
2921 4386 2944 4439 ?
3002 4383 3176 4439 Simul
3224 4393 3433 4455 regnat,
3487 4384 3650 4440 simul

397 4477 513 4538 τοῖς
546 4475 752 4540 ὅπλοις·
785 4475 878 4528 τὸν
921 4474 1070 4527 ἔνδον
1122 4475 1200 4536 δὲ,
1252 4474 1314 4527 τὸ
1365 4473 1582 4540 πνεῦμα
1627 4473 1830 4545 δηλαδὴ
1874 4473 1970 4527 τοῦ

403 4567 600 4630 Σαοὺλ,
633 4569 699 4637 τῇ
735 4567 973 4638 μελῳδίᾳ
995 4583 1053 4620 τε
1081 4567 1174 4618 καὶ
1195 4564 1272 4634 τῷ
1295 4563 1583 4634 πνεύματι·
1613 4565 1972 4635 στεφανοῦται

402 4659 500 4712 καὶ
529 4659 854 4728 εύφημεῖται
889 4659 1040 4729 παρὰ
1091 4657 1334 4722 πάντων,
1385 4658 1479 4710 καὶ
1529 4656 1671 4728 ὑπὲρ
1721 4657 1968 4722 πάντας·

403 4749 518 4819 ᾠδὴ
548 4750 758 4817 γίνεται
783 4751 877 4804 καὶ
902 4753 1023 4812 ταῖς
1046 4747 1313 4818 γυναιξίνο
1356 4746 1648 4812 Ἐπάταξε
1673 4747 1871 4803 Σαοὺλ
1902 4747 1973 4801 ἐν

403 4840 657 4909 χιλιάσι,
692 4841 789 4895 καὶ
815 4841 991 4894 Δαϐὶδ
1023 4842 1094 4894 ἐν
1127 4839 1396 4910 μυριάσι.
1427 4841 1730 4899 ,Φθονεῖται
1788 4840 1970 4904 πάλιν,

405 4929 680 4994 διώκεται,
715 4931 929 4998 φεύγει,
957 4930 1285 4999 κρύπτεται,
1320 4927 1637 4996 κυκλοῦται,
1667 4929 1860 4984 κυκλοῖ
1890 4928 1983 4981 τὸν

407 5019 788 5082 κυκλώσαντα,
825 5023 918 5074 καί
973 5023 1070 5092 οὐχ
1101 5022 1340 5092 ἁρπάζει
1369 5021 1460 5074 τὸν
1505 5022 1715 5093 καιρὸν,
1750 5022 1812 5075 ού
1844 5021 1985 5091 λαμ-

405 5113 560 5166 ϐάνει
592 5114 690 5168 τοῦ
726 5113 965 5183 πολέμου
1003 5114 1182 5181 λύσιν,
1215 5115 1314 5169 οὐκ
1344 5114 1614 5185 ἀμύνεται
1637 5115 1728 5169 τὸν
1750 5114 1944 5186 ἐχθρὸν
1964 5154 1980 5180 ,

406 5203 606 5274 ἀμύνει
649 5204 840 5274 τούτῳ,
893 5205 1135 5274 φεύγων,
1168 5209 1228 5260 ού
1291 5207 1366 5277 μή
1417 5224 1470 5260 τι
1529 5207 1690 5261 πάθοι
1738 5207 1935 5278 μᾶλλον
1964 5247 1978 5273 ,

503 5346 524 5378 ⁸
554 5344 572 5398 1
612 5347 744 5416 Reg.
786 5361 936 5410 xvm,
970 5347 1023 5400 '7.

2078 4480 2380 4536 exercitum
2408 4479 2583 4544 ducit,
2609 4479 2776 4534 simul
2805 4479 2991 4547 dirigit
3036 4488 3200 4549 atque
3252 4478 3603 4534 administrat
3630 4495 3647 4543 ;

2081 4574 2192 4628 imo
2228 4586 2360 4626 vero
2391 4586 2511 4642 qua:
2538 4571 2752 4640 reliqua
2789 4581 2941 4632 sunt,
2973 4570 3090 4639 ipse
3137 4587 3281 4626 unus
3311 4573 3648 4636 moderatur,

2080 4673 2136 4718 et
2171 4671 2388 4719 exteros
2417 4661 2636 4733 quidem
2671 4661 2944 4726 inimicos,
2983 4663 3172 4726 armis,
3208 4676 3340 4716 suos
3365 4676 3512 4726 vero,
3545 4663 3649 4716 hoc

2081 4762 2166 4810 est
2201 4755 2376 4824 ipsius
2410 4753 2545 4808 Saul
2583 4751 2854 4821 malignos
2886 4752 3136 4820 spiritus,
3186 4755 3420 4808 ntelodia
3459 4755 3648 4815 simul,

2081 4859 2146 4899 ac
2177 4843 2401 4914 spiritu,
2438 4849 2686 4912 superat.
2731 4839 3047 4894 Coronatur
3074 4840 3258 4911 itaque
3303 4850 3358 4895 et
3399 4843 3648 4897 laudatur
3746 4850 3758 4861 ’·

2084 4935 2152 4990 ab
2174 4935 2453 5002 omnibus,
2504 4941 2558 4987 et
2587 4946 2752 5000 supra
2787 4944 2999 4992 omnes,
3050 4930 3104 4984 in
3153 4940 3486 5001 cautumque
3516 4933 3649 5002 ipsis

2083 5026 2246 5082 etiam
2268 5025 2494 5081 eil'ectus
2517 5035 2602 5080 est
2625 5022 2949 5077 mulieribus
2979 5040 2994 5077 :
3023 5021 3290 5076 Percussit
3321 5021 3452 5078 Saul
3481 5023 3647 5084 mille,

2081 5127 2131 5170 et
2183 5117 2352 5171 David
2383 5116 2556 5171 decem
2581 5113 2749 5168 ntifIia
2783 5114 2825 5167 ⁸.
2861 5113 3146 5168 lnvidetur
3184 5129 3401 5176 rursus,
3461 5126 3647 5182 perae-

2083 5209 2358 5264 cutionem
2401 5207 2628 5278 patitur,
2664 5204 2823 5276 fugit,
2881 5204 3217 5272 occultatur,
3249 5201 3646 5266 circumdatur,

1737 5473 1937 5537 Variae
1970 5473 2300 5542 lectiones.

481 5605 558 5676 (2)
593 5605 741 5661 Adde
767 5606 1018 5677 πρόϐατα
1043 5605 1252 5679 aeditui.
1285 5609 1339 5660 et
1371 5615 1568 5658 sensus
1613 5599 1878 5672 postulat,
1929 5607 1971 5656 cl

2075 5604 2249 5661 alinus
2281 5605 2407 5677 legit
2441 5607 2733 5679 interpres.

480 5674 559 5746 (5)
586 5679 782 5744 Ἴσως,
815 5674 1267 5746 ἆνακομίςεσθαι.
