4090 6212
497 221 566 286 47
1720 223 2106 283 EUTHYMII
2140 227 2513 288 ZlGABENf
2871 217 2874 220 ’
3679 234 3752 294 ts

491 354 545 399 et
580 344 695 414 ipse
726 340 1160 395 circumdantem
1199 340 1526 403 circumdat,
1567 356 1664 396 uec
1697 351 1876 412 tamen
1902 357 2061 397 occa-

2167 344 2303 399 ἀλλὰ
2339 347 2414 416 μή
2463 364 2516 398 τι
2556 346 2742 417 δράσοι
2771 347 3107 418 φοϐούμενος
3143 347 3252 403 τῶν
3281 341 3469 419 ὦνπερ
3500 349 3752 420 ἐφοϐεῖτο

493 439 706 491 sionem
743 434 958 503 arripit,
993 448 1091 488 nec
1124 433 1252 487 belli
1304 433 1637 487 solutionem
1674 433 1926 496 attend-it,
1957 450 2064 488 non

497 528 786 583 ulciscitur
843 526 1134 580 inimicum
1171 543 1184 579 :
1217 525 1471 595 quinitno
1528 525 1681 578 illum
1723 525 1944 594 adjuvat
1978 525 2066 582 fu-

492 626 647 695 giens
674 638 737 677 ae
772 623 990 684 timens,
1039 637 1146 676 non
1191 630 1248 674 ut
1276 621 1392 688 ipse
1425 619 1567 674 male
1597 620 1880 688 quidpiam
1912 629 2065 688 pate-

497 724 673 780 retur,
739 714 834 768 sed
883 714 1084 782 potius,
1141 730 1210 768 ne
1259 714 1526 767 adversus
1585 713 1802 766 Saulem
1859 711 2063 782 aliquid

485 822 682 860 eorum
712 805 935 868 faceret,
968 820 1088 874 qum
1113 803 1215 859 sibi
1241 803 1309 857 ab
1340 804 1432 857 illo
1461 803 1891 859 intentabantur.
1919 805 2065 856 Adeo

491 899 638 952 enim
680 897 957 952 contraria
985 896 1101 949 haec
1133 908 1237 948 una
1277 893 1626 962 temperavit,
1680 893 2063 948 mansuetudi-

498 1006 620 1044 nem
673 989 888 1043 scilicet
919 997 972 1042 et
1012 985 1417 1050 fortitudinem,
1462 995 1520 1038 ut
1571 984 1836 1038 fortitudo
1893 985 1944 1038 in
1997 998 2064 1038 eo

491 1082 671 1150 major
709 1096 871 1150 quam
906 1081 957 1133 in
989 1079 1202 1132 caneris
1231 1094 1245 1130 :
1276 1085 1329 1132 et
1357 1075 1718 1131 mansuetudo
1740 1077 1854 1142 ipsa
1888 1077 2053 1129 etiam

494 1173 817 1229 fortitudine
863 1173 1042 1241 major
1087 1171 1520 1240 conspiceretur.
1566 1168 1706 1234 Quid
1744 1169 1902 1222 tum?
1959 1167 2062 1222 Re-

490 1273 622 1334 gnat
651 1281 664 1317 :
696 1263 1013 1333 prophetias
1038 1263 1282 1332 ιιι-ωδίσῆ
1310 1277 1323 1314 :
1361 1261 1562 1314 fatetur
1588 1269 1750 1328 atque
1773 1267 2065 1313 attestatur

491 1357 687 1421 Deum,
725 1364 778 1408 et
809 1353 1193 1408 testimonium
1228 1351 1303 1405 illi
1343 1351 1666 1420 perhibetur
1694 1366 1722 1403 a
1771 1351 1901 1410 Deo,
1937 1364 2064 1418 pro-

490 1447 838 1515 mittiturque
889 1445 980 1508 ei,
1031 1445 1176 1514 quod
1219 1451 1476 1497 αξιοι-ηοω
1535 1441 1718 1497 sedem
1777 1442 2061 1496 habiturus

490 1542 586 1601 sit,
653 1547 709 1594 et
757 1538 1080 1592 haereditate
1141 1544 1312 1590 totum
1367 1535 1552 1590 orbem
1619 1542 2057 1588 consecuturus:

490 1634 745 1700 ipsasque
773 1629 982 1695 stellas,
1011 1628 1363 1682 multitudine
1390 1643 1453 1681 ac
1483 1625 1900 1696 pulchritudine
1926 1624 2063 1678 filio-

2173 437 2385 490 παθεῖν.
2423 438 2690 491 Τοσοῦτον
2735 439 2966 510 ἐκέρασε
3023 441 3306 508 τάναντία,
3345 443 3629 511 πραότητα
3659 448 3749 496 καῖ

2170 527 2266 598 τὴν
2293 529 2538 597 ἀνδρίαν,
2572 528 2648 591 ὡς
2689 525 2829 582 εἶναι
2875 531 2973 600 τὴν
3008 531 3106 600 μὲν
3149 531 3374 602 ἀνδρίαν
3405 533 3574 587 αὑτοῦ
3633 536 3742 602 με’ίι

2170 617 2296 680 ζονα
2322 619 2430 678 τῶν
2465 620 2522 671 ἐν
2569 618 2749 681 ἄλλοις
2769 635 2784 649 ⁸
2812 621 2984 688 αὐτῆς
3030 622 3086 674 δέ
3111 637 3172 688 γε
3201 623 3409 692 ταύτης
3456 619 3608 687 αὖθις
3649 624 3751 695 τὴν

2167 709 2492 763 ἐπιείκειαν.
2519 709 2583 761 Τί
2607 709 2715 776 Eri;
2753 709 3060 775 Βασιλεύει,
3087 714 3448 784 προφητεύει,
3478 717 3751 785 μαρτυρεῖ

2166 801 2320 866 Θεὸν,
2373 803 2733 872 μαρτυρεῖται
2781 803 2932 873 παρὰ
2973 802 3130 868 Θεοῦ,
3183 803 3620 876 διαμαρτύρεται
3653 806 3746 859 τὸν

2167 893 2356 964 θρόνον
2415 895 2633 946 αἰώνιον
2673 894 2846 959 ἕξειν,
2881 894 2972 946 τὸν
3029 895 3235 966 κόσμον
3282 898 3744 967 κληρονομήσειν,

2164 986 2290 1048 τοὺς
2320 986 2558 1056 ἀστέρας
2594 986 3034 1056 ὑπερϐάλλεσθαι
3061 988 3138 1055 τῷ
3169 989 3366 1060 πλήθει
3392 991 3488 1044 καὶ
3512 992 3590 1063 τῷ
3618 995 3750 1047 κάλ’

2163 1077 2246 1130 λει
2275 1078 2382 1130 τῶν
2420 1079 2646 1131 παίδων.
2682 1076 2838 1142 Εἶτα,
2878 1080 3044 1148 βαϐαὶ
3076 1083 3175 1150 τῆς
3203 1086 3529 1154 συμφορᾶςὲ
3583 1086 3745 1154 βαϐαὶ

2166 1170 2263 1238 τῆς
2306 1170 2647 1240 μεταϐολῆςί
2701 1173 2728 1223 6
2777 1171 3056 1237 ἐκλεκτὸς,
3095 1173 3250 1240 ἄφνω
3294 1176 3503 1244 μοιχός
3537 1179 3566 1228 6
3610 1192 3745 1246 προ-

2166 1259 2368 1328 φήτης,
2403 1258 2641 1329 ἔκφρων
2677 1262 2704 1313 6
2726 1259 3079 1332 θεοφόρητος,
3112 1264 3379 1333 ὲκμανής⁹
3407 1265 3436 1316 6
3465 1264 3741 1333 ἀληθινὸς,

2163 1351 2402 1421 δολερόςο
2455 1353 2483 1404 6
2524 1351 2750 1422 ποιμὴν,
2803 1352 3026 1423 λῃστής·
3071 1355 3098 1405 6
3151 1354 3353 1424 σωτὴρ,
3396 1356 3740 1426 ἀνδροφόνος.

2177 1443 2462 1495 Ἐντεῦθεν
2555 1443 2825 1514 μεταϐολή
2856 1447 2970 1498 ἐστι
2999 1445 3098 1514 τῆς
3121 1448 3365 1516 γνώμης,
3403 1449 3496 1499 καὶ
3526 1451 3592 1500 τὰ
3625 1447 3740 1499 τολ-

2165 1534 2430 1604 μήματα⁶
2463 1535 2673 1588 ἐκεῖθεν
2709 1537 2742 1605 ή
2793 1536 2964 1606 ἐποχή
3009 1537 3115 1588 τῶν
3170 1540 3534 1608 κρουμάτων,
3573 1539 3667 1590 καὶ
3706 1541 3738 1606 ἡ

2162 1642 2255 1680 του
2292 1627 2605 1696 πνεύματος
2663 1627 2918 1698 συστολή·
2960 1627 3210 1681 ἐντεῦθεν
3263 1630 3294 1699 ἡ
3347 1628 3616 1699 ἐναλλαγὴ
3644 1629 3736 1681 τοῦ

490 1738 613 1777 rum
649 1732 1032 1791 superaturos.
1089 1719 1294 1774 Deinde
1329 1720 1384 1789 (0
1413 1719 1797 1784 calamitatem,
1835 1733 1869 1771 ο
1915 1716 2061 1771 cele-

2168 1718 2310 1789 βίου,
2341 1721 2435 1773 καὶ
2463 1721 2496 1786 ή
2536 1719 2643 1771 τῶν
2676 1719 2860 1772 κακῶν
2898 1719 3165 1772 θάλασσα·
3199 1718 3449 1772 ἐντεῦθεν
3477 1721 3538 1772 οὐ
3578 1720 3740 1790 μόνον

491 1831 605 1871 rem
644 1816 1004 1868 mutationem
1027 1814 1081 1882 ί)
1117 1813 1210 1882 qui
1243 1820 1401 1866 antea
1424 1813 1630 1866 electus
1658 1818 1798 1875 erat,
1838 1817 2058 1879 repente

487 1907 728 1963 efficitur
771 1906 991 1962 adulter
1022 1923 1034 1958 :
1069 1905 1162 1974 qui
1218 1903 1508 1974 propheta,
1546 1917 1736 1956 amcns
1768 1919 1782 1953 :
1812 1902 1901 1969 qui
1951 1901 2058 1953 Deo

491 1997 710 2054 afﬂatus
759 2001 926 2061 erat,
958 1997 1185 2050 insanus
1220 2012 1232 2046 :
1268 1994 1362 2063 qui
1416 2009 1606 2054 verax,
1671 1991 1894 2045 dolosus
1923 2006 1936 2043 :
1965 1992 2056 2058 qui

471 2104 693 2161 pastor,
740 2091 880 2143 latro
918 2107 930 2142 :
971 2090 1063 2158 qui
1117 2095 1388 2151 servator,
1425 2084 1716 2139 homicida.
1755 2079 1901 2138 llinc
1926 2098 2059 2136 con-

485 2184 591 2239 silii
622 2182 850 2236 mutatio
877 2188 930 2234 et
958 2188 1068 2234 tam
1104 2177 1341 2249 grandes
1373 2192 1544 2232 ausus
1580 2195 1593 2232 ς
1633 2177 1784 2230 illinc
1817 2175 2055 2230 musices

485 2274 746 2335 cessatio,
777 2281 832 2325 et
866 2269 1176 2324 contractio
1235 2269 1473 2337 spiritus
1510 2283 1525 2320 :
1559 2268 1687 2321 hinc
1712 2277 1764 2322 et
1800 2269 1921 2321 vita:
1956 2270 2058 2320 im-

484 2364 739 2428 mutatio,
775 2371 830 2415 et
853 2361 1224 2430 plurimorum
1264 2359 1529 2411 malorqu
1563 2373 1718 2412 mare
1753 2375 1766 2410 :
1809 2359 1935 2412 hinc
1962 2358 2055 2427 qui

485 2455 718 2510 numine
754 2462 871 2507 erat
908 2451 1230 2515 instinctus,
1263 2465 1368 2503 non
1396 2449 1559 2504 modo
1595 2451 1844 2518 privatur
1885 2449 2055 2518 inspi-

487 2546 702 2600 ratione
731 2544 817 2597 illa
871 2557 1111 2611 superna
1152 2556 1164 2592 :
1200 2540 1296 2594 sed
1331 2551 1384 2594 et
1415 2541 1508 2610 qui
1545 2552 1700 2609 pater
1731 2549 1866 2605 erat,
1899 2542 2057 2594 orba-

487 2647 576 2689 tur
605 2634 812 2689 liberis.
875 2632 942 2685 Et
992 2630 1254 2695 filiorum,
1314 2629 1406 2684 alii
1459 2631 1678 2699 quidem
1735 2630 1952 2684 scelesti
2003 2639 2057 2683 et

486 2741 739 2781 sororum
775 2733 1129 2794 corruptores
1169 2742 1181 2777 :
1217 2723 1309 2776 alii
1348 2724 1430 2778 his
1463 2724 1626 2776 etiam
1682 2722 2053 2782 scclestiores,

485 2818 780 2873 fratricida:
824 2817 1034 2872 scilicet
1074 2831 1138 2870 ac
1166 2816 1459 2886 parricida:
1505 2817 1638 2869 fiunt
1672 2835 1685 2870 :
1721 2829 1773 2871 et
1821 2819 1910 2886 qui
1960 2832 2051 2870 rex

486 2919 628 2975 erat,
665 2911 1012 2964 errabundus
1054 2909 1153 2961 fit:
1183 2909 1277 2975 qui
1314 2916 1590 2975 pugnator
1620 2909 1880 2978 Optimus,
1916 2909 2055 2976 fugi-

467 3004 630 3057 ‘tivus
663 3003 796 3073 :qui
822 3011 1030 3072 pastor,
1055 3003 1421 3067 montivagus.
1451 2999 1892 3068 Omnisdenique
1924 3015 2058 3067 pra:-

2165 1814 2192 1864 6
2222 1811 2431 1873 ἔνθους,
2463 1811 2689 1875 ἄπνους,
2743 1811 2843 1879 τὴν
2887 1810 3095 1863 ἄνωθεν
3125 1810 3268 1878 λέγω
3305 1811 3550 1876 πνεῦσιν,
3607 1812 3740 1864 ἀλλὰ

2165 1903 2263 1955 καὶ
2291 1904 2318 1954 6
2351 1903 2555 1972 πατὴρ,
2603 1903 2792 1964 ἄπαις,
2847 1903 2940 1955 καὶ
2970 1903 3019 1953 οἱ
3062 1902 3272 1967 παῖδες,
3304 1905 3352 1955 οἱ
3403 1905 3504 1973 μὲν
3554 1907 3739 1974 μιαροὶ

2165 1993 2259 2045 καὶ
2289 1993 2704 2062 ἁδελφοφθόροιο
2729 1995 2777 2046 οἰ
2801 1993 2880 2056 δὲ,
2905 1995 2996 2045 καὶ
3029 1993 3362 2064 μιαρώτεροι
3386 1995 3614 2060 τούτων,
3644 1997 3741 2048 καὶ

2163 2083 2568 2153 ὰδελφοκτόνοι,
2599 2085 2695 2137 καὶ
2719 2084 3066 2155 πατραλοῖαι’
3100 2085 3196 2138 καὶ
3222 2087 3497 2156 βασιλεὺς,
3527 2088 3740 2156 πλανήσ

2161 2192 2260 2246 της
2285 2193 2299 2207 ο
2335 2176 2428 2228 καὶ
2454 2177 2482 2228 6
2514 2177 2789 2247 ἀριστεὺς,
2827 2175 3024 2244 φυγάς·
3063 2177 3158 2229 καὶ
3206 2180 3234 2230 6
3282 2180 3508 2250 ποιμὴν.
3557 2181 3742 2250 ὀρσιά-

2162 2268 2349 2330 λωτος·
2390 2267 2486 2320 καὶ
2511 2269 2618 2330 πᾶς
2647 2269 2674 2319 6
2697 2268 2951 2339 λαμπρὸς
2981 2264 3128 2332 οἶκος
3162 2272 3370 2333 ἐκεῖνος
3403 2271 3496 2324 καὶ
3529 2271 3738 2342 θρόνος,

2164 2359 2242 2419 εἰς
2286 2359 2387 2428 γῆν
2426 2360 2894 2430 κατερῤαγμένος.
2945 2360 3222 2412 Ἐντεῦθεν
3273 2365 3301 2413 6
3352 2361 3509 2429 λιμὸς
3558 2363 3652 2415 καὶ
3704 2367 3734 2430 ἡ

2162 2451 2316 2519 τῆξις
2347 2451 2442 2503 καὶ
2485 2453 2512 2503 ὁ
2549 2450 2720 2514 δεινὸς
2757 2452 3066 2522 μετάμελος
3097 2471 3202 2505 των
3233 2453 3611 2524 πραχθέντων·
3643 2454 3734 2503 ἐν-

2160 2543 2350 2595 τεῦθεν
2379 2545 2411 2612 ἡ
2440 2542 2599 2613 καινὴ
2652 2544 2744 2596 καὶ
2787 2545 2990 2615 τριπλὴ
3037 2547 3132 2599 καὶ
3161 2546 3372 2614 καθημε
3385 2543 3507 2612 ρινὴ
3534 2542 3693 2595 θυσία
3712 2556 3727 2570 ⁸

2161 2636 2270 2687 τῶν
2302 2635 2402 2705 μὲν
2461 2635 2756 2705 ὀφθαλμῶν
2809 2639 2857 2690 οἱ
2892 2637 3190 2706 νυκτερινοὶ
3228 2637 3444 2702 κρουνοὶ
3487 2637 3579 2687 καὶ
3609 2634 3736 2687 λου-

2162 2726 2350 2795 τῆρες’
2383 2726 2482 2794 τῆς
2503 2725 2559 2778 δὲ
2592 2726 2822 2797 καρδίας
2844 2728 2877 2796 ή
2914 2729 3176 2798 συντριΰὴ
3211 2733 3308 2780 καὶ
3340 2729 3388 2779 oi
3415 2725 3733 2792 στεναγμοῦ

2161 2818 2260 2884 τῆς
2293 2815 2348 2867 δὲ
2378 2814 2630 2885 γλώσσης
2655 2817 2687 2886 ή
2716 2817 2970 2886 διηνεκὴς
3000 2819 3131 2886 εὐχὴ
3182 2820 3273 2871 καὶ
3307 2819 3700 2888 ἐξομολόγησις
3719 2832 3735 2846 ⁶

2162 2907 2349 2958 ἐκεῖνα
2377 2909 2444 2959 τὰ
2467 2907 2780 2976 τραύματα,
2807 2907 2978 2961 ταῦτα
3012 2909 3082 2961 τὰ
3127 2909 3422 2979 φάρμακα,
3451 2908 3484 2978 ἢ
3519 2909 3569 2960 οἱ
3599 2924 3737 2961 καυ-

2162 2998 2351 3066 τῆρες,
2378 2998 2409 3049 ἢ
2444 2998 2500 3049 αἱ
2525 2998 2714 3066 τομαί.

485 3093 631 3146 clara
659 3092 749 3145 illa
789 3090 1008 3151 domus,
1041 3103 1102 3141 ac
1133 3090 1315 3149 sedes,
1358 3088 1411 3141 in
1466 3097 1666 3142 terram
1723 3089 2035 3142 collabitur.
2067 3083 2211 3140 Hinc
2261 3087 2424 3140 etiam
2485 3095 2537 3140 et
2571 3085 2764 3149 fames,
2797 3097 2853 3141 et
2883 3089 3200 3154 tabefactio,
3267 3096 3320 3144 et
3374 3090 3557 3159 gravis
3610 3103 3734 3158 pce-

485 3186 737 3241 catorum'
767 3184 1085 3253 paenitentia
1123 3201 1138 3238 :
1179 3184 1306 3235 hinc
1369 3182 1569 3252 triplex
1619 3182 1774 3249 illud,
1847 3191 1901 3234 et
1953 3193 2272 3251 perpetuum
2349 3182 2680 3234 sacrificium
2723 3197 2737 3234 :

2820 3184 3108 3237 oculorum
3174 3185 3421 3238 videlicet
3481 3188 3732 3239 nocturni

469 3283 668 3335 ⁷ιιιιιιιιε
723 3290 788 3331 ac
845 3277 1081 3332 latices:
1119 3277 1301 3331 cordis
1353 3277 1614 3332 contritio
1663 3285 1718 3332 et
1774 3278 2048 3346 gemitus:
2095 3277 2400 3344 linguaeque
2447 3276 2683 3331 assidua:
2741 3292 2951 3346 preces,
2983 3286 3037 3332 et
3084 3288 3346 3334 constans
3403 3279 3731 3338 confeSsio:

487 3376 581 3430 illa
611 3369 830 3438 quidem
863 3367 1110 3437 vulnera,
1159 3369 1265 3422 ista
1294 3377 1478 3423 autem
1510 3368 2260 3432 medicamina,adustioues,
2297 3367 2616 3422 inrisiones.

557 3467 662 3522 Sed
694 3483 776 3519 me
811 3465 1014 3517 interea
1049 3461 1162 3514 haec
1194 3469 1530 3526 narrantem,
1559 3477 1700 3530 pene
1734 3460 1877 3530 quod
1913 3459 2058 3513 ince—
2086 3465 2126 3520 C

478 3573 697 3628 peram,
725 3555 883 3625 fugit,
921 3555 1192 3607 orationis
1218 3553 1594 3622 propositum,
1620 3554 1749 3607 dum
1783 3551 2053 3621 pluribus,

489 3666 610 3719 qum
650 3664 773 3704 sese
803 3646 1062 3711 offerunt,
1095 3660 1312 3714 semper
1354 3645 1634 3700 detincor.
1669 3646 1830 3699 Astat
1867 3657 2058 3698 rursus

491 3749 614 3810 post
647 3748 952 3810 peccatum,
981 3736 1245 3805 propheta
1277 3735 1576 3804 prephette,
1611 3734 1781 3787 veluti
1810 3731 2058 3786 medicus

485 3834 702 3887 medico
737 3830 1021 3901 aegrotanti
1050 3844 1114 3883 ac
1139 3828 1407 3883 dubitanti
1448 3845 1462 3881 :
1508 3836 1567 3882 et
1597 3824 2054 3897 quemadmodum

486 3937 643 3979 antea
687 3930 882 3977 unctor
909 3922 1183 3986 astiterat,
1236 3921 1392 3974 ita-et
1442 3934 1589 3973 nunc
1618 3935 1724 3972 non
1757 3917 1919 3972 modo
1976 3916 2058 3971 di-

487 4020 771 4087 gnitatem,
807 4015 902 4071 scd
933 4016 1186 4086 spiritum
1219 4017 1386 4072 etiam
1421 4013 1732 4076 ablaturus,
1766 4014 1812 4066 si
1867 4013 1916 4064 in
1954 4011 2056 4063 ali—

483 4126 600 4179 quo
654 4109 994 4176 deliquisset,
1055 4105 1203 4176 quod
1267 4105 1333 4159 ad
1391 4104 1668 4172 propriam
1718 4101 2055 4157 sanationem

489 4202 790 4274 pertineret
825 4219 838 4254 :
874 4201 918 4254 si
954 4200 1153 4254 vulnus
1201 4199 1454 4260 celasset,
1500 4196 1543 4249 si
1602 4192 1926 4262 reprehendi
1961 4206 2058 4244 ne-

489 4292 770 4361 giexisset.
800 4290 1028 4343 Astabat
1064 4287 1289 4356 pariter,
1313 4285 1563 4339 vindicta:
1594 4283 1759 4350 hujus
1785 4282 2055 4346 minister,

490 4385 630 4438 sicut
660 4391 819 4435 antea
853 4389 1039 4433 custos
1074 4388 1127 4430 et
1154 4375 1374 4441 adiutor
1409 4373 1644 4438 validus,
1696 4374 1768 4427 ita
1818 4382 1871 4428 et
1914 4389 2059 4426 nunc

489 4476 689 4528 vindex
719 4469 987 4524 terribilis
1019 4468 1268 4537 angelus,
1303 4475 1520 4520 exserto
1555 4465 1744 4536 gladio
1775 4483 1786 4518 :
1815 4473 1866 4518 et
1892 4466 2058 4519 ictum

489 4562 698 4616 inferre
733 4557 1132 4628 paratissimus,
1162 4556 1264 4609 nisi
1300 4555 1388 4607 ille
1414 4561 1604 4608 contra
1636 4569 1699 4608 se
1739 4553 2053 4623 suffragium

493 4652 733 4714 tulisset,
776 4663 841 4702 ac
893 4647 1119 4716 prepria
1171 4646 1444 4700 sententia
1508 4645 1748 4700 divinam
1804 4645 2058 4700 solvisset

489 4745 843 4799 sententiam.
876 4741 941 4794 Et
970 4739 1095 4794 hinc
1117 4737 1339 4807 quidem
1370 4737 1598 4791 aderant
1633 4755 1646 4792 :
1673 4738 1764 4792 ille
1790 4738 1976 4806 judicii
2005 4747 2058 4792 et

2245 3459 2386 3511 Ἀλλ’
2418 3461 2444 3510 6
2485 3459 2584 3528 μὲν
2617 3461 2720 3520 καὶ,
2756 3460 2961 3528 μεταξὺ
3009 3463 3351 3533 παρέδραμε,
3387 3465 3482 3517 καὶ
3510 3466 3537 3518 6
3577 3463 3734 3532 λόγος

2160 3553 2498 3620 παρήνεγκε,
2533 3551 2642 3603 τῶν
2678 3551 3014 3616 κατά’πόδας
3037 3555 3126 3605 ἀεὶ
3157 3556 3436 3624 ἐχόμενος.
3480 3557 3732 3624 Ἐφίστα-

2157 3658 2248 3693 ται
2281 3643 2419 3710 μετὰ
2449 3641 2547 3710 τὴν
2581 3641 2788 3694 πτῶσιν
2821 3642 2985 3696 πάλιν
3014 3644 3092 3712 τῷ
3134 3647 3392 3719 προφήτῃ
3425 3650 3729 3718 προφήτης,

2159 3730 2412 3800 καθάπερ
2449 3730 2631 3800 ἰατρὸς
2657 3730 2826 3801 ἰατρῷ
2853 3731 3096 3786 νοσοῦντι
3133 3735 3228 3787 καὶ
3276 3735 3593 3806 ἀποροῦντι,
3635 3736 3729 3789 καὶ

2159 3822 2349 3892 ὥσπερ
2377 3822 2602 3893 χρίστης
2629 3823 2688 3876 τὸ
2719 3823 3006 3895 πρότερον,
3035 3825 3179 3880 οὕτω
3214 3828 3310 3882 νῦν
3345 3831 3647 3900 ἅφαιρέτης
3667 3831 3732 3883 οὐ

2158 3913 2252 3967 τοῦ
2281 3913 2589 3984 ἀξώματος
2623 3915 2806 3984 μόνον,
2844 3916 2980 3970 ἀλλὰ
3021 3919 3115 3971 καὶ
3149 3919 3313 3973 αὐτοῦ
3347 3921 3440 3974 τοῦ
3484 3922 3729 3991 πνεύμα-

2158 4023 2272 4069 τος,
2297 4005 2428 4057 εἴτι
2459 4008 2827 4077 κακουργήσει
2867 4008 2995 4079 περὶ
3027 4009 3126 4081 τὴν
3165 4012 3428 4081 ἰατρείαν,
3473 4013 3569 4066 καὶ
3600 4015 3732 4066 ἁπο-

2161 4098 2359 4182 κρύψει
2393 4099 2452 4151 τὸ
2477 4100 2722 4169 τρλῦμα,
2752 4102 2846 4154 καὶ
2887 4102 3324 4172 ἁποδυσπετήσει
3368 4105 3458 4158 τὸν
3490 4106 3726 4174 ἔλεγχον.

2161 4190 2557 4260 Συνεφίπαται
2606 4191 2664 4244 δὲ
2715 4195 2809 4244 καὶ
2841 4192 3115 4264 ὑπουργὸς
3143 4195 3304 4264 τῆσδε
3336 4198 3433 4266 τῆς
3465 4198 3728 4262 ἐκδικίας,

2162 4282 2416 4352 καθάπερ
2442 4283 2501 4335 τὸ
2540 4286 2671 4352 πρὶν
2705 4281 2880 4350 φύλαξ
2925 4286 3020 4336 καὶ
3072 4286 3262 4356 βοηθὸς
3318 4290 3557 4358 ἰσχυρὸς,
3590 4289 3734 4343 οὕτω

2162 4373 2256 4424 καὶ
2274 4372 2368 4425 νῦν
2395 4373 2634 4443 τιμωρὸς
2663 4373 2912 4441 ἄγγελος,
2932 4377 3032 4444 τήν
3065 4379 3336 4446 ῥομφαίαν
3359 4379 3454 4430 καὶ
3476 4393 3733 4447 κατενεγ-

2162 4468 2277 4518 κεῖν
2306 4465 2524 4535 ’ἐτοιμος
2573 4466 2672 4527 ῶν,
2727 4471 2774 4518 εἰ
2822 4469 2898 4537 μὴ
2953 4469 3205 4531 κάκεῖνος
3241 4470 3358 4521 καθ’
3395 4470 3592 4522 ἑαυτοῦ
3633 4475 3734 4544 τὴν

2161 4557 2338 4627 ψῆφον
2385 4557 2704 4624 ἐξενεγκὼν,
2758 4559 2906 4612 λύσει
2967 4562 3066 4628 τὴν
3116 4561 3385 4628 ἀπόφασιν
3437 4565 3732 4633 ἀποφάσει.

2176 4648 2455 4701 Ἐντεῦθεν
2486 4649 2512 4700 6
2546 4648 2846 4719 ὑποκριτὴς
2873 4650 2972 4720 τῆς
3012 4651 3188 4719 δίκης,
3227 4653 3325 4703 καὶ
3367 4653 3394 4704 6
3439 4655 3733 4726 ὲκδικητὴς

2164 4741 2413 4808 ἄγγελος·
2467 4740 2677 4793 ἐκεῖθεν
2713 4743 2741 4793 6
2789 4742 3293 4813 ἁπροσωπὸὶιηπτος
3328 4745 3610 4814 δικαστὴς,
3637 4749 3732 4801 καὶ

487 4852 671 4891 causa:
717 4835 984 4889 conlictor
1018 4829 1252 4894 Nathan,
1288 4838 1342 4886 et
1390 4830 1587 4884 vindex
1610 4830 1834 4899 angelus
1866 4851 1878 4884 :
1908 4829 2055 4882 illinc

2165 4831 2286 4884 καθ’
2308 4831 2501 4883 ἑαυτοῦ
2527 4832 2626 4901 τὴν
2656 4833 2883 4903 γνώμην
2912 4834 3180 4904 ἐκφέρων,
3203 4839 3297 4889 καὶ
3324 4841 3731 4909 συντομώτερον

488 4936 670 4981 autem
733 4926 846 4995 ipse
901 4925 1064 4991 judex
1102 4922 1294 4989 David,
1342 4937 1695 4991 personarum
1750 4937 1857 4974 non
1909 4936 2066 4977 acce-

485 5027 636 5088 ptor,
672 5028 725 5070 et
747 5017 836 5083 qui
868 5017 1132 5070 adversus
1156 5030 1216 5068 se
1244 5014 1367 5067 tulit
1394 5013 1745 5075 sententiam,
1769 5029 1876 5082 qua
1904 5012 2063 5080 jacu-

488 5109 596 5161 lnm
645 5108 808 5162 citius
862 5105 1084 5169 evulsit,
1145 5120 1308 5174 quam
1367 5105 1692 5174 suscepisset
1744 5121 1758 5159 :
1807 5113 1862 5159 et
1921 5103 2065 5158 Deus

486 5200 690 5269 pariter
722 5216 734 5251 :
771 5199 864 5267 qui
895 5197 1203 5252 cicatricem
1238 5196 1446 5250 vulneri
1490 5211 1598 5251 non
1652 5205 1864 5251 tantum
1903 5195 2063 5248 indu-
2101 5213 2114 5223 κ

485 5293 593 5359 ait,
646 5292 742 5346 sed
805 5291 980 5360 ipsum
1047 5288 1209 5343 etiam
1270 5287 1469 5342 vulnus
1511 5303 1732 5356 prorsus
1786 5287 1987 5340 delevit
2037 5302 2050 5338 :

488 5398 666 5454 neque
721 5382 867 5436 enim
911 5379 1288 5433 tantummodo
1325 5379 1568 5448 pepercit
1601 5395 1615 5435 :
1651 5379 1744 5433 sed
1777 5386 1830 5432 ct
1863 5379 2054 5431 abstu-

483 5475 545 5528 lit
574 5485 874 5542 pcccatum.
906 5468 1117 5524 Rursus
1149 5469 1333 5537 itaque
1359 5469 1543 5522 divina
1570 5467 1744 5536 gratia
1810 5479 1863 5522 et
1898 5482 2093 5524 rursus
2132 5470 2362 5538 Spiritus
2397 5489 2410 5525 :

2161 4921 2361 4986 ἐξελὼν
2391 4921 2452 4974 τὸ
2483 4922 2657 4992 βέλος,
2678 4923 2824 4992 ἥπερ
2855 4923 3095 4991 ἐδέξατο,
3128 4928 3222 4980 καὶ
3253 4930 3281 4980 ὁ
3303 4929 3435 4994 Θεὸς
3454 4935 3516 4984 οὐ
3548 4947 3733 4985 συνου-

2163 5013 2269 5066 λῶν
2308 5015 2488 5083 μόνον,
2529 5015 2665 5067 ἀλλὰ
2694 5015 2788 5067 καὶ
2823 5013 3121 5086 ὲξαλείφων
3140 5020 3202 5072 τὸ
3239 5023 3482 5092 τραῦμα.
3514 5025 3606 5093 Μὴ
3623 5025 3731 5095 γὰρ

2163 5105 2463 5174 συγχωρῶν
2496 5106 2678 5174 μόνον,
2718 5105 2857 5160 ἀλλὰ
2885 5108 2979 5162 καὶ
3012 5110 3270 5182 ἀφαιρῶν
3299 5113 3360 5165 τὸ
3398 5116 3728 5184 ἁμάρτημα.

2162 5198 2332 5249 Πάλιν
2355 5197 2414 5248 τὸ
2440 5197 2705 5266 χάρισμα,
2735 5199 2894 5252 πάλιν
2923 5202 2982 5254 τὸ
3011 5203 3251 5273 πνεῦμα,
3287 5205 3450 5258 πάλιν
3480 5207 3549 5259 τὰ
3575 5209 3733 5274 κρού-

2167 5305 2332 5356 ματα,
2375 5287 2536 5339 πάλιν
2565 5288 2624 5340 τὸ
2666 5293 2807 5343 κατὰ
2856 5295 3077 5349 πάντων
3113 5297 3334 5366 κράτος,
3385 5302 3476 5352 καὶ
3520 5303 3577 5354 eti
3612 5319 3733 5353 συν-

2162 5379 2346 5448 θῆκαι,
2384 5380 2598 5450 καὶτῆς
2623 5383 2919 5454 υἱοθεσίας,
2953 5389 3048 5440 καὶ
3083 5390 3180 5460 τῆς
3211 5391 3596 5464 θεοπατορίας.

2503 5489 2700 5534 rursus
2753 5480 2870 5532 soni
2934 5496 2997 5534 ac
3047 5491 3242 5537 cantus
3279 5501 3291 5536 :
3326 5501 3519 5541 rursus
3570 5503 3733 5557 supra

487 5581 676 5620 omnes
700 5571 937 5632 potestas
961 5579 978 5614 ι
1011 5575 1202 5617 rursus
1241 5563 1510 5632 promissa
1540 5570 1593 5618 et
1623 5574 1801 5633 pacta,
1836 5574 1946 5618 tam
2016 5563 2084 5620 de
2113 5565 2234 5637 ejus
2285 5568 2598 5644 adoptione,
2627 5590 2791 5646 quam
2857 5576 3005 5647 quod
3055 5578 3123 5634 de
3166 5578 3286 5650 ejus
3344 5582 3506 5638 etiam
3567 5587 3733 5654 stirpe

484 5657 638 5714 nasci
669 5657 885 5712 deberet
909 5657 1070 5713 Deus.
