4082 6212
379 384 454 448 49

449 494 620 560 Οὗτος
663 490 758 550 οὖν
793 497 820 550 ὁ
853 498 1022 551 πολλὰ
1083 500 1180 568 μὲν
1229 498 1438 567 παθὼν,
1487 500 1658 554 πολλὰ
1704 502 1759 554 δὲ
1820 519 1950 556 κατ·
1984 499 2026 555 Α

374 589 644 658 ορθὼσας,
703 591 908 661 μυρίας
961 593 1016 645 δὲ
1063 593 1272 662 τροπὰς
1308 595 1568 665 ,τραπεές,
1631 599 1813 650 πᾶσαν
1853 597 1953 665 τὴν

375 683 502 735 καθ’
526 683 719 736 ἑαυτδν
754 685 1020 754 ἱστορίαν,
1043 686 1139 739 καὶ
1167 687 1266 748 τὰς
1292 686 1652 756 περιπετείας
1686 689 1743 739 ὲν
1774 687 1952 756 τούτῳ

376 775 716 843 παραδίδωσι
761 777 840 847 τῷ
879 777 1294 847 συγγράμματι.
1337 781 1445 832 Καὶ
1495 781 1685 850 πρώτη
1722 781 1820 851 μέν
1867 799 1954 845 τις

376 865 659 932 ὑπόθεσις,
700 868 794 920 καὶ
827 868 1029 932 σκοπὸς
1061 869 1236 923 ταῦτα
1269 871 1363 924 τοῦ
1396 873 1710 942 πονήματος
1736 891 1748 905 ο
1826 875 1950 928 δεύ-

371 974 534 1026 τερον
587 958 643 1009 δὲ
703 959 1022 1026 κεφάλαιον,
1072 961 1104 1030 ἡ
1171 962 1268 1030 τῆς
1296 963 1706 1033 ἀρχαιολογίας.
1748 965 1808 1019 οὗ
1847 968 1949 1035 τῆς

383 1049 687 1118 Ἰιῖϐραῖκῆς
729 1052 912 1119 μόνον,
963 1052 1101 1105 ἀλλὰ
1149 1055 1243 1108 καὶ
1287 1055 1388 1123 τῆς
1453 1057 1533 1109 ἔτι
1585 1059 1946 1131 παλαιοτέροις

374 1140 635 1210 ἐξήγησις
669 1154 683 1169 ⁹
714 1142 936 1206 διέξεισι
966 1146 1074 1215 γὰρ
1109 1146 1164 1199 ἐν
1199 1147 1414 1211 πολλοῖς
1444 1151 1558 1212 τοῖς
1587 1150 1822 1220 ψαλμοῖς
1852 1153 1948 1224 τὴν

375 1233 651 1300 γέννησιν,
683 1234 779 1304 τὴν
811 1237 1013 1305 πρᾶξιν
1037 1239 1146 1291 τῶν
1180 1243 1560 1311 πατριαρχῶν,
1589 1247 1687 1313 τὴν
1716 1246 1942 1316 πλάνην,

375 1323 470 1392 τὴν
503 1327 927 1392 μετανάστασιν,
969 1331 1069 1399 τὴν
1091 1332 1168 1393 είς
1221 1334 1494 1401 Αἴγυπτον
1551 1335 1798 1402 κάθοδον,
1849 1341 1946 1409 τὴν

369 1413 637 1478 δουλείαν,
680 1417 777 1484 τὴν
803 1419 1003 1483 ἔξοδον,
1044 1423 1142 1489 τὴν
1173 1426 1512 1491 νομοδοπίαν,
1565 1429 1666 1495 τὴν
1717 1432 1943 1500 σκηνὴν,

368 1507 793 1577 τὴνὶερατείαν,
833 1514 962 1577 τοὺς
1023 1515 1338 1586 ’Λριθμοὺς,
1392 1518 1452 1571 τὸ
1503 1521 1945 1593 Δευτερονόμιον,

366 1601 462 1651 τὸν
524 1601 748 1670 Ἰησοῦν,
810 1605 908 1673 τὴν
969 1608 1348 1677 κληροδοσίαν,
1403 1611 1528 1673 τοὺς
1583 1614 1943 1682 Κριτὲς,τάς

372 1693 678 1758 Βασιλείας,
713 1696 806 1748 καὶ
867 1699 919 1749 εἴ
949 1715 1000 1749 τι
1054 1699 1264 1762 τούτοις
1314 1702 1624 1756 ἀκόλουθον.
1656 1705 1870 1772 Τρίτον,
1910 1710 1940 1777 ὴ

370 1783 689 1848 φυσιολογία
726 1785 849 1852 περὶ
879 1786 1110 1856 οὑρτνοῦ
1145 1790 1238 1840 καὶ
1263 1788 1369 1839 τῶν
1397 1792 1514 1841 κατ’
1535 1792 1779 1859 οὐρανὸν.
1813 1795 1941 1862 περὶ
1975 1826 2016 1884 Β

368 1874 472 1944 γῆς
496 1875 591 1925 καὶ
618 1875 728 1927 τῶν
764 1877 907 1929 κατὰ
939 1881 1074 1944 γῆν,
1103 1880 1229 1950 περὶ¹
1258 1880 1432 1943 ζώων,
1472 1883 1599 1950 περὶ
1634 1887 1936 1955 στοιχείων,

366 1965 463 2017 καὶ
491 1965 677 2028 ἁπλῶς
706 1969 834 2036 περὶ
865 1968 961 2037 τῆς
993 1969 1121 2037 ὅλης
1147 1971 1526 2043 δημιουργίας.
1577 1977 1864 2046 Τέταρτον,
1906 1983 1938 2049 ὴ

366 2057 498 2125 περὶ
545 2057 642 2110 τοῦ
708 2059 961 2129 Σωτῆρος
1007 2065 1340 2131 προφητεία,
1377 2065 1692 2136 οἰκονομίας
1724 2070 1939 2123 πάντων

362 2146 856 2220 ἐκφαντικώτερον,
883 2152 986 2205 ὅσοι
1011 2153 1140 2221 περὶ
1170 2155 1269 2224 τὴν
1296 2155 1601 2226 Παρθένον,
1647 2160 1749 2211 ὅσα
1810 2163 1941 2230 περὶ

363 2239 466 2308 τὴν
500 2240 799 2309 σάρκωσιν,
846 2242 913 2296 τὰ
953 2245 1091 2298 κατὰ
1122 2245 1222 2317 τὴν
1251 2247 1624 2318 δωροφορίαν,
1646 2251 1712 2303 τὰ
1745 2252 1843 2321 τῆς
1861 2253 1942 2316 είς

366 2333 640 2399 Αἴγυπτον
663 2336 998 2406 ἀποδημίας,
1033 2339 1127 2392 καὶ
1153 2341 1432 2406 ἐπανόδου,
1475 2345 1569 2397 καὶ⁹
1594 2345 1938 2410 ἀναδείξεως,

367 2427 460 2479 καὶ
472 2415 846 2492 διδασκαλίας,
873 2431 967 2483 καὶ
988 2430 1441 2499 θαυματοποιίας,
1469 2434 1537 2491 τὰ
1567 2435 1669 2502 τῆς
1690 2453 1935 2504 συναγω-

362 2517 490 2586 γῆς,
552 2519 622 2572 τὰ
663 2518 764 2572 τοῦ
822 2520 1044 2589 φθόνου,
1077 2523 1172 2576 καλ⁸
1218 2523 1318 2593 τῆς
1345 2525 1660 2594 ἐπιϐουλῆς,
1703 2529 1798 2581 καὶ
1838 2534 1936 2600 τῆς

360 2609 675 2676 προδοσίας,
707 2611 803 2664 καὶ
833 2613 934 2680 τῆς
973 2614 1299 2685 ἀπαγωγῆς,
1357 2616 1584 2670 καὶτῶν
1631 2622 1936 2690 μαστίγων,

362 2697 457 2748 καὶ
481 2699 588 2750 τῶν
604 2701 960 2768 ἐμπαιγμῶν,
1001 2704 1070 2756 τὰ
1091 2704 1187 2758 τοῦ
1212 2706 1447 2776 σταυροῦ
1485 2708 1580 2762 καὶ
1603 2709 1699 2778 τῆς
1728 2711 1936 2783 ὀρυγῆς

358 2787 470 2840 τῶν
519 2789 721 2860 χειρῶν
759 2792 854 2844 καὶ
892 2793 1090 2858 ποδῶν,
1145 2795 1216 2848 τὰ
1258 2795 1351 2849 τοῦ
1403 2797 1766 2871 διαμερισμοῢ
1823 2805 1936 2858 τῶν

361 2879 595 2947 ίματίων
626 2881 718 2934 καὶ
763 2884 857 2935 τοῦ
889 2885 1114 2954 κλήρου,
1143 2888 1239 2940 καὶ
1284 2889 1382 2959 τῆς
1413 2894 1617 2961 πικρᾶς
1672 2895 1933 2965 γεύσεως,

358 2968 581 3039 καὶτῆς
609 2972 1016 3037 ἀποπνεύσεως,
1051 2978 1144 3028 καὶ
1182 2978 1380 3046 ταφῆς,
1417 2980 1513 3032 καὶ
1562 2983 1930 3048 ἀναστάσεως,

359 3059 456 3110 καὶ
484 3061 565 3123 είς
612 3062 876 3130 οὐρανοὺς
898 3066 1111 3129 ἀνόδου,
1169 3071 1396 3132 καὶτῆς
1431 3073 1494 3125 ἐκ
1550 3074 1740 3138 δεξιῶν
1800 3077 1945 3146 καθ-ν

1539 385 1926 448 COMMENT.
1957 383 2036 444 ΙΝ
2073 383 2434 445 PSALMOS.
3559 385 3629 445 59

2127 498 2225 553 llic
2271 499 2437 569 igitur
2467 499 2558 569 qui
2598 499 2764 553 multa
2812 513 3012 569 passus
3047 505 3151 563 est,
3188 508 3241 558 et
3271 499 3424 568 plura
3462 501 3628 555 etiam

2058 593 2274 660 propria
2300 593 2498 644 virtute
2523 593 2940 657 administravit,
2967 601 3129 661 atque
3149 592 3202 646 in
3230 593 3406 646 varias
3436 593 3629 646 incidit

2057 693 2231 737 status
2282 684 2372 737 sui
2429 685 2760 738 mutationes
2815 699 3032 738 omnem
3085 685 3152 739 de
3201 701 3261 740 se
3317 685 3624 748 liiSlOlium,

2054 788 2252 828 omnes
2281 773 2403 828 vitm
2445 790 2558 829 sua:
2596 775 2908 839 varietates,
2941 776 2994 828 in
3031 775 3132 829 hoc
3165 776 3498 844 conscripsit
3531 790 3627 828 vo-

2057 865 2280 919 lumine.
2313 865 2372 918 Et
2401 866 2633 934 primum
2672 866 2892 935 quidem
2927 867 3295 936 propositum,
3325 875 3378 922 et
3416 867 3626 934 primus

2052 957 2235 1025 operis
2271 971 2471 1026 scopas
2503 965 2606 1018 est,
2639 957 2706 1011 de
2749 958 2988 1026 propriis
3036 959 3297 1015 aerumnis
3331 974 3394 1012 ac
3429 959 3626 1012 labori-

2054 1051 2156 1105 bus
2186 1060 2424 1105 tractare
2463 1071 2477 1106 :
2511 1053 2707 1106 deinde
2735 1053 2804 1106 de
2841 1052 3264 1120 antiquitatibus
3293 1066 3402 1106 non
3433 1049 3624 1107 iudai-

2050 1145 2129 1198 cis
2164 1144 2344 1205 modo,
2374 1143 2468 1197 sed
2504 1144 2918 1198 vetustioribus.
2957 1145 3014 1197 lu
3066 1143 3248 1198 multis
3281 1143 3424 1197 enim
3469 1146 3621 1210 psal~

2051 1237 2156 1290 mis
2189 1236 2438 1288 edisserit
2467 1237 2871 1305 generationem
2897 1247 2951 1289 et
2979 1220 3130 1305 gesta
3163 1235 3619 1304 patriarcharum,

2050 1328 2542 1398 peregrinationes,
2575 1327 2952 1397 migrationes,
3001 1328 3324 1382 descensum
3365 1327 3420 1380 in
3452 1325 3621 1397 Egy-

2049 1428 2222 1489 ptum,
2250 1419 2588 1482 servitutem,
2615 1417 2820 1470 exitum
2851 1433 2912 1470 ex
2945 1415 3201 1487 Egypto,
3229 1418 3399 1480 legem
3429 1418 3618 1478 latam,

2049 1513 2484 1576 tabernaculum,
2527 1511 2918 1576 sacerdotium,
2958 1509 3247 1572 Numeros,
3285 1509 3623 1564 Denter-ouo-

2048 1608 2237 1672 mium,
2264 1607 2447 1661 Jesum
2471 1607 2633 1666 Nave,
2659 1605 3100 1660 distributionem
3126 1604 3410 1673 promissae
3431 1612 3615 1666 teme,

2045 1697 2287 1760 Judices,
2333 1696 2532 1767 Reges,
2564 1706 2618 1751 et
2649 1697 2828 1766 siquid
2859 1696 3002 1750 aliud
3027 1703 3111 1750 est
3138 1697 3222 1751 bis
3253 1710 3618 1764 consequens.

2046 1789 2252 1850 Tertio,
2315 1789 2644 1842 naturalium
2713 1804 2895 1842 rerum
2955 1788 3223 1842 rationem
3281 1787 3489 1842 tradit:
3551 1786 3619 1840 de

2045 1879 2191 1933 coelo
2219 1886 2273 1932 et
2322 1878 2641 1934 cmlestibus
2677 1893 2690 1930 :
2723 1879 2792 1932 de
2842 1887 2981 1934 terra
3028 1888 3081 1932 et
3129 1879 3501 1942 terrestri-bus,
3553 1879 3621 1932 de

2044 1970 2400 2032 animalibus,
2420 1969 2486 2024 de
2508 1969 2817 2030 elementis,
2845 1979 2899 2024 et
2931 1970 3256 2038 generaliter
3277 1970 3344 2024 de
3361 1971 3619 2025 universo

2045 2059 2136 2113 Dei
2173 2060 2415 2128 opiﬁeio.
2443 2060 2674 2126 Quarto.
2707 2061 2992 2132 prophetia
3023 2062 3090 2116 de
3129 2062 3311 2117 crucis
3333 2061 3618 2131 dispensa-

2045 2152 2192 2205 tione
2217 2151 2276 2204 in
2320 2153 2423 2206 hoc
2450 2165 2641 2220 Opere,
2671 2152 2886 2206 caeteris
2907 2150 3168 2208 omnibus
3193 2166 3253 2205 se
3275 2151 3619 2207 manifestio-

2041 2256 2154 2296 rem
2181 2241 2424 2296 ostendit
2458 2253 2472 2298 :
2526 2249 2579 2296 et
2617 2254 2957 2310 quaecunque
2999 2239 3064 2296 ad
3106 2248 3326 2309 partum
3351 2239 3611 2311 Virginis,

2042 2334 2108 2385 ad
2143 2333 2606 2396 incarnationem,
2649 2334 2714 2387 ad
2743 2333 3023 2402 Magorum
3055 2332 3218 2396 dona,
3250 2331 3314 2385 ad
3349 2331 3533 2402 fugam
3561 2334 3613 2388 in

2041 2424 2358 2495 Egyptum,
2381 2431 2436 2477 et
2459 2423 2607 2477 iilinc
2626 2423 3027 2492 regressum,ad
3054 2423 3258 2478 Christi
3282 2422 3613 2490 doctrinam,

2039 2516 2105 2568 ad
2137 2514 2423 2577 miracula,
2463 2521 2519 2567 et
2549 2515 2614 2566 ad
2647 2513 2997 2582 Synagogant,
3023 2512 3295 2580 pertinent
3328 2529 3341 2565 :
3397 2513 3614 2568 invidia:

2040 2609 2168 2661 item
2196 2616 2248 2661 et
2273 2605 2634 2674 proditiones,
2666 2603 2899 2668 insidiaa,
2930 2612 3178 2672 captura,
3213 2601 3450 2671 ﬂagella,
3486 2603 3613 2664 illu-

2037 2701 2242 2762 siones,
2293 2713 2456 2763 crux,
2513 2713 2772 2754 manuum
2829 2711 2895 2752 ac
2955 2697 3155 2765 pedum
3205 2696 3611 2758 confessiones,

2037 2791 2234 2845 divisio
2297 2797 2354 2846 et
2405 2790 2624 2846 sortitio
2680 2789 3151 2854 indumentorum,
3205 2802 3394 2846 amara
3436 2791 3609 2856 potio,

2036 2879 2357 2949 caspiratio,
2397 2880 2702 2948 sepultura.
2728 2879 3081 2940 resurrectio.
3137 2879 3409 2943 ascensio,
3454 2879 3612 2934 sedes

2036 2985 2068 3025 a
2098 2972 2307 3026 dextris
2334 2971 2516 3026 Patris
2547 2989 2558 3023 :
2593 2981 2648 3032 et
2695 2985 2862 3040 supra
2907 2971 3114 3033 omnia,
3165 2970 3394 3025 victoria
3430 2979 3483 3024 et
3521 2985 3611 3023 re.

2037 3062 2402 3132 gnum,quod
2449 3063 2501 3118 in
2547 3063 2688 3120 ccelo
2715 3071 2879 3131 atque
2920 3063 2974 3117 in
3015 3069 3161 3117 terra
3192 3061 3294 3118 sibi
3355 3061 3609 3122 Christus

360 3150 546 3218 ἔδρας,
580 3155 672 3207 καὶ
693 3155 794 3223 τῆς
816 3159 957 3210 κατὰ
988 3160 1206 3212 πάντων
1229 3163 1322 3213 καὶ
1339 3163 1480 3234 ὑπὲρ
1496 3165 1754 3226 ἁπάντων
1782 3167 1936 3236 νίκης

2039 3154 2270 3224 paravit,
2327 3153 2630 3212 clarissime
2697 3154 2786 3216 hic
2849 3153 3284 3223 conspiciuntur.
3351 3152 3554 3218 Quinto
3589 3191 3608 3219 ,

359 3243 458 3293 καὶ
493 3243 794 3310 βασιλείας.
827 3248 1109 3316 Πέμπτον,
1145 3253 1178 3318 ἡ
1208 3252 1320 3303 τῶν
1352 3257 1492 3323 μετὰ
1523 3257 1694 3310 ταῦτα
1716 3277 1928 3328 «pacm.

355 3333 439 3384 es"
449 3351 498 3393 ι,
532 3334 642 3387 τῶν
671 3335 842 3389 ὲθνῶν
880 3340 912 3405 ἠ
935 3339 1148 3408 κλῆσις,
1184 3341 1294 3396 τῶν
1327 3344 1586 3414 μαθητῶν
1619 3350 1650 3417 ἡ
1686 3349 1832 3415 δόξα,
1863 3353 1931 3405 τὰ

357 3422 637 3490 θαύματα,
707 3427 804 3494 τῆς
851 3428 954 3497 γῆς
1005 3431 1038 3499 ἠ
1091 3430 1360 3500 ὑποταγὴ,
1390 3437 1489 3504 τῆς
1543 3437 1930 3512 Ἐκκλησίαςὴ

355 3513 521 3580 πῆξις
568 3517 664 3569 καὶ
723 3518 986 3583 ἐπίδοσις,
1052 3523 1084 3590 ἡ
1153 3523 1261 3575 τῶν
1328 3523 1616 3594 Ῥωμαίων
1646 3530 1792 3598 νίκη,
1824 3533 1932 3587 τῶν

367 3606 646 3661 Ἰουδαίων
673 3611 703 3675 ἠ
731 3611 1100 3680 αίχμαλωσία,
1138 3614 1206 3668 τὰ
1235 3617 1377 3668 κατὰ
1412 3619 1513 3687 τὴν
1543 3621 1808 3691 δευτέραν
1837 3628 1933 3680 καλ¹

356 3699 594 3767 φρικτὴν
624 3700 720 3752 τοῦ
756 3703 1010 3772 Σωτῆρος
1054 3704 1302 3771 κάθοδον,
1333 3710 1428 3763 καὶ
1467 3711 1565 3764 ὅσα
1614 3713 1743 3782 περὶ
1797 3717 1930 3769 ἀνα-

357 3789 603 3852 στάσεως
638 3793 729 3844 καὶ
755 3795 991 3862 κρίσεως
1014 3796 1108 3850 καὶ
1139 3797 1581 3865 ἀνταποδόσεως.
1627 3806 1851 3871 Ἕκτον,
1894 3812 1927 3880 ἡ

355 3879 606 3947 θεολογία
637 3884 766 3952 περὶ
794 3885 1027 3954 Πατρὸς,
1065 3887 1161 3940 καὶ
1192 3889 1342 3952 Υίοῦ,
1374 3892 1467 3943 καὶ
1494 3893 1649 3959 ἁγίου
1679 3879 1931 3966 Πνεύμαέ

356 3987 470 4032 τος.
497 3972 784 4040 Ἕϐδομον,
810 3977 910 4028 ὅσα
958 3976 1086 4046 περὶ
1120 3979 1325 4048 νοερῶν
1376 3983 1713 4050 κτισμάτων,
1763 3987 1928 4053 ἀγγέ-

355 4060 466 4112 λων
483 4064 575 4115 καὶ
613 4064 906 4131 δαιμόνων,
943 4069 1035 4120 καὶ
1062 4069 1154 4121 νοῦ
1191 4072 1283 4123 καὶ
1307 4071 1506 4140 ψυχῆς,
1544 4075 1636 4126 καὶ
1691 4075 1928 4145 ψυχικῆς

352 4150 638 4220 δυνάμεως
667 4155 1069 4224 καὶκινήσεως.
1111 4160 1359 4228 Ὄγδοον,
1406 4161 1506 4214 ὅσα
1568 4164 1668 4232 τῆς
1730 4165 1927 4236 ἠθικῆς

355 4240 758 4310 παιδαγωγίας,
796 4246 925 4314 περὶΙ
955 4246 1178 4316 ἀρετῆς,
1222 4250 1352 4319 περὶ
1402 4251 1624 4317 κακίας,
1668 4255 1763 4307 καὶ
1817 4256 1927 4307 τῶν

353 4329 637 4386 τοιούτων.
683 4333 936 4400 Ἐνατον,
975 4337 1102 4404 περὶ⁴
1154 4337 1451 4408 λογισμῶν,
1505 4344 1599 4395 καὶ
1655 4344 1926 4415 δαιμόνων

2033 3245 2328 3315 prophetia
2359 3261 2548 3300 earum
2579 3260 2765 3306 rerum
2793 3260 2914 3314 qua:
2956 3253 3080 3314 post
3133 3245 3391 3313 praedicta
3423 3245 3609 3300 omnia

2031 3335 2380 3401 contigerunt
2438 3350 2453 3393 ς
2519 3333 2762 3403 gentium
2794 3331 3048 3390 videlicet
3083 3332 3386 3396 advocatio,
3418 3317 3600 3385 disci-

2032 3425 2286 3494 palorum
2317 3423 2526 3488 Christi
2553 3423 2749 3490 gloria,
2781 3423 3061 3486 miracula,
3096 3422 3432 3491 praedicatio,
3456 3420 3606 3473 orbis

2031 3522 2191 3570 terra;
2253 3513 2546 3579 subiectio,
2581 3512 2841 3570 Ecclesiae
2891 3513 3160 3568 stabilitas
3211 3519 3377 3582 atque
3428 3513 3606 3564 incre-

2034 3617 2302 3673 mentum,
2339 3606 2718 3670 Romanorum
2747 3605 2998 3668 victoria,
3036 3605 3350 3666 Judaeorum
3375 3603 3605 3672 captivi-

2032 3707 2138 3764 tas,
2178 3707 2232 3754 et
2253 3713 2598 3768 quaecunque
2634 3699 2797 3760 etiam
2844 3698 2912 3764 ad
2955 3698 3255 3753 secundum
3287 3705 3341 3752 et
3376 3686 3606 3754 hurren-

2029 3791 2160 3845 dum
2196 3791 2402 3851 Christi
2434 3791 2751 3855 adventum,
2776 3789 2842 3846 ad
2875 3791 3357 3853 resurreCtionem,
3401 3787 3470 3847 ad
3507 3787 3602 3854 ju-

2030 3880 2259 3942 dicium,
2311 3889 2366 3939 et
2399 3880 2469 3936 ad
2506 3880 2939 3949 uniuscuiusque
2984 3879 3400 3941 retributionem
3433 3878 3604 3946 perti-

2030 3977 2183 4026 nent.
2215 3969 2404 4032 Sexto,
2445 3968 2715 4037 theologia
2757 3968 2824 4022 de
2852 3967 3016 4023 Patre
3046 3978 3100 4024 et
3129 3967 3267 4021 Filio
3303 3976 3358 4021 et
3392 3967 3601 4036 Spiritu

2029 4067 2241 4114 sancto.
2274 4061 2542 4128 Septimo,
2585 4073 2930 4127 quaecunque
2964 4059 3254 4122 traduntur
3294 4059 3362 4114 de
3392 4059 3603 4124 itttcllc-

2028 4151 2308 4210 etuaiibus
2355 4150 2649 4216 creaturis,
2688 4150 2756 4204 de
2819 4149 3053 4220 angelis,
3121 4149 3478 4214 daemonibus,
3532 4150 3602 4203 de

2011 4245 2308 4303 intellectu
2343 4254 2396 4297 et
2422 4243 2626 4306 anima,
2663 4253 2718 4296 et
2755 4241 2822 4297 de
2847 4241 3042 4302 animae
3062 4241 3301 4303 motibus
3327 4251 3382 4296 et
3409 4251 3601 4312 poten-

2031 4335 2141 4390 tiis.
2174 4333 2402 4397 Octavo,
2437 4349 2560 4404 quae
2584 4333 2650 4387 ad
2695 4348 2910 4398 morum
2933 4331 3283 4402 disciplinam
3314 4343 3370 4387 et
3412 4333 3479 4388 ad
3515 4333 3599 4386 in—

350 4420 668 4491 ὲπιϐουλῆς,
705 4425 800 4480 καὶ
833 4427 962 4494 περὶ
979 4427 1213 4497 τροπῶν,
1238 4429 1368 4499 περὶ
1393 4431 1686 4502 θεραπείας
1709 4437 1920 4502 παθῶν,

2037 4425 2393 4487 stitutionem,
2427 4440 2547 4493 quae
2603 4423 2671 4479 ad
2735 4424 2988 4479 virtutem
3039 4434 3095 4479 et
3149 4422 3344 4486 vitium
3386 4423 3600 4494 aliaque

350 4516 451 4566 καὶ
475 4517 573 4584 τῆς
597 4516 722 4569 κατ’
762 4518 946 4572 αὐτῶν
987 4519 1164 4589 πάλης
1203 4522 1296 4574 καὶ
1335 4527 1689 4592 στρατηγίας.
1751 4529 1922 4583 Δέκα-

348 4620 466 4666 τον,
495 4607 520 4656 ὁ
545 4607 676 4676 περὶ
697 4607 804 4659 τῶν
831 4608 1061 4662 ἐντολῶν
1082 4610 1238 4677 λόγος
1262 4613 1656 4682 ἀκριϐέστατός
1709 4635 1770 4672 τε
1829 4621 1923 4676 καὶ

349 4691 709 4760 ὑψηλότατος,
743 4697 834 4748 καὶ
865 4698 1066 4768 μικρὸν
1094 4697 1129 4768 ἢ
1157 4698 1278 4758 οὐδὲ
1302 4698 1627 4772 λειπόμενος
1673 4706 1783 4760 τῶν
1828 4709 1921 4763 εὐ-

347 4784 662 4852 αγγελικῶν
685 4786 1004 4852 διατάξεων.

419 5047 585 5106 Οὗτοι
605 5053 704 5121 μὲν
725 5047 817 5116 οὖν
839 5057 884 5108 οἱ
909 5057 1138 5110 καθόλου
1175 5060 1324 5127 λόγοι
1354 5065 1448 5132 τῆς
1474 5064 1783 5131 ὑποθέσεως
1812 5068 1921 5121 τῶν

346 5147 603 5215 ψαλμῶν,
633 5149 712 5208 εἰς
730 5147 864 5202 δέκα
900 5151 1399 5222 συναριθμούμενοι
1439 5156 1732 5223 κεφάλαια,
1767 5151 1849 5222 οἷς
1888 5162 1920 5228 ἡ

346 5239 457 5292 τῶν
486 5237 719 5308 ψαλμῶν
750 5241 935 5293 ἅπασα
973 5243 1289 5312 περιέχεται
1322 5248 1675 5316 πραγματεία
1703 5265 1715 5277 ·
1741 5249 1922 5301 ἰδικώ-

345 5347 484 5400 τερα
514 5331 570 5383 δὲ
598 5331 696 5383 καὶ
721 5332 876 5397 ἄλλα,
902 5329 1014 5387 οἷον
1060 5337 1088 5387 ό
1141 5336 1573 5406 δοξολογητικδς,
1607 5341 1635 5391 ό
1690 5340 1915 5410 εὐχαρι-

349 5422 590 5492 στήριος,
617 5424 647 5476 ὁ
681 5424 1016 5497 εὐκτικὸς,ἢ
1055 5431 1474 5497 προσευκτικδς,
1521 5434 1550 5484 ὀ
1595 5433 1922 5503 παραμυθη-

345 5512 522 5574 τικδς,
551 5515 580 5567 ό
611 5518 1036 5585 προτρεπτικὸς,
1063 5519 1160 5571 καὶ
1207 5521 1301 5573 ἐπὶ
1324 5524 1490 5574 πᾶσιν
1541 5523 1570 5574 ὁ
1597 5523 1918 5592 μεθοδικάς.

352 5603 430 5653 Οὐ
463 5603 620 5670 μόνον
645 5604 753 5675 γὰρ
783 5609 1152 5677 παραγγέλλει
1186 5612 1304 5664 τόδε
1335 5613 1583 5683 ποιεῖν,ῆ
1623 5613 1698 5684 μὴ
1725 5617 1920 5680 ποιεῖν,

348 5691 491 5744 ἀλλὰ
521 5693 616 5747 καὶ
643 5695 732 5748 τὸν
752 5697 954 5766 τρόπον
994 5700 1282 5771 ὑποτίθησι
1308 5705 1402 5757 καὶ
1433 5706 1523 5757 τὸν
1550 5708 1759 5777 χρόνον.
1812 5709 1920 5761 Καὶ

351 5785 492 5848 ὅλως
523 5789 697 5843 κοινόν
730 5792 842 5843 ἐστι
871 5795 1036 5847 πᾶσιν
1066 5797 1300 5859 ἰατρεῖον
1323 5800 1522 5862 παντὸς
1566 5800 1788 5864 πάθους,
1831 5817 1922 5854 κε-

2029 4517 2230 4576 siutilia
2255 4518 2545 4586 pertinent.
2566 4516 2743 4582 Nono,
2772 4517 2837 4572 dc
2867 4515 3307 4586 cogitationibus.
3323 4523 3376 4569 et
3394 4517 3598 4570 daemo-

2027 4624 2158 4672 num
2192 4608 2409 4664 insidiis
2479 4620 2532 4662 et
2565 4606 2986 4668 circuitionibus
3037 4625 3053 4663 ι
3092 4608 3160 4668 de
3209 4607 3498 4670 sanatione
3544 4612 3599 4661 et

2027 4720 2158 4762 cura
2191 4704 2509 4774 passionum
2539 4717 2550 4752 :
2597 4704 2663 4756 de
2691 4715 2874 4770 pugna
2905 4707 2958 4756 et
2986 4699 3288 4763 certamine
3327 4697 3595 4760 adversus

2028 4793 2342 4864 huiusmodi
2387 4792 2695 4860 passiones.
2742 4789 2990 4852 Decimo,
3023 4788 3403 4848 mandatorum
3455 4789 3596 4841 ratio

2025 4887 2162 4942 adeo
2196 4885 2287 4940 hic
2332 4883 2618 4952 diligenter
2648 4882 2903 4946 traditur,
2947 4891 3006 4934 ut
3060 4895 3272 4949 parum,
3319 4889 3414 4934 aut
3461 4879 3596 4936 nihil

2028 4977 2096 5031 ab
2129 4974 2459 5044 evangelicis
2495 4972 2783 5042 praeceptis
2823 4971 3016 5028 abesse
3042 4971 3311 5026 videatur.

2101 5068 2222 5128 llaec
2250 5068 2413 5138 igitur
2462 5074 2591 5120 sunt
2623 5072 2942 5135 argumenta
2973 5063 3332 5133 psalmorum,
3375 5063 3594 5118 redacta

2029 5164 2082 5214 in
2116 5159 2302 5214 decem
2343 5159 2520 5226 capita
2545 5156 2743 5224 quibus
2767 5164 2878 5212 tcta
2926 5155 3259 5225 psalmorum
3289 5153 3594 5218 lucubratio

2028 5249 2360 5312 continetur,
2400 5261 2716 5317 quanquam
2762 5255 2818 5301 et
2849 5247 2955 5301 alia
2998 5247 3110 5303 sint
3143 5246 3314 5315 magis
3359 5245 3590 5314 privata,

2027 5355 2147 5409 qua:
2175 5339 2229 5392 in
2265 5339 2344 5393 eis
2374 5338 2702 5394 habeantur.
2739 5337 2876 5392 Sunt
2909 5352 3144 5408 namque
3186 5347 3240 5390 et
3269 5335 3462 5404 psalmi
3499 5336 3590 5405 qui

2029 5431 2241 5488 laudem
2273 5438 2327 5485 et
2362 5431 2590 5500 gloriam
2625 5429 2719 5488 Dei
2754 5439 2979 5498 canunt,
3012 5431 3106 5501 qui
3148 5431 3356 5500 gratias
3402 5438 3571 5498 agunt

2026 5525 2120 5593 qui
2161 5522 2437 5578 orationes
2461 5523 2694 5578 fundunt
2724 5531 2780 5578 et
2813 5533 2956 5579 vota.
2994 5522 3134 5584 Sunt
3187 5532 3242 5575 et
3281 5523 3590 5577 consolato-

2030 5617 2091 5668 rii
2127 5624 2178 5670 ct
2216 5614 2524 5670 exhortaton
2543 5615 2600 5668 ii.
2629 5615 2706 5669 Ad
2735 5616 2848 5669 haec
2867 5615 3074 5677 omnia,
3105 5623 3232 5668 sunt
3253 5623 3307 5668 et
3335 5613 3427 5683 qui
3454 5616 3589 5669 viam

2026 5706 2091 5760 ad
2136 5707 2390 5760 virtutem
2428 5706 2694 5760 tradunt:
2737 5706 2939 5774 quique
2989 5719 3096 5759 nou
3141 5716 3348 5760 nmium
3397 5707 3588 5762 admo-

2033 5805 2163 5852 uent
2211 5797 2313 5851 hoc
2344 5795 2542 5866 facere,
2574 5806 2666 5852 aut
2701 5796 2830 5853 illud
2869 5797 3093 5866 evitare,
3140 5800 3234 5856 sed
3271 5807 3322 5856 et
3371 5801 3587 5854 modum
