4082 6212
426 368 491 428 51
1676 370 2059 429 EUTIIYMH
2092 371 2454 433 ZIGABENI
3614 378 3683 430 Μ

420 483 622 538 docent
647 489 700 537 et
729 487 961 552 tempus.
996 482 1057 537 lu
1121 497 1333 538 summa
1382 483 1472 538 hic
1504 483 1658 538 ‘liber
1703 497 1998 537 eummnne

2115 486 2377 555 κτημένον
2400 488 2715 558 φάρμακον,
2751 486 2843 539 καὶ
2879 486 3080 549 πάντες
3109 484 3159 537 οἱ
3186 482 3338 552 λόγοι
3368 484 3536 537 πᾶσιν
3586 483 3684 535 ἁν-

422 582 506 630 cst
543 575 816 645 quoddam
851 576 1139 631 medicina:
1178 577 1641 647 promptuarium,
1684 585 1738 630 et
1784 576 2000 643 passio-

425 682 555 721 num
608 667 855 721 omnium
906 668 1280 724 certissimum
1345 667 1686 723 remedium:
1741 666 2001 736 illiusque

423 758 590 813 verba
638 761 803 829 (quod
825 760 989 814 etiam
1024 760 1181 815 valde
1206 760 1591 815 admirandum
1619 767 1725 823 est,
1755 766 1809 813 et
1838 758 2003 827 hujus

422 851 607 919 operis
638 851 947 922 proprium)
974 854 1235 907 omnibus
1266 860 1582 922 congruunt
1617 860 1781 921 atque
1811 861 2004 922 aptan-

426 955 519 997 tur
572 944 909 1000 hominibus.
967 944 1122 999 Nulla
1190 956 1275 1000 est
1336 946 1504 1015 igitur
1554 946 1698 1000 inter
1754 938 2004 1000 homines

425 1035 592 1099 actio,
644 1035 795 1090 nulla
840 1037 1002 1099 ratio,
1054 1036 1202 1090 nulla
1238 1035 1475 1101 aﬂ'cctio,
1528 1037 1676 1092 nulla
1724 1037 2002 1107 cogitatio,

424 1126 584 1193 cujus
604 1127 926 1180 medicinam
965 1127 1054 1180 hic
1080 1128 1325 1182 invenire
1355 1143 1464 1182 non
1501 1129 1683 1197 possis
1715 1128 2004 1183 :eumulus

426 1216 571 1270 enim
620 1224 673 1269 et
726 1232 956 1272 acervus
1002 1205 1227 1288 quidam
1278 1235 1461 1274 rerum
1494 1229 1599 1284 est,
1627 1220 1773 1272 omni
1809 1220 2002 1289 plenus

423 1307 550 1361 vitae
577 1310 1019 1373 conversatione,
1040 1312 1189 1364 omni
1215 1311 1676 1381 contemplatione
1708 1329 1720 1365 :
1747 1327 1810 1365 ac
1837 1310 2005 1365 veluti

424 1414 568 1466 penu
595 1400 870 1469 quoddam
912 1400 1176 1455 doctrinae
1207 1403 1511 1471 publicum,
1548 1403 1843 1471 unicuique
1878 1410 2002 1473 apta

422 1500 476 1544 et
522 1492 904 1545 convenientia
946 1492 1250 1547 distribuit.
1289 1491 1425 1546 Nam
1470 1503 1520 1546 et
1552 1493 1777 1562 antiqua
1806 1499 2007 1562 purgat

428 1582 678 1645 vulnera,
714 1592 770 1638 et
794 1599 969 1654 nuper
1000 1585 1166 1639 illatis
1199 1585 1434 1640 celerem
1464 1585 1839 1640 liberationem
1870 1600 2009 1655 prae-

422 1682 555 1730 stat.
589 1675 822 1745 Insuper
850 1677 993 1746 quod
1026 1676 1296 1747 integrum
1323 1687 1430 1743 est,
1478 1692 1669 1731 sanum
1704 1676 2009 1731 sincerum-

423 1781 531 1830 que
582 1776 919 1822 conservat:
962 1769 1369 1823 multitudinem
1410 1784 1535 1823 vero
1572 1768 1746 1837 ipsam
1780 1780 2006 1837 prorsus

425 1858 599 1913 allicit
625 1874 689 1913 ac
719 1861 914 1915 suadet
955 1863 1108 1915 suavi
1138 1862 1371 1931 quadam
1408 1875 1530 1916 cum
1563 1859 1927 1915 delectatione
1953 1866 2009 1911 et

331 1998 342 2007 .
426 1950 658 2005 honesta
688 1954 967 2023 voluptate
1000 1971 1013 2007 :
1056 1955 1190 2007 adeo
1229 1962 1287 2006 ut
1326 1968 1420 2021 per
1462 1952 1714 2006 blandam
1743 1959 1796 2004 et
1831 1951 2005 2006 lenem

424 2041 575 2094 illam
636 2058 849 2107 vocem,
905 2045 1198 2097 utilitatem
1253 2053 1307 2097 et
1356 2042 1703 2096 commodum
1774 2040 2009 2094 latenter

2109 577 2347 647 θρώποις
2374 580 2707 649 ἀρμόζουσιν
2749 580 2777 632 ὃ
2810 579 2904 632 καὶ
2934 577 3412 647 θαυμασιώτατον,
3447 576 3540 629 καὶ
3587 576 3687 642 τῆς

2108 669 2292 740 βίϐλου
2326 670 2531 740 ταύτης
2556 670 2871 727 ἰδιαίτατον.
2895 670 3009 723 Οὐκ
3044 669 3190 722 ἔστιν
3233 664 3328 721 οὖν
3365 669 3423 719 ὲν
3474 666 3688 737 ἀνθρὼ-

2106 779 2251 825 ποις,
2279 763 2339 815 οὐ
2381 763 2603 833 πρᾶξις,
2636 764 2695 815 ού
2735 763 2914 830 λόγος,
2945 764 3008 815 οὐ
3048 763 3241 824 πάθος,
3296 761 3358 813 ού
3389 760 3684 829 διανόημα,

2107 847 2169 905 οὗ
2203 854 2277 923 μὴ
2307 853 2405 924 τὴν
2442 854 2684 924 ἰατρείαν
2713 852 2865 923 εὖροι
2903 872 2988 916 τις
3024 852 3261 906 ἐνταῦθα
3294 868 3307 882 ’
3345 852 3687 920 συμφόρημα

2108 948 2217 1018 γάρ
2255 948 2372 999 ἐστι
2431 945 2615 1016 πάσης
2668 944 2906 1014 ἔμπλεον
2965 943 3201 1013 θεωρίας
3255 942 3352 995 καὶ
3386 941 3687 1005 πολιτείας,

2107 1037 2368 1107 δημόσιον
2392 1038 2617 1107 ταμεῖον
2649 1033 3001 1097 διδασκαλίας
3032 1032 3413 1102 παρεχόμενον
3450 1028 3688 1083 ἐνταῦθα

2108 1131 2169 1183 τὸ
2196 1130 2509 1200 πρόσφορον
2542 1143 2555 1156 ·
2588 1127 2656 1181 τά
2684 1144 2741 1179 τε
2764 1126 2874 1196 γὰρ
2904 1124 3111 1177 παλαιὰ
3154 1122 3449 1193 τραύματα
3491 1121 3690 1173 καθαί-

2113 1238 2217 1289 ρει,
2250 1220 2343 1272 καὶ
2371 1220 2449 1289 τῷ
2481 1219 2763 1289 νεοτρώτῳ
2798 1218 3024 1286 ταχεῖαν
3070 1214 3285 1267 δίδωσιν
3342 1212 3687 1280 ἀπαλλαγὴν,

2109 1314 2203 1363 καὶ
2235 1312 2297 1363 τὸ
2315 1311 2572 1380 ἀκέραιον
2604 1310 2879 1379 συντηρεῖ,
2914 1306 3009 1361 καὶ
3026 1306 3254 1360 καθόλου
3282 1308 3389 1358 πᾶν
3416 1302 3587 1366 πάθος
3612 1303 3690 1373 (-i)

2109 1401 2434 1470 ἐξαιρεῖται,
2459 1397 2731 1452 καὶτοῦτο
2761 1398 2898 1468 μετά
2923 1414 3066 1459 τινος
3094 1394 3369 1466 ἐμμελοῦς
3424 1394 3690 1463 ψυχαγω-

2110 1494 2236 1560 γίας
2270 1493 2366 1545 καὶ
2401 1490 2682 1562 σώφρονος
2730 1491 2948 1560 ἡδονῆς,
3006 1490 3091 1542 ἴνα
3149 1486 3229 1557 τῷ
3275 1488 3542 1552 προσηνεῖ
3598 1486 3691 1537 καὶ

2109 1585 2237 1655 λείῳ
2263 1586 2361 1654 τῆς
2377 1584 2549 1653 ἀκοῆς
2580 1582 2885 1651 λεληθότως
2917 1578 3306 1650 ὑποδεξιὶψεθα
3334 1579 3432 1649 τὴν
3479 1580 3542 1629 ἐκ
3582 1576 3691 1629 τῶν

2110 1676 2284 1744 λόγων
2317 1677 2611 1745 ὠφέλειαν,
2640 1677 2784 1728 κατὰ
2813 1675 2938 1737 τοὺς
2972 1674 3169 1742 σοφοὺς
3198 1670 3307 1724 τῶν
3337 1669 3559 1740 ἰατρῶν,
3608 1668 3690 1719 οῖ-

2110 1786 2257 1831 τινες
2286 1767 2381 1821 ἐπὶ
2413 1767 2521 1821 τῶν
2553 1768 2978 1839 αύστηροτέρων
3012 1765 3348 1835 φαρμάκων,
3387 1761 3564 1832 μέλιτι
3592 1764 3693 1829 τὴν

2114 1859 2313 1912 κύλικα
2346 1859 2744 1930 περιχρίουσιν.
2779 1858 2935 1911 Οὕτω
2964 1857 3096 1925 γοῦν
3123 1856 3201 1926 τῷ
3238 1856 3336 1926 μὲν
3366 1855 3563 1916 δοκεῖν,
3592 1869 3693 1920 με·

2115 1949 2394 2021 λιρδοῦμεν
2428 1967 2442 1982 ⁸
2476 1954 2543 2021 τῇ
2578 1952 2620 2004 δ’
2649 1950 2903 2021 ἀληθεία,
2935 1950 3033 2011 τὰς
3064 1947 3243 2018 ψυχὰς
3291 1945 3693 2015 παιδευόμεθα,

2116 2043 2209 2094 καὶ
2241 2041 2339 2110 τὴν
2378 2044 2601 2113 μνήμην
2626 2042 2738 2095 τῶν
2771 2042 2946 2109 λόγων
2972 2041 3170 2109 ἔχομεν
3200 2039 3594 2107 ἀνεξάληπτον.

423 2135 591 2189 etiam
650 2147 1013 2205 reportemus,
1054 2137 1205 2205 juxta
1264 2135 1594 2204 prudentum
1652 2131 1994 2186 medicorum
2036 2142 2326 2201 praecepta,
2352 2136 2467 2203 qui,
2494 2135 2548 2189 in
2584 2135 2983 2190 austeriorihus
3041 2132 3369 2201 pbarmacis,
3436 2132 3693 2200 poculum

426 2230 618 2299 inungi
666 2229 859 2299 jubent
891 2230 1048 2285 melle
1084 2248 1096 2284 :
1135 2230 1206 2283 ita
1258 2237 1313 2284 et
1360 2243 1484 2291 nos,
1530 2234 1854 2297 apparenter
1885 2223 2128 2295 quidem,
2154 2225 2315 2281 dulce
2346 2242 2412 2281 ae
2440 2242 2610 2283 suave
2635 2227 2806 2282 melos
2876 2228 3124 2283 canimus
3158 2247 3174 2286 :
3236 2242 3297 2282 re
3365 2226 3483 2295 ipsa
3569 2239 3694 2279 vero

426 2326 640 2379 animas
663 2323 972 2390 erudimus,
1006 2332 1059 2376 et
1089 2323 1399 2377 divinorum
1425 2322 1768 2390 eloquiorum
1793 2318 2113 2374 memoriam
2156 2320 2502 2377 indelebilem
2532 2338 2947 2378 eonservamus.

501 2416 756 2472 Psalmus
796 2431 978 2471 sermo
1014 2427 1066 2471 et
1094 2417 1445 2472 conversatio
1473 2424 1557 2470 est
1585 2430 1708 2470 cum
1742 2414 1871 2475 Deo,
1899 2427 2008 2465 an—

427 2509 679 2579 gelorum
736 2508 973 2571 allectio,
1039 2508 1221 2562 alacer
1244 2508 1440 2561 animm
1497 2505 1633 2561 ordo
1695 2521 1761 2561 ac
1811 2512 2008 2568 status,

429 2600 615 2655 diurni
649 2599 854 2655 laboris
886 2599 1066 2668 quies,
1100 2599 1355 2653 nocturni
1394 2599 1609 2654 timoris
1648 2595 2007 2669 prapulsatio,

427 2696 693 2763 juvenum
750 2700 804 2748 et
854 2708 1026 2763 nuper
1073 2692 1517 2747 introductorum
1579 2691 1788 2762 regula,
1841 2690 2011 2760 proii-

430 2784 695 2840 eientium
762 2784 1140 2853 adiumentum
1178 2824 1193 2848 ,
1266 2783 1634 2853 perfectorum
1705 2779 2007 2844 solidatio,

432 2877 661 2945 clypeus
688 2876 1101 2943 insuperabilis,
1126 2884 1512 2930 ornamentum
1537 2872 2010 2936 decentissimum,

433 2969 678 3037 regibus.
708 2967 957 3037 privatis,
991 2968 1356 3038 principibus,
1390 2966 1633 3036 populis,
1666 2964 1934 3019 militibus
1957 2969 2014 3017 et

433 3060 563 3114 belli
598 3060 826 3131 ignaris,
866 3059 1210 3128 sapientibus
1243 3066 1298 3114 et
1335 3058 1591 3123 rudibus,
1635 3056 1919 3111 monachis
1959 3062 2016 3110 et

434 3148 670 3213 civibus,
736 3147 1110 3203 sacerdotibus
1175 3157 1231 3204 et
1284 3148 1558 3217 plebibus,
1610 3145 2014 3201 habitatoribus

2179 2416 2435 2483 Ψαλμὸς,
2471 2416 2658 2485 ὁμιλία
2717 2417 2855 2487 πρὸς
2892 2417 3046 2481 Θεὸν,
3105 2416 3352 2485 ἀγγέλων
3406 2417 3691 2487 ἐπαγωγὴ.

2109 2507 2381 2575 δαιμόνων
2415 2508 2714 2577 ἀπαγωγὴ,
2747 2508 2929 2578 ψυχῆς
2974 2507 3138 2578 ἱλαρὰ
3176 2509 3530 2571 κατάστασις,
3584 2508 3695 2560 τῶν

2112 2599 2210 2667 τῆς
2241 2599 2454 2669 ἡμέρας
2492 2600 2671 2651 πόνων
2696 2600 3032 2665 ἀνάπαυσις,
3069 2598 3179 2651 τῶν
3212 2600 3310 2669 τῆς
3363 2599 3556 2661 νυκτὸς
3600 2598 3694 2666 φό-

2113 2691 2223 2743 ϐων
2250 2690 2631 2761 ἀλεξητήριον,
2666 2689 3041 2760 είσαγομένων
3084 2692 3445 2759 στοιχείωσις,
3497 2707 3694 2760 προκο-

2117 2786 2360 2837 πτόντων
2392 2782 2641 2853 αὔξησις,
2714 2781 3113 2852 τελειουμένων
3168 2782 3478 2852 ἑδραίωσις,
3528 2783 3694 2834 ὅπλον

2115 2873 2348 2945 ἄμαχον,
2395 2875 2601 2943 κόσμος
2649 2873 2958 2937 κάλλιστος,
3018 2872 3376 2941 βασιλεῦσιν,
3429 2871 3692 2936 ἰδιώταις,

2117 2966 2399 3037 ἄρχουσιν,
2428 2963 2775 3034 ἀρχομένοις,
2823 2962 3215 3034 στρατιώταις,
3274 2960 3691 3032 ἀστρατεύτοις,

2119 3060 2323 3126 σοφοῖς,
2378 3055 2643 3126 ἀμαθέσι,
2708 3057 3022 3125 μονασταῖς,
3077 3054 3398 3115 πολιτικοῖς,
3462 3050 3693 3122 ἱερεῦσι,

2118 3150 2345 3214 λαῖκοῖς,
2376 3148 2739 3220 ἠπειρώταις,
2796 3146 3116 3215 νησιώταις,
3162 3147 3449 3216 γεωργοῖς,
3509 3142 3696 3196 ναυτί-

436 3238 772 3293 continentis
797 3246 960 3307 atque
988 3237 1282 3301 insulanis,
1311 3237 1591 3307 agricolis,
1632 3236 1836 3303 nautis,
1877 3235 2009 3289 arti-

2115 3244 2249 3309 λοις,
2280 3242 2570 3312 τεχνίταις,
2604 3241 2869 3309 ἀτέκνοις,
2902 3240 3153 3308 ἀνδράσι,
3184 3237 3422 3307 γυναιξὶ,
3443 3237 3693 3305 γέρουσι,

438 3330 632 3385 ticibus
652 3337 705 3383 et
733 3329 932 3383 artium
958 3330 1185 3399 ignaris,
1220 3330 1376 3393 viris,
1396 3329 1744 3392 mulieribus,
1760 3329 2007 3395 senibus,

438 3422 880 3477 adolescentibus
912 3440 926 3475 :
982 3422 1132 3474 omni
1160 3420 1400 3490 denique
1433 3429 1660 3487 naturae,
1703 3421 1873 3484 aetati,
1903 3421 2015 3475 for-

438 3526 605 3578 tunaa,
665 3514 969 3584 proposito.
1020 3523 1073 3565 et
1127 3512 1497 3567 communiter
1553 3523 1607 3567 et
1662 3513 1917 3582 privatim
1960 3521 2015 3567 et

440 3619 677 3673 semper,
721 3611 828 3657 tam
869 3603 1016 3657 domi
1059 3618 1222 3671 quam
1271 3602 1325 3655 in
1374 3601 1516 3669 foro,
1560 3602 1614 3656 in
1644 3603 1917 3667 ecclesiis,
1960 3606 2013 3658 in

437 3695 607 3765 agris,
645 3695 697 3749 in
729 3693 1141 3759 solitudinibus,
1174 3694 1230 3748 in
1267 3694 1556 3749 itincribus
1585 3701 1640 3750 et
1678 3694 1935 3751 omnibus
1960 3696 2014 3750 in

440 3788 622 3842 locis:
675 3794 730 3841 et
770 3797 854 3843 cst
912 3786 1152 3855 denique
1208 3787 1370 3842 sicuti
1425 3786 1569 3843 aeris
1617 3786 1871 3856 spiratio,
1922 3793 2017 3840 aut

440 3878 581 3934 lueis
610 3878 826 3942 effusio,
847 3887 941 3932 aut
967 3894 1097 3934 usus
1139 3879 1279 3947 ignis
1309 3886 1364 3933 et
1393 3892 1570 3947 aquae,
1611 3885 1706 3932 aut
1733 3879 2017 3947 quodcun-

439 3984 548 4038 que
586 3970 733 4023 aliud
791 3985 983 4025 eorum
1019 3985 1139 4039 quae
1186 3970 1343 4025 valde
1410 3970 1725 4024 communia
1784 3978 1914 4024 sunt
1965 3979 2018 4023 et

441 4063 619 4117 utilia.
672 4061 938 4129 Quodque
972 4062 1336 4116 admiratione
1388 4062 1620 4115 maxime
1644 4061 1871 4130 dignum
1908 4068 2015 4127 est,

437 4156 778 4223 psalmorum
808 4165 1000 4210 cantus
1050 4169 1156 4209 non
1179 4156 1529 4225 interrumpit
1558 4169 1734 4223 neque
1759 4154 2019 4209 distrahit

440 4246 510 4299 ab
541 4246 802 4314 operibus
831 4264 843 4300 :
880 4246 1125 4314 quinimo
1159 4248 1539 4314 operantibus,
1593 4247 1709 4316 ipsa
1743 4246 2018 4300 suavitate

440 4352 505 4392 ac
566 4338 823 4402 melodia,
885 4339 1261 4392 austeritatem
1316 4338 1449 4392 lenit
1494 4338 1743 4392 laborum
1778 4352 2014 4406 quorum

439 4429 682 4483 omnium
727 4443 873 4482 unus
902 4439 986 4483 est
1012 4428 1137 4482 linis
1168 4445 1184 4481 :
1236 4436 1294 4481 ut
1329 4428 1547 4482 scilicet
1576 4428 1889 4496 huiusmodi
1932 4429 2017 4484 di-

439 4518 687 4587 scipulus
737 4517 934 4581 bonus,
960 4520 1176 4587 sapiens
1196 4517 1484 4581 emciatur,
1512 4526 1565 4572 et
1598 4517 1759 4573 Deus.
1784 4519 2017 4576 Abunde

439 4608 608 4678 igitur
630 4609 867 4665 diximus
902 4625 1151 4679 quaenam
1198 4620 1252 4663 et
1302 4620 1436 4679 quot
1480 4609 1589 4663 sint
1619 4609 1783 4680 hujus
1830 4614 2015 4682 operis

438 4701 796 4768 intentiones,
838 4710 890 4756 et
921 4711 1123 4771 quanta
1153 4716 1217 4754 ex
1250 4700 1335 4756 bis
1373 4700 1661 4755 commoda
1702 4716 2015 4773 consequa.

438 4807 585 4854 mur,
642 4800 696 4846 et.
739 4793 863 4861 quis
906 4791 1051 4847 fluis.
1107 4789 1295 4844 Restat
1358 4805 1504 4844 nunc
1546 4800 1605 4844 ut
1644 4791 2011 4861 disseramus,

439 4898 508 4936 an
544 4884 798 4953 proprius
823 4885 893 4937 sit
926 4884 1013 4937 hic
1050 4883 1187 4937 liber
1218 4882 1358 4937 beati
1395 4882 1585 4948 David,
1623 4894 1676 4939 ct
1702 4885 1772 4939 ab
1797 4900 1862 4939 eo
1894 4888 2013 4942 solo

438 4975 721 5031 confectus
753 4976 843 5048 [an
868 4977 1031 5030 etiam
1060 4977 1128 5030 ab
1161 4976 1306 5047 aliis]
1339 4993 1353 5030 :
1384 4992 1546 5046 quam
1590 4979 2009 5047 appellationem

440 5070 658 5125 habeat.
704 5068 843 5135 Quid
898 5070 969 5123 sit
1017 5067 1365 5138 psalterium,
1420 5069 1547 5136 quid
1594 5073 1829 5138 psaltus,
1878 5063 2009 5140 qu‘nl

436 5157 706 5226 psalmus,
756 5157 886 5225 quid
923 5155 1262 5224 psalmodus,
1306 5158 1437 5227 quid
1489 5158 1822 5228 diapsalma,
1871 5160 2008 5232 quid

437 5246 885 5317 canticum,quid
917 5247 1174 5318 hymnus,
1204 5248 1334 5317 quid
1371 5249 1510 5315 laus,
1547 5251 1676 5318 quid
1704 5251 2005 5316 confessio,

438 5341 571 5410 quid
610 5341 809 5406 oratio,
867 5340 997 5409 quid
1037 5349 1242 5405 votum,
1275 5339 1407 5410 quid
1450 5342 1723 5395 canticum
1764 5344 1959 5411 psalmi
1993 5362 2005 5397 :

440 5434 573 5503 quid
600 5436 842 5504 psalmus
873 5433 1071 5489 cantici
1098 5450 1111 5485 :
1143 5443 1273 5501 quot
1299 5432 1407 5487 sint
1431 5432 1622 5501 psalmi
1646 5441 1699 5486 et
1732 5448 1900 5503 quare
1931 5442 2011 5489 t0t

442 5526 573 5587 sint,
603 5534 656 5580 et
695 5542 722 5578 a
753 5541 991 5595 quonam
1036 5525 1239 5579 fuerint
1266 5524 1479 5577 collecti
1510 5540 1523 5586 ;
1559 5535 1695 5591 quot
1724 5535 2005 5592 cantores,

2116 3334 2281 3398 νέοις,
2305 3332 2454 3403 πάσῃ
2480 3331 2642 3400 φύσει
2677 3332 2772 3384 καὶ
2802 3329 3013 3400 ἡλικίᾳ,
3052 3332 3146 3381 καὶ
3176 3328 3338 3399 τύχῃ,
3373 3329 3467 3379 καὶ
3499 3342 3695 3396 προαι-

2121 3426 2293 3495 ρέσει,
2320 3424 2414 3476 καὶ
2440 3425 2619 3492 κοινῇ,
2646 3422 2741 3475 καὶ
2773 3422 2899 3492 ἰδίᾳ,
2931 3420 3025 3474 καὶ
3058 3422 3311 3484 πάντοτε,
3369 3420 3462 3472 καὶ
3507 3420 3564 3471 ὲν
3618 3418 3695 3469 οῖ-

2116 3535 2256 3581 κοις,
2312 3518 2407 3570 καὶ
2456 3517 2512 3568 ὲν
2560 3516 2812 3584 ἀγοραῖς,
2860 3513 2954 3567 καὶ
3014 3515 3069 3564 ὲν
3116 3512 3457 3582 ἐκκλησίαις.
3498 3510 3594 3563 καὶ
3634 3511 3694 3561 ὲν

2117 3612 2332 3680 ἀγροῖς,
2366 3608 2460 3662 καὶ
2488 3612 2545 3660 ὲν
2581 3607 2862 3678 ἐρημίαις,
2894 3608 2987 3659 καὶ
3016 3608 3074 3660 ὲν
3104 3606 3262 3671 ὁδοῖς,
3295 3605 3391 3657 καὶ
3417 3602 3695 3672 πανταχῆ,

2118 3703 2370 3772 καθάπερ
2400 3700 2561 3770 ἀέρος
2580 3699 2873 3768 πνεῦσις.ἢ
2900 3698 3077 3768 φωτὸς
3106 3698 3282 3769 χύσις,
3306 3698 3337 3767 ἦ
3367 3696 3535 3768 πυρὸς
3558 3694 3695 3765 χρῆ-

2119 3810 2204 3857 σις
2240 3794 2335 3847 καὶ
2371 3792 2583 3855 ὕδατος,
2611 3792 2644 3862 ἢ
2676 3792 2776 3844 ὅσα
2798 3791 2906 3842 τῶν
2948 3789 3261 3858 παγκοίνων
3302 3805 3361 3840 τε
3407 3789 3503 3841 καὶ
3551 3802 3694 3854 παγ-

2120 3887 2389 3955 χρήστων.
2425 3885 2535 3936 Καὶ
2564 3883 2623 3936 τὸ
2653 3880 3124 3952 παραδοξώτατον,
3158 3879 3278 3950 μηδ’
3310 3877 3694 3947 ἀφισταμένων

2118 3977 2227 4029 τῶν
2254 3975 2450 4044 ἔργων,
2476 3974 2615 4027 ἀλλὰ
2646 3975 2742 4027 καὶ
2768 3972 2895 4035 τοὺς
2927 3972 3206 4041 καμάτους
3232 3969 3321 4023 διὰ
3364 3970 3463 4038 τῆς
3517 3967 3691 4036 μελῳ-

2117 4069 2232 4129 δίας
2265 4065 2713 4136 ὲπικουφίζουσιν
2750 4083 2764 4096 ⁸
2818 4060 2893 4119 ὧν
2928 4065 3147 4118 πάντων
3167 4062 3321 4123 τέλος
3353 4060 3433 4122 ἓν,
3487 4058 3693 4125 ἀγαθὸν

2118 4156 2375 4224 γενέσθαι
2429 4156 2521 4207 τὸν
2566 4154 2772 4207 τούτων
2832 4152 3111 4224 μαθητὴν,
3167 4152 3262 4204 καὶ
3333 4148 3538 4217 σοφὸν,
3598 4145 3693 4199 καὶ

2118 4248 2271 4303 Θεὸν.
2293 4247 2451 4308 Τίνες
2480 4245 2578 4315 μὲν
2605 4244 2697 4297 οὖν
2718 4246 2767 4297 οἱ
2800 4244 2995 4297 σκοποὶ¹
3026 4244 3126 4312 τῆς
3152 4242 3434 4313 παρούσης
3482 4238 3690 4309 βίϐλου,

2119 4341 2213 4394 καὶ
2244 4339 2425 4400 πόσοι,
2461 4336 2550 4389 καὶ
2574 4336 2696 4387 τίνα
2724 4336 2793 4387 τὰ
2824 4336 3094 4404 χρήσιμα,
3122 4336 3217 4387 κοιλ⁸
3243 4335 3396 4385 ποῖον
3424 4330 3486 4383 τὸ
3512 4329 3690 4395 τέλος,

2121 4434 2322 4495 ἱκανῶς
2353 4429 2682 4500 εἰρήκαμεν.
2708 4426 2908 4481 Λοιπὸν
2947 4426 2993 4479 δ’
3035 4426 3101 4479 ἂν
3133 4426 3218 4495 εἴη
3253 4425 3450 4492 λέγειν,
3483 4422 3531 4473 εἰ
3561 4436 3693 4489 γνη-

2120 4526 2211 4580 σία
2235 4525 2329 4578 καὶ
2357 4524 2519 4593 μόνου
2556 4519 2719 4574 Δαϐἱδ
2743 4521 2777 4589 ἡ
2809 4519 3009 4587 βίϐλος,
3037 4519 3230 4573 ὁποίαν
3252 4533 3309 4571 τε
3336 4516 3524 4584 κλῆσιν
3555 4513 3692 4582 ἔχει,

2122 4619 2217 4673 καὶ
2251 4618 2304 4671 τί
2335 4620 2449 4671 ἐστι
2479 4596 2812 4683 Ψαλτήᾰιον,
2838 4614 2930 4666 καὶ
2955 4613 3007 4664 τί
3033 4612 3255 4680 ψαλτδν,
3291 4611 3384 4663 καὶ
3434 4607 3487 4660 τί
3550 4606 3695 4675 ψαλ-

2126 4709 2248 4776 μὸς,
2285 4707 2380 4759 καὶ
2405 4705 2457 4758 τί
2481 4703 2794 4774 ψαλμῳδὸς,
2816 4702 2910 4755 καὶ
2938 4702 2989 4753 τί
3015 4700 3316 4769 διάψαλμα,
3344 4698 3438 4751 καὶ
3469 4696 3522 4750 τί
3556 4695 3694 4767 ᾠδὴ,

2122 4802 2217 4853 καὶ
2232 4800 2284 4851 τί
2316 4798 2503 4866 ὖμνος,
2522 4797 2613 4848 καὶ
2634 4794 2686 4847 τί
2708 4788 2876 4855 αῐνος,
2900 4793 2992 4844 καὶ
3009 4793 3060 4844 τί
3084 4792 3491 4860 ἐξομολόγησις,
3518 4788 3615 4841 καὶ
3637 4787 3692 4839 τί

2124 4888 2423 4961 προσευχὴ,
2445 4887 2534 4939 καί
2549 4885 2599 4938 τί
2621 4885 2773 4954 εὐχὴ,
2802 4884 2895 4936 καὶ⁵
2912 4883 2963 4935 τί
2978 4883 3094 4952 ’ᾠδὴ
3116 4883 3354 4951 ψαλμοῦ,
3378 4882 3471 4934 καὶ
3492 4880 3542 4933 τί
3558 4880 3695 4949 ψαλο

2125 4983 2222 5052 μὸς
2268 4980 2454 5051 ᾠδῆς,
2533 4977 2687 5029 πόσοι
2742 4974 2983 5044 ψαλμοὶ,
3037 4973 3156 5028 καὶ,
3197 4973 3336 5026 διατί
3407 4972 3691 5033 coco-Etet,

2120 5075 2213 5128 καὶ
2252 5074 2403 5141 παρά
2428 5071 2568 5132 τίνος
2618 5068 3005 5134 συνελέγησαν,
3034 5067 3187 5119 πόσοι
3227 5067 3487 5136 ἀρχῳδοὶ,
3536 5062 3695 5116 πόσοί

2122 5164 2295 5237 χοροὶ,
2324 5164 2419 5216 καὶ
2454 5164 2517 5213 ἐκ
2548 5160 2738 5221 ποίων,
2770 5160 2866 5211 καὶ⁸
2902 5156 3046 5210 διατί
3078 5156 3343 5222 τοσοῦτοι,
3368 5156 3462 5209 καὶ
3496 5158 3562 5209 ὲκ
3606 5171 3695 5206 το-

2121 5258 2347 5317 σούτων,
2362 5255 2439 5318 τίς
2464 5250 2742 5322 ήδιαφορὰ
2760 5247 3143 5321 τοῦψαλτῆρος
3163 5250 3298 5321 πρὸς
3319 5249 3388 5301 τὰ
3406 5248 3542 5302 ἀλλα
3565 5264 3694 5317 μου·

2122 5348 2251 5401 σικὰ
2273 5347 2503 5418 ὄργανα,
2520 5344 2601 5404 τίς
2616 5346 2649 5414 ἡ
2666 5343 2822 5406 τάσις
2847 5342 2954 5395 τῶν
2965 5342 3218 5412 ψαλμῶν,
3238 5342 3320 5403 τίς
3343 5342 3376 5409 ἡ
3401 5343 3456 5392 ἐν
3477 5339 3694 5402 πολλοῖς

2119 5441 2229 5493 τῶν
2258 5437 2488 5507 ψαλμῶν
2514 5434 2773 5502 ἀσάφεια,
2811 5434 2974 5488 πόσαι
2997 5433 3293 5505 μεταϐολαὶ
3322 5432 3423 5500 τῆς
3464 5430 3692 5499 Ἑϐραῖο

2117 5530 2205 5590 Bo;
2242 5527 2523 5585 διαλέκτου
2549 5526 2682 5599 πρὸς
2719 5525 2817 5596 τὴν
2860 5523 3163 5595 Ἑλληνίδα,
3199 5523 3298 5575 καὶ
3329 5520 3480 5593 παρὰ
3504 5522 3687 5577 τίνων.

1772 5641 1910 5701 Vari
1938 5664 1968 5700 e
1998 5640 2332 5703 lectiones.

517 5736 593 5803 Η)
622 5727 806 5791 ϐτωοιι
845 5740 1004 5792 verba
1045 5738 1117 5790 ita
1147 5745 1344 5791 sonant
1374 5754 1386 5790 :
1438 5734 1551 5791 Uno
1605 5738 1756 5791 verbo
1787 5755 2009 5805 pravum

445 5807 690 5878 affectum
732 5824 931 5861 omnem
962 5806 1124 5872 tollit,
1160 5808 1315 5881 idque
1350 5811 1497 5863 suavi
1524 5810 1753 5877 quadam
1782 5826 1896 5865 cum
1926 5809 2017 5865 de-

2118 5741 2419 5821 lectatione.
2445 5740 2645 5798 Saulus
2667 5749 2845 5795 autem
2870 5737 2998 5810 legit
3025 5734 3246 5807 πλῆθος,
3275 5735 3687 5803 multitudinem,

2126 5820 2306 5867 minus
2344 5820 2511 5867 ιυειο.
