4082 6212
369 338 436 400 53
1525 357 1913 420 coaruaxr.
1953 361 2029 421 IN
2067 363 2424 426 rsamos.
3551 361 3620 426 54

356 459 489 516 τινος
515 454 706 510 ἕνεκεν
731 458 792 512 ea
821 459 982 529 μέλος
1005 463 1376 535 ἐπινενόηται,
1400 470 1516 531 πῶς
1541 472 1598 524 ἓν
1622 471 1683 524 ὃν
1719 473 1778 526 τὸ
1796 473 1923 526 θεῖοι

2049 491 2143 532 seu
2178 479 2410 534 canendi
2441 480 2715 552 principes
2751 499 2766 536 :
2827 492 2963 554 quot
2991 483 3169 552 chori,
3197 492 3253 539 et
3296 499 3359 539 ex
3395 483 3619 554 quibus,

353 545 595 616 Πνεῦμα,
618 550 749 603 ποτὲ
769 551 870 621 μὲν
897 555 1157 621 ἐνίζεται,
1181 560 1311 612 ποτὲ
1334 561 1390 615 δέ
1417 562 1766 633 πληθύνεται.
1801 566 1942 636 [Ιρό-

352 653 501 704 τερον
529 639 587 694 δὲ
614 644 742 714 περὶ
770 646 864 699 τοῦ
905 648 1171 717 προτέρου
1203 653 1501 722 κεφαλαίου
1539 656 1883 728 διαληπτέον.

2049 579 2102 623 et
2131 586 2300 640 quare
2332 579 2411 626 tot
2439 573 2548 627 sint
2579 575 2732 629 chori
2768 593 2779 628 :
2807 585 2861 630 et
2888 593 2952 631 ex
2991 586 3086 641 tot,
3133 592 3385 648 quaenam
3419 576 3491 632 sit
3516 576 3619 628 dif-

2049 659 2282 715 ferentia
2341 662 2584 733 psalterii
2643 666 2707 719 ad
2765 667 2867 720 alia
2931 668 3134 723 musica
3197 668 3620 722 instrumenta:

347 731 470 830 quis
513 734 847 830 psalmorum
885 739 1022 793 ordo
1060 758 1354 812 :quaenam
1379 747 1451 801 sit
1487 749 1538 801 in
1601 749 1788 804 multis
1851 751 2080 822 psalmis
2125 731 2482 810 obscuri—tatis
2517 758 2659 812 ratio
2693 775 2710 813 :
2767 767 2902 830 quot
2977 759 3365 815 translationes
3393 758 3506 813 sint
3554 755 3620 810 de

349 823 628 923 liebraica-
665 827 848 923 lingua
886 831 939 885 in
987 831 1230 889 ert'am
1277 855 1290 891 :
1343 849 1396 891 et
1433 855 1461 892 a
1497 842 1697 909 quibus
1730 841 1935 898 fuerint
1977 847 2172 902 factze:
2214 864 2383 918 quare
2423 851 2496 904 sit
2524 823 3058 909 inventus-cantus:
3092 867 3264 922 quare
3338 867 3462 906 cum
3532 852 3620 907 di-

343 915 777 1020 vinus.Sp-Eritus
811 939 953 980 unus
977 928 1068 989 sit,
1099 929 1397 1000 aliquando
1421 934 1684 1004 singulari
1709 937 1935 994 effertur
1971 915 2248 1009 sermone,
2291 950 2346 999 et
2388 944 2684 1016 aliquando
2732 946 2949 1018 plurali.
3035 915 3324 1020 Et-primo
3398 946 3618 1016 quidem

339 1006 408 1060 de
443 1009 614 1076 priori
649 1017 826 1084 capite
858 1023 1245 1082 tractabimus.

410 1100 554 1199 φασὶ
612 1105 688 1175 μὴ
758 1109 922 1176 μόνου
968 1113 1061 1167 τοῦ
1101 1117 1266 1172 Δαϐὶδ
1299 1116 1440 1175 εἶναι
1487 1124 1616 1190 τοὺς
1656 1125 1929 1199 ψαλιμοῦς,

344 1192 496 1292 ἀλλάΔ
514 1212 668 1292 τινας
700 1201 794 1252 καὶ
839 1200 1093 1278 Ἰδιθοὺμ,
1141 1211 1234 1264 καὶ
1291 1214 1400 1268 τῶν
1446 1218 1578 1270 υἱῶν
1618 1192 1784 1292 Κδρὲ,
1837 1192 1931 1276 καλ

343 1285 440 1386 τοῦ
486 1289 680 1386 Ἀσάφ,
707 1295 798 1346 καὶ
829 1297 1035 1370 Αίθὰμ,
1070 1303 1166 1356 καὶ
1216 1307 1397 1377 Αίμὰν
1431 1310 1524 1365 τοῦ
1569 1285 1926 1386 Ἰσραηλίτου,

338 1377 442 1432 ἕνα
482 1379 537 1433 δὲ
573 1384 666 1436 καὶ
691 1386 960 1455 Μωσέως,
997 1393 1093 1447 καὶ
1143 1396 1490 1469 Σολομῶντος
1543 1377 1772 1470 ἄλλους’
1830 1377 1926 1461 καλ

339 1472 504 1572 δῆλον
535 1477 646 1572 άπὸ
677 1479 786 1532 τῶν
814 1483 1161 1557 ἐπιγραφῶν,
1193 1491 1552 1564 συλλεγέντας
1583 1499 1663 1561 είς
1697 1498 1760 1552 ἓν
1785 1503 1926 1572 μετὰ

340 1565 443 1634 τὴν
498 1570 884 1640 αἰχμαλωσίαν
923 1579 1028 1634 ὑπὸ
1077 1583 1172 1637 τοῦ
1227 1586 1454 1658 Ἔσδρα.
1503 1591 1694 1647 Πολλοὶ
1731 1565 1798 1648 δὲ.
1833 1598 1928 1651 καὶ

343 1659 510 1754 μόνον
571 1665 1057 1741 ἐπιγεγραμμένον
1117 1675 1335 1747 ἔχουσιν
1393 1684 1777 1754 Ἀλ.1ηλούτα,
1832 1695 1927 1747 καὶ

340 1751 495 1854 gillo:
523 1755 837 1854 ἐττιγραφὴν
870 1765 971 1833 μέν
994 1785 1117 1823 τινα
1165 1771 1444 1844 φέρουσιν,
1496 1751 1774 1854 ἀνῶνυμοι
1815 1785 1872 1838 δέ
1909 1805 1922 1817 ·

2111 1133 2282 1188 Aiunt
2342 1133 2566 1202 quidam
2605 1135 2846 1203 psalmos
2907 1151 3016 1189 non
3046 1135 3218 1190 solius
3264 1149 3387 1188 esse
3426 1133 3613 1196 David,

2036 1227 2132 1282 sed
2163 1227 2428 1296 quosdam
2488 1227 2750 1292 ldithum,
2800 1229 2936 1283 alios
2994 1227 3226 1282 liliormn
3286 1227 3447 1290 Core,
3483 1225 3618 1279 alios

2033 1319 2163 1374 item
2210 1318 2416 1389 Asapli,
2468 1318 2660 1372 Etham
2714 1329 2769 1374 et
2825 1319 3038 1381 Emam,
3094 1320 3355 1376 Israelita:
3399 1333 3617 1372 :uuum

2031 1409 2224 1480 Moysi,
2253 1418 2308 1466 et
2337 1411 2475 1466 alios
2515 1409 2826 1465 Salomonis
2859 1428 2871 1463 :
2907 1410 3051 1480 quod
3095 1410 3442 1465 manifestum
3495 1423 3619 1463 esse

2028 1511 2286 1560 asserunt
2318 1517 2385 1560 ex
2417 1502 2892 1572 inscriptionibus,
2922 1517 3127 1569 eosque
3154 1511 3278 1570 post
3326 1499 3618 1568 captivita-

2029 1605 2136 1652 tem
2195 1597 2386 1651 dicunt
2431 1596 2501 1651 ab
2558 1595 2732 1650 Esdra
2793 1594 2964 1650 fuisse
2997 1593 3052 1647 in
3107 1609 3278 1647 unum
3329 1591 3614 1646 collectos.

2025 1687 2182 1743 Multi
2225 1689 2390 1744 etiam
2457 1687 2653 1758 psalmi
2698 1703 2796 1758 pro
2834 1687 3196 1756 inscriptione
3237 1684 3441 1738 habent
3491 1692 3615 1736 tan-

2025 1791 2138 1836 tum
2175 1781 2434 1845 Alleluia,
2479 1789 2534 1834 et
2575 1780 2671 1835 alii
2715 1779 3138 1850 inscriptionem
3203 1777 3325 1832 sine
3365 1783 3616 1835 auctore.

339 1843 524 1952 ἕτεροι
555 1848 632 1913 δὲ,
660 1856 1014 1952 Ξαντάπασίν
1067 1863 1212 1916 εἰσιν
1262 1866 1651 1942 ἀνεπίγραφοι.
1682 1843 1793 1931 ’Διὸ
1829 1881 1923 1933 καὶ

2028 1874 2116 1928 alii
2143 1872 2308 1927 etiam
2341 1872 2489 1928 omni
2524 1887 2754 1942 prorsus
2786 1882 2978 1926 carent
3016 1869 3398 1940 inscriptione.
3441 1867 3615 1935 Quam

337 1934 626 2033 (immitto;
655 1942 839 2011 βίϐλος
863 1947 1096 2021 ψαλμῶν
1133 1934 1475 2028 ὠνόμασταί
1497 1934 1591 2018 καὶ
1622 1967 1803 2033 καθὼς
1830 1973 1923 2025 εὑ-

2031 1965 2101 2020 ob
2138 1979 2387 2028 causam,
2424 1973 2599 2020 totum
2641 1963 2750 2020 lioc
2781 1978 2943 2033 Opus,
2979 1977 3087 2016 non
3141 1961 3388 2033 psalmos
3423 1959 3616 2019 David,

341 2027 610 2128 pisfogtsv
639 2033 697 2086 ὲν
730 2039 850 2102 ταῖς
886 2042 1126 2112 Πράξεσι
1160 2049 1269 2102 τῶν
1307 2052 1643 2119 ἀποστόλων,
1689 2061 1790 2116 οὐκ
1844 2066 1938 2128 εἰς

335 2120 508 2174 Δαϐὶδ
535 2124 698 2222 μονον
732 2130 1118 2208 ἀναφερομένη
1143 2157 1159 2173 ο
1196 2151 1658 2217 καταχρηστικῶς
1687 2153 1796 2222 γὰρ
1839 2120 1926 2208 λιέζ

335 2219 1050 2328 γεταιῃαῦτηὶναλτήριον,
1079 2234 1160 2289 ὅτι
1182 2235 1485 2311 ψαλτήριον
1519 2219 1727 2314 κυρίως
1762 2219 1928 2319 ϐργά-

336 2322 438 2410 νου
664 2316 880 2372 Naida
918 2325 1070 2394 παρὰ
1105 2309 1382 2400 Ἑϐραίοις
1412 2309 1926 2408 ὀνομαζόμενοιλίέκ

337 2401 732 2498 τοῦ-θάλλειν,
785 2410 862 2475 ὡς
910 2415 1200 2487 εὐκτήριον
1259 2423 1324 2476 ὲκ
1367 2425 1459 2478 τοῦ
1494 2401 1772 2498 εὔχεσθαι.
1807 2401 1926 2488 Meo

336 2493 574 2587 τηνέχθη
604 2499 696 2550 καὶ
726 2499 818 2554 ἐπὶ
855 2503 953 2576 τὴν
1001 2507 1184 2577 βίϐλον
1220 2513 1252 2584 ἡ
1291 2515 1482 2580 κλῆσις
1519 2493 1712 2587 ἄλλως,
1737 2525 1801 2578 ἐκ
1831 2525 1924 2579 τοῦ

335 2586 532 2689 τηρεῖν
555 2589 684 2689 τους
715 2591 988 2664 ψαλμούς.
1026 2601 1215 2656 ’Ἄλλοι
1265 2605 1325 2660 δὲ
1362 2607 1633 2676 λέγουσιν,
1689 2611 1770 2678 οἷς
1830 2621 1926 2672 καὶ

334 2673 855 2772 ἒγῶσυντίθεμαι,
912 2690 1122 2757 πάντας
1177 2697 1305 2760 τοὺς
1346 2673 1778 2772 ψαλμοὺς-εἶναι
1830 2711 1924 2764 τοῦ

334 2769 506 2823 Δαϐίδ
534 2790 572 2874 ’⁸
612 2773 802 2874 ὥσπερ
885 2783 994 2853 γὰρ
1057 2787 1086 2840 ὁ
1143 2789 1423 2858 Μωῦσέως
1463 2769 1474 2772 -
1505 2798 1927 2874 ἐπιγεγραμμέ-

333 2879 448 2964 νος,
517 2866 620 2964 ουκ
652 2867 770 2964 ἔστι
827 2873 1108 2941 Μωσέως·
1159 2883 1210 2933 εί
1272 2884 1382 2955 γάρ
1455 2883 1558 2960 ἦν,
1608 2866 1924 2964 ἂν

334 2955 520 3051 ἔκειτο
542 2958 632 3011 διὰ
655 2961 756 3032 τὴν
779 2965 1168 3037 ἀρχαιογονίιιν
1200 2975 1436 3044 ἐκείνου,
1551 2955 1665 3036 καὶ.
1707 2985 1766 3038 ἐν
1805 2955 1926 3050 ταῖς

336 3047 532 3143 τούτου
585 3052 791 3121 βίϐλοις
836 3059 1109 3126 ἀνέκειτο,
1142 3066 1399 3141 καθάπερ
1449 3073 1506 3125 αἱ
1541 3073 1680 3143 ᾠδαὶ
1732 3047 1922 3141 aurati,

338 3140 376 3208 ἠ
432 3141 532 3210 μὲν
594 3145 654 3199 ἐν
714 3150 780 3219 τῇ
827 3149 1107 3223 eaeam
1162 3157 1217 3209 δὲ
1253 3159 1311 3211 ἐν
1359 3140 1730 3237 Ἀριθμοῖς,ή
1779 3140 1925 3223 δὲέν

336 3238 779 3331 Δευτεροτομίῳ⁹
809 3242 985 3308 οὕτως
1026 3248 1145 3302 οὐδὲ
1171 3250 1219 3304 τ’
1250 3252 1406 3314 ἄλλα,
1441 3256 1507 3309 τά
1534 3257 1794 3314 δοκοῦντα
1822 3265 1923 3331 rpi-

337 3345 457 3422 ρειν
484 3330 775 3422 ἀλλοτρίαν
812 3336 1152 3412 ἐπιγραφήν.
1175 3345 1286 3398 Καὶ
1313 3346 1422 3417 γὰρ
1451 3349 1800 3422 Σολομῶντος
1827 3313 1922 3411 δυο
1951 3313 1994 3369 c

334 3421 504 3516 ιρασὶν
537 3421 678 3516 εἶναι
706 3425 977 3496 ψαλμοὺς,
1003 3432 1225 3499 οἵτινες,
1268 3439 1317 3490 εί
1357 3440 1569 3496 ἐκείνου
1608 3439 1771 3516 ἦσαν,
1827 3467 1920 3502 τε-

334 3510 586 3566 λευταῖον
621 3514 687 3568 ἂν
715 3519 1031 3588 ἐτετάχατο,
1071 3527 1165 3578 καὶ
1196 3525 1313 3595 ἅμα
1338 3531 1369 3599 ἢ
1403 3533 1497 3585 καὶ
1518 3533 1576 3587 ἐν
1603 3510 1723 3600 ταῖς
1754 3510 1917 3592 Baet-

332 3603 530 3701 λείαις,
591 3609 624 3678 ἦ
660 3610 896 3676 καὶτοῖς
922 3615 1431 3690 Παραλειπομένοις
1478 3628 1918 3701 ἐμπεριείχοντο,

333 3699 369 3793 η
395 3700 500 3793 Δκςιιί
526 3720 632 3755 που
655 3703 946 3774 δηλοῦσθαι
975 3711 1226 3781 ἔμελλον,
1257 3715 1334 3780 ὡς
1364 3719 1425 3772 τό
1445 3737 1458 3748 ο
1506 3716 1704 3777 Ἦσαν
1742 3699 1919 3793 αὐτῷ

332 3787 477 3852 ᾠδαὶ
512 3798 1022 3866 πεντακισχίλιαι.
1064 3803 1163 3857 καὶ
1191 3810 1527 3874 παραϐολαὶ
1557 3787 1915 3882 τρισχίλιαίο

333 3883 572 3977 ψαλμῶν
603 3886 660 3940 δὲ
711 3889 875 3966 αὐτοῦ
909 3892 1011 3946 οὐκ
1049 3895 1460 3966 ἐμνημόνευσεν
1495 3903 1674 3973 ήθεία
1702 3907 1914 3977 Γραφή.

336 3976 538 4030 Λοιπὸν
565 3977 660 4033 οὖν
691 3981 747 4033 αἱ
791 3984 1099 4054 ἐπιγραφαὶ
1155 3989 1409 4062 Ἰδιθοὺμ,
1461 3995 1557 4048 καὶ
1610 3996 1720 4051 τῶν
1749 3976 1754 3977 ν
1785 4001 1919 4052 υἱῶν

337 4070 502 4140 Κορὲ,
530 4071 626 4124 καὶ
649 4072 843 4142 Ἀσάφ,
861 4077 955 4130 καὶ
999 4080 1200 4149 Αίμὰν,
1255 4085 1349 4138 καὶ
1382 4087 1587 4156 Αἰθάμ,
1641 4094 1922 4160 παριστῶ-

338 4179 444 4224 σιν,
472 4163 554 4216 ὅτι
594 4164 807 4230 τούτοις
854 4171 968 4233 τοῖς
1002 4171 1264 4242 ἀνδράσιν
1299 4177 1564 4246 ἀρχῳδοῖς
1603 4199 1919 4252 χειροτονη-

335 4253 476 4306 Osis:
519 4255 632 4308 τῶν
671 4258 868 4327 χορῶν,
917 4260 1012 4325 οὓς
1059 4264 1088 4316 ὀ
1136 4266 1304 4320 Δαϐὶδ
1354 4269 1418 4321 ἐκ
1461 4273 1560 4339 τῆς
1591 4271 1769 4339 φυλῆς
1787 4273 1920 4327 Astii

335 4347 740 4416 κατεστήσατο,
770 4351 867 4405 καὶ
893 4353 1292 4429 ἀπεκλήρωσεν
1337 4361 1419 4423 είς
1470 4362 1534 4415 τὸ
1575 4363 1766 4434 ὑμνεῖν
1827 4366 1920 4420 τὸν

334 4437 469 4491 Θεὸν
489 4440 549 4492 ἐν
574 4443 690 4504 τοῖς
722 4442 1002 4513 διαφόροις
1029 4446 1308 4517 ὀργάνοις,
1362 4448 1437 4506 ὢν
1496 4454 1615 4524 εἴδη
1659 4458 1847 4527 σαφῶς
1891 4461 1921 4514 ὁ

335 4528 648 4596 τελευταῖος
699 4533 1096 4606 ἀπαριθμεῖται
1155 4541 1393 4611 ψαλμὺς.
1452 4545 1635 4610 ίδικῶς
1688 4548 1921 4605 ἕκαστον

2032 2057 2126 2114 sed
2163 2058 2447 2112 indeﬁnite
2496 2057 2698 2111 librum
2737 2054 3082 2112 Psalmorum
3135 2053 3400 2124 appellari
3439 2052 3616 2113 aiunt,

2031 2160 2092 2205 ut
2131 2150 2184 2204 in
2217 2150 2448 2204 Actibus
2472 2148 2851 2218 apostolorum
2875 2147 3134 2217 legimus,
3164 2155 3330 2215 atque
3363 2144 3615 2204 indicari,

2035 2243 2183 2312 quod
2213 2251 2360 2299 totus
2393 2240 2732 2312 psalmorum
2761 2239 2899 2294 liber
2921 2238 3022 2294 soli
3061 2236 3229 2292 David
3255 2233 3617 2291 ascribeudus

2031 2349 2138 2388 non
2181 2336 2272 2389 sit.
2321 2331 2454 2386 Nam
2507 2333 2652 2400 quod
2709 2329 3038 2386 Psalterium
3092 2327 3438 2398 appellamus
3474 2326 3616 2379 hanc

2032 2425 2364 2494 psalmorum
2421 2422 2838 2490 collectionem,
2905 2421 3204 2492 improprie
3234 2419 3287 2474 id
3341 2419 3611 2474 dicimus:

2029 2516 2158 2586 quia
2219 2515 2544 2572 Psalterium
2590 2515 2812 2586 proprie
2873 2514 3066 2586 organi
3119 2511 3395 2584 quoddam
3441 2528 3615 2583 genus

2029 2617 2114 2664 est
2150 2626 2164 2662 :
2204 2607 2350 2678 quod
2409 2608 2552 2678 apud
2598 2606 2858 2663 Hebraeos
2924 2605 3128 2662 dicitur
3178 2604 3383 2668 Naula,
3415 2619 3444 2658 a
3471 2603 3614 2674 psal-

2030 2701 2191 2756 lendo
2219 2703 2298 2757 sic
2357 2700 2590 2765 dictum,
2660 2698 3129 2772 quemadmodum
3184 2696 3488 2752 oratorium
3543 2695 3613 2748 ab

2031 2794 2242 2850 orando
2270 2811 2286 2851 :
2317 2794 2412 2848 sed
2465 2790 2783 2862 huiusmodi
2832 2789 3132 2861 appellatio
3158 2789 3227 2844 ad
3261 2787 3609 2845 Psalmorum

2031 2887 2230 2941 librum
2263 2885 2610 2954 postmodum
2647 2883 2908 2939 translata
2941 2891 3050 2949 est,
3090 2882 3185 2953 qui
3223 2890 3405 2937 tamen
3440 2880 3521 2934 vel
3547 2894 3609 2934 ea

2031 2981 2196 3036 etiam
2232 2979 2444 3034 ratione
2500 2975 3010 3033 denominationem
3065 2974 3206 3028 hanc
3239 2974 3468 3028 sortitus
3504 2981 3609 3032 est.

2032 3073 2158 3143 quia
2193 3071 2437 3142 psalmos
2468 3069 2735 3126 continet.
2788 3068 2895 3123 Alii
2931 3081 3062 3123 vero
3084 3067 3310 3137 (quibus
3347 3079 3448 3135 ego
3479 3080 3607 3119 cou~

2032 3164 2234 3234 sentio)
2271 3172 2524 3219 asserunt
2588 3162 2832 3232 psalmos
2879 3175 3074 3217 omnes
3147 3175 3175 3214 a
3213 3158 3380 3214 David
3441 3158 3608 3214 fuisse

2029 3258 2366 3329 compositos
2396 3274 2410 3311 :
2444 3266 2499 3312 et
2526 3255 2990 3326 quemadmodum
3025 3252 3422 3323 octogesimum
3453 3259 3575 3305 octa
3594 3279 3607 3293 -

2027 3365 2154 3404 vum
2199 3349 2497 3419 psalmum,
2525 3348 2618 3414 qui
2648 3347 2818 3419 Moysi
2851 3345 3191 3408 inscribitur,
3217 3344 3409 3400 dicunt
3433 3342 3607 3412 Moysi

2027 3457 2137 3496 non
2165 3456 2308 3504 esse,
2347 3442 2474 3511 quia
2507 3443 2555 3496 si
2590 3440 2710 3508 ejus
2726 3449 2892 3502 esset.
2917 3439 2988 3494 ob
3017 3439 3168 3494 illius
3203 3438 3608 3508 antiquitatem,

2029 3537 2240 3603 primus
2272 3534 2326 3588 in
2361 3532 2557 3588 ordine
2605 3533 2899 3602 legeretur,
2941 3543 3035 3587 aut
3070 3533 3266 3588 saltem
3315 3531 3606 3586 haberetur

2027 3627 2170 3682 inter
2222 3627 2394 3684 libros
2448 3626 2644 3698 Moysi,
2680 3626 2846 3682 sicuti
2902 3625 3179 3681 habentur
3223 3623 3342 3693 ejus
3369 3623 3606 3683 cantica.

2025 3735 2259 3790 quorum
2284 3735 2452 3775 unum
2486 3720 2540 3774 in
2573 3718 2783 3785 Exodo,
2823 3717 3057 3773 alterum
3095 3718 3150 3772 in
3188 3714 3468 3777 Numeris,
3496 3724 3606 3769 lcr-

2027 3813 2162 3866 tium
2197 3813 2249 3865 in
2280 3811 2707 3868 Deuteronomio
2735 3810 3009 3879 reperitur
3039 3826 3054 3874 ;
3102 3809 3176 3862 ita
3205 3808 3372 3863 etiam
3413 3805 3605 3862 existi-

2025 3905 2286 3959 mandum
2320 3919 2444 3960 esse
2471 3913 2729 3959 asserunt
2775 3903 2844 3957 de
2891 3902 3014 3956 aliis
3056 3901 3304 3970 psalmis,
3341 3901 3433 3968 qui
3468 3899 3606 3952 alio-

2026 4015 2146 4055 rum
2179 3998 2575 4069 inscriptiones
2628 4013 2740 4067 prae
2773 4011 2832 4053 se
2869 3995 3014 4051 ferre
3044 3995 3366 4050 viderentur
3395 4014 3408 4049 :
3435 3994 3604 4066 [quod

2024 4094 2239 4148 scilicet
2279 4091 2349 4146 ab
2407 4090 2516 4146 alio
2559 4089 2849 4159 compositi
2899 4104 3009 4142 non
3041 4088 3174 4152 sint,
3202 4102 3364 4157 quam
3389 4102 3420 4142 a
3448 4089 3607 4142 beato

2027 4183 2240 4255 David.]
2302 4181 2502 4239 Eadem
2540 4183 2707 4238 etiam
2770 4181 2961 4236 dicunt
3007 4181 3076 4234 de
3110 4179 3328 4235 duobus
3359 4179 3605 4250 psalmis,

2024 4276 2117 4344 qui
2162 4274 2478 4330 Salomonis
2511 4272 2932 4345 inscriptionem
2962 4271 3190 4339 habent,
3215 4270 3361 4341 quod
3392 4271 3606 4327 scilicet

2025 4367 2069 4421 si
2107 4377 2292 4422 essent
2331 4365 2666 4428 Salomonis,
2708 4371 2804 4419 aut
2835 4371 3085 4420 extremo
3116 4363 3170 4418 in
3207 4363 3402 4418 ordine
3435 4363 3606 4417 collu-

2025 4459 2139 4514 cari
2192 4459 2520 4523 debuerant,
2575 4465 2671 4510 aut
2705 4457 2760 4510 in
2802 4455 2960 4510 libris
3015 4453 3246 4524 Regum,
3275 4461 3372 4507 aut
3400 4452 3605 4507 Parali-

2025 4567 2294 4621 pOmenon
2326 4549 2577 4606 interseri
2621 4564 2636 4602 :
2677 4556 2773 4602 aut
2804 4548 2994 4602 saltem
3040 4546 3240 4602 alicubi
3279 4547 3347 4601 de
3379 4547 3460 4601 eis
3495 4561 3606 4600 me-

337 4621 447 4675 τῶν
468 4623 644 4688 οὕτως
683 4627 1186 4700 ἐπιγεγραμμένων
1215 4633 1449 4704 ψαλμῶν
1489 4633 1647 4702 οὗτος
1693 4643 1920 4712 παρεδί-

2030 4644 2204 4699 moria
2257 4643 2470 4708 haberi,
2502 4656 2570 4698 eo
2600 4639 2762 4696 modo
2811 4653 2924 4709 quo
2975 4645 3300 4692 cancrorum
3358 4638 3605 4691 omnium

339 4715 427 4767 δου
451 4717 701 4785 ψάλλειν,
736 4721 844 4805 τῶν
872 4721 1050 4775 ἄλλων
1073 4727 1270 4788 κοινῶς
1309 4728 1414 4781 ὑπὸ
1436 4730 1653 4785 πάντων
1714 4733 1919 4805 ψάλλο-

345 4807 521 4874 μένων
563 4825 577 4841 ο
618 4809 708 4878 ὑφ’
738 4803 800 4864 οὗ
823 4811 956 4879 γοῦν
985 4814 1219 4880 ἕκαστος
1247 4818 1431 4884 ἰδικῶς
1481 4823 1683 4894 ἐψάλη,
1724 4803 1918 4880 τούτου

340 4900 433 4952 καὶ
461 4900 558 4970 τὴν
581 4901 900 4974 ἐπιγραφὴν
935 4907 1315 4976 ἀπηνέγκατο.
1354 4913 1466 4967 Καὶ
1489 4915 1650 4968 τοῦτο
1674 4917 1731 4970 δὲ
1749 4935 1918 4986 φανε-

344 4993 430 5061 ρὸν
455 4994 516 5082 ἐξ
543 4987 620 5048 ὧν
645 5012 812 5065 φησιν
836 5000 868 5068 ἡ
908 4999 1088 5069 βίϐλος
1112 5002 1220 5056 τῶν
1259 4995 1779 5082 Παραλειπομένων,
1834 5013 1918 5067 ὅτι

344 5085 432 5138 καὶ
463 5081 624 5158 τῌοίιι
644 5088 760 5153 τὴν
792 5089 956 5156 ᾠδὴν
977 5094 1222 5162 ταύτην,
1257 5093 1326 5149 ἐν
1368 5099 1520 5168 χειρὶ
1553 5081 1773 5171 Ἀσάφ(
1796 5105 1922 5160 Ἀλ-

342 5175 404 5228 aa
430 5180 525 5231 mi
565 5179 678 5231 ἀπὸ
728 5179 822 5233 τοῦ
878 5182 1310 5254 ἐπιγράμματος
1368 5189 1464 5241 τοῦ
1513 5191 1594 5263 λη’
1629 5194 1868 5265 ,ψαλμοῦ
1903 5213 1919 5232 ο

347 5269 442 5334 Εἰς
474 5270 540 5322 τὸ
569 5271 750 5337 τέλος
797 5273 938 5344 γὰρ,
981 5277 1139 5345 φησὶ,
1203 5276 1282 5343 τῷ
1342 5279 1614 5352 Ἰδιθοὺμ,
1674 5285 1798 5353 ᾠδὴ
1844 5287 1924 5354 τῷ

346 5359 514 5448 Δαϐίδ
545 5377 561 5392 ο
601 5361 836 5433 ἐποιήθη
871 5363 970 5434 μὲν
999 5366 1108 5437 γάρ
1141 5367 1218 5438 τῷ
1247 5369 1429 5438 Δαϐὶδ,
1477 5374 1706 5445 ἀνετέθη
1758 5377 1815 5431 δέ
1845 5378 1922 5448 τῷ

355 5447 586 5520 Ἰδιθοίιμ
617 5455 698 5517 είς
725 5453 789 5507 τὸ
809 5454 1072 5524 ψαλῆναι.
1106 5459 1220 5511 Καὶ
1265 5457 1421 5525 αὖθις
1459 5465 1487 5516 ὁ
1553 5463 1641 5535 μγ’
1705 5447 1924 5538 ψαλμὸς

344 5541 508 5608 οὓτως
537 5546 950 5616 ἐπιγέγραπται
977 5566 993 5582 ο
1034 5553 1143 5618 Εἰς
1177 5551 1245 5606 τὸ
1267 5552 1442 5620 τέλος
1467 5556 1594 5622 τοῖς
1616 5559 1769 5626 υἱοῖς
1809 5565 1924 5616 Ko-

347 5636 426 5698 ρὲ,
460 5640 704 5709 ψαλμὸς
747 5641 826 5708 τῷ
858 5644 1052 5701 Δαϐίδ.
1082 5648 1191 5702 Καὶ
1224 5649 1421 5716 πάντες
1448 5653 1504 5706 δέ
1549 5655 1599 5707 οἱ
1655 5657 1917 5728 φέροντες

401 5813 505 5870 'lll
538 5817 670 5890 licg.
718 5837 792 5891 tt,
837 5823 926 5877 52.

2024 4737 2144 4806 ejus
2182 4749 2412 4804 operum
2461 4732 2606 4787 ratio
2664 4730 2848 4786 habita
2900 4729 3062 4785 est".
3124 4727 3296 4783 Erant
3325 4730 3486 4793 enim,
3523 4729 3606 4782 in-

2023 4829 2164 4899 quit,
2221 4827 2321 4890 illi,
2390 4826 2599 4881 cantica
2641 4823 2918 4894 quinquies
2976 4823 3156 4887 mille,
3199 4821 3473 4892 parabolae
3531 4830 3606 4874 (er

2027 4919 2170 4974 mille
2203 4935 2222 4972 :
2265 4919 2598 4988 psalmorum
2658 4931 2788 4971 vero
2814 4914 2958 4984 ejus,
3001 4913 3288 4986 Scriptura
3341 4929 3452 4968 non
3489 4927 3606 4966 mc-

2025 5011 2510 5070 minit.(la:terum
2581 5009 3001 5078 inscriptiones,
3062 5007 3302 5062 ldithum
3366 5006 3602 5060 liliorum

2025 5103 2189 5166 Core,
2212 5100 2420 5172 Asapb,
2457 5100 2648 5155 Emam
2680 5109 2735 5154 et
2757 5100 2980 5163 Etbam,
3017 5099 3118 5154 hoc
3167 5105 3378 5153 tantum
3413 5097 3605 5149 volunt

2023 5194 2384 5265 significare:
2430 5192 2578 5263 quod
2639 5192 2725 5248 his
2761 5193 2930 5256 viris,
2988 5206 3129 5261 quos
3178 5190 3373 5246 beatus
3435 5186 3604 5240 David

2023 5288 2266 5358 elegerat
2296 5301 2364 5342 ex
2403 5285 2548 5341 tribu
2577 5283 2732 5348 Levi,
2770 5284 2826 5339 in
2862 5285 3032 5340 duces
3062 5300 3128 5338 ac
3153 5281 3428 5354 principes
3466 5280 3601 5335 cho-

2024 5392 2501 5449 rorum,quosque
2528 5377 2869 5441 instituerat,
2893 5385 2951 5430 ut
2983 5376 3152 5430 variis
3181 5372 3403 5443 organis
3431 5369 3598 5425 Deum

2027 5472 2340 5538 laudarent,
2368 5478 2424 5526 et
2472 5485 2708 5542 quorum
2766 5483 3097 5539 organorum
3149 5478 3372 5534 genera,
3415 5471 3602 5533 aperte

2029 5575 2344 5637 postremus
2393 5565 2648 5620 omnium
2714 5562 2960 5634 psalmus
3019 5559 3600 5630 connumerat:quod

2029 5659 2137 5727 bis,
2171 5657 2416 5732 inquam,
2449 5657 2584 5715 viris
2617 5655 3000 5728 unusquisque
3049 5652 3412 5724 psalmorum,
3443 5652 3600 5724 juxta
