4082 6212
380 329 452 388 55
1604 335 1990 396 EUTHYMII
2026 337 2382 398 ZlGABENl
3551 329 3624 394 56

383 439 662 514 nominum
723 441 1158 514 inscriptionem,
1194 445 1448 515 privatim
1484 447 1551 502 ad
1605 448 1942 518 psallendum

2056 451 2340 521 ἀλλοτρίας
2363 449 2694 520 ἐπιγραφὰς,
2729 448 2788 502 ού
2820 446 2913 502 τοῦ
2949 447 3138 510 δεῖνος,
3170 446 3305 500 ἀλλὰ
3359 447 3437 516 τῷ
3483 447 3623 500 δεῖνι

381 531 454 584 sit
484 533 719 587 traditus
749 551 761 586 :
790 548 912 587 cum
944 535 1034 590 alii
1073 538 1266 606 psalmi
1292 540 1360 593 ab
1411 539 1686 593 universis
1714 539 1954 593 cantori-

384 625 504 687 hus,
559 635 723 694 atque
776 628 830 680 in
894 642 1189 685 commune
1237 639 1586 686 canerentur.
1649 629 1728 684 llli
1789 631 1954 700 igitur

382 715 600 778 psalmi,
635 717 727 785 qui
779 718 1035 787 privatim
1071 721 1140 774 ab
1180 721 1366 790 aliquo
1427 737 1616 776 eorum
1681 723 1952 778 decantati

383 816 532 867 sunt,
569 809 810 864 cantoris
842 810 925 864 sui
961 811 1371 879 inscriptionem
1420 815 1723 868 retulerunt
1753 833 1765 868 :
1809 814 1954 884 quod

381 899 547 952 etiam
583 901 924 958 manifestius
977 904 1026 957 lit
1061 920 1122 957 ex
1168 905 1252 959 his
1301 922 1420 973 qua:
1473 905 1527 960 itt
1561 907 1702 960 libro
1745 906 1953 960 Parali-

381 1005 654 1056 pomenon
707 993 937 1062 legimus
961 995 1000 1048 ⁸.
1033 993 1254 1058 Cecinit,
1301 996 1496 1064 inquit,
1546 1002 1808 1053 canticum
1861 999 1956 1051 Itoc

379 1085 437 1136 in
525 1101 685 1137 manu
747 1085 944 1152 Asaph.
1013 1087 1152 1152 Quin
1235 1089 1396 1142 etiam
1470 1090 1539 1144 ab
1597 1091 1957 1160 inscriptione

383 1175 580 1241 psalmi
605 1190 834 1239 xxxvttt,
869 1192 992 1246 quae
1023 1177 1332 1245 hujttsmodi
1369 1187 1452 1235 est
1474 1180 1516 1246 ³,
1552 1179 1617 1234 1η
1648 1182 1808 1250 ﬁnem
1838 1181 1956 1234 Idi.

385 1264 533 1317 thum
559 1267 823 1319 canticum
855 1268 955 1336 ipsi
986 1267 1176 1322 David.
1213 1268 1586 1338 Compositum
1629 1273 1829 1342 quippe
1855 1273 1955 1326 fuit

384 1355 437 1407 id
482 1357 816 1410 cauticuma
863 1357 1026 1412 beato
1083 1359 1274 1422 David,
1331 1369 1386 1414 et
1441 1361 1509 1416 ab
1570 1378 1636 1417 eo
1697 1365 1952 1417 traditum

381 1447 641 1514 ldithum,
679 1460 735 1502 ut
769 1450 896 1503 illud
953 1461 1196 1506 caneret.
1238 1453 1487 1507 Psalmus
1527 1454 1690 1508 etiam
1718 1472 1844 1511 xmn
1876 1457 1954 1511 sic

381 1540 706 1595 inscribitur
745 1541 785 1571 '°
821 1559 832 1594 :
871 1541 936 1594 In
972 1543 1128 1611 ﬁnem
1179 1543 1309 1610 ﬁliis
1360 1543 1511 1609 Core,
1555 1545 1793 1614 psalmus
1854 1547 1956 1617 ipsi

387 1629 575 1683 David.
603 1631 872 1686 Praeterea
898 1634 1094 1703 psalmi
1128 1648 1346 1700 omnes,
1379 1636 1471 1705 qui
1503 1635 1733 1692 aliorum
1763 1638 1954 1693 inscri—

381 1723 597 1790 ptiones
644 1723 869 1793 habent,
902 1742 1010 1778 non
1039 1742 1134 1797 per
1165 1730 1463 1799 genitivum
1491 1743 1697 1795 casum,
1733 1730 1826 1784 sed
1859 1745 1953 1800 per

2057 543 2517 612 ἐπιγεγράφαται,
2557 543 2585 594 ὃ
2619 542 2712 596 καὶ
2752 542 2882 594 αὐτὸ
2941 542 3163 610 σημεῖον
3226 540 3480 609 ἐναργὲς,
3540 541 3620 594 ὅτι

2054 633 2131 703 τῷ
2150 633 2313 688 Δαδὶδ
2347 634 2682 703 ποιηθέντες,
2742 634 2954 696 τούτοις
3012 633 3298 700 ἰδιαίτερον
3363 633 3498 700 πρὸς
3557 632 3622 685 τὸ

2052 727 2276 796 ψάλλειν
2305 727 2644 795 ὲνετέθησαν.
2674 727 2736 778 Ei
2769 726 2812 777 δ’
2839 727 2980 778 εἴποι
3014 739 3118 787 τις,
3163 724 3245 776 ὃτι
3275 723 3370 776 καὶ
3397 725 3503 793 μὴν
3530 727 3623 778 καὶ

2053 812 2265 881 ψαλμδς
2292 814 2369 882 τῷ
2394 813 2559 866 Δα6“ιδ
2583 813 2988 881 ἐπιγέγραπται
3016 813 3128 874 τοῖς
3159 811 3421 873 πλείοσιν,
3473 813 3624 880 ἐροῦο

2059 920 2176 972 μεν,
2207 904 2290 956 ὅτι
2329 903 2421 954 καὶ
2453 901 2666 964 πολλοῖς
2690 901 2871 964 πάλιν,
2910 899 3121 968 ψαλμὸς
3147 897 3240 951 τοῦ
3277 898 3458 960 Δαϐὶδ,
3483 899 3622 967 ὅπερ

2055 995 2147 1046 ἐπὶ
2181 994 2288 1044 τῶν
2343 991 2517 1045 ἄλλων
2569 993 2666 1062 οὐχ
2722 993 2996 1062 εὑρήσεις,
3032 992 3118 1044 ἵνα
3142 989 3380 1060 γνῶμεν,
3407 990 3487 1042 ὅτι
3527 990 3622 1042 τοῦ

2054 1083 2218 1136 Δαϐἱδ
2256 1085 2361 1136 εἰσι
2399 1084 2493 1136 καὶ
2527 1084 2904 1152 πεποιημένοι,
2938 1082 2996 1134 ού
3045 1081 3317 1150 δεδομένοι
3349 1082 3444 1134 καὶ
3491 1082 3620 1133 ἀνα·

2056 1176 2335 1245 κείμενον
2368 1174 2524 1227 τούτο
2559 1174 2665 1243 γὰρ
2695 1172 2792 1243 τὴν
2825 1171 3088 1241 διαφορὰν
3125 1173 3441 1240 εἰσήγαγεν.
3485 1172 3540 1224 Ὀ
3582 1171 3627 1222 δ’

2057 1268 2134 1327 εἰς
2164 1266 2254 1317 τὸν
2293 1265 2532 1334 Μωῦσῆν
2580 1263 3005 1333 ἀναφερόμενος,
3056 1262 3312 1330 τοιαύτην
3375 1259 3488 1330 ἔχει
3527 1261 3627 1326 τὴν

2056 1357 2369 1426 ἐπιγραφὴν
2403 1373 2417 1388 ·
2499 1353 2816 1424 Προσευχὴ
2889 1351 3116 1420 Μωῦσῇ
3174 1352 3464 1419 ἀνθρώπῳ
3519 1352 3626 1406 τοῦ

2060 1449 2227 1509 θεοῦ,
2278 1448 2558 1516 μονονουχὶ
2608 1447 2990 1510 διδάσκουσαν,
3013 1444 3088 1507 ὡς
3130 1446 3156 1496 ὁ
3198 1444 3412 1512 ψαλμὺς
3468 1439 3626 1506 οὗτος

2056 1539 2288 1608 ἁρμόζει
2327 1541 2438 1600 τοῖς
2466 1539 2555 1591 διὰ
2591 1537 2686 1590 τοῦ
2724 1537 2868 1591 Θείου
2896 1537 3108 1598 ὕδατος,
3168 1537 3284 1605 ἦτοι
3317 1536 3411 1588 τοῦ
3447 1553 3626 1604 σωτη-

2060 1632 2175 1700 ρίου
2217 1631 2616 1701 βαπτίσματος,
2643 1627 2949 1698 ἀνθρώποις
2975 1627 3066 1680 τοῦ
3098 1626 3234 1680 Θεοῦ
3275 1627 3580 1696 γινομένοις
3605 1639 3625 1656 ο

2055 1721 2293 1790 Μωῦτῆς
2340 1719 2446 1790 γὰρ
2519 1718 2770 1786 ληφθεὶς
2829 1717 2898 1781 ἐξ
2951 1716 3169 1781 ὕδατος
3242 1713 3627 1785 ἑρμηνεύεται.

380 1813 621 1868 dativum
682 1814 1108 1871 inscribuntur:
1147 1833 1269 1885 quae
1329 1833 1418 1872 res
1453 1817 1670 1873 abunde
1721 1819 1947 1880 indicat,

2056 1814 2440 1883 Λαμϐἀνονται
2465 1812 2520 1865 δὲ
2561 1813 2618 1877 ἐξ
2651 1801 2862 1875 ὓδατος,
2894 1811 2987 1862 καὶ
3017 1807 3151 1861 Θεοῦ
3176 1808 3452 1877 ἄνθρωποι
3486 1823 3626 1874 χρη-

382 1904 625 1971 psalmos
651 1905 873 1972 quidem
909 1921 938 1960 a
983 1908 1141 1962 beato
1177 1909 1346 1964 David
1382 1909 1553 1966 fuisse
1585 1912 1946 1980 conscriptos.

381 1996 476 2049 sed
512 1996 619 2050 illis
671 1997 987 2054 cantoribus
1053 1999 1303 2066 privatim
1360 2003 1592 2056 traditos
1646 2002 1712 2056 ad
1759 2017 1952 2057 canen-

380 2084 534 2137 dum.
565 2085 720 2150 Quod
741 2086 786 2139 si
809 2087 934 2154 quis
965 2095 1178 2151 contra,
1201 2089 1332 2142 illud
1358 2089 1546 2144 dicat:
1576 2091 1762 2160 plures
1786 2093 1948 2145 etiam

380 2191 500 2230 esse
534 2178 796 2244 psalmos,
854 2178 947 2246 qui
1001 2179 1054 2231 itt
1104 2179 1465 2249 inscriptione
1510 2183 1715 2238 habent
1754 2199 1948 2238 nomen

381 2267 571 2330 David,
595 2268 646 2322 in
671 2270 834 2324 tertio
863 2284 1020 2335 casu,
1056 2273 1307 2328 videlicet
1341 2273 1587 2327 Psalmus
1623 2276 1722 2343 ipsi
1746 2274 1950 2329 Dat-id:

2057 1905 2390 1976 ματίςουσιν,
2426 1907 2474 1957 οἱ
2522 1903 2926 1974 βαπτιζόμενοι.
2952 1900 3091 1963 Τοὺς
3123 1899 3178 1951 δὲ
3209 1898 3302 1952 τοῦ
3343 1897 3626 1963 Σολομῶν-

2052 2015 2141 2060 τος
2169 1997 2494 2067 λεγομένους
2547 1996 2628 2048 εἰς
2688 1995 2776 2048 τὸν
2821 1993 3056 2064 Χριστὸν
3111 1991 3367 2061 εἰρῆσθαί
3421 2007 3624 2066 φαμεν.

2053 2089 2306 2159 Σολομὼν
2365 2088 2472 2157 γὰρ
2524 2086 2983 2155 εἷρηνικώτατος
3035 2083 3429 2155 ἑρμηνεύεται.
3490 2082 3627 2150 ὅπερ

2054 2181 2202 2233 ἐστὶν
2251 2182 2278 2233 6
2335 2178 2590 2250 Χριστος,
2633 2179 2775 2231 κατὰ
2811 2177 2973 2246 φύσιν
3005 2177 3104 2240 τὴν
3151 2177 3375 2246 εἰρήνην
3434 2174 3572 2242 ἔχων
3610 2189 3621 2202 ο

2054 2270 2320 2338 Εἰρήνην
2349 2269 2476 2340 γὰρ,
2525 2271 2682 2338 φησι,
2746 2270 2860 2336 τὴν
2900 2270 3054 2337 ἐμὴν
3075 2269 3283 2336 δίδωμι
3326 2269 3492 2328 ὑμῖν,
3548 2269 3630 2320 el-

379 2357 768 2428 replicabimus
797 2362 1002 2416 multos
1033 2380 1157 2418 esse
1187 2367 1350 2420 etiam
1380 2367 1473 2436 qui
1522 2383 1616 2436 per
1646 2371 1949 2424 secundum

2056 2362 2247 2429 ρήνην
2275 2360 2390 2427 τὴν
2421 2361 2575 2428 ἐμὴν
2598 2361 2808 2428 ἀφίημι
2841 2361 3002 2427 ὑμῖν.
3038 2361 3174 2430 Περὶ
3202 2359 3258 2410 δὲ
3301 2358 3410 2410 τῶν
3438 2360 3629 2411 dventu

379 2465 565 2504 casum
597 2451 845 2521 inscripti
874 2462 1036 2507 sunt:
1072 2457 1322 2510 videlicet
1375 2457 1622 2513 Psalmus
1653 2462 1816 2525 ipsius
1854 2460 1954 2512 Da-

379 2540 466 2592 vid
498 2557 516 2594 :
547 2541 690 2609 quod
712 2551 889 2596 tamen
918 2543 968 2595 iu
999 2545 1122 2598 aliis
1156 2545 1474 2599 nominibus
1499 2562 1605 2600 non
1638 2550 1908 2618 reperitur
1935 2565 1947 2601 :

382 2642 442 2685 ut
481 2634 723 2690 sciamus
755 2635 902 2704 quod
943 2637 1009 2689 ab
1043 2636 1162 2705 ipso
1196 2638 1415 2705 quidem
1452 2637 1619 2693 David
1653 2641 1951 2706 conscripti

383 2732 678 2788 sunt,non
712 2726 759 2780 ei
804 2727 916 2779 dati
966 2734 1061 2779 aut
1091 2727 1258 2780 oblati
1299 2747 1311 2780 :
1347 2730 1452 2782 hoc
1508 2729 1652 2783 enim
1700 2728 1955 2783 (ἥσει-(ιιι-

383 2816 512 2868 tiam
545 2815 864 2870 introduxit.
903 2816 996 2871 llle
1034 2826 1216 2870 autem
1249 2818 1495 2886 psalmus
1544 2819 1633 2888 qui
1669 2819 1833 2890 Moysi
1873 2819 1954 2872 in-

383 2905 666 2970 scribitur,
683 2905 999 2973 huiusmodi
1028 2906 1192 2964 habet
1220 2907 1634 2976 inscriptionem
1659 2909 1702 2940 “'
1729 2925 1741 2960 :
1769 2908 1952 2962 Oratio

385 2997 487 3063 ipsi
517 2995 690 3064 Moysi
724 2997 923 3051 homini
961 2999 1078 3061 Dei,
1105 3013 1225 3068 quae
1257 2999 1543 3068 inscriptio
1573 2999 1770 3054 docere
1798 3001 1952 3054 vide-

2057 2451 2304 2522 γράφων,
2329 2451 2500 2502 πολλὰ
2527 2450 2637 2501 τῶν
2673 2449 2976 2520 Ἑϐραϊκῶν
3017 2450 3367 2520 ἀντιγράφων
3427 2466 3626 2519 συνημ-

2059 2543 2217 2612 μένον
2275 2544 2458 2612 ἔχουσι
2501 2541 2578 2612 τῷ
2631 2541 2831 2611 πρώτῳ
2893 2541 3094 2611 ιξοαλμῷ
3135 2543 3226 2594 τὸν
3256 2541 3528 2611 δεύτερον,
3564 2541 3628 2592 ού

2056 2634 2455 2703 προσκειμένου
2491 2635 2604 2695 τοῖς
2647 2632 2886 2702 ψαλμοῖς
2926 2633 3159 2704 ἀριθμοῦ
3215 2633 3344 2702 παρ’
3399 2634 3580 2695 αὐτοῖς
3610 2649 3624 2662 ·

2055 2728 2084 2779 6
2110 2725 2166 2778 δὲ
2195 2725 2468 2795 δεύτερος,
2502 2725 2910 2795 ἀναντιῤῥήτως
2944 2725 3036 2778 τοῦ
3070 2725 3250 2780 Δαϐἴδ.
3303 2726 3410 2778 Καὶ
3438 2725 3626 2776 τούτου

2060 2818 2336 2887 μάρτυρες
2366 2816 2414 2868 οἱ
2438 2815 2745 2879 ἀπόστολοι,
2781 2816 3032 2883 λέγοντες
3071 2816 3205 2886 προς
3261 2817 3351 2869 τὸν
3401 2816 3532 2868 Θεὸν
3570 2818 3630 2868 ὲν

2055 2909 2174 2970 ταῖς
2199 2907 2470 2976 Πράξεσιν
2493 2923 2506 2937 ·
2549 2909 2616 2959 ’0
2645 2907 2744 2961 διὰ
2773 2909 3073 2972 στόματος
3099 2907 3278 2960 Δαϐὶδ
3322 2908 3427 2961 τοῦ
3487 2921 3628 2960 παι-

2056 2999 2162 3064 δός
2192 3013 2307 3052 σου
2341 2997 2522 3051 εἰπών
2546 3015 2560 3029 ⁸
2594 2998 2727 3051 "Ira
2758 2999 2812 3050 τί
2841 2998 3154 3066 ἐφρύαξαν
3195 2999 3360 3066 ἔθνη,
3413 3000 3504 3050 καὶ
3560 2999 3628 3052 τὰ

385 3097 477 3139 tttr
499 3085 644 3156 quod
670 3087 757 3140 ille
786 3087 1032 3148 psalmus
1066 3089 1134 3143 iis
1157 3098 1443 3158 congruat,
1470 3089 1562 3158 qui
1589 3104 1683 3158 per
1708 3090 1948 3144 divinant

2058 3088 2202 3158 ἑξῆς.
2231 3089 2718 3141 Συναποδείκνυται
2744 3084 2838 3141 οὖν
2859 3090 2954 3140 καὶ
2984 3091 3010 3141 6
3041 3089 3258 3156 πρῶτος
3289 3089 3501 3159 ψαλμδς
3532 3088 3626 3141 τοῦ

383 3191 604 3243 aquam,
638 3177 740 3230 hoc
770 3183 854 3230 est
897 3192 994 3246 per
1030 3177 1274 3233 snlutare
1332 3179 1609 3233 lavacrum
1655 3181 1956 3250 baptisma-

384 3269 473 3332 tis,
505 3267 755 3322 homines
809 3267 906 3323 Dei
947 3269 1121 3324 ell‘ecti
1167 3283 1314 3324 sunt.
1363 3270 1578 3341 Moyses
1636 3273 1836 3341 quippe
1871 3274 1955 3326 in-

383 3365 740 3426 terpretatur,
795 3369 1100 3425 assumptus
1151 3376 1218 3415 ex
1274 3376 1437 3429 aqua.
1507 3359 1584 3414 Ex
1631 3375 1770 3430 aqua
1827 3375 1956 3414 vero

383 3457 746 3504 assumuntur
794 3467 984 3507 omnes
1041 3451 1133 3520 qui
1192 3451 1559 3521 haptizantttr.
1594 3450 1746 3506 Unde
1791 3453 1958 3504 etiam

385 3540 478 3594 Dei
534 3541 786 3596 homines
840 3542 1034 3596 merito
1105 3543 1592 3611 cognominantur.
1647 3541 1754 3597 Eos
1828 3557 1958 3597 vero

383 3632 645 3700 psalmos,
693 3635 787 3703 qui
847 3633 1158 3687 Salomonis
1211 3634 1498 3700 dicuntur,
1553 3634 1609 3687 in
1673 3633 1952 3689 Christum

382 3723 560 3779 fuisse
606 3725 954 3793 com-positos
1004 3733 1348 3794 reputamus.
1409 3725 1669 3780 Salomon
1717 3740 1957 3796 namque

384 3816 778 3885 interpretatur
809 3816 1085 3885 paciﬁcus.
1121 3815 1322 3872 Verum
1383 3817 1640 3888 quisnam
1669 3817 1811 3872 alius
1843 3825 1953 3871 tam

383 3906 488 3960 fuit
538 3907 820 3975 paciﬁcus,
863 3923 1026 3977 quam
1087 3907 1387 3963 Christus?
1433 3908 1525 3978 qni
1584 3917 1778 3963 natura
1837 3908 1954 3978 ipsa

381 4011 568 4064 pacem
594 3998 790 4053 habet?
821 4002 864 4030 ¹²
897 4002 1110 4061 Pacem,
1131 3999 1298 4065 enim,
1323 3999 1519 4068 inquit,
1537 3999 1784 4053 meamdo
1797 4001 1953 4066 vobis,

377 4104 558 4156 pacem
573 4107 744 4143 meum
758 4091 994 4160 relinquo
1011 4091 1172 4144 vobis.
1187 4092 1500 4160 De'psal-mis
1515 4093 1608 4160 qui
1627 4091 1744 4145 sine
1758 4092 1956 4146 inscri-

381 4180 569 4246 ptione
599 4190 756 4244 sunt,
788 4182 924 4235 illud
962 4183 1015 4235 in
1066 4183 1255 4250 prii-nis
1308 4181 1595 4236 sciendum
1642 4189 1754 4246 est,
1807 4182 1956 4250 quod

383 4271 556 4326 multa
586 4269 942 4326 Hebraeorum
973 4272 1334 4339 exemplaria,
1365 4271 1726 4340 coniunctum
1753 4271 1958 4326 habent

378 4363 682 4420 secundum
738 4364 1012 4433 psalmum
1068 4376 1196 4413 cum
1247 4361 1424 4428 primo
1455 4377 1468 4412 :
1497 4377 1621 4415 cum
1675 4363 1815 4432 apud
1859 4380 1954 4420 eos

2057 3181 2220 3233 Δα6“ιδ
2251 3177 2409 3234 εἶναι.
2443 3181 2505 3232 Ei
2537 3180 2592 3232 δὲ
2619 3182 2713 3232 καὶ
2737 3182 2763 3231 6
2795 3180 3006 3248 πρῶτος
3039 3181 3133 3232 καὶ
3157 3183 3184 3233 6
3217 3180 3468 3251 δεύτερος
3518 3179 3628 3233 τῶν

2056 3269 2462 3338 ἀνεπιγράφων,
2498 3268 2593 3321 τοῦ
2619 3269 2800 3333 Δαὸὶδ,
2844 3271 2936 3324 καὶ
2967 3271 3014 3321 οἱ
3041 3269 3187 3324 ἄλλοι
3213 3270 3412 3332 πάντες
3442 3269 3630 3321 ἀνεπί-

2056 3378 2278 3432 γραφοι,
2303 3361 2443 3414 καθὰ
2477 3362 2650 3429 δήπου
2673 3361 2766 3414 καὶ
2795 3362 2823 3412 6
2849 3361 3201 3431 ἐνενηκοστὸς
3252 3360 3529 3429 τέταρτος,
3550 3359 3626 3422 ὡς

2060 3454 2374 3522 μαρτυρεῖό
2398 3452 2696 3512 ἀπόστολος
2737 3452 2948 3514 Παῦλος
2974 3455 3031 3505 ἐν
3057 3455 3121 3522 τῇ
3155 3453 3291 3522 πρὸς
3342 3452 3630 3520 Ἐϐραίους

2069 3539 2378 3609 Ἐπιστολῇ,
2416 3541 2643 3607 φάσκων
2671 3555 2684 3568 ⁶
2735 3541 2871 3594 Τινὰ
2892 3541 3064 3608 ὁρίζει
3102 3541 3328 3608 ἡμέραν
3364 3540 3632 3608 σήμερον

2055 3631 2126 3684 ἐν
2161 3629 2356 3692 Auditi,
2389 3628 2583 3697 ,λέγων
2614 3632 2766 3697 μετὰ
2817 3631 3111 3684 τοσοῦτον
3161 3632 3404 3698 χρόνον,
3438 3631 3632 3694 καθὼς

2056 3723 2286 3790 εἴρηται
2327 3738 2343 3754 ο
2381 3722 2654 3789 Σήμερον
2690 3721 2800 3775 ἐὰν
2837 3721 2946 3788 τῆς
2982 3723 3190 3791 φωνῆς
3218 3722 3405 3775 αὑτοῦ
3456 3723 3632 3774 ἁκού-

2057 3830 2226 3881 σητε,
2260 3815 2348 3882 μὴ
2382 3815 2772 3882 σκληρύνητε
2811 3814 2915 3881 τὰς
2969 3814 3219 3882 καρδίας
3272 3813 3459 3882 ὑμῶν.
3522 3815 3632 3867 Καὶ

2059 3906 2109 3958 οἱ
2141 3903 2414 3975 ἀνώνυμοι
2443 3906 2502 3960 δὲ
2559 3906 2722 3961 Δαόίδ
2761 3909 2919 3969 εἰσιν,
2947 3907 3022 3969 ὡς
3065 3906 3308 3959 διδάσκει
3359 3906 3631 3972 Στέφανος

2056 3999 2084 4050 6
2113 3997 2512 4067 πρωτομάρτυς
2543 4001 2601 4051 ὲν
2639 4001 2759 4062 ταῖς
2808 3997 3047 4068 Πράξεσι
3076 4013 3091 4029 ·
3156 3997 3290 4068 φησὶ
3348 3997 3455 4066 γὰρ
3495 3998 3632 4064 πρὸς

2071 4089 2402 4152 Ἰουδαίους·
2437 4090 2593 4154 "Ean:
2636 4089 2754 4143 τῶν
2810 4089 3047 4158 ἡμερῶν
3104 4089 3302 4152 Δαόὶό,
3354 4088 3424 4154 ὃς
3490 4085 3632 4154 εὗρε

2058 4179 2239 4247 χάριν
2277 4178 2538 4233 ἐνώπιον
2569 4179 2677 4234 τοῦ
2727 4180 2898 4246 Θεοῦ,
2950 4180 3050 4233 καὶ
3085 4178 3355 4245 ᾐτήσατο
3428 4176 3631 4244 εὑρεῖν

2057 4271 2348 4340 σκήνωμα
2385 4271 2466 4338 τῷ
2505 4271 2628 4336 Θεῷ
2663 4272 2878 4326 Ἰακώϐ.
2913 4271 3085 4324 Τοῦτο
3123 4270 3180 4324 δὲ
3232 4271 3291 4323 τὸ
3337 4269 3500 4340 ρητὶν
3534 4268 3630 4321 τοῦ

2059 4360 2172 4431 ρλα¹
2199 4362 2439 4432 ψαλμοῦ,
2473 4364 2629 4432 δῆλόν
2650 4365 2819 4426 ἐστιν,
2843 4363 2918 4425 ὡς
2947 4362 3094 4416 ἔστιν
3111 4361 3415 4430 ἀνώνυμος.
3467 4359 3629 4413 Ἀλλὰ

379 4471 488 4510 non
520 4458 592 4510 sit
615 4467 878 4508 numerus
897 4452 951 4504 in
984 4451 1207 4518 psalmis
1245 4469 1258 4504 :
1293 4453 1568 4508 secundus
1601 4464 1810 4520 autem,
1833 4455 1952 4512 sine

2058 4455 2150 4507 καὶ
2171 4455 2220 4507 οἱ
2249 4456 2310 4508 τὸ
2347 4456 2708 4523 Ἀλληλούϊα
2737 4453 3218 4524 ἐπιγεγραμμένον
3248 4452 3460 4521 ἔχοντες
3532 4449 3628 4502 τοῦ

376 4545 833 4600 contradictione.
900 4540 1253 4610 conscriptus
1325 4543 1430 4598 fuit
1467 4559 1497 4597 a
1544 4545 1702 4600 beato
1754 4546 1944 4603 David.

375 4635 550 4700 Cujus
583 4633 661 4686 rei
717 4641 888 4686 testes
944 4631 1209 4689 habemus
1265 4636 1562 4705 apostolos,
1619 4636 1672 4690 in
1718 4639 1949 4695 Actibus

376 4729 620 4781 dicentes
672 4725 741 4779 ad
791 4724 958 4779 Deum
997 4742 1012 4779 :
1049 4726 1092 4758 “
1132 4726 1210 4780 Tu
1243 4730 1330 4798 qui
1365 4745 1457 4798 per
1501 4745 1558 4782 os
1594 4729 1763 4784 David
1795 4735 1946 4801 pueri

377 4813 456 4865 tui
499 4812 686 4866 dixisti
712 4830 731 4867 :
760 4812 939 4878 Quare
965 4815 1368 4872 insurrexerunt
1397 4827 1594 4888 gentes,
1647 4830 1752 4875 etc.
1791 4821 1947 4878 Unde

374 4901 537 4956 etiam
565 4902 978 4959 demonstratur
1003 4907 1241 4974 primum
1297 4911 1566 4980 psalmum
1607 4910 1724 4981 pari
1787 4914 1950 4968 modo

373 4994 548 5064 ipsius
568 5012 694 5053 esse
724 4996 896 5052 David
924 5011 937 5052 :
969 4999 1115 5070 quod
1149 5002 1193 5056 si
1252 5003 1489 5070 pritnum
1538 5012 1593 5058 et
1645 5005 1948 5059 secundum

372 5088 672 5156 psalmum.
727 5092 1041 5161 quicarent
1095 5095 1474 5164 inscriptione,
1529 5096 1768 5151 dicimus
1825 5112 1952 5153 esse

374 5178 567 5243 David,
609 5193 1013 5251 consequenter
1037 5185 1127 5239 alii
1177 5199 1392 5249 omnes,
1426 5186 1519 5256 qui
1569 5186 1690 5241 sine
1745 5187 1946 5242 inseri-

378 5272 569 5340 ptione
611 5285 762 5339 sunt,
811 5276 1056 5346 ejusdem
1089 5287 1249 5332 erunt
1285 5295 1299 5330 :
1341 5277 1504 5332 sicuti
1533 5277 1676 5333 inter
1714 5288 1944 5333 caeteros

2058 4547 2224 4601 Δαὸίδ
2248 4549 2384 4600 εἰσιν
2425 4563 2439 4576 ·
2477 4547 2676 4602 αὐτίκα
2707 4547 2815 4617 γὰρ
2852 4547 2879 4598 6
2907 4546 3128 4615 πρῶτος
3157 4542 3360 4608 αὐτῶν,
3393 4544 3422 4595 6
3463 4541 3539 4612 ρδ⁹
3566 4542 3626 4592 ἐν

2055 4641 2168 4704 τοῖς
2209 4641 2714 4711 Παραλειπομένοις
2748 4640 2826 4709 τῷ
2847 4638 3011 4692 Δαὸὶδ
3042 4634 3371 4705 πεποιῆσθαι
3421 4635 3630 4702 γέγρα-

2055 4750 2208 4786 πται.
2238 4737 2395 4786 Δοκεῖ
2426 4733 2520 4788 οὖν
2549 4733 2700 4787 αἰτία
2729 4732 2823 4785 τοῦ
2859 4732 2956 4802 μὲν
2986 4725 3125 4783 εἷναί
3156 4746 3307 4792 τινας
3330 4724 3630 4796 ἀνεπιγρά-

2057 4824 2321 4892 φους,ὅτι
2350 4825 2452 4878 οὐκ
2494 4827 2574 4887 εἰς
2605 4823 2778 4894 ὄνομα
2827 4822 2950 4886 ἐνὸς
2992 4822 3179 4885 ἔθνους
3228 4822 3460 4883 ἕκαστος
3517 4818 3626 4871 τῶν

2057 4916 2312 4969 τοιούτων
2346 4916 2566 4982 λέγεται
2597 4930 2610 4944 ⁸
2643 4915 2738 4968 τοῦ
2790 4915 2848 4967 δὲ
2887 4914 3225 4983 ἀνωνύμους,
3271 4914 3352 4967 ὅτι
3404 4914 3483 4974 εἰς
3535 4909 3626 4962 τὸν

2059 5005 2263 5075 Κύριον
2303 5006 2552 5076 εἴρηνται
2575 5020 2588 5034 ·
2619 5004 2714 5058 τοῦ
2744 5005 2800 5057 δὲ
2831 5005 3021 5074 φέρειν
3095 5004 3484 5071 Ἀλληνιούτα,
3544 5001 3626 5053 ὅτι

2057 5097 2195 5166 πρὸς
2219 5098 2350 5152 Θεόν
2377 5099 2518 5151 εἰσιν
2540 5099 2861 5169 εὐχαριστία
2895 5097 2988 5149 καὶ
3019 5095 3208 5165 ὕμνος.
3242 5095 3348 5149 Καὶ
3370 5093 3498 5165 περὶ
3527 5094 3627 5164 μὲν

2053 5192 2246 5242 τούτου
2268 5189 2544 5244 τοσαῦτα’
2609 5187 2802 5258 καιρὸς
2857 5187 2915 5241 δὲ
2970 5189 3146 5240 εἰπεῖν
3191 5188 3288 5241 καὶ
3341 5187 3472 5257 περὶ
3515 5185 3626 5239 τῶν

2051 5280 2248 5334 ἄλλων.

375 5378 500 5418 esse
521 5365 728 5420 scimus
774 5369 1046 5434 psalmum
1096 5367 1511 5435 nonagesimum
1563 5377 1842 5436 quartum,
1886 5380 1944 5421 ttt
1984 5378 2272 5425 attestatur
2325 5373 2619 5440 Apostolus
2665 5372 2716 5442 in
2753 5370 2993 5440 Epismla
3045 5388 3143 5428 sua
3201 5372 3266 5426 ad
3336 5369 3619 5443 Hebraeos,

374 5456 564 5512 dicens
589 5458 632 5486 “
667 5474 680 5510 :
718 5455 920 5512 lterum
951 5459 1237 5526 quamdam
1264 5459 1578 5512 determinat
1611 5475 1750 5514 atem
1771 5463 1925 5515 nadie
1953 5463 2008 5514 in
2050 5461 2242 5524 Dauid,
2266 5465 2444 5516 dicens
2473 5473 2588 5531 post
2634 5472 2835 5516 tantum
2880 5474 3080 5532 tempus
3105 5481 3125 5518 :
3154 5463 3306 5516 hodie
3343 5463 3390 5516 si
3443 5475 3619 5515 vocem

370 5555 489 5622 (jus
521 5557 818 5621 audieritis,
847 5558 1008 5612 nolite
1037 5555 1297 5609 obdurare
1334 5570 1494 5609 eoraa
1528 5567 1718 5611 uestra.
1740 5557 1946 5614 l’salmi
1980 5573 2200 5629 quoque
2241 5559 2337 5628 qui
2398 5570 2525 5614 sunt
2557 5561 2677 5615 sine
2725 5560 2968 5623 nomine,
3042 5558 3220 5615 eidem
3280 5557 3594 5613 ascribendi

441 5668 461 5692 '
500 5665 645 5718 Psal.
698 5683 857 5732 xxxv,
915 5670 997 5722 l5.
1086 5666 1279 5720 'Psal.
1336 5684 1562 5735 xxxvm,
1607 5672 1654 5724 l.

3087 5672 3127 5704 "
3180 5669 3331 5725 toan.
3382 5685 3492 5738 11v,
3525 5669 3618 5727 9.7.

376 5735 418 5768 ⁸³
448 5739 568 5789 Act.
618 5752 690 5802 tv,
719 5736 806 5802 25,
881 5740 922 5769 ¹³
970 5738 1131 5794 licbr.
1169 5755 1248 5803 tu,
1276 5739 1325 5792 8.

1755 5673 1794 5704 ‘°
1837 5671 1980 5729 Psal.
2032 5687 2250 5738 Luxtv,
2296 5674 2346 5727 l.
2411 5675 2446 5703 “
2487 5673 2623 5728 l‘sal.
2683 5689 2905 5741 nun,
2961 5673 3007 5727 ι.
