4090 6212
285 311 352 374 57
1437 311 1824 373 COMMENT.
1864 309 1950 371 IN
1984 292 2353 375 PSALMOS.
3470 316 3541 376 53

282 431 432 488 sunt,
486 433 543 478 ut
586 426 743 480 docet
768 425 959 480 beatus
1023 423 1332 495 Stephanus
1368 432 1740 494 protomartyr
1790 425 1843 478 in
1873 424 2104 481 Actibus
2133 423 2325 480 dicens
2349 422 2416 478 ad
2445 422 2702 483 Judaeos:
2744 426 2788 459 "
2828 425 3005 494 Usque
3058 427 3130 479 ad
3173 426 3284 481 dies
3341 425 3536 495 David,

281 522 371 587 qni
399 522 588 573 invenit
618 522 847 588 gratiam
871 538 1050 574 carent
1081 521 1212 586 Deo,
1235 531 1286 575 et
1310 521 1482 591 petiit,
1548 530 1605 573 ut
1672 521 1928 575 inveniret
1970 519 2375 576 tabernaculum
2413 519 2518 574 Deo
2543 519 2734 578 Iacob.
2777 521 2934 588 Quod
2988 521 3196 576 dictum
3248 524 3538 579 manifeste

284 623 564 681 sumptum
592 618 676 666 est
703 628 765 667 ex
791 612 1002 682 psalmo
1055 622 1239 679 exul,
1280 614 1376 683 qui
1421 613 1670 668 auctoris
1703 621 1854 667 caret
1893 612 2142 668 nomine.
2175 610 2355 666 Simili
2373 612 2533 666 modo
2561 616 2721 667 etiam
2752 615 2973 684 psalmi,
2997 616 3091 683 qul
3155 615 3278 668 loco
3334 617 3534 670 inscri-

281 705 486 773 ptionis
551 704 752 758 habent
796 705 1052 768 Alleluia,
1128 705 1305 774 ipsius
1364 704 1534 759 David
1607 703 1894 772 reputandi
1957 710 2128 758 sunt:
2162 702 2438 770 siquidem
2475 717 2660 757 eorum
2699 705 2904 773 primus
2948 704 3040 775 qui
3091 712 3174 762 est
3215 720 3324 766 etv.
3361 704 3538 757 maui—

280 793 420 849 l'este
467 793 534 846 ab
582 808 648 846 co
701 793 802 848 fuit
859 796 1217 863 compositus,
1268 804 1330 850 ut
1383 795 1616 864 legimus
1645 797 1700 849 in
1757 796 1900 854 libro
1967 793 2457 863 Paralipomenon.
2510 793 2672 848 Ratio
2732 806 2931 858 autem,
2985 813 3152 866 quare
3201 799 3537 867 psalmorum

282 892 449 960 aliqui
494 897 688 944 carent
734 891 1114 962 inscriptione,
1175 893 1397 946 videtur
1443 905 1504 946 ea
1551 906 1694 953 esse,
1763 891 1888 960 quia
1932 905 2037 943 non
2079 891 2133 943 in
2187 891 2356 944 unius
2387 898 2598 944 tantum
2663 891 2840 958 gentis
2884 893 3120 958 nomine,
3159 895 3538 964 unusquisque

283 997 478 1038 eorum
520 983 700 1037 dictus
742 995 824 1038 est
867 985 1056 1052 ;quod
1089 999 1224 1040 vero
1256 985 1367 1042 sint
1397 983 1518 1040 sine
1565 982 1804 1047 nomine,
1847 997 1908 1038 ea
1942 981 2160 1038 videtur
2195 998 2318 1038 esse
2350 984 2514 1045 ratio,
2585 983 2715 1052 quia
2754 983 2808 1035 in
2851 983 3026 1050 ipsum
3060 985 3348 1040 Dominum
3400 988 3534 1042 dicti

283 1084 453 1127 sunt:
490 1073 636 1141 quod
675 1074 876 1129 habent
904 1076 1159 1140 Alleluia,
1187 1076 1336 1129 ratio
1369 1082 1474 1139 est,
1505 1075 1632 1143 quia
1692 1073 1990 1142 gratiarum
2018 1072 2264 1127 actiones
2293 1081 2346 1126 et
2380 1073 2572 1127 laudes
2606 1072 2660 1126 in
2726 1071 2894 1126 Deum
2980 1079 3279 1130 continent.
3334 1077 3533 1133 Vertttn

286 1167 355 1221 de
383 1166 471 1219 bis
503 1167 616 1220 haec
642 1167 787 1221 dicta
816 1169 1089 1226 sufficiant
1120 1185 1134 1223 :
1165 1177 1382 1240 tempus
1415 1178 1517 1230 est,
1563 1177 1620 1223 ut
1663 1169 1728 1224 de
1751 1167 1967 1223 caeteris
1993 1167 2154 1223 etiam
2179 1175 2498 1224 tractemus.

360 1260 575 1321 Ψαλτὺς
599 1260 722 1329 μὲν,
749 1263 778 1312 ό
807 1262 1062 1330 ᾀδόμενος
1090 1262 1221 1324 Θεός
1242 1278 1254 1289 ·
1280 1262 1490 1330 ψαλμδς
1511 1263 1586 1326 δὲ,
1613 1262 1672 1314 τὸ
1699 1277 1838 1330 ποιη-

1969 1317 1980 1328 ,
2037 1260 2258 1318 Psaltus
2289 1262 2512 1332 quidem
2543 1263 2688 1318 Deus
2723 1268 2807 1316 est
2849 1261 2943 1330 qui
2978 1261 3202 1316 canitur
3241 1279 3255 1316 :
3291 1264 3538 1333 psalmus

289 1353 484 1421 μάτιον
511 1353 602 1405 καὶ
634 1354 694 1404 τὸ
729 1353 893 1420 μέλος
924 1354 1088 1407 αὐτοῦ
1111 1370 1124 1384 ⁸
1150 1354 1433 1425 ψαλμῳδὺς
1459 1355 1536 1415 δὲ,
1566 1358 1596 1408 ὁ
1621 1356 1838 1424 ποιητὴς

1961 1367 2090 1406 vero
2125 1367 2316 1421 poema
2379 1361 2433 1409 ct
2484 1369 2707 1409 carmen
2783 1353 2932 1422 quod
2989 1354 3056 1406 de
3111 1369 3177 1408 eo
3239 1354 3536 1408 canimus:

281 1443 521 1494 τούτων·
573 1443 851 1510 ψαλτῳδὸς
901 1443 978 1503 δὲ,
1014 1446 1041 1495 ό
1071 1443 1286 1511 ψάλλων
1343 1443 1504 1498 τοῦτο
1547 1445 1709 1516 χορός
1731 1461 1746 1476 ·
1792 1445 1838 1496 τὲ

1959 1445 2299 1513 psalmodus.
2331 1453 2487 1516 poeta
2517 1453 2603 1504 est
2639 1443 2731 1516 qui
2772 1444 2888 1499 haec
2941 1445 3164 1499 coniicit
3222 1446 3469 1499 carmina
3521 1462 3537 1500 :

277 1533 466 1602 μέντοι
501 1533 781 1600 διάψαλμα
841 1533 1142 1604 μεταϐολὴν
1172 1535 1431 1604 σημαίνει
1483 1536 1776 1606 νοήματος,
1819 1535 1850 1606 ἢ

275 1623 493 1690 μέλους,
535 1624 566 1694 ἢ
606 1623 880 1693 ἀναϐολήν
910 1642 1030 1678 τινα
1085 1627 1420 1695 κρούματος,
1453 1626 1486 1698 ἢ
1545 1628 1851 1697 τηνικαῦτα

271 1714 417 1767 θείου
477 1716 796 1786 Πνεύματος
863 1717 1137 1788 ἐλλαμψιν
1197 1721 1278 1781 είς
1331 1719 1460 1783 τοὺς
1508 1719 1847 1790 ψάλλοντας·

271 1807 660 1878 ἀπεγράφοντο
699 1809 809 1880 γὰρ
835 1809 1008 1864 ταῦτα
1053 1812 1234 1866 πάντα
1270 1812 1360 1865 διὰ
1388 1812 1488 1882 τὴν
1537 1813 1844 1884 ἀκρίϐειαν.

281 1894 444 1948 Ἀλλὰ
472 1896 684 1967 ψαλμδς
719 1898 819 1967 μὲν
873 1899 1102 1969 κυρίως,
1135 1900 1166 1952 ὁ
1198 1902 1337 1969 μετὰ
1388 1903 1682 1969 ὀργανικοῦ
1712 1903 1849 1973 ψαλ-

1957 1543 2012 1593 et
2044 1535 2360 1603 Psaltodus,
2422 1538 2632 1593 chorus
2683 1537 2997 1592 canentium
3057 1537 3350 1604 psalmos:
3417 1537 3536 1590 dia-

1955 1628 2188 1698 psalma,
2215 1630 2580 1688 mutationem
2613 1629 2920 1690 sentcntiae,
2949 1638 3045 1682 aut
3098 1638 3296 1684 cantus
3359 1628 3534 1698 signi,

1953 1720 2076 1776 ﬁcat
2105 1730 2232 1776 :aut
2251 1737 2610 1791 pausam.seu
2629 1723 3062 1793 interiectionem
3091 1721 3382 1791 quamdam
3406 1723 3530 1792 pul-

1950 1815 2207 1880 sationis,
2237 1817 2324 1870 vel
2353 1817 2649 1888 fulgorem,
2707 1829 2870 1887 atque
2925 1813 3384 1872 illuminatidnem
3445 1815 3532 1870 di-

1949 1906 2062 1961 vini
2095 1907 2358 1976 Spiritus,
2417 1925 2538 1977 quae
2600 1917 2731 1965 tunc
2788 1909 3116 1964 canentibus
3170 1907 3527 1976 apparebat:

266 1986 462 2056 τηρίου
513 1986 772 2056 ἐμμελῶς
825 1988 1270 2058 ὲκφωνούμενος·
1306 1991 1420 2061 ᾠδὴ
1450 1993 1528 2058 δὲ,
1582 1995 1734 2062 φωνή
1766 2010 1838 2055 τις

1952 1996 2338 2050 scribebantur
2367 2000 2513 2050 enim
2548 1999 2731 2052 omnia
2758 1997 2876 2052 haec
2940 1997 3008 2052 ab
3067 1998 3149 2052 eis
3212 1997 3527 2064 diligenter.

274 2079 512 2147 μουσική
569 2095 629 2132 τε
659 2080 754 2131 κοιῒ⁵
808 2081 1152 2150 ἐναρμόνιος,
1205 2080 1317 2134 ἀπὸ
1364 2082 1525 2151 μόνου
1557 2086 1838 2148 στόματοςς

1952 2083 2212 2138 Psaltnus
2239 2086 2461 2154 proprie
2491 2094 2577 2140 est
2601 2085 2730 2140 illud
2762 2100 3006 2150 carmen,
3047 2088 3190 2154 quod
3218 2086 3380 2141 simul
3406 2100 3532 2138 cum

272 2169 884 2239 Καταχρηστικὼτερον
931 2171 989 2223 δὲ
1037 2171 1254 2237 λέγεται
1289 2174 1537 2236 κάκεῖνος
1576 2173 1707 2243 ᾠδὴ,
1763 2174 1838 2227 κα¹

1957 2173 2213 2230 Psalterii
2264 2176 2635 2229 instrumento
2692 2176 2850 2230 suavi
2899 2189 3034 2230 voce
3086 2174 3363 2246 profertur
3392 2190 3406 2227 :
3435 2176 3538 2228 ode

275 2254 418 2326 αὕτη
438 2256 684 2326 ψαλμός·
717 2259 1074 2332 ἀρχαιότερον
1097 2261 1151 2316 δὲ
1180 2263 1212 2332 ἠ
1244 2263 1355 2334 ᾠδή
1377 2281 1390 2294 ·
1433 2263 1527 2318 καὶ
1549 2266 1658 2334 γὰρ
1683 2267 1838 2319 Μωῦ·

1955 2279 2053 2319 seu
2082 2266 2384 2329 canticum,
2416 2280 2520 2319 vox
2561 2263 2806 2334 quadam
2837 2274 2920 2317 est
2961 2265 3172 2317 musica
3215 2278 3340 2316 eum
3409 2263 3537 2337 bar-

277 2347 384 2415 σῆς
431 2345 567 2417 ἦρξε
600 2349 827 2418 ταύτης,
871 2351 966 2403 καὶ
995 2352 1286 2421 διήρκεσεν
1327 2355 1432 2417 ἕως
1459 2356 1641 2410 Δαϐίδ.
1675 2351 1838 2421 Οὗτος

1951 2356 2161 2419 monia,
2200 2355 2319 2409 solo
2369 2370 2466 2408 ore
2525 2355 2767 2422 prolata.
2833 2369 3170 2421 quamquam
3233 2353 3535 2421 improprie

269 2439 328 2491 δὲ
355 2439 573 2507 πρῶτος
604 2440 804 2510 ἤρξατο
829 2442 940 2496 τῶν
970 2443 1198 2512 ψαλμῶν
1220 2461 1234 2476 ·
1287 2447 1336 2498 εί
1365 2447 1473 2517 γὰρ
1518 2449 1611 2501 καὶ
1643 2449 1838 2519 περιῆν

1946 2445 2129 2513 ipsum
2203 2445 2479 2499 canticum
2531 2457 2908 2514 saepenumero
2983 2441 3236 2498 Psalmns
3291 2441 3530 2496 dicatur.

263 2529 570 2598 ψαλτήριον
593 2530 848 2602 ὄργανον,
880 2533 997 2586 ἀλλ’
1030 2533 1258 2604 ἄτεχνον
1279 2538 1371 2589 καὶ
1414 2537 1704 2602 ἰδιωτικὸν,
1747 2541 1838 2592 καὶ

1948 2536 2045 2592 Est
2078 2545 2260 2591 autem
2322 2535 2601 2590 canticum
2667 2535 2876 2603 psalmo
2950 2535 3276 2600 antiquius:
3315 2533 3530 2601 Moyses

265 2622 405 2690 πρὸς
433 2623 568 2691 μόνα
598 2623 801 2693 ψάλλον
829 2624 896 2678 τὰ
931 2625 1160 2696 ποίμνια
1182 2644 1196 2658 ·
1252 2629 1416 2682 Δαϐὶδ
1439 2631 1496 2682 δὲ
1529 2631 1838 2703 σοφώτερον

1947 2629 2149 2698 quippe
2179 2628 2382 2683 cantici
2416 2634 2613 2681 auctor
2641 2625 2764 2688 fuit,
2832 2626 3093 2718 illiusque
3156 2641 3292 2679 usus
3351 2641 3528 2694 usque

265 2711 425 2765 τοῦτο
456 2713 886 2778 κατεσκεύασεν,
911 2715 944 2786 ἢ
975 2716 1241 2786 ἥρμοσεν,
1276 2721 1378 2773 καὶ
1397 2720 1500 2791 τὴν
1519 2721 1716 2792 χρῆσιν
1743 2725 1844 2777 αύ-

262 2802 360 2856 τοῦ
396 2802 534 2873 πρὸς
564 2804 699 2856 Θεὸν
731 2806 1088 2874 μετήνεγκεν.
1127 2809 1335 2880 ’Υμνος
1375 2812 1454 2877 δὲ,
1505 2816 1536 2882 ὴ
1585 2816 1840 2871 ἐπιτετα-

265 2896 404 2964 μὲνη
440 2895 748 2960 δοξολογία·
782 2896 928 2959 αἶνος
967 2899 1046 2964 δὲ,
1078 2901 1108 2952 ό
1153 2901 1416 2974 σύντομος
1452 2905 1672 2970 ἔπαινος
1705 2925 1720 2939 ·
1759 2909 1844 2975 ἐξ·

261 2985 593 3053 ομολόγησις
621 2987 700 3053 δὲ,
733 2989 766 3058 ἡ
794 2992 916 3041 κατ’
943 2991 1195 3044 ἐπίτασιν
1225 2994 1537 3068 ὁμολογίαῆ
1566 2999 1748 3054 καλῶν
1765 2996 1840 3055 ὧν

263 3080 677 3148 πεποιήκαμεν,
726 3082 760 3153 ἢ
809 3082 998 3136 κακῶν
1044 3078 1118 3137 ὧν
1149 3087 1526 3158 δεδράκαμεν·
1559 3096 1841 3163 προσευχὴ

261 3167 345 3230 δὲ,
378 3171 412 3240 ἡ
441 3168 627 3242 δέησις
645 3189 661 3204 ·
691 3173 825 3245 εὐχὴ
849 3175 929 3242 δὲ,
961 3178 993 3246 ἡ
1020 3178 1339 3248 ὑπόσχεσις.
1373 3181 1558 3235 Πάντα
1585 3184 1640 3236 δὲ
1663 3185 1845 3253 λέγον-

261 3275 355 3314 ται
386 3261 524 3331 πρὸς
552 3263 704 3319 Θεόν.
740 3266 806 3320 Τί
829 3268 930 3337 μὲν
960 3269 1054 3323 οὖν
1079 3272 1195 3324 ἐστι
1237 3272 1470 3341 ψαλμὸς,
1498 3275 1592 3328 καὶ
1614 3276 1667 3328 τί
1704 3276 1838 3347 ᾠδὴ,

264 3354 658 3422 προσηκόντως
681 3357 918 3428 εἴρηται.
958 3360 1113 3431 ᾨδὰς
1135 3363 1190 3415 δὲ
1224 3363 1456 3434 ψαλμῶν
1476 3366 1838 3438 ὑποληπτέον,

263 3440 348 3494 ὅτι
380 3444 752 3512 προτάσσεται
780 3447 880 3516 μὲν
914 3449 1039 3517 ὴδι’
1075 3451 1312 3521 ὀργάνου
1346 3457 1607 3527 μουσικὴ,
1647 3458 1839 3513 ἕπεται

262 3529 323 3584 δὲ
348 3532 382 3601 ἡ
410 3531 498 3584 διὰ
529 3534 800 3602 στόματος
834 3539 1008 3609 φωνὴ,
1041 3540 1304 3611 δευτέραν
1332 3543 1686 3613 λαμβάνουσα
1719 3551 1833 3618 χώ·

266 3637 401 3691 ραν·
434 3625 639 3694 ψαλμοὶ
662 3627 718 3680 δὲ
751 3627 926 3697 ᾠδῶν.
959 3631 1046 3683 ὅτε
1075 3633 1388 3687 τούναντίον
1408 3636 1645 3707 γίνηται.
1680 3639 1837 3693 Κατὰ

261 3713 323 3768 δὲ
355 3714 481 3778 τοὺς
523 3715 722 3785 νόμους
761 3719 862 3786 τῆς
893 3719 1210 3790 ἀναγωγῆς,
1248 3723 1462 3794 ψαλμὸς
1502 3729 1602 3796 μὲν
1635 3729 1701 3782 ἂν
1723 3733 1832 3801 εἴη,

261 3808 355 3862 ὅτε
393 3808 454 3861 τὸ
488 3809 646 3878 σῶμα
699 3810 986 3880 τείνοντες,
1038 3813 1113 3878 ὡς
1165 3818 1462 3887 ὀργανικὸν
1512 3821 1834 3892 ψαλτήριον,

1944 2722 2009 2775 ad
2045 2721 2190 2775 beati
2223 2719 2389 2775 David
2423 2727 2671 2786 tempora
2701 2719 3076 2788 perseveravit
3113 2734 3128 2771 :
3165 2719 3257 2785 qui
3313 2719 3526 2786 primus

1930 2814 2186 2876 omnium
2217 2814 2384 2882 cmpit
2448 2811 2693 2880 psalmos
2749 2810 3126 2865 conscribere.
3187 2809 3320 2866 Nam
3371 2818 3426 2864 et
3479 2808 3528 2864 si

1944 2910 2104 2956 antea
2134 2902 2382 2972 psalterii
2431 2903 2801 2956 instrumento
2847 2909 3161 2961 uterentur,
3201 2900 3358 2954 illius
3394 2916 3528 2956 usus

1943 3005 1996 3050 et
2023 2995 2144 3048 sine
2176 3003 2294 3047 arte
2324 2993 2436 3046 ulla
2479 3000 2621 3058 erat,
2662 3000 2717 3046 et
2778 2992 3072 3046 admodum
3117 2992 3358 3060 vulgaris
3395 3008 3410 3054 ;
3455 2993 3523 3043 ad

1945 3087 2095 3144 solos
2122 3086 2268 3139 enim
2315 3099 2508 3154 greges
2561 3083 2883 3139 mulcendos
2935 3083 3282 3151 pulsabatur.
3359 3083 3527 3135 David

1945 3169 2109 3249 igitur
2140 3176 2347 3232 homini
2375 3177 2801 3232 instrumentum
2863 3176 3166 3244 sapientius
3231 3177 3528 3245 coaptavit,

1940 3279 1997 3342 ret
2034 3271 2183 3324 illius
2221 3284 2382 3323 usum
2411 3269 2477 3322 ad
2508 3270 2678 3323 Deum
2736 3269 3040 3321 transtulit.
3091 3268 3336 3337 Hymnus
3395 3283 3528 3320 vero

1943 3373 2026 3418 est
2054 3362 2253 3418 divinae
2282 3361 2472 3432 gloria:
2497 3362 2778 3415 extensior
2805 3367 2971 3428 atque
3001 3361 3238 3428 amplior
3275 3361 3524 3427 qtttedam

1940 3456 2082 3510 laus.
2119 3455 2252 3508 Nam
2286 3469 2413 3508 cum
2445 3455 2628 3508 laudis
2660 3467 2867 3508 nomen
2905 3451 3232 3521 simpliciter
3265 3451 3522 3514 dicimus,

1939 3547 2291 3616 vulgariores
2352 3559 2416 3600 ac
2479 3544 2770 3599 breviores
2847 3542 3038 3598 laudes
3124 3540 3521 3608 signiﬁcamus.

1937 3637 2234 3696 Confessio
2290 3638 2455 3693 etiam
2520 3637 2762 3706 amplum
2816 3636 3090 3704 quoddam
3137 3632 3522 3689 testimonium

1936 3738 2022 3786 est
2051 3739 2106 3784 et
2134 3729 2292 3786 lldes.
2326 3742 2433 3796 qua
2471 3735 2565 3781 aut
2606 3727 2749 3780 bona
2778 3741 2899 3794 qua:
2927 3726 3236 3791 recepimus
3263 3723 3524 3781 fatemur,

1939 3827 2034 3872 aut
2059 3818 2202 3870 mala
2231 3833 2354 3884 quae
2401 3817 2809 3870 commisimus.
2860 3815 3038 3867 Porro
3089 3814 3268 3865 oratio
3332 3824 3526 3878 preces

262 3900 359 3953 καὶ
391 3899 480 3952 διὰ
506 3899 616 3953 τῶν
645 3899 826 3954 καλῶν
864 3901 1044 3973 ἔργων
1078 3906 1433 3972 ὲπαφώμενοι
1461 3908 1662 3976 τρόπον
1691 3909 1833 3972 τινὰ,

1942 3906 2243 3973 signiﬁcat,
2275 3912 2330 3957 et
2379 3913 2567 3959 votum
2638 3904 3090 3970 promissionem,
3133 3901 3425 3966 omniaque
3457 3897 3526 3948 ad

261 3994 360 4045 καὶ
387 3991 652 4060 ψαύοντες
675 3992 866 4054 αὐτοῦ,
895 3996 1098 4065 πρᾶξιν
1127 3996 1500 4064 ἀποτελοῦμεν
1535 3998 1744 4066 ἀγαθήν
1776 4015 1837 4050 τε

260 4083 358 4136 καὶ
405 4085 746 4153 ἐναρμόνιον,
801 4087 846 4138 εί
879 4087 975 4139 καὶ
1025 4086 1195 4154 μήπω
1246 4085 1483 4156 θεωρίας
1526 4087 1834 4158 ἐπέϐημεν·

257 4171 371 4244 ᾠδὴ
400 4173 478 4239 δὲ,
507 4176 593 4227 ὅτε
623 4177 792 4245 χωρὶς
824 4175 918 4228 τοῦ
955 4178 1264 4246 πρακτικοῦ
1294 4177 1610 4247 θεωροῦμεν
1644 4180 1710 4232 τὰ
1738 4179 1836 4242 τῆς

255 4265 519 4336 ἀληθείας
551 4269 850 4338 μυστήρια,
903 4271 1348 4340 γεγυμνασμένοι
1389 4272 1488 4342 ήδη
1538 4273 1834 4344 τυγχάνον-

255 4373 378 4421 τες·
409 4357 522 4427 ᾠδὴ
550 4359 607 4411 δὲ
638 4359 878 4429 ψαλμοῦ,
911 4361 1040 4415 ὅταν
1067 4363 1420 4432 προαγούσης
1450 4365 1663 4433 ἀγαθῆς
1690 4365 1832 4436 πρά-

256 4447 416 4513 ξεως,
469 4451 549 4513 εἰς
583 4449 818 4518 θεωρίαν
860 4455 1316 4522 καταντήσωμεν,
1350 4456 1490 4508 κατὰ
1516 4456 1577 4508 τὸ
1606 4455 1833 4526 εἰρημέ-

255 4556 376 4592 νον·
418 4541 837 4608 Ἐπεθύμησας
868 4545 1115 4612 σοφίαν,
1157 4544 1531 4612 διατήρησον
1555 4547 1832 4613 ἐντολὰς,

256 4633 357 4684 καί
387 4633 601 4699 Κύριος
621 4634 946 4702 χορηγήσει
969 4651 1068 4690 σοι
1095 4637 1309 4703 αὐτήν.
1335 4638 1562 4705 Ψαλμὸς
1587 4639 1641 4691 δὲ
1668 4640 1832 4710 ᾠδῆς,

254 4722 347 4773 ὅτε
374 4722 476 4790 τῆς
517 4722 747 4792 θεωρίας
777 4726 1182 4793 σαφηνιζούσης
1214 4729 1333 4780 τινὰ
1359 4729 1467 4780 τῶν
1510 4731 1834 4800 κεκρυμμέ-

256 4833 366 4868 νων
413 4816 641 4883 ὴοικῶν,
675 4818 754 4881 εἰς
816 4817 1082 4887 ἐργασίαν
1129 4818 1333 4870 τούτων
1384 4820 1678 4890 ἐρχόμεθα.
1727 4821 1836 4872 Καὶ

255 4908 398 4976 τάχα
423 4907 510 4959 διὰ
540 4908 698 4961 τοῦτο
732 4907 948 4979 πρῶτον
982 4911 1030 4963 οἱ
1059 4909 1286 4978 ψαλμοὶ,
1321 4907 1438 4963 εἶτα
1474 4912 1530 4964 ai
1564 4912 1720 4982 ᾠδαὶ,
1753 4913 1836 4964 ὅτι

253 4999 364 5069 χρὴ
394 5001 485 5052 καὶ
514 5000 601 5051 διὰ
636 5001 734 5069 τῆς
770 5002 1083 5071 πρακτικῆς
1129 5002 1327 5065 ἰόντας,
1362 5005 1443 5064 εἰς
1483 5004 1716 5072 θεωρίαν
1745 5005 1835 5057 ἐλ-

255 5091 390 5144 θεῖν.
431 5091 625 5142 Ἔνθεν
665 5110 747 5144 τοι
774 5093 868 5144 καὶ
899 5094 1034 5162 πρὸς
1062 5111 1139 5162 τῳ
1164 5093 1306 5146 τέλει
1342 5093 1704 5164 πολλαὶῴδαῦ
1741 5095 1835 5149 καὶ

253 5183 392 5236 ὅπου
427 5183 765 5252 ἀναϐαομὸς,
795 5183 1035 5252 οὐδαμοῦ
1066 5185 1299 5254 ψαλμὸς,
1321 5185 1445 5238 οὔτε
1481 5189 1597 5254 μετ’
1627 5187 1833 5256 ἐμπλο-

1942 3999 2112 4052 Deum
2141 3994 2436 4062 pertinent.
2491 3992 2632 4058 Quid
2671 3992 2856 4060 itaque
2878 3993 2950 4046 sit
2987 3991 3259 4058 psalmus,
3311 3999 3367 4043 et
3393 3988 3524 4055 quid

1939 4088 2246 4151 canticum,
2275 4083 2492 4140 abunde
2511 4083 2775 4138 diximus.
2805 4082 3094 4137 Canticum
3121 4089 3303 4134 autem
3328 4078 3526 4150 psalmi

1939 4190 2073 4236 tunc
2107 4186 2212 4240 est,
2273 4179 2492 4246 quando
2528 4175 2741 4232 musice
2787 4191 2888 4245 per
2937 4174 3256 4243 organicum
3317 4175 3526 4229 instru-

1938 4279 2186 4327 mentum
2221 4271 2373 4338 prius
2435 4268 2779 4338 disponitur,
2812 4277 2867 4322 et
2910 4265 3110 4320 deinde
3169 4264 3526 4332 consequitur

1937 4379 2038 4418 vox
2064 4372 2160 4416 ore
2210 4361 2435 4425 emissa,
2488 4376 2612 4430 quae
2664 4360 2968 4415 secundum
3028 4368 3262 4428 occupat
3319 4359 3524 4412 locum.

1938 4455 2188 4511 Psalmus
2223 4470 2349 4510 vero
2387 4455 2590 4510 cantici
2625 4461 2758 4508 tunc
2833 4454 3063 4516 dicitur,
3130 4451 3352 4521 quando
3403 4449 3523 4519 ejus

1935 4549 2080 4620 quod
2105 4565 2252 4606 nunc
2285 4547 2524 4604 diximus
2555 4547 2902 4602 contrarium
2953 4548 3032 4599 lit.
3087 4544 3251 4600 Juxta
3315 4559 3522 4610 anago-

1938 4657 2039 4712 gen
2070 4656 2134 4694 ac
2159 4642 2425 4696 moralem
2453 4654 2710 4701 sensum,
2738 4639 3011 4707 psalmum
3057 4645 3188 4690 tunc
3248 4637 3520 4699 canimus,

1936 4731 2159 4802 quando
2212 4745 2416 4798 corpus
2473 4736 2728 4784 nostrum
2790 4727 2952 4797 quasi
3010 4727 3258 4796 psalterii
3317 4727 3519 4780 instru-

1938 4831 2186 4877 mentum
2230 4820 2594 4880 intendimus,
2629 4829 2684 4874 ct
2715 4833 2814 4887 per
2854 4818 3000 4872 bona
3036 4834 3204 4888 opera
3246 4819 3519 4885 quodam-

1938 4915 2098 4969 modo
2123 4915 2303 4982 ipsum
2336 4911 2642 4982 palpantes.
2670 4913 2848 4966 bonas
2880 4924 2944 4964 ac
2973 4911 3279 4964 concinnas
3341 4910 3520 4965 aetio-

1909 5021 2037 5067 ,nes
2066 5005 2407 5076 perlicimus,
2433 5017 2753 5073 quanquam
2803 5001 2871 5058 ad
2908 5001 3134 5056 altiores
3179 5000 3518 5070 contempla.

1940 5101 2120 5156 tiones
2144 5096 2386 5152 nondum
2417 5094 2858 5150 ascenderimus.
2891 5093 3047 5149 Odcu
3070 5108 3198 5146 vero
3259 5099 3355 5145 aut
3385 5104 3518 5143 can-

1940 5189 2110 5245 ticum
2135 5201 2334 5242 canere
2361 5195 2490 5240 tune
2525 5186 2636 5240 dici
2670 5201 2993 5253 possumus,
3027 5184 3253 5254 quando
3309 5182 3517 5245 ahsqltc

255 5276 363 5342 κῆς
407 5275 568 5346 ᾠδῆς.
616 5277 705 5328 Ἐν
733 5276 842 5348 γὰρ
872 5280 992 5341 ταῖς
1027 5279 1352 5334 ἀναὸἀσεσιν
1419 5280 1467 5332 oi
1505 5279 1650 5348 ἅγιοι
1697 5281 1834 5352 πρὸς

1941 5280 2069 5335 ullis
2100 5276 2516 5346 operationibus
2546 5275 2798 5332 veritatis
2833 5283 3051 5332 tantum
3094 5270 3352 5344 mysteria
3379 5279 3515 5318 con-

258 5365 412 5433 μόνῳ
439 5365 516 5436 τῷ
546 5365 775 5437 θεωρεῖν
813 5368 972 5420 εἰσιν.

1945 5370 2294 5438 templamur,
2329 5367 2504 5424 elTeeti
2533 5369 2646 5439 jam
2684 5370 2738 5424 in
2766 5384 2828 5424 ea
2861 5385 2919 5425 re
2982 5366 3278 5422 admodum
3308 5355 3516 5410 excrci-

256 5457 360 5510 ιτ.ιί
393 5475 406 5511 :
443 5466 494 5510 et
522 5459 800 5513 canticum
855 5461 1074 5531 psalmi,
1131 5461 1350 5530 quando
1402 5461 1838 5536 praecedentibus
1871 5462 2032 5518 bonis
2062 5461 2400 5527 actionibus,
2436 5463 2489 5517 in
2545 5461 3065 5531 contemplationem
3138 5448 3460 5504 devenimus
3498 5462 3512 5497 τ

254 5552 414 5623 juxta
439 5553 583 5621 quod
647 5553 852 5609 dicitur
888 5574 902 5611 :
937 5555 1244 5627 Concupisti
1277 5556 1594 5624 sapientiam
1632 5573 1829 5611 :serva
1907 5555 2242 5625 mandatum,
2327 5565 2377 5610 et
2431 5556 2688 5612 Dominus
2743 5556 2838 5608 tibi
2908 5564 3025 5605 eam
3103 5542 3424 5598 ministrabit
3451 5544 3508 5598 ω,

373 5735 416 5766 ’⁵
448 5736 570 5791 Act.
600 5751 698 5802 vn,
736 5735 803 5792 46
907 5737 948 5770 ¹⁶
981 5736 1148 5792 Eccli.
1181 5753 1219 5805 ι,
1253 5737 1342 5792 55.
