4082 6212
609 337 681 401 53
1837 330 2226 396 EUTHYMII
2268 332 2632 396 ZIGABENI
3566 364 3577 369 -
3796 332 3869 396 60

604 451 881 506 Psalmtlm
915 451 1083 507 etiam
1116 451 1317 507 cantici
1349 458 1478 507 tunc
1511 467 1637 507 vere
1668 449 2187 520 canimus,quando
2228 448 2716 519 contemplatione,
2781 448 2997 504 occulta
3070 448 3317 518 quaedam
3358 462 3496 546 'quze
3554 446 3620 546 ad
3683 462 3868 546 nio-res

604 545 894 612 pertinent,
959 544 1119 599 nobis
1193 546 1491 609 revelante,
1522 558 1625 597 nos
1691 542 1744 595 in
1808 556 2002 595 eorum
2061 539 2434 608 operationem
2496 540 2860 610 procedimus.
2934 538 3044 593 llac
3094 539 3305 593 ratione
3355 537 3607 593 fortassis
3671 537 3865 607 psalmi

602 638 779 702 primo
815 637 958 698 loco,
986 645 1041 689 et
1071 636 1272 691 deinde
1304 636 1520 689 cantica
1554 632 1822 688 collocata
1855 638 1987 685 sunt
2014 644 2028 680 :
2052 641 2178 680 cum
2218 625 2409 681 deceat
2446 636 2506 681 ut
2557 643 2652 697 per
2678 629 2922 683 actiones
2987 628 3055 683 ad
3142 628 3655 695 contemplationem
3710 643 3867 682 acce-

599 730 814 783 damus.
856 728 1026 783 Multa
1049 729 1195 784 enim
1230 729 1446 784 cantica
1476 726 1752 780 habentur
1788 723 1938 777 eirea
2005 721 2168 775 finem
2211 718 2357 783 libri,
2428 734 2620 774 verum
2696 720 2788 775 ubi
2816 721 3018 789 gradus
3073 731 3182 788 est,
3245 737 3343 777 seu
3400 737 3684 789 assensus,
3747 724 3864 776 illic

601 840 871 895 nusquam
903 833 990 879 est
1021 826 1286 895 psalmus,
1309 823 1666 893 nequeetiam
1692 821 2023 891 conjunctus
2057 829 2182 871 cum
2224 814 2487 882 cantico;
2528 817 2708 873 sancti
2766 818 2912 872 enim
2981 817 3084 872 viri
3136 818 3191 872 in
3240 820 3665 876 ascensionibus
3724 834 3866 874 eon-

598 922 942 991 templationi
979 930 1190 974 tantum
1226 920 1421 975 intenti
1456 928 1610 974 sunt.
3202 920 3203 925 ‘

673 1014 814 1068 Sunt
848 1014 939 1082 qui
981 1012 1228 1077 Esdram,
1281 1020 1337 1065 et
1380 1012 1474 1067 alii
1514 1013 1610 1081 qui
1644 1010 1941 1068 Ezechiam
1997 1011 2171 1066 dicanl

2357 1003 2424 1055 Oi
2460 1002 2560 1073 μὲν
2582 997 2675 1057 οὖν
2705 1000 2859 1057 εἷπον
2894 1003 3150 1071 Ἔσδραν,
3178 1005 3227 1058 οί
3248 1005 3304 1058 δὲ
3346 1005 3597 1071 Ἐζεκίαν
3625 1023 3864 1075 συναγα-

602 1104 845 1173 psalmos
886 1104 939 1156 in
999 1119 1169 1157 unum
1227 1104 1538 1175 collegisse,
1590 1104 1684 1174 qui
1763 1107 2077 1162 centenario
2128 1117 2171 1161 el

2288 1096 2407 1163 γεῖν
2437 1094 2565 1159 τοὺς
2592 1094 2865 1166 ψαλμοὺς,
2895 1096 2976 1160 είς
3013 1097 3208 1151 ἑκατὸν
3237 1099 3332 1151 καὶ⁵
3364 1100 3703 1169 πεντήκοντα
3737 1117 3867 1154 συν-

603 1194 1081 1265 quinquagenaria
1135 1210 1365 1251 numero
1415 1197 1797 1253 continentur.
1823 1198 1883 1252 In
1909 1214 2019 1269 quo
2074 1215 2171 1255 nu-

2287 1186 2747 1260 αριθμουμένους.
2787 1188 2954 1260 Ὀμοῦ
2983 1190 3092 1262 γὰρ
3124 1192 3153 1243 6
3186 1192 3319 1262 παρ’
3353 1192 3627 1263 Ἑϐραίοις
3662 1195 3863 1250 ὲνθεω-

607 1300 760 1340 mero
793 1294 849 1339 et
911 1285 1428 1356 quinquagenarius
1486 1302 1754 1343 numerus
1824 1288 2171 1346 Pentecoste:

2291 1281 2460 1349 ρετται
2535 1281 2850 1352 τιμώμενος
2902 1283 3138 1355 ἀριθμὸς
3193 1285 3291 1354 τῆς
3334 1287 3859 1357 Πεντηκοστῆς,ιδι’

604 1376 817 1439 dictus,
850 1384 1016 1445 atque
1043 1376 1111 1429 ab
1151 1375 1395 1432 Hebraeis
1431 1390 1755 1445 veneratus,
1785 1380 2056 1445 cernitur,
2086 1397 2186 1451 per

609 1466 989 1521 hebdomadas
1051 1467 1521 1523 hebdomadarum
1552 1469 1858 1539 perfectus,
1890 1471 1943 1525 id
1976 1480 2061 1527 est
2094 1488 2185 1528 se-

602 1558 858 1627 ptenario
886 1558 1313 1628 multiplicatus,
1336 1570 1392 1616 et
1445 1560 1740 1617 Trinitatis
1791 1564 1999 1632 pariter
2044 1580 2181 1619 eon-

599 1645 861 1713 templari
887 1654 1067 1714 potest
1097 1648 1443 1718 mysterium,
1473 1649 1659 1704 addita
1688 1652 1944 1708 videlicet
1970 1655 2182 1710 unitate

601 1743 824 1802 propter
860 1751 1024 1789 unam
1058 1752 1181 1804 qua:
1214 1746 1300 1793 est
1341 1739 1395 1793 in
1450 1741 1629 1797 tribus
1680 1746 1931 1814 personis
1999 1747 2181 1802 unita-

600 1836 734 1878 tem.
759 1824 1062 1881 Cantorum
1092 1837 1329 1895 quatuor
1363 1839 1521 1886 erant
1575 1833 1873 1904 principes,
1942 1845 2179 1905 quatuor

598 1913 784 1968 choris
828 1915 1091 1983 praefecti,
1121 1917 1190 1973 ob
1221 1920 1441 1974 totidem
1469 1924 1657 1977 mundi
1691 1925 1935 1990 climata,
1960 1928 2025 1981 ad
2056 1945 2178 1999 quae

601 2004 942 2074 psalmorum
970 2023 1136 2064 voces
1168 2020 1514 2079 perventurae
1539 2024 1719 2070 erant.
1783 2016 2177 2090 Unusquisque

597 2102 779 2148 autem
816 2095 1043 2164 chorus,
1071 2114 1136 2153 ex
1164 2099 1380 2157 duobus
1397 2111 1453 2157 et
1477 2108 1825 2176 septuaginta
1855 2113 2177 2168 cantoribus

596 2186 926 2242 constabat:
962 2196 1022 2243 ut
1047 2190 1271 2259 quidam
1308 2194 1615 2251 retulerunt
1640 2213 1700 2253 se
1732 2200 1877 2269 apud
1920 2201 2178 2262 Hebraeos

596 2273 819 2343 legisse,
840 2277 997 2345 juxta
1020 2280 1431 2348 proportionem
1463 2298 1527 2338 ac
1551 2300 1837 2342 numerum
1863 2290 2171 2361 linguarum

2286 1371 2580 1443 ἑϐδομάδος
2609 1374 2920 1444 ἑϐδομάδων
2962 1376 3489 1446 συμπεραινόμενος,
3514 1378 3650 1447 ὁμοῦ
3679 1380 3735 1432 δὲ
3762 1381 3859 1433 καὶ

2286 1460 2346 1514 τδ
2401 1460 2499 1530 τῆς
2553 1461 2784 1532 Τριάδος
2838 1464 3321 1536 συνεπιθεωρείται
3382 1469 3857 1538 μυπήριον’.τῆς

2288 1552 2513 1620 μονάδος
2549 1554 2664 1606 ἐκεῖ
2692 1555 3147 1627 προστιθεμένης,
3177 1556 3265 1610 διὰ
3299 1558 3398 1628 τὴν
3424 1558 3552 1629 μίαν
3586 1561 3646 1612 ὲν
3679 1562 3858 1631 τρισὶν

2286 1641 2601 1712 προσώποις
2631 1643 2895 1713 Θεότητα.
2945 1644 3222 1715 Τέσσαρες
3263 1645 3319 1698 δὲ
3364 1647 3414 1699 οἱ
3450 1647 3701 1718 ἀρχῳδοὶ,
3733 1665 3861 1702 τεσ-

2284 1734 2468 1801 σάρων
2490 1734 2784 1806 ἡγούμενοι
2816 1736 3010 1807 χορῶν,
3033 1737 3129 1789 διὰ
3151 1736 3221 1789 τὰ
3254 1736 3347 1790 τοῦ
3379 1739 3584 1807 κόσμου
3612 1741 3859 1811 τέσσαρα

2282 1826 2542 1894 κλίματα,
2592 1820 2666 1880 ὧν
2719 1828 2847 1899 ἄχρι
2895 1828 3218 1898 διαδραμεῖν
3266 1830 3489 1899 ἔμελλον
3525 1831 3575 1883 οἱ
3624 1831 3853 1901 ψαλμοί.

2293 1921 2389 1973 Ἐκ
2429 1921 2521 1974 δύο
2570 1922 2629 1974 δὲ
2688 1929 2783 1976 καὶ
2834 1922 3207 1992 ἐϐδομήκοντα
3264 1925 3424 1994 χορὸς
3479 1926 3731 1989 ἕκαστος,
3778 1926 3858 1988 ὡς

2282 2011 2492 2079 ἔφασάν
2552 2030 2719 2077 τινες,
2772 2013 2880 2066 ἀπὸ
2942 2013 3037 2066 τοῦ
3081 2014 3371 2085 Ἐὁραῖκοῦ
3437 2015 3855 2086 ἀναλεξάμενοι,

2280 2107 2423 2158 κατὰ
2458 2106 2755 2173 ἀναλογίαν
2786 2106 2896 2159 τῶν
2929 2108 3320 2174 συγχυθεισῶν,
3351 2108 3384 2179 ἢ
3422 2108 3622 2177 μᾶλλον
3642 2111 3854 2181 διακρι-

2280 2195 2476 2249 θεισῶν
2527 2200 2584 2250 ἐν
2626 2200 2686 2268 τῇ
2720 2204 3056 2273 πυργοποιξᾳ
3085 2203 3370 2267 γλωσσῶν,
3419 2203 3506 2256 διὰ
3540 2204 3601 2257 τὸ
3631 2205 3851 2272 μέλλειν

2280 2289 2461 2341 πᾶσαν
2491 2290 2761 2356 γλῶσσαν,
2796 2292 2944 2362 ᾄδειν
2972 2294 3100 2355 τοὺς
3124 2295 3406 2357 τοιούτους
3435 2294 3706 2363 ψαλμούς.
3740 2296 3855 2349 Καὶ

594 2379 717 2433 qua!
760 2366 811 2419 in
872 2365 1216 2436 Babylonica:
1255 2371 1428 2425 turris
1489 2373 1848 2431 aedificatione
1906 2357 2171 2448 confusae,

2275 2380 2323 2432 οἱ
2377 2380 2475 2449 μὲν
2517 2381 2667 2435 ἄλλοι
2744 2357 3006 2453 σάλπιγγι
3049 2388 3141 2439 καὶ
3182 2357 3460 2457 τυμπάνῳ.
3499 2357 3592 2442 καὶ
3633 2390 3853 2460 ὀργάνῳ

597 2470 693 2509 seu
714 2458 898 2525 potius
920 2458 1111 2513 divisa:
1150 2458 1391 2515 fuerunt.
1426 2461 1701 2521 Futurum
1754 2471 1898 2524 enim
1944 2481 2081 2535 erat,
2114 2484 2173 2530 ut

597 2551 782 2605 omnis
834 2551 1020 2623 lingua
1065 2553 1381 2623 hujusmodi
1434 2557 1678 2626 psalmos
1738 2559 2075 2617 decantaret.
2105 2564 2172 2620 Et

598 2641 691 2696 alii
725 2642 947 2710 quidem
1011 2652 1296 2703 cantorum
1362 2648 1515 2716 tuba,
1577 2659 1859 2721 tympano,
1941 2669 2169 2723 organo,

594 2733 885 2803 cymbalis,
937 2734 1082 2804 lyra,
1133 2744 1225 2789 aut
1269 2738 1522 2808 cythara,
1587 2742 1749 2797 dulce
1803 2759 1866 2798 ac
1928 2748 2172 2803 suaviter

595 2825 867 2880 canebant
892 2813 1101 2881 :‘David
1131 2843 1262 2884 vero
1311 2831 1519 2902 regium
1550 2834 1796 2904 psalterii
1833 2836 2172 2894 instrumen-

595 2923 713 2970 tum
752 2918 989 2975 tenebat.
1021 2918 1213 2988 Tubaa,
1268 2924 1504 2994 syringze
1552 2940 1615 2979 ac
1662 2926 1856 2983 fistula
1885 2928 2169 2997 inflantur,

595 3007 715 3077 lyra
743 3015 797 3062 et
823 3009 1049 3079 eythara
1076 3010 1463 3075 intenduntur,
1497 3016 1745 3083 cymbala
1802 3025 1856 3072 ct
1911 3026 2171 3092 tympana

598 3098 911 3167 pulsantur,
950 3108 1005 3155 et
1031 3101 1140 3154 alia
1193 3119 1538 3175 quaecunque
1590 3122 1789 3162 sonum
1835 3112 2019 3180 potius
2076 3115 2173 3168 ha-

596 3186 727 3241 bent
759 3203 926 3256 quam
955 3203 1144 3244 vocem
1181 3194 1539 3260 :psalterium
1617 3212 1767 3263 vero,
1822 3201 1967 3269 quod
2005 3203 2167 3258 etiam

595 3276 796 3332 alicubi
836 3279 1077 3350 einyram
1105 3291 1158 3337 et
1179 3283 1460 3353 cytharam
1507 3294 1562 3340 et
1617 3286 1788 3357 lyram
1855 3290 2156 3360 appellant,

595 3368 662 3422 ad
697 3368 748 3424 id
782 3386 957 3441 genus
989 3373 1484 3430 instrumentorum
1540 3380 1800 3448 pertinet,
1837 3398 1956 3449 quae
1986 3385 2170 3440 inten-

595 3458 824 3517 duntur.
859 3464 955 3519 Est
987 3476 1167 3521 tamen
1217 3467 1643 3525 instrumentum
1694 3473 1797 3526 hoc
1850 3484 2082 3541 rectum,
2113 3488 2167 3534 et

594 3565 830 3620 superne
852 3568 1047 3609 causas
1076 3556 1235 3610 habet
1274 3558 1416 3613 unde
1440 3561 1655 3615 emittat
1678 3577 1874 3618 voces:
1906 3580 1969 3619 ea
2008 3568 2170 3622 nimi-

592 3654 715 3694 rum
749 3644 983 3709 ratione,
1025 3653 1085 3698 ut
1138 3645 1497 3705 addiscamus
1526 3659 1581 3705 et
1608 3667 1728 3716 nos,
1796 3656 1930 3710 recti
1977 3659 2163 3712 consi-
2191 3686 2234 3748 α

600 3738 771 3797 stere,
805 3748 1157 3805 supernaque
1191 3751 1254 3791 ac
1287 3740 1533 3795 caelestia
1570 3744 1848 3809 meditari,
1911 3756 2075 3818 atque
2108 3758 2168 3804 ut

591 3823 698 3877 hoc
729 3837 891 3895 pacto
924 3827 1225 3884 efﬁciamur
1252 3832 1540 3901 spirituale
1572 3836 1917 3905 psalterium,
1940 3855 2171 3897 consen-

593 3915 763 3970 tiente
806 3917 950 3972 intra
990 3934 1091 3973 nos
1124 3920 1177 3973 in
1203 3938 1373 3976 unum
1399 3925 1578 3980 anima
1613 3936 1667 3981 et
1718 3942 1993 3999 corpore:
2022 3932 2172 4001 ipso-

588 4022 697 4075 que
742 4017 934 4062 saneto
983 4010 1216 4080 Spiritu,
1293 4015 1462 4070 veluti
1536 4019 1875 4087 peritissimo
1930 4024 2166 4092 quodam

589 4096 828 4159 artifice,
865 4100 1122 4168 pulsante
1158 4119 1258 4159 nos
1295 4120 1358 4160 ac
1377 4110 1719 4175 pereutiente
1749 4126 1763 4162 :
1794 4110 1982 4166 decem
2032 4130 2163 4170 vero

589 4188 733 4241 clavi
768 4189 823 4243 in
865 4191 1038 4260 ipsius
1091 4196 1334 4263 psalterii
1393 4197 1621 4253 brachio
1665 4201 2045 4258 circumvoluti
2082 4207 2169 4260 in-

590 4277 886 4333 tendebant
974 4282 1239 4349 chordas,
1332 4301 1535 4355 easque
1654 4292 2010 4348 remittebant
2098 4299 2165 4351 ad

587 4366 761 4436 ipsius
833 4372 1165 4426 modulantis
1231 4375 1515 4429 arbitrium
1579 4392 1644 4433 ac
1675 4380 2027 4439 concentum.
2095 4388 2165 4441 Et

585 4457 809 4511 dextera
841 4459 1061 4526 quidem
1091 4474 1287 4517 manus
1317 4463 1585 4531 plectrum
1623 4470 1860 4537 tenebat,
1936 4475 2164 4533 sinistra

587 4558 714 4597 vero
807 4545 1042 4613 desuper
1131 4560 1485 4610 contrectans
1552 4565 1607 4611 et
1663 4559 2062 4622 circumferens
2131 4572 2342 4637 clavos,
2433 4588 2672 4640 gravem,
2745 4585 2839 4629 aut
2906 4585 3146 4642 acutam,

2282 2470 2377 2524 καὶ
2430 2472 2757 2539 κυμϐάλοις,
2806 2474 3010 2547 ἥλύρᾳ
3069 2477 3162 2530 καὶ
3219 2478 3423 2550 κιθάρᾳ
3487 2480 3853 2550 μελῳδοῦντες

2274 2558 2445 2633 ἦσαν’
2498 2563 2661 2619 Δαϐὶδ
2690 2564 2746 2617 δὲ
2800 2566 2860 2619 τδ
2906 2566 3185 2636 βασιλικὸν
3229 2571 3478 2641 κατεῖχεν
3510 2571 3758 2641 ὄργανον,
3790 2574 3853 2625 τὸ

2273 2653 2591 2726 ψαλτήριον.
2636 2656 2940 2725 Σάλπιγγες
2995 2658 3094 2728 μὲν
3139 2659 3230 2713 οὖν
3278 2661 3371 2715 καὶ
3418 2660 3697 2731 σύριγγες,
3741 2665 3849 2733 ἐμ·

2274 2748 2549 2802 πνευστά’
2588 2747 2727 2818 λύρα
2778 2748 2835 2802 δὲ
2875 2749 2971 2803 καὶ
3026 2750 3249 2823 κιθάρα,
3308 2754 3536 2807 ἔντατά·
3593 2755 3850 2825 κύμϐαλα

2272 2836 2329 2890 δὲ
2355 2838 2450 2890 καλ⁵
2478 2838 2762 2909 τύμπανα,
2807 2840 3049 2910 κρουστὰ
3070 2881 3084 2904 ,
3118 2842 3214 2895 καὶ
3242 2844 3340 2896 ὅσα
3369 2845 3568 2915 μᾶλλον
3598 2848 3782 2915 ῆχους,
3811 2847 3846 2916 ἢ

2275 2928 2549 2997 φθόγγους
2572 2931 2775 3001 ἔχουσι.
2807 2932 3122 3003 Ψαλτήριον
3157 2934 3235 2999 δὲ,
3271 2935 3298 2987 ὃ
3337 2938 3431 2989 καὶ
3462 2937 3697 3008 ἀλλαχοῦ
3740 2956 3845 2992 κα-

2273 3021 2425 3075 λοῦσι
2455 3023 2702 3092 κινύραν,
2743 3027 2839 3078 καὶ
2870 3026 3104 3094 κιθάραν
3131 3027 3222 3078 καὶ
3247 3026 3438 3097 λύραν,
3476 3029 3583 3080 τῶν
3610 3030 3846 3081 ἐντατῶν

2276 3112 2375 3182 μὲν
2403 3130 2492 3183 ην.
2515 3114 2686 3184 Πλὴν,
2718 3114 2920 3184 ὄρθιον,
2950 3117 3044 3169 καὶ
3079 3116 3286 3169 ἄνωθεν
3315 3114 3425 3187 εἶχε
3455 3118 3566 3171 τῶν
3589 3120 3846 3187 φθόγγων

2271 3204 2371 3268 τὰς
2409 3204 2687 3274 ἀφορμάς,
2740 3206 2827 3259 ἵνα
2878 3206 2976 3260 καὶ
3020 3208 3181 3278 ἡμεῖς
3213 3209 3388 3273 εύθεῖς
3428 3204 3599 3279 ὦμεν,
3635 3213 3727 3265 καὶ
3774 3211 3846 3265 τὰ

2270 3295 2383 3349 ἄνω
2420 3296 2755 3367 μελετῶμεν,
2804 3298 2897 3351 καὶ
2946 3299 3228 3369 γινώμεθα
3258 3299 3579 3372 ψαλτήριον,
3618 3319 3848 3373 συμφω-

2271 3387 2509 3442 νούντων
2541 3390 2600 3442 ὲν
2631 3392 2767 3459 ἡμῖν
2794 3390 2972 3460 ψυχῆς
3008 3392 3104 3444 καὶ
3146 3392 3418 3461 σώματος,
3454 3394 3547 3447 καὶ
3577 3394 3846 3466 πλήττον-

2270 3497 2359 3542 τος
2388 3481 2540 3550 ἡμᾶς
2583 3477 2673 3535 οἷα
2707 3482 2952 3552 τεχνίτου
2993 3480 3137 3545 τινὸς
3183 3483 3274 3559 τού
3315 3484 3472 3551 ἁγίου
3505 3486 3843 3556 Πνεύματος.

2272 3574 2411 3625 Δέκα
2456 3572 2566 3645 γὰρ
2612 3575 2833 3628 κόλαϐοι
2885 3574 3038 3645 παρὰ
3066 3575 3160 3628 τὸν
3196 3577 3378 3646 πῆχυν
3429 3579 3523 3630 τοῦ
3569 3578 3845 3649 ψαλτῆρος

2272 3664 2648 3734 στρεφόμενοι,
2691 3666 2896 3720 ἔτεινόν
2945 3684 3003 3719 τε
3061 3668 3156 3719 καὶ
3209 3667 3417 3738 ἐχάλων
3462 3671 3559 3733 τὰς
3621 3672 3844 3739 χορδὰς,

2268 3755 2406 3822 πρὸς
2456 3756 2515 3807 τὸ
2572 3755 2667 3807 τοῦ
2724 3757 3246 3827 μεταχειριζομένου
3308 3758 3555 3829 βούλημα
3596 3762 3691 3812 καὶ
3749 3762 3845 3816 τὸν

2270 3847 2494 3916 ῥυθμόν.
2528 3848 2637 3900 Καὶ
2663 3849 2695 3918 ἠ
2722 3847 2820 3917 μὲν
2850 3848 2996 3912 δεξιὰ
3018 3851 3141 3919 χεὶρ
3197 3854 3416 3921 κατεῖχε
3446 3853 3505 3905 τὸ
3532 3854 3808 3923 πλῆκτρον
3826 3871 3841 3887 ·

2268 3940 2299 4009 ἡ
2335 3939 2379 3990 δ⁹
2410 3939 2699 4009 ἀριστερὰ,
2725 3938 2833 3991 τῶν
2871 3939 3117 3993 κολάὸων
3148 3940 3356 3994 ἄνωθεν
3389 3944 3722 4015 ὲπαφωμένη
3746 3946 3843 4000 καὶ

2269 4033 2730 4100 περιστρέφουσα,
2765 4028 2955 4100 βαρὺν,
2987 4032 3019 4101 ἣ
3054 4031 3201 4097 ὀξὺν,
3236 4033 3266 4103 ἢ
3302 4036 3642 4103 κεκραμένον
3674 4036 3842 4105 φθόγ-

2268 4138 2364 4190 γον
2386 4122 2691 4191 εἰργάζετο.
2726 4124 2869 4174 Δέκα
2915 4122 2973 4174 δὲ
3015 4124 3212 4193 χορδὰς
3247 4126 3643 4195 άντιφθόγγους
3670 4128 3840 4199 ἀλλή-

2270 4211 2377 4272 λως
2410 4208 2547 4281 εἶχε,
2581 4213 2873 4278 διδάσκων,
2901 4213 2983 4265 ὅτι
3019 4214 3101 4266 δεῖ
3140 4216 3236 4268 καὶ
3280 4216 3427 4286 ἡμᾶς
3458 4218 3518 4282 ἐξ
3546 4218 3839 4288 άντιφθόγο

2270 4319 2383 4369 γων
2406 4303 2610 4371 χορδῶν
2647 4304 2801 4365 δέκα,
2850 4305 2958 4356 τῶν
2987 4305 3086 4375 μὲν
3131 4305 3233 4375 τῆς
3260 4307 3438 4378 ψυχῆς
3475 4309 3634 4363 πέντε
3681 4311 3839 4365 δυνά·

2274 4408 2438 4460 μεων,
2472 4392 2633 4445 πέντε
2663 4392 2720 4445 δὲ
2760 4392 2870 4447 τῶν
2896 4393 2991 4446 τοῦ
3030 4394 3282 4465 σώματος
3317 4399 3644 4470 αἰσθήσεων,
3681 4401 3839 4473 ἐναρ-

2275 4482 2454 4550 μόνιον
2487 4481 2643 4553 μέλος
2673 4484 3077 4556 ἀνακρούεσθαι
3102 4487 3178 4558 τῷ
3203 4488 3342 4559 Θεῷ.

3256 4594 3352 4634 seu
3388 4582 3549 4635 etiam
3619 4583 3836 4638 mistam

584 4652 775 4746 V'Ocem
839 4642 1121 4701 reddebat.
1179 4646 1375 4703 Decem
1443 4666 1707 4721 praeterea
1781 4662 2037 4732 chordas,
2104 4673 2329 4728 vocibus
2396 4674 2500 4729 sibi
2572 4675 2803 4730 invicem
2888 4680 3189 4735 contrariis
3260 4681 3533 4743 habebat,
3586 4696 3650 4735 ex
3728 4695 3837 4746 uno

582 4728 868 4793 docemur,
907 4745 1162 4803 oportere
1193 4755 1316 4805 nos.
1339 4757 1405 4797 ex
1436 4744 1626 4803 decem
1658 4751 1759 4806 sibi
1818 4767 2010 4815 mutuo
2043 4763 2469 4821 adversantibus
2534 4767 2783 4834 chordis,
2824 4782 2889 4823 ex
2962 4770 3208 4841 quinque
3275 4775 3521 4843 corporis
3583 4762 3837 4829 sensilius

586 4822 896 4843 .--ιμμεη
978 4842 985 4843 ,
1074 4838 1085 4843 -
1283 4836 1295 4843 .

586 4822 995 4880 harmoniacutn
1037 4838 1092 4883 et
1138 4836 1472 4892 concinnum
1509 4851 1733 4898 cantum
1786 4850 1841 4902 in
1894 4852 1993 4907 hac
2042 4858 2154 4911 vita
2197 4860 2305 4914 Deo
2332 4860 2652 4929 praeludere.
2892 4875 2895 4877 ’

650 4914 995 4973 Psalmorum
1054 4924 1189 4979 ordo
1212 4925 1302 4981 ille
1343 4932 1581 5000 amplius
1648 4950 1760 4990 non
1826 4951 1931 5005 est,
2003 4947 2232 5015 quia!)

583 5005 858 5076 principio
886 5008 1012 5074 fuit,
1046 5017 1269 5083 quando
1296 5017 1450 5077 fuere
1487 5027 1790 5097 conscripti
1824 5047 1842 5086 :
1911 5005 2035 5090 nec.
2073 5046 2157 5091 ta-

584 5113 706 5154 men
730 5115 885 5168 easu,
913 5114 1008 5160 aut
1034 5107 1266 5167 fortuito
1293 5112 1615 5184 huiusmodi
1647 5121 1783 5175 ordo
1837 5122 2000 5181 datus
2050 5138 2158 5193 est,

582 5192 679 5248 sed
702 5196 885 5264 potius
912 5213 981 5253 ex
1027 5201 1445 5272 dispensatione
1501 5211 1706 5277 divina,
1774 5230 1897 5284 quae
1955 5192 2157 5274 cause?

582 5289 868 5356 quentium
906 5301 1214 5364 temporum
1248 5300 1451 5355 nullam
1491 5303 1683 5361 habuit
1707 5308 2156 5367 rationem.Nam

501 5382 511 5392 '
581 5383 1042 5449 quemadmodum
1080 5388 1136 5443 in
1161 5391 1398 5456 artibus,
1432 5402 1545 5449 tam
1606 5396 1826 5453 factivis
1875 5417 2039 5470 quam
2071 5418 2160 5458 ra-

583 5471 900 5541 tionalibus,
933 5478 1040 5532 alia
1072 5488 1157 5536 est
1219 5482 1711 5543 instrumentorum
1771 5500 1826 5545 et
1883 5508 2156 5551 canonqu

584 5559 824 5620 inventio
848 5575 902 5622 et
929 5570 1087 5637 ordo,
1122 5582 1287 5644 atque
1322 5577 1462 5631 alius
1514 5580 1680 5633 etiam
1744 5597 1934 5638 eorum
2002 5602 2153 5654 usus,

583 5650 736 5713 iuxta
792 5657 906 5726 ipsa
946 5668 1194 5733 tempora
1250 5667 1515 5721 nimirum
1572 5679 1667 5725 aut
1730 5675 1911 5729 varias
1972 5692 2154 5731 rerum

586 5744 829 5800 rationes
883 5750 1049 5818 (alius
1100 5757 1244 5809 enim
1296 5757 1551 5815 fortassis
1605 5763 1853 5821 medicus
1918 5772 2152 5837 primum

2347 4949 2410 5005 'H
2441 4952 2497 5005 δὲ
2539 4952 2646 5006 τῶν
2691 4953 2921 5024 ψαλμῶν
2967 4954 3140 5019 τάξις,
3198 4955 3316 5010 οὔθ’
3366 4957 3442 5021 ὡς
3495 4959 3612 5010 κατ’
3662 4959 3836 5028 ἀρχὰς

2258 5044 2615 5114 ἐποιήθησαν,
2648 5044 2773 5098 οὔτε
2802 5046 2909 5115 μὴν
2936 5045 3011 5108 ὠς
3047 5047 3257 5116 ἔτυχεν,
3290 5048 3426 5104 ἀλλὰ
3456 5050 3660 5119 μᾶλλον
3691 5055 3832 5107 οἶκοι

2258 5140 2477 5211 νομικὴ,
2515 5140 2679 5210 μηδὲν
2702 5140 2804 5209 τῆς
2845 5143 3103 5212 χρονικῆς
3128 5143 3565 5214 ἐπιστρεφομένη
3609 5146 3832 5199 ἀκολουο

2260 5228 2409 5292 θίας·
2470 5230 2723 5300 καθάπερ
2778 5231 2888 5301 γὰρ
2959 5232 3052 5285 ἐπὶ
3110 5233 3220 5287 τῶν
3279 5235 3453 5287 ἄλλων
3510 5240 3833 5307 πρακτικῶι

2255 5320 2524 5391 τεχνῶνῆ
2563 5321 2818 5389 λογικῶν,
2878 5323 3041 5395 ἑτέρα
3078 5326 3203 5395 μὲν,
3244 5328 3276 5399 ἢ
3326 5328 3435 5383 τῶν
3483 5330 3754 5400 ὁργάνων,
3799 5335 3832 5403 ἦ

2254 5410 2364 5462 τῶν
2389 5410 2632 5463 κανόνων
2658 5410 2876 5482 εὕρεσις
2913 5417 3006 5468 καὶ
3034 5416 3214 5481 τάξιςο
3259 5420 3420 5490 ἑτέρα
3452 5421 3529 5488 δὲ,
3567 5425 3599 5493 ἡ
3633 5424 3831 5493 χρῆσις

2257 5500 2411 5570 παρὰ
2461 5502 2587 5565 τοὺς
2634 5506 2879 5574 καιροὺς,
2940 5506 3073 5577 ἤτὰ
3122 5510 3459 5578 πράγματα·
3508 5516 3598 5565 καὶ
3650 5515 3679 5566 6
3728 5516 3833 5582 μὲν

2256 5594 2445 5661 τέμνει
2468 5594 2629 5663 τυχὸν
2662 5597 2902 5665 πρῶτον,
2934 5598 2961 5648 6
3006 5597 3063 5651 δὲ
3108 5606 3477 5669 φαρμακεύει,
3516 5600 3623 5656 ὁδε
3662 5608 3828 5675 χρίει,

2256 5684 2351 5736 καὶ
2384 5685 2411 5736 6
2448 5684 2547 5753 μὲν
2575 5685 2731 5753 φοϐεῖ
2764 5688 3046 5758 πρότερον,
3077 5692 3104 5741 ὁ
3146 5691 3202 5743 δὲ
3248 5695 3578 5762 παρακαλεῖ,
3614 5701 3705 5748 καὶ
3743 5701 3809 5750 οὐ

2252 5772 2343 5825 δὲν
2392 5775 2469 5845 τῷ
2521 5775 2734 5848 τεχνίτῃ
2792 5778 2943 5838 μέλει
2994 5779 3090 5847 τῆς
3122 5782 3342 5835 ἐκεῖνων
3392 5785 3626 5851 τάξεως
3687 5788 3829 5844 ἀλλὰ
