4090 6212
310 271 381 335 61
1477 282 1867 348 COMMENT.
1913 285 1998 349 IN
2027 289 2159 350 PSA
2170 293 2388 358 LMOS.
3502 313 3573 375 σε

310 385 528 454 πρῶτον
565 386 641 458 (5)
671 387 803 442 αὐτὸ
828 389 1060 444 δοκεῖτὸ
1101 393 1240 448 κατᾶ
1276 392 1469 463 χρείαν
1507 395 1541 466 ἦ
1573 394 1824 465 δύναμιν.
1858 399 1866 448 t‘

1990 398 2206 465 incidit,
2231 404 2372 459 alius
2407 405 2760 475 pharmacum
2801 423 3033 482 prestat
3071 427 3125 474 et
3162 420 3319 487 ungit
3371 436 3385 473 ε
3425 423 3570 480 alius

307 476 462 539 τάξιν
506 477 743 532 ἄτακτον
789 481 1038 551 λέγομεν,
1074 483 1210 553 πρὸς
1241 485 1301 536 τὸ
1326 485 1528 537 οἰκεῖον
1563 488 1881 557 συμφέρον

304 566 450 620 οὕτω
473 569 568 622 καὶ
603 569 682 640 τῷ
726 571 975 644 ἡμετέρῳ
1017 575 1255 644 τεχνίτῃ,
1289 575 1368 645 τῷ
1405 576 1548 646 ἁγίῳ
1579 578 1877 647 Πνεύματι,

305 659 479 728 μηδὲν
509 660 606 728 τῆς
654 661 896 731 ἱστορίας
933 665 1197 734 μελῆσαν,
1227 667 1330 736 τῆς
1359 667 1626 734 ὡφελείας
1655 669 1764 723 τῶν
1791 673 1880 724 ὲν-

305 749 681 816 τυγχανόντων
732 753 1018 823 ὲμέλησεν,
1064 757 1160 808 καὶ
1205 757 1354 820 ὅπως
1381 756 1442 810 et
1472 759 1570 827 τῆς
1602 761 1881 831 ⁴ἡμετέρας

303 839 526 908 ἄγαλμα
554 841 736 910 ψυχῆς
757 843 934 915 γλυφῇ
969 849 1114 900 κατά
1139 848 1486 917 τρόπον,-καὶ
1518 851 1656 920 πρὸς
1686 852 1882 915 κάλλος

302 929 606 1000 ἀποξεσθῇ,
636 935 731 985 καὶ
759 935 910 999 τέλος
945 939 1210 1008 μορφωθῇ
1238 939 1370 1010 πρὸς
1405 941 1560 996 Θεόν.
1589 941 1688 995 Διά
1723 943 1882 997 τοῦτο

302 1014 499 1081 πρῶτα
533 1017 632 1084 μὲν
662 1019 720 1070 ὲν
766 1020 845 1089 τῷ
879 1022 1080 1093 πρώτῳ
1117 1023 1318 1094 ψαλμῷ
1345 1027 1443 1095 τῆς
1474 1027 1727 1090 ἀσεϐείας
1757 1031 1876 1100 ἄμα

303 1107 402 1157 καὶ
461 1106 738 1177 ἁμαρτίας
786 1111 1239 1185 ἀπορρήγνυσιν·
1291 1119 1349 1169 ὲν
1385 1118 1440 1171 δὲ
1487 1119 1563 1187 τῷ
1611 1120 1870 1192 δευτέρῳ,

305 1194 455 1258 τίνος
489 1197 655 1266 ἐσμὲν
699 1199 926 1272 κλῆρος,
977 1205 1072 1263 καὶ
1116 1206 1221 1259 τίνι
1255 1208 1714 1277 προσκολληθῆναι
1749 1211 1872 1264 δέον

305 1285 688 1344 ἀποδεικνύει·
731 1294 792 1344 ὲν
841 1294 897 1346 δὲ
948 1295 1031 1366 τῷ
1073 1298 1255 1367 τρίτῳ,
1303 1300 1398 1366 τὴν
1428 1300 1567 1352 κατά
1599 1301 1710 1353 τῶν
1747 1302 1868 1372 Θεῷ

301 1379 820 1451 προσκολληθέντων
847 1385 1134 1455 ἐπιϐουλήν
1166 1404 1224 1439 τε
1272 1387 1361 1441 καὶ
1387 1390 1696 1462 προσϐολὴν
1730 1411 1869 1462 προ-

296 1467 446 1535 λέγει
472 1470 566 1522 τοῦ
596 1474 908 1540 ἀντιπάλου,
940 1477 1033 1528 καὶ
1059 1478 1290 1547 καθεξῆς
1314 1480 1412 1542 τὰς
1434 1481 1734 1553 θεραπείας
1756 1487 1868 1539 τῶν

291 1557 351 1609 ἐν
386 1560 516 1629 ἡμῖν
549 1564 758 1629 παθῶν,
796 1567 826 1634 ἢ
865 1569 1183 1636 προσϐολῶν
1218 1571 1564 1641 ὑποτίθησιν.

1989 493 2251 550 similiter
2276 497 2366 552 hic
2393 501 2627 568 primum
2681 515 2975 574 perterret,
3041 511 3134 566 ille
3187 513 3510 568 consolatur
3546 532 3565 570 :

1987 583 2190 653 quippe
2225 602 2351 642 cum
2415 591 2610 648 artiilci
2637 595 2773 652 ordo
2803 613 2949 654 cura:
2997 616 3107 656 non
3138 602 3232 667 sit,
3285 605 3382 659 sed
3434 606 3565 661 illud

1985 674 2230 743 primum
2267 679 2339 734 ab
2369 695 2434 735 eo
2460 682 2758 752 iudicetur,
2789 690 2936 759 quod
2973 693 3023 745 vi
3087 708 3152 748 ac
3207 695 3415 752 virtute
3468 713 3567 753 sua

1984 768 2139 822 novit
2166 783 2292 826 esse
2317 775 2682 846 przecipuum,
2731 789 2788 835 et
2833 783 3049 838 vulneri
3104 786 3192 841 cui
3247 788 3563 858 applicatur

1983 859 2241 916 conferre
2268 879 2283 916 :
2313 879 2479 932 quam
2511 883 2652 933 rem,
2683 872 2928 928 ordinem
2957 875 3159 946 absque
3185 877 3381 934 ordine
3418 881 3562 936 sole-

1981 963 2104 1004 mus
2134 954 2458 1025 appellare),
2489 959 2572 1014 sic
2599 969 2656 1016 et
2679 977 2898 1018 summo
2918 965 3047 1020 huic
3113 979 3303 1026 nostro
3357 959 3562 1028 artiiici

1979 1048 2175 1096 sancto
2199 1043 2414 1100 scilicet
2453 1047 2712 1116 Spiritui,
2741 1067 2891 1107 cura!
2931 1054 3062 1120 fuit,
3122 1074 3232 1114 non
3292 1063 3441 1130 quod
3491 1065 3562 1117 ad

1979 1129 2292 1199 historiam,
2315 1136 2412 1191 sed
2447 1140 2592 1207 quod
2629 1142 2698 1196 ad
2733 1143 3028 1212 legentium
3059 1129 3350 1202 utilitatem
3385 1153 3562 1219 perti—

1933 1220 1942 1230 '
1975 1232 2154 1288 nerei,
2221 1232 2388 1295 atque
2421 1237 2478 1282 ut
2513 1229 2630 1284 haac
2656 1233 2859 1287 animae
2887 1245 3092 1291 nostrai
3159 1239 3357 1309 imago,
3400 1250 3459 1292 ut
3487 1242 3564 1296 ita

1975 1312 2178 1378 dicam,
2213 1325 2534 1382 autstatua.
2581 1320 2648 1376 ad
2691 1338 2877 1380 mores
2928 1327 3297 1397 sculperetur,
3345 1332 3410 1385 ad
3445 1333 3563 1400 pul-

1972 1404 2338 1461 chritudinem
2370 1412 2732 1480 expoliretur,
2794 1431 2858 1471 ac
2889 1419 3114 1473 tandem
3151 1421 3483 1476 i‘ormarctur
3506 1423 3562 1478 iu

1977 1493 2172 1549 Deum.
2207 1497 2286 1552 Οἱ)
2313 1499 2454 1556 hanc
2486 1519 2712 1560 causam
2751 1511 3038 1579 propheta.
3082 1511 3135 1565 in
3196 1515 3378 1583 primo
3438 1515 3562 1582 qui-

1974 1583 2098 1639 dcm
2153 1591 2385 1656 psalmo,
2437 1596 2507 1649 ab
2557 1598 2840 1668 impietate
2890 1603 3130 1670 primum
3195 1619 3294 1658 nos
3337 1616 3559 1674 separat

291 1656 344 1702 et
375 1665 402 1702 a
445 1655 688 1720 peccatis
751 1672 764 1708 :
794 1656 847 1710 in
880 1660 1126 1714 secundo
1191 1673 1373 1717 autem
1404 1665 1858 1724 subdemonstrat
1898 1675 2053 1745 cujus
2085 1655 2380 1738 haireditas
2417 1687 2614 1751 simus,
2640 1655 2854 1759 Icuique
2878 1655 3160 1750 adhaerere
3218 1702 3270 1748 et
3334 1655 3554 1764 adiungi

288 1754 388 1795 uos
409 1753 658 1854 oporteat
691 1765 704 1801 :
740 1747 794 1802 in
833 1750 1022 1815 tertio,
1064 1753 1310 1821 praedicit
1365 1755 1599 1812 insidias
1649 1770 1704 1814 et
1767 1778 2098 1836 congressus
2162 1773 2391 1838 inimici,
2462 1780 2721 1834 adversus
2763 1747 2870 1834 Icos
2943 1783 3034 1852 qui
3106 1784 3215 1840 Deo
3270 1747 3552 1854 conjunc‘ii

287 1842 414 1885 sunt
441 1851 454 1887 :
479 1834 678 1890 deinde
712 1840 1033 1894 sanationes
1061 1851 1113 1894 et
1142 1856 1309 1898 curas
1361 1847 1705 1914 passionum,
1734 1869 1855 1919 quae
1896 1857 1952 1910 in
1990 1859 2149 1912 nobis
2184 1861 2391 1927 insunt,
2426 1872 2479 1918 et
2523 1867 2919 1932 calamitatum,
2950 1834 3232 1941 1subjicil.

359 1925 520 1978 Ἔστι
567 1926 626 1978 δὲ
680 1928 776 1980 καὶ
805 1929 962 1996 λόγος
1013 1929 1222 2000 ἕτερος,
1273 1934 1356 1985 δτι
1408 1937 1538 1989 ποτὲ
1591 1939 1701 1991 τῶν
1743 1943 1866 1995 Ἰου-

2047 1947 2146 2003 Est
2193 1961 2245 2002 et
2269 1954 2374 2004 alia
2403 1964 2668 2020 praeterea
2719 1958 2882 2024 hujus
2911 1925 3121 2014 ordinis
3158 1964 3316 2016 ratio.
3351 1961 3555 2020 Judmis

284 2015 450 2071 δαίων
504 2023 1044 2091 καταφρονησάντων
1108 2023 1200 2076 τοῦ
1257 2024 1417 2087 Θεοῦ,
1473 2031 1569 2080 καὶ
1615 2030 1726 2082 τῶν
1771 2049 1878 2086 πα-

285 2107 457 2175 τρίων
515 2107 656 2160 ὲθῶν
701 2109 974 2164 λαϐόντων
1031 2111 1204 2182 λήθην
1229 2151 1243 2174 .
1295 2115 1391 2170 καὶ
1451 2117 1586 2171 πολῦ
1643 2120 1880 2188 μάλιστα

291 2196 404 2249 τῶν
442 2197 682 2268 Γραφῶν
724 2201 1113 2272 παρερρύησαν
1167 2205 1221 2256 αἱ
1267 2203 1470 2274 βίϐλοι,
1524 2210 1618 2263 καὶ
1664 2211 1881 2278 διεφθά-

294 2304 494 2356 ρησαν.
555 2289 821 2358 ’Υστερον
868 2291 924 2343 δὲ
979 2292 1109 2364 περὶ
1165 2295 1265 2361 τὴν
1334 2299 1656 2367 συναγωγὴν
1697 2301 1876 2353 αὐτῶν

289 2378 618 2441 σπουδάσας,
681 2380 789 2432 εἴτε
841 2381 1094 2450 Ἔσδρας,
1139 2384 1249 2435 εἴτε
1304 2384 1568 2450 Ἐζεκίας,
1625 2389 1720 2442 καὶ
1769 2391 1869 2443 οὐκ

283 2470 519 2540 ἀθρόως,
548 2470 684 2524 ἀλλά
717 2470 840 2524 καθ’
885 2471 983 2525 ἕνα
1029 2472 1252 2536 τούτους
1282 2475 1696 2547 ἀναλεγόμενος,
1731 2482 1867 2552 πρὸς

281 2561 374 2614 τὸν
399 2561 589 2632 χρόνον
621 2565 721 2632 τῆς
750 2563 1021 2632 εὑρέσεως
1052 2564 1306 2624 ἑκάστου,
1346 2569 1440 2619 καὶ
1466 2568 1564 2638 τὴν
1594 2572 1857 2641 φαινομέ-

283 2668 382 2720 νην
412 2651 569 2717 τάξιν
607 2653 874 2722 ὲπέθηκεν
900 2670 914 2684 ⁸
967 2655 1028 2707 ού
1074 2656 1196 2708 καθ’
1241 2656 1337 2718 οὓς
1388 2658 1691 2730 ἐλέχθησαν
1733 2664 1863 2732 χρό-

281 2759 430 2810 νους,
457 2743 593 2797 ἀλλὰ
627 2744 752 2797 καθ’
781 2744 873 2807 οὒς
899 2746 1225 2817 εὑρέθησαν.
1271 2750 1426 2802 Ἐστι
1454 2749 1512 2802 δὲ
1562 2753 1657 2805 καὶ
1686 2753 1863 2819 ἄλλως

284 2835 478 2900 εἰπεῖν,
506 2835 587 2887 ὅτι
625 2835 698 2906 μὴ
727 2836 875 2906 παρά
921 2839 1049 2900 τοὺς
1083 2837 1334 2908 χρόνους,
1385 2839 1524 2893 ἀλλὰ
1560 2842 1714 2912 παρά
1765 2844 1865 2908 τὰς

285 2929 500 3000 ἡμέρας
533 2931 754 3000 μᾶλλον,
818 2933 876 2985 ὲν
929 2926 1019 2994 αἷς
1068 2933 1129 2985 τὸ
1177 2934 1390 3003 πρῶτον
1428 2935 1764 3007 ἐποιήθησαν
1813 2939 1864 2990 oi

1982 2038 2126 2088 enim
2187 2038 2353 2090 lleum
2388 2042 2515 2092 olitu
2567 2044 2988 2112 negligentibus,
3023 2063 3214 2102 omnes
3248 2052 3406 2116 patrii
3442 2069 3557 2104 mo-

1983 2141 2072 2180 res
2125 2142 2350 2196 prorsus
2404 2147 2542 2199 pene
2589 2133 2852 2187 oblivioni
2888 2137 2999 2189 dati
3027 2145 3178 2200 sunt,
3227 2140 3371 2192 unde
3396 2156 3558 2208 quam

1984 2218 2207 2286 plurimi
2241 2235 2413 2274 sacra:
2453 2221 2757 2291 Scriptura:
2784 2225 2931 2290 libri,
2965 2242 3155 2280 corum
3189 2228 3401 2297 ignavia
3435 2246 3561 2298 per-

1979 2305 2181 2360 icrunt.
2237 2308 2483 2377 Cumque
2544 2312 2749 2366 Esdras
2797 2330 2893 2368 seu
2961 2315 3242 2380 Ezechias,
3306 2319 3560 2387 quisquis

1970 2413 2158 2454 eorum
2188 2400 2371 2466 fuerit,
2396 2403 2650 2458 utilitatis
2683 2405 2914 2474 publicae
2945 2417 3096 2461 certe
3117 2410 3417 2472 studiosus,
3452 2409 3557 2463 hu-

1965 2490 2206 2562 jusmodi
2247 2495 2506 2562 psalmos,
2559 2511 2671 2550 non
2700 2507 2880 2552 tamen
2919 2513 3026 2553 una
3055 2515 3269 2566 omnes,
3307 2504 3401 2557 sed
3440 2503 3554 2558 sin-

1969 2582 2188 2652 gulares
2228 2598 2292 2637 ac
2356 2585 2636 2655 dispersos
2695 2590 3012 2659 reperisset,
3055 2593 3317 2649 collectos
3360 2605 3551 2664 postea

1965 2680 2019 2724 et
2057 2671 2110 2727 in
2141 2687 2306 2725 unum
2330 2676 2693 2744 compositos.
2715 2692 2782 2730 eo
2805 2678 3001 2732 ordine
3031 2694 3142 2752 quo
3170 2682 3370 2750 reperti
3398 2690 3549 2748 sunt,

1966 2763 2040 2817 ita
2096 2764 2152 2817 in
2209 2764 2485 2834 publicum
2541 2767 2734 2830 edidit,
2780 2769 2965 2855 habita
3012 2753 3273 2839 temporis
3316 2773 3546 2834 ratione,

1965 2869 2075 2909 non
2103 2871 2212 2926 quo
2240 2857 2474 2912 confecti
2500 2867 2649 2924 sunt,
2676 2860 2772 2916 sed
2798 2877 2906 2929 qtto
2940 2861 3174 2917 inventi.
3214 2863 3349 2917 illud
3381 2864 3546 2918 etiam

1967 2943 2074 2998 dici
2132 2953 2311 3016 potest
2361 2948 2504 3014 quod
2562 2950 2755 3019 psalmi
2811 2967 2920 3005 non
2953 2951 3109 3019 juxta
3144 2960 3412 3023 tempora,
3451 2954 3546 3007 sed

284 3019 510 3090 ψαλμοὶ,
549 3021 608 3074 τὸ
661 3022 800 3091 μετὰ
852 3022 1012 3076 τοῦτο
1047 3026 1440 3096 συνετάγησαν.
1483 3027 1698 3081 Γένοιτο
1725 3029 1770 3082 δ’
1798 3028 1863 3082 ἂν

1969 3035 2112 3103 iuxta
2161 3036 2301 3102 dies,
2365 3039 2566 3106 quibus
2629 3041 2865 3110 primum
2920 3043 3209 3111 compositi
3259 3019 3410 3106 sunt,
3464 3043 3538 3097 ita

281 3109 426 3162 οὕτω
443 3111 816 3182 φανερώτερον
845 3111 907 3166 τὸ
927 3112 1226 3181 λεγόμενον
1252 3131 1266 3145 ·
1304 3117 1519 3186 πρῶτον
1561 3118 1697 3171 Θεοῦ
1739 3119 1863 3172 σύλ-

1964 3135 2157 3196 postea
2187 3128 2240 3182 in
2272 3145 2439 3184 unum
2469 3130 2710 3186 ordinati
2749 3132 2920 3190 fuere.
2973 3132 3127 3200 Quod
3167 3135 3404 3191 dicimus
3429 3149 3545 3189 ma-

282 3202 465 3271 ληψις,
501 3198 620 3256 εἶτα
656 3203 930 3274 γέννησις,
968 3200 1086 3258 εἶτα
1116 3205 1309 3276 κλῆσις
1342 3208 1438 3260 καὶ
1465 3211 1733 3280 περιτομὴ
1761 3212 1858 3264 καὶ

1969 3216 2220 3274 nii‘estius
2271 3219 2446 3274 ﬁetex
2496 3222 2585 3275 his
2626 3239 2748 3292 quae
2792 3198 3105 3294 subjiciam.
3158 3225 3362 3281 Christi
3410 3241 3546 3282 cou-

283 3297 618 3367 προσαγωγὴ
671 3296 809 3367 πρὸς
856 3296 948 3351 τὸν
988 3298 1138 3363 ναδν,
1203 3299 1297 3351 καὶ
1341 3299 1668 3370 ύπάντησις,
1722 3279 1858 3370 μετὰ

1969 3309 2142 3377 ceptio
2191 3317 2437 3379 tempore
2463 3313 2698 3380 primum
2732 3313 2855 3380 fuit;
2883 3318 3230 3385 postmodum
3267 3319 3541 3384 nativitas,

282 3385 575 3456 τριάκοντα
599 3387 822 3456 χρόνους
845 3389 878 3456 ὴ
914 3388 1187 3457 βάπτισις,
1225 3391 1258 3459 ἡ
1291 3391 1614 3460 φανέρωσις,
1650 3394 1683 3462 ἡ
1714 3393 1860 3446 διδαο

286 3477 504 3539 σκαλία,
563 3479 630 3530 τά
685 3478 960 3549 θαύματι,
997 3480 1065 3533 τὰ
1108 3481 1455 3551 παθήματα,
1502 3483 1593 3535 καὶ
1641 3485 1858 3538 πάντων

1961 3398 2160 3453 deinde
2184 3399 2464 3468 itnpositio
2495 3404 2733 3458 nominis
2767 3413 2820 3458 et
2839 3405 3188 3460 circumcisio
3217 3423 3231 3459 :
3267 3415 3388 3474 post
3428 3408 3542 3462 haec

1962 3491 2221 3545 adductio
2251 3493 2305 3546 in
2331 3495 2587 3566 templum
2611 3505 2666 3552 et
2698 3497 3013 3569 hypantesis
3040 3499 3166 3570 [hoc
3189 3511 3271 3554 est
3290 3502 3537 3565 obviatio,

287 3566 513 3636 ἔσχατον
546 3569 579 3636 ἡ
611 3568 937 3633 ἀνάστασις·
963 3570 1079 3623 ἀλλ’
1122 3573 1254 3641 ἡμῖν
1296 3588 1358 3640 γε
1405 3573 1712 3627 τούναντίον
1764 3577 1856 3628 ὲπὶ

1969 3596 2120 3648 quam
2147 3581 2327 3637 Latini
2360 3566 2794 3653 purificationem
2824 3566 3063 3658 Virginis
3087 3587 3382 3660 appellant]
3409 3607 3422 3654 ;
3447 3590 3543 3642 de-

283 3658 393 3712 τῶν
417 3659 618 3730 ἑορτῶν
659 3659 770 3728 ἔχει
799 3660 868 3713 τὰ
894 3661 1258 3732 διαστήματα,
1296 3663 1509 3732 πρῶτον
1567 3665 1852 3735 σύλληψις,

283 3746 384 3804 εἶτ’
405 3751 566 3814 εὐθὺς
611 3751 925 3817 ἀνάστασις.
966 3752 1132 3825 Ὀρᾷς
1159 3756 1258 3826 ὅση
1289 3756 1395 3809 τῶν
1450 3756 1550 3826 μὲν
1585 3757 1786 3826 ἑορτῶν
1818 3759 1853 3827 ὴ

282 3841 604 3906 ἀπόστασις,
644 3843 751 3896 τῶν
779 3844 834 3896 δὲ
855 3844 1076 3914 ἡμερῶν
1117 3847 1150 3916 ή
1189 3847 1484 3915 συνάφεια;
1527 3848 1690 3900 πάλιν
1721 3846 1854 3897 ἀνά-

282 3934 464 4005 ληψις,
491 3935 932 4006 μεταμόρφωσις,
973 3934 1074 3990 εἷθ’
1109 3938 1144 4006 ἡ
1190 3937 1466 4005 γέννησις,
1495 3933 1616 3989 εἶτα
1640 3935 1859 3987 πάντων

282 4027 571 4098 ἐσχατονή
613 4027 936 4098 φανέρωσις.
985 4027 1151 4098 Ὀρᾷς
1183 4027 1282 4097 ὅση
1309 4027 1418 4079 τῶν
1457 4025 1796 4096 πραγμάτων
1825 4025 1860 4095 ἡ

282 4119 624 4181 ὲναντίωσιςς
660 4119 754 4172 καὶ
784 4120 817 4189 ἡ
841 4119 937 4189 μὲν
961 4119 1067 4171 τῶν
1089 4121 1148 4171 ὲν
1174 4118 1341 4188 μησὶν
1368 4117 1591 4188 ἡμερῶν
1624 4115 1855 4186 διεσώθη

273 4209 455 4274 τάξις,
477 4212 510 4279 ἡ
533 4210 590 4262 δὲ
609 4211 718 4264 τῶν
744 4211 1080 4281 πραγμάτων
1114 4209 1291 4264 αὐτῶν
1337 4209 1562 4281 διεκόπη
1599 4208 1854 4280 μάλιστα,

279 4301 378 4356 καὶ
410 4301 782 4369 γέγονεκιὰξις
811 4304 868 4355 ὲν
896 4302 1093 4374 ἀταξίᾳ
1125 4320 1227 4366 τις.

1964 3685 2109 3724 mum
2159 3680 2284 3740 post
2317 3674 2537 3744 triginta
2569 3689 2746 3732 annos
2783 3677 3089 3744 baptismus
3121 3689 3176 3730 et
3218 3677 3542 3731 manifesta-

1963 3763 2039 3814 tio
2075 3763 2289 3814 Domini
2327 3781 2340 3816 :
2370 3765 2570 3817 deinde
2594 3767 2870 3827 doctrina,
2903 3768 3190 3830 miracula,
3230 3770 3538 3835 passiones,

1965 3858 2018 3902 et
2044 3858 2324 3916 postremo
2350 3854 2703 3906 resurrectio.
2735 3853 2936 3908 Verum
2983 3856 3122 3924 apud
3148 3870 3250 3908 nos
3275 3856 3544 3909 festivita-

1969 3945 2053 3992 tes
2088 3937 2206 3990 ista!
2234 3937 2343 3992 alio
2364 3939 2558 3992 ordine
2599 3949 2762 4008 atque
2796 3942 2903 3994 alio
2947 3941 3238 3997 intervallo
3262 3944 3544 3997 celebran-

1967 4035 2077 4083 tur.
2111 4027 2296 4082 Primo
2344 4013 2490 4085 enim
2541 4033 2982 4108 conceptionem,
3020 4048 3083 4086 ac
3116 4033 3312 4088 deinde
3358 4033 3542 4088 statim

1965 4121 2425 4177 resurrectionem
2471 4122 2840 4179 celebramus.
2901 4123 2981 4194 (ϐ)
3037 4123 3198 4177 Vides
3243 4135 3442 4193 quanta
3471 4127 3542 4180 sit

1965 4215 2228 4282 temporis
2274 4215 2634 4270 festivitatum
2677 4215 2934 4271 distantia
2958 4226 3012 4270 et
3050 4216 3262 4269 dierum
3309 4217 3541 4284 conjun-

1957 4303 2091 4357 ctio.
2147 4303 2362 4359 Rursus
2405 4307 2735 4375 assumptio,
2773 4306 3211 4375 trausiiguratio,
3257 4307 3539 4360 nativitaso

279 4400 336 4448 et
387 4393 584 4449 deinde
629 4405 904 4466 postrema
948 4397 1188 4450 omnium
1248 4395 1520 4466 apparitio
1569 4409 1632 4449 ac
1671 4395 2043 4452 maniiestatio
2089 4399 2419 4456 celebratur.
2491 4401 2656 4457 Vides
2698 4409 2902 4469 quanta
2969 4403 3043 4457 sit
3113 4416 3294 4456 rerum
3360 4401 3540 4456 diver-

279 4482 418 4537 sitas
477 4482 624 4540 Ordo
673 4486 875 4556 quippe
915 4485 1125 4540 dierum
1159 4486 1213 4538 in
1267 4486 1548 4541 mensibus
1596 4493 1846 4542 servatus
1885 4497 1990 4552 est,
2041 4503 2224 4544 rerum
2285 4501 2466 4546 autem
2503 4492 2660 4547 valde
2695 4493 3007 4562 disjunctus
3053 4509 3068 4548 :
3115 4503 3169 4549 et
3234 4491 3410 4548 iactus
3455 4507 3539 4555 est

277 4576 417 4633 ordo
447 4577 690 4646 quidam,
727 4579 884 4648 quasi
926 4578 1045 4632 sine
1075 4575 1289 4632 ordine.

364 4666 523 4720 Ἀλλά
549 4668 736 4737 καιρὸς
761 4667 966 4732 διδάξαι
997 4667 1202 4732 λοιπὸν,
1250 4667 1344 4720 καὶ
1364 4667 1448 4729 τίς
1483 4667 1516 4736 ἠ
1551 4667 1608 4719 ὲν
1647 4666 1860 4730 πολλοῖς

2039 4666 2145 4722 Sed
2175 4675 2392 4736 tempus
2425 4679 2507 4724 est
2529 4677 2588 4722 ut
2609 4670 2722 4738 jam
2753 4670 3012 4740 deinceps
3039 4671 3355 4738 doceamus,
3387 4688 3536 4742 qua!-

277 4755 389 4809 τῶν
417 4755 646 4826 ψαλμῶν
673 4758 931 4826 ἀσάφεια,
954 4759 1048 4812 καὶ
1074 4759 1238 4811 πόσαι
1273 4757 1587 4828 μεταϐολαὶ,
1620 4756 1714 4809 καὶ
1745 4774 1853 4811 πα-

1960 4772 2085 4812 nam
2127 4758 2200 4813 sit
2239 4759 2600 4814 obscuritatis
2644 4762 2805 4823 ratio,
2850 4777 2972 4830 qua:
2999 4761 3049 4814 in
3087 4763 3274 4817 multis
3313 4763 3535 4832 psalmis

281 4847 355 4920 ρὰ
382 4849 545 4901 τίνων
568 4849 668 4920 τῆς
707 4847 989 4920 Ἐϐραΐδος
1033 4848 1312 4902 διαλέκτου
1341 4847 1476 4916 πρὸς
1529 4849 1625 4917 τὴν
1666 4847 1856 4918 Ἐλλη-

1969 4851 2249 4918 reperitur,
2275 4860 2330 4904 et
2371 4860 2506 4918 quot
2553 4851 2940 4907 translationes
2982 4851 3114 4917 sint,
3168 4870 3232 4909 ex
3268 4852 3533 4909 Hebraica

274 4941 399 4993 νίδα
441 4941 747 5010 γεγόνασιν.
798 4941 957 4995 Αίτία
995 4942 1093 5011 τῆς
1146 4939 1415 5009 ἀσαφείας
1464 4939 1564 5009 τῆς
1621 4939 1857 5002 παλαιᾶς

1955 4938 2143 5010 lingua
2178 4939 2232 4994 in
2287 4939 2554 5006 Graecam,
2587 4952 2638 4996 ct
2669 4958 2697 4996 a
2736 4944 2938 5011 quibus
2973 4945 3148 5000 factae.
3181 4946 3332 5012 Quod
3371 4950 3536 5017 igitur

275 5029 502 5098 Γραφῆς
530 5071 543 5094 ,
575 5031 633 5083 τό
663 5048 723 5085 τε
753 5030 1079 5100 συμϐολικὸν
1105 5030 1214 5084 τῶν
1243 5033 1342 5083 ὅσα
1384 5029 1618 5100 Χριστὸν
1665 5031 1758 5082 καὶ
1787 5031 1857 5084 τά

1969 5036 2067 5081 lam
2099 5028 2268 5082 multa
2301 5031 2355 5083 in
2383 5032 2550 5085 veteri
2577 5031 2859 5101 Scriptura
2882 5035 3120 5089 obscura
3158 5037 3530 5094 inveniantur.

277 5121 425 5174 κατὰ
455 5122 708 5193 Χριστὸν,
739 5123 834 5175 καὶ
871 5122 1057 5186 ἁπλῶς
1085 5123 1280 5184 εἰπεῖν,
1315 5121 1383 5174 τὰ
1415 5122 1514 5192 τῆς
1543 5121 1669 5183 νέας
1698 5121 1860 5192 χάρι-

277 5227 376 5270 τος
406 5212 766 5282 προετύπουν,
795 5215 890 5267 καὶ
917 5215 986 5268 τὰ
1022 5213 1286 5284 ἰδιώματα
1315 5212 1708 5282 τῆςἚϐραΐδος
1740 5213 1859 5266 δια-

275 5296 474 5351 λέκτου
509 5301 644 5370 πρὸς
689 5301 786 5371 τὴν
826 5301 1127 5371 Ἑλληνίδα.
1165 5301 1454 5370 Διαφόροις
1488 5301 1594 5368 γὰρ
1653 5301 1860 5370 κέχρη-

280 5405 374 5443 ται
401 5392 463 5443 τὸ
519 5393 852 5464 προφητικὸν
883 5394 1002 5456 ἔθος
1067 5395 1116 5447 εί
1162 5395 1256 5446 καὶ
1309 5393 1381 5463 μὴ
1430 5395 1488 5445 ὲν
1523 5394 1694 5446 πᾶσι’
1730 5411 1858 5447 συν-

1959 5118 2014 5172 in
2047 5134 2217 5174 causa
2248 5132 2376 5174 sunt
2405 5121 2609 5192 ﬁgurae,
2641 5140 2981 5196 quiscunque
3007 5126 3313 5187 Christum,
3350 5127 3531 5178 illius-

1960 5227 2067 5283 que
2098 5215 2368 5279 actiones,
2388 5225 2441 5269 et
2468 5230 2662 5269 novam
2692 5220 2921 5287 gratiam
2953 5218 3354 5288 prmsignabant
3386 5216 3532 5280 (omo

1966 5304 2056 5358 nia
2091 5306 2293 5375 quippe
2323 5306 2436 5362 haec
2491 5323 2611 5377 qua:
2643 5309 2708 5362 ad
2745 5311 2989 5378 gentium
3026 5311 3364 5365 vocationem
3401 5315 3528 5370 per-

1959 5394 2132 5452 tinere
2177 5399 2525 5464 videbantur,
2560 5401 2837 5469 pt-Ophetze
2867 5402 2936 5457 de
2994 5396 3256 5455 industria
3297 5394 3528 5453 obscuro

1611 5509 1811 5569 Varia:
1851 5509 2178 5576 lectiones.

353 5608 434 5680 (5)
468 5609 823 5682 §cribcndum
856 5612 1088 5668 fortasse
1117 5613 1286 5682 αὐτῷ.

355 5679 436 5751 (6)
460 5679 647 5738 Graece
687 5698 782 5755 per
827 5679 1305 5755 interrogationem
1335 5682 1658 5751 cilcruntur,
1693 5689 1752 5738 ut
1796 5691 1850 5738 ct
1889 5683 2052 5756 paulo
2093 5690 2215 5753 post
2253 5699 2267 5737 :
2313 5683 2460 5737 Vides
2495 5691 2720 5752 quanta,
2753 5687 2862 5734 ctc.
