4082 6212
557 348 628 408 63
1790 344 2180 405 EUTHYMII
2217 344 2577 406 ZIGAHENI
3747 348 3813 409 6.5

551 458 846 514 admodum
898 463 1308 528 pertractarunt
1351 475 1363 511 :
1397 471 1464 511 ne
1503 457 1550 511 si
1583 454 2126 509 invidentissimailla

2242 459 2576 527 εσκιασμένα
2606 457 2713 528 γὰρ
2742 458 2808 511 τὰ
2848 458 3075 512 πλεῖστα
3117 459 3204 512 διὰ
3243 457 3340 528 τὴν
3374 458 3482 511 τῶν
3532 460 3817 530 ἀκροατῶν

550 549 871 603 Judaaorum
950 565 1084 619 gens
1121 549 1357 603 futuram
1394 547 1741 619 primogeniti
1772 547 1992 601 lsraelis
2022 546 2135 600 rui-

550 658 675 694 nam
712 648 767 695 et
817 642 1061 710 gentium
1106 643 1454 711 adoptionem
1506 640 1872 711 cognovisset,
1944 653 2137 694 saeros

552 733 746 797 libros,
779 733 867 786 ubi
904 733 1018 787 lirec
1044 732 1301 802 praedicta
1334 743 1482 797 sunt,
1532 747 1723 785 omnes
1750 731 1859 801 igni
1894 732 2137 797 tradere,

553 833 721 893 atque
753 840 943 879 eorum
976 828 1297 881 memoriam
1324 824 1617 878 obliterare
1649 822 1920 886 studeret,
1958 838 2137 893 neque

550 916 699 968 enim
776 917 1019 988 alioquin
1074 919 1467 971 sustinuissent
1534 926 1681 971 tanta
1755 917 2020 973 adversus
2077 933 2139 973 se

552 1007 685 1061 ferri
738 1011 1075 1064 testimonia.
1121 1010 1275 1065 Unde
1303 1025 1413 1065 non
1445 1012 1724 1065 mediocre
1746 1012 2005 1067 damnum
2047 1025 2139 1081 p0-

557 1099 725 1153 steris
757 1100 971 1154 illatum
1018 1101 1238 1167 fuisset,
1291 1105 1437 1172 quod
1466 1102 1554 1155 Dei
1586 1102 1873 1157 consilium
1900 1103 2137 1174 quodam

550 1191 606 1242 in
635 1192 753 1247 loco
790 1209 934 1251 unus
968 1196 1361 1266 pr0phetarum
1418 1186 1911 1260 nobis‘indicavit,
1947 1195 2136 1250 dicens

549 1297 616 1337 ex
648 1299 884 1352 persona
909 1287 1002 1343 Dei
1023 1289 1087 1341 ad
1105 1289 1421 1343 Judazorum
1449 1298 1664 1359 gentem
1698 1290 1740 1321 ”
1769 1303 1783 1342 :
1813 1287 1997 1359 Neque
2024 1303 2139 1341 cre-

2241 550 2524 604 ἀπείθειαν
2580 552 2672 604 καὶ
2734 551 3099 622 σκληρότητα,
3133 551 3226 604 καὶ
3276 552 3476 619 ὀλίγοις
3506 554 3614 605 τῶν
3650 555 3813 621 ἁγίων

2241 643 2767 713 παραγυμνούμενα,
2808 644 2901 696 καὶ
2928 643 3103 713 ὀρθῶς
3135 643 3243 696 ἀπὸ
3274 642 3368 695 τοῦ
3416 644 3604 704 τέλους
3655 644 3811 712 μόνου

2241 737 2555 807 κρινόμενα.
2590 736 2909 788 Τελευταῖον
2948 736 3002 788 δὲ
3031 737 3281 805 dium/,4;
3311 737 3418 787 ἀπὸ
3451 739 3551 805 τῆς
3599 736 3812 805 Ἐϐραῖο

2239 826 2328 888 δος
2380 827 2471 878 ἐπὶ
2525 824 2623 895 τὴν
2678 826 2954 895 Ἑλληνίδα
2982 826 3228 893 γλῶτταν
3261 825 3468 878 τούτων
3509 826 3809 895 μεταϐολή·

2240 921 2389 974 πᾶσα
2416 919 2525 989 γὰρ
2552 918 2765 986 γλῶττα
2794 918 3196 988 μετατιθεμένη
3234 919 3370 989 πρὸς
3398 918 3708 986 ἀλλοτρίαν,
3742 918 3810 981 ὡς

2237 1010 2461 1075 ἐπίπαν,
2487 1009 2599 1080 ἔχει
2640 1011 2701 1064 τὸ
2755 1010 2958 1079 ἀσαφὲς
2986 1011 3080 1064 καὶ
3111 1011 3563 1080 δυσκατανόητον.
3598 1010 3811 1079 Μεθηρ-

2240 1105 2590 1175 μηνεύθησαν
2618 1105 2675 1158 δὲ
2714 1107 2805 1158 ἑπὶ
2838 1106 3173 1177 Πτολεμαίου
3212 1106 3307 1159 τοῦ
3364 1104 3715 1171 Φιλαδέλφου,
3739 1103 3811 1154 διο

2237 1195 2462 1260 ἐποντος
2493 1196 2588 1265 τῆς
2619 1196 2895 1264 Αἰγύπτου
2922 1196 3020 1263 τὴν
3075 1195 3372 1265 βασιλείαν.
3424 1194 3598 1247 Ἐπτὰ
3628 1194 3682 1245 δὲ
3712 1194 3807 1261 τῆς

2237 1286 2473 1349 παλαιᾶς
2508 1287 2731 1357 Γραφῆς
2765 1288 3231 1359 μεθερμηνεύσεις
3261 1287 3515 1355 γεγόνασι

548 1375 756 1445 didisti,
783 1396 945 1448 neque
968 1398 999 1434 a
1029 1382 1294 1448 principio
1319 1382 1502 1449 aperui
1536 1382 1631 1434 tibi
1661 1397 1840 1435 aures.
1871 1380 2139 1435 Noveram
2176 1382 2315 1434 enim
2345 1380 2484 1447 quod
2518 1380 2819 1434 inobediens
2844 1396 2945 1435 non
2977 1382 3239 1449 pareres).
3278 1381 3549 1433 Prmterea
3622 1378 3809 1431 obscu-

548 1469 731 1524 ritatis
826 1472 930 1525 alia
983 1474 1149 1527 etiam
1200 1484 1285 1529 est
1337 1476 1499 1537 ratio,
1550 1474 1754 1529 idioma
1810 1474 2021 1530 scilicet
2063 1473 2345 1529 llebraiem
2413 1475 2611 1544 lingua:
2677 1474 2958 1530 diversum
3007 1490 3036 1529 a
3069 1473 3306 1529 Graeca:
3351 1472 3518 1526 variis
3548 1470 3691 1525 enim
3756 1484 3810 1525 ac

549 1566 946 1635 multiplicibus
999 1570 1257 1641 loquendi
1318 1573 1494 1627 modis
1545 1573 1823 1643 prophetae
1887 1587 2261 1644 schenumero
2289 1572 2371 1627 usi
2409 1578 2557 1636 sunt,
2589 1572 2925 1641 (quanquam
2986 1586 3092 1624 non
3156 1569 3234 1625 sic
3303 1566 3565 1637 semper,)
3624 1566 3810 1619 adum-

550 1657 706 1710 brate
742 1659 906 1713 etiam
962 1663 1131 1716 multa
1193 1663 1401 1727 dixere.
1454 1666 1524 1721 ob
1588 1666 2032 1723 incredulitatem
2086 1673 2140 1720 et
2216 1665 2471 1720 duritiem
2531 1663 2881 1717 auditorum:
2943 1678 3063 1732 quae
3108 1671 3285 1715 tamen
3354 1658 3705 1730 paucioribus
3755 1670 3811 1710 ac

550 1750 763 1804 sanctis
817 1752 951 1809 viris
990 1757 1231 1810 revelata
1270 1767 1420 1823 sunt,
1470 1773 1701 1829 quaeque
1732 1772 1763 1813 a
1799 1759 1919 1814 solo
1951 1772 2132 1812 rerum
2174 1756 2324 1812 exitu
2375 1770 2439 1809 ac
2500 1754 2604 1809 line
2658 1761 2807 1808 recte
2862 1753 3201 1821 iudicantur.
3294 1750 3582 1806 Postremo
3652 1747 3809 1801 etiam

549 1839 642 1899 illa
684 1846 921 1902 addatur
971 1850 1135 1918 ratio,
1174 1852 1317 1921 quod
1348 1854 1415 1908 de
1446 1854 1622 1923 patria
1695 1867 1759 1908 ac
1837 1852 2059 1924 propria
2126 1849 2399 1906 Hebraica
2461 1850 2649 1921 lingua
2700 1850 2753 1904 in
2810 1850 2992 1912 aliam,
3049 1846 3273 1916 antiqua
3326 1844 3512 1899 omnia
3577 1841 3806 1911 legimus

549 1944 841 1999 translata.
894 1945 1087 2001 Omnis
1126 1956 1307 2003 autem
1354 1948 1538 2019 lingua
1573 1950 1625 2003 in
1671 1950 1830 2005 aliam
1865 1963 2152 2014 conversa,
2194 1960 2254 2003 ut
2294 1947 2619 2020 plurimum,
2651 1945 3026 2002 diliicultatem
3069 1953 3235 2012 atque
3266 1942 3657 1997 obscuritatem
3728 1954 3817 2008 ge-

550 2043 727 2088 nerat.
765 2034 1078 2091 'l‘ranslatio
1109 2038 1210 2093 ista
1248 2039 1390 2094 facta
1424 2048 1506 2096 est
1534 2052 1799 2111 tempore,
1826 2058 1935 2111 quo
1965 2040 2303 2097 Prolemaeus
2361 2039 2780 2110 Philadelphus,
2831 2053 3059 2106 regnum
3118 2035 3336 2108 Egypti
3378 2031 3811 2088 administrabat.

552 2128 769 2196 Septem
823 2129 968 2181 enim
1028 2128 1179 2184 fuere
1239 2132 1629 2189 translationes
1679 2132 1893 2189 Veteris
1940 2134 2301 2190 Testamenti.

617 2220 798 2274 Prima
815 2236 843 2274 a
863 2219 1003 2274 LXX
1024 2221 1157 2276 viris
1184 2221 1349 2289 facta,
1369 2224 1459 2293 qui
1486 2222 1695 2279 Hebraei
1720 2234 1878 2280 erant
1902 2235 1955 2280 et
1980 2225 2126 2280 electi

2316 2226 2535 2298 Πρώτη,
2580 2229 2613 2297 ἡ
2647 2227 2754 2280 τῶν
2784 2226 3174 2296 ἑϐδομήκοντα,
3219 2225 3414 2287 οἵτινες
3462 2223 3702 2295 Ἑϐραῖοι
3728 2222 3810 2275 ὗν-

554 2314 795 2376 fuerunt,
860 2314 1016 2383 juxta
1081 2330 1370 2367 numerum
1426 2317 1769 2386 septuaginta
1827 2316 2126 2380 seniorum,

2235 2336 2347 2382 τες,
2404 2318 2733 2387 ἑξελέγησαν
2791 2317 2933 2370 κατὰ
2992 2316 3227 2386 ἀριθμὸν
3273 2317 3383 2369 τῶν
3418 2317 3522 2369 ὑπο
3576 2317 3812 2379 Μωσέως

549 2416 689 2469 quos
721 2400 881 2471 elegit
919 2401 1155 2474 Moyses.
1201 2403 1264 2457 Hi
1319 2403 1505 2474 igitur,
1541 2407 1955 2461 commemorati
1990 2407 2132 2475 regis

552 2493 801 2557 hortatu.
852 2495 918 2549 ad
977 2497 1120 2551 hanc
1155 2498 1496 2568 provinciam
1536 2499 1829 2569 designati,
1866 2502 1920 2555 in
1964 2516 2130 2554 unam

552 2600 648 2655 per
682 2586 864 2639 omnia
923 2588 1428 2659 interpretationem
1484 2606 1812 2647 convenere.
1880 2590 2133 2647 Secunda

549 2678 761 2748 Aquila!
797 2680 1144 2748 Sinopensis.
1168 2682 1263 2736 [lic
1296 2682 1518 2740 Graecus
1542 2684 1663 2752 fuit,
1691 2694 1855 2755 atque
1881 2701 1910 2741 e
1937 2686 2128 2753 Ponto,

550 2777 606 2823 et
647 2769 1043 2845 Hierosolymis
1072 2773 1386 2844 baptizatus
1425 2795 1440 2832 :
1474 2777 1673 2831 deinde
1719 2794 1842 2835 cum
1888 2779 2132 2836 offensus

551 2859 926 2934 inimicusque
956 2862 1184 2921 etfectus
1219 2876 1369 2923 asset
1413 2868 1741 2937 quibusdam
1776 2871 2130 2937 Christianis,

550 2964 735 3023 spreto
755 2954 1102 3026 baptismate,
1123 2956 1325 3015 Judaais
1344 2974 1402 3015 se
1426 2960 1769 3029 adjunxit,‘et
1786 2961 2129 3033 Scripturam

552 3050 833 3105 transtulit
862 3051 963 3106 sub
987 3050 1229 3106 Adriano
1285 3053 1614 3124 imperatore
1658 3070 1746 3118 eo,
1771 3056 1865 3125 qui
1923 3056 2129 3125 lepram

551 3155 749 3210 passus
783 3150 867 3196 est
897 3142 1026 3198 CCC
1059 3152 1115 3199 et
1165 3143 1312 3199 XXX
1352 3144 1513 3201 annis
1545 3157 1671 3218 post
1708 3148 2127 3202 translationem

552 3227 712 3283 LXX.
739 3228 839 3285 Hic
876 3236 1059 3301 itaque
1106 3234 1283 3290 iratus
1314 3233 1671 3303 Christianis,
1713 3238 1881 3290 multa
1910 3253 2131 3308 perver-

551 3322 636 3374 tit.
670 3320 907 3377 Tertiam
928 3324 1055 3381 fecit
1081 3326 1468 3399 Symmachus,
1499 3329 1674 3397 patria
1703 3329 2125 3391 Samaritanus:

549 3417 785 3484 quicum
824 3421 968 3488 apud
1000 3436 1155 3485 suos,
1186 3432 1452 3492 quantum
1500 3422 1728 3478 honoris
1762 3424 1985 3493 optabat
2020 3440 2128 3481 non

550 3520 966 3579 assequeretur,
990 3511 1210 3568 Judazos
1233 3512 1388 3578 adiit,
1414 3523 1467 3569 et
1500 3530 1718 3571 rursum
1741 3516 2126 3579 circumcisus.

550 3599 605 3653 in
638 3600 1107 3659 Samaritanorum
1140 3604 1429 3668 oll‘ensam,
1461 3620 1676 3661 sacram
1734 3605 2126 3677 interpretatus

450 3690 453 3691 ⁷
548 3700 634 3748 cst
658 3691 1022 3763 Scripturam,
1067 3696 1171 3750 sub
1201 3695 1403 3750 Severo
1443 3696 1793 3765 imperatore.
1826 3698 1928 3766 Qui
1959 3700 2123 3755 etiam

549 3783 834 3840 ntJudzeis
867 3788 1122 3854 placeret,
1163 3803 1507 3859 quaecunque
1536 3787 1604 3843 ad
1638 3788 1921 3845 Christum
1956 3792 2125 3860 perti-

549 3874 776 3939 nebant,
833 3892 943 3930 non
1003 3893 1134 3931 sane
1176 3879 1462 3935 transtulit
1496 3895 1509 3932 :
1548 3881 1709 3938 annis
1745 3897 1839 3937 sex
1888 3885 2125 3953 etquin-

546 3964 809 4035 quaginta
839 3976 966 4036 post
991 3966 1287 4024 editionem
1318 3971 1548 4040 Aquilae.
1588 3972 1793 4039 Quarta
1826 3974 1925 4030 fuit
1947 3976 2127 4033 Theo-

547 4056 786 4113 dotionis
836 4058 1084 4129 Ephesii,
1114 4062 1207 4131 qui
1235 4078 1360 4119 cum
1395 4078 1460 4119 ex
1494 4064 1789 4121 Marcionis
1820 4068 2009 4123 haeresi
2040 4083 2126 4124 cs-

552 4157 657 4210 set.
685 4150 981 4220 aliquando
1021 4152 1267 4209 oﬂ'ensus
1294 4154 1413 4209 suis
1448 4155 1817 4220 cohmreticis,
1847 4160 2123 4228 propriam

551 4240 1057 4310 interpretationem
1088 4244 1282 4305 edidit,
1314 4245 1419 4299 sub
1439 4245 1768 4313 imperatore
1799 4247 2120 4306 Commodo.

548 4332 749 4399 Quinta
782 4346 992 4390 certum
1020 4351 1129 4390 non
1147 4335 1312 4389 habet
1348 4344 1649 4401 auctorem;
1681 4337 1897 4393 inventa
1922 4349 2003 4394 est
2028 4356 2126 4395 au-

548 4434 657 4480 tem
685 4426 740 4480 in
766 4426 1044 4488 Hiericho,
1078 4425 1227 4479 dolio
1256 4434 1467 4495 operta,
1502 4426 1607 4481 sub
1639 4426 1920 4484 Caracalla
1949 4431 2124 4500 impe—

547 4527 752 4570 ratore.
774 4516 942 4568 Sexta
968 4515 1086 4568 sine
1104 4516 1348 4569 auctoris
1374 4515 1595 4571 nomine
1618 4527 1829 4586 reperta
1849 4528 1932 4573 est
1956 4519 2122 4575 Νίσο-

545 4606 677 4673 poli,
715 4603 860 4674 apud
886 4602 1120 4669 Aetium,
1178 4605 1281 4659 sub
1330 4604 1640 4662 Alexandro
1672 4608 1913 4663 Mammaz
1945 4611 2122 4681 impe-

544 4706 751 4751 ratore.
799 4696 1037 4767 Septima
1071 4698 1327 4767 prodiita
1356 4698 1600 4754 Lueiano
1645 4716 1841 4771 magno
1890 4704 2120 4758 eremita

546 4800 600 4844 et
653 4798 895 4859 martyre
931 4789 1068 4858 :qui
1136 4790 1396 4846 omnibus
1451 4790 1540 4846 his
1584 4793 1919 4861 editionibus
1961 4796 2119 4863 visis,

2234 2410 2566 2477 ἐκλεγέντων
2595 2410 2963 2479 ἑϐδομήκοντα
3003 2411 3413 2480 πρεσϐυτέρων,
3446 2409 3586 2463 κατὰ
3636 2409 3810 2479 παράο

2234 2503 2425 2571 κλησιν
2452 2502 2545 2554 τοῦ
2588 2502 2917 2571 δηλωθέντος
2958 2502 3240 2571 βασιλέως,
3288 2503 3380 2555 καὶ
3421 2502 3707 2572 σύμφωνον
3736 2502 3814 2564 είς

2234 2595 2379 2649 ἆπαν
2408 2595 2705 2666 ἑρμηνείαν
2746 2596 3009 2660 ἐξέθεντο.
3043 2595 3307 2665 Δευτέρα,
3338 2597 3370 2666 ἡ
3400 2594 3492 2661 τοῦ
3530 2594 3813 2658 Σινωπέως

2246 2685 2467 2739 ’Δκύλα.
2500 2680 2666 2749 Οὗτος
2698 2686 3019 2758 γὰρἜλλην
3040 2686 3114 2739 ὼν
3137 2688 3200 2739 ἑκ
3233 2686 3331 2756 τῆς
3361 2685 3649 2752 Ποντικῆς,
3683 2684 3813 2736 ἑϐα-

2236 2779 2438 2848 πτίσοη
2463 2781 2519 2831 ἑν
2550 2778 2950 2849 Ἱεροσολύμοις
2968 2796 2982 2811 ·
3016 2775 3135 2832 εἷτα
3154 2778 3536 2849 προσκρούσας
3559 2779 3805 2847 Χριστια-

2234 2874 2345 2934 νοῖς
2372 2889 2533 2932 τισιν,
2569 2871 2799 2940 ὴΟέτησέ
2828 2890 2883 2923 τε
2913 2872 2971 2924 τὸ
3012 2871 3318 2941 βάπτισμα,
3367 2871 3459 2923 καὶ
3492 2868 3813 2939 συνδραμὼν

2247 2964 2542 3028 Ἰουδαίοις,
2591 2962 2885 3033 ἑρμηνείαν
2939 2966 3036 3034 τῆς
3096 2965 3318 3035 Γραφῆς
3380 2964 3659 3031 ἐξέδωκεν,
3720 2962 3812 3015 ἐπὶ

2247 3056 2523 3126 Ἀδριανοῦ
2558 3057 2820 3127 βασιλέως
2850 3056 2941 3110 τοῦ
2972 3056 3365 3126 λεπρωῦἐντος,
3403 3055 3500 3126 τὴν
3530 3054 3635 3107 τῶν
3672 3053 3812 3106 ἑϐδο-

2237 3150 2504 3219 μήκοντα,
2535 3151 2830 3219 τριάκοντα
2876 3151 2971 3202 καὶ
3000 3149 3375 3219 τετρακοσίοις
3427 3149 3604 3201 ἔτεσιν
3654 3148 3810 3200 ὑστε-

2238 3240 2511 3309 ρίζουσαν.
2544 3240 2722 3293 Πολλὰ
2756 3241 2811 3293 δὲ
2864 3240 3223 3311 παρέφθειρε,
3273 3239 3621 3310 Χριστιανοίς
3654 3241 3812 3307 ἐγκοο

2231 3334 2358 3388 τῶν.
2386 3334 2576 3402 Τρίτη,
2610 3336 2642 3402 ἡ
2674 3333 2765 3388 τοῦ
2796 3334 3113 3404 Συμμάχου,
3143 3333 3199 3396 ὃς
3222 3332 3297 3395 ὢν
3326 3332 3689 3403 Σαμαρείτης,
3720 3331 3815 3384 καὶ

2236 3428 2311 3499 μὴ
2332 3428 2616 3496 τυγχάνων
2652 3428 2784 3497 ὅσης
2831 3426 3084 3485 ἐϐούλετο
3117 3426 3311 3496 τιμῆς,
3354 3425 3633 3494 πρόσεισιν
3681 3425 3813 3475 Ἰου-

2231 3520 2423 3584 δαίοις,
2461 3522 2554 3573 καὶ
2603 3520 2854 3591 δεύτερον
2902 3518 3311 3589 περιτέμνεται,
3358 3517 3451 3571 καὶ
3501 3515 3636 3586 πρὸς
3662 3516 3815 3568 ἀντι-

2230 3612 2462 3665 πάθειαν
2500 3611 2880 3682 Σαμαρειτῶν,
2909 3612 3010 3681 τὴν
3029 3610 3179 3664 θείαν
3208 3610 3507 3679 ἑρμηνεύει
3558 3608 3811 3680 Γραφὴν,

2228 3705 2322 3759 ἑπὶ
2370 3705 2610 3775 Σεϐήρου
2646 3704 2934 3775 βασιλέως.
2983 3707 3079 3767 ’ος
3124 3705 3359 3767 καὶτοῖς
3408 3703 3681 3773 Ἑϐραίοις
3713 3721 3816 3772 χα-

2231 3795 2530 3869 ριζόμενος.
2565 3796 2665 3847 ὅσα
2685 3789 2753 3863 ἦν
2781 3795 2911 3864 περὶ
2933 3792 3170 3864 Χριστοῦ
3204 3793 3646 3863 παρερμήνευσε,
3671 3792 3815 3862 μετὰ

2230 3885 2289 3951 ἒξ
2334 3885 2428 3955 ἔτη
2474 3885 2568 3937 καὶ
2608 3886 2945 3953 πεντήκοντα
2995 3883 3093 3952 τῆς
3126 3882 3220 3936 τοῦ
3282 3882 3480 3936 ’Δκύλα
3515 3882 3809 3945 ἐκδόσεως.

2229 3976 2480 4046 Τετάρτη
2509 3975 2603 4028 καὶ
2649 3973 2898 4042 Ἐφεσίου
2924 3972 3300 4039 Θεοδοτίωνος,
3333 3973 3391 4035 ὃς
3413 3973 3512 4042 τῆς
3540 3973 3811 4042 αἱρέσεως

2228 4067 2553 4140 Μαρκίωνος
2582 4065 2679 4131 ὢν,
2722 4066 2816 4119 καὶ
2874 4067 3105 4135 μηνίσας
3133 4066 3263 4119 ποτὲ
3291 4068 3400 4128 τοῖς
3452 4065 3817 4135 συναιρεσιὼο

2228 4177 2369 4222 ταις,
2411 4159 2624 4211 ἔκδοσιν
2670 4157 2806 4212 ἰδίαν
2858 4158 3179 4225 ἐποιήσατο,
3234 4156 3613 4227 βασιλεύοντος
3652 4158 3814 4227 Κομ-

2231 4251 2414 4325 μόδου.
2462 4251 2525 4303 Ἦ
2549 4250 2604 4303 δὲ
2633 4249 2858 4319 πέμπτη
2882 4250 3167 4321 ἑρμηνεία,
3204 4249 3414 4318 πατέρα
3444 4250 3542 4315 μὲν
3569 4251 3669 4303 οὐκ
3691 4249 3813 4320 ἔχει

2226 4342 2524 4411 γνώριμον,
2557 4341 2753 4412 εὑρέθη
2783 4342 2828 4396 δ’
2855 4341 2946 4397 οὖν
2968 4342 3026 4395 ἑν
3061 4342 3290 4412 Ὶεριχῶ,
3315 4343 3811 4415 πίοῳκκεκρυμμέ-

2226 4449 2317 4501 νη,
2366 4432 2726 4501 Καρακάλλου
2779 4432 3173 4502 βασιλεύοντος.
3219 4434 3327 4487 Καὶ
3376 4435 3409 4502 ἠ
3436 4434 3565 4503 ἕκτη
3600 4434 3678 4495 δὲ,
3712 4434 3817 4487 ἀν-

2226 4521 2440 4592 ώνυμος
2465 4521 2619 4589 οὖσα,
2641 4526 2737 4594 τὴν
2757 4523 2973 4595 εὕρεσιν
3010 4525 3199 4594 ὁμοίαν
3225 4525 3380 4594 ἔσχεν
3404 4527 3459 4576 ἐν
3489 4525 3813 4589 Νικοπόλει,

2225 4618 2290 4683 τῇ
2316 4615 2456 4669 κατὰ
2483 4616 2543 4667 τὸ
2571 4616 2809 4677 Ἀκτιον,
2863 4616 2956 4668 ἐπὶ
2985 4614 3334 4685 Ἀλεξάνδρου
3377 4614 3470 4675 τοῦ
3519 4614 3811 4687 Μαμαίου.

2239 4706 2469 4776 Ἑϐδόμη
2504 4706 2561 4759 δὲ
2614 4706 2825 4781 προέϐη
2879 4707 3031 4777 παρὰ
3062 4706 3363 4759 Λουκιανοῦ
3411 4707 3501 4758 τοῦ
3561 4708 3813 4777 μεγάλου

2226 4796 2469 4868 ἀσκητοῦ
2520 4796 2612 4849 καὶ
2646 4795 2942 4865 μάρτυρος,
2992 4796 3052 4859 ὃς
3080 4798 3196 4858 ταῖς
3227 4795 3660 4868 προῤῥηοείσαις
3683 4798 3812 4848 ἑπι-

543 4896 743 4939 etcum
778 4886 1043 4940 llebraica
1078 4886 1308 4942 veritate
1336 4888 1783 4958 diligentissime,
1821 4900 1877 4946 et
1915 4909 2116 4963 magno

2232 4887 2431 4955 στήσας
2464 4885 2731 4949 ὲκδόσεσι,
2763 4887 2855 4938 καὶ
2888 4886 2998 4946 τοῖς
3041 4884 3348 4953 Ἑϐραϊκοῖς
3372 4884 3814 4955 φιλοπονώτερον

546 4990 670 5030 cum
737 4976 922 5032 labore
969 4977 1207 5041 collatis,
1260 4980 1537 5047 propriam
1600 4979 1924 5046 editionem,
1979 4985 2115 5040 nihil

545 5081 801 5121 mancum
843 5077 895 5121 et
929 5068 1061 5121 nihil
1100 5068 1392 5123 habentem
1431 5070 1796 5139 superﬂuum,
1840 5072 2115 5126 Christia-

544 5160 628 5213 nis
653 5159 879 5215 tradidit
912 5178 924 5213 :
956 5176 1075 5229 quae
1117 5160 1260 5228 apud
1315 5160 1713 5223 Nicomediam.
1776 5178 1939 5217 manu
1991 5164 2114 5231 ejus

542 5251 856 5320 conscripta
902 5262 1114 5318 reperta
1152 5261 1229 5303 est
1274 5250 1327 5303 in
1360 5261 1509 5305 turre
1539 5254 1798 5320 quadam,
1840 5253 1984 5323 apud
2014 5253 2108 5308 Ju—

542 5342 686 5396 daaos
714 5343 864 5397 calce
906 5342 1062 5404 illita,
1122 5350 1242 5410 post
1296 5341 1472 5412 ipsius
1525 5342 1754 5397 Luciani
1808 5354 2107 5410 certamen,

543 5442 595 5495 et
632 5446 753 5504 post
794 5437 1254 5505 persecutionem,
1300 5450 1421 5504 qua:
1474 5450 1503 5488 a
1558 5432 1894 5492 Diocletiano
1934 5445 1987 5490 ct
2028 5436 2106 5507 (7)

629 5615 671 5645 "
706 5611 866 5668 Deut.
924 5630 1003 5678 ιιι,
1035 5613 1128 5665 ‘25.

2221 4978 2477 5050 ἐντυχὼν,
2510 4980 2603 5032 καὶ
2626 4978 3074 5051 ἀκριϐωσάμενος
3113 4976 3325 5031 ἔκδοσιν
3353 4976 3678 5046 ίδιόκληρον,
3705 4977 3814 5028 καὶ

2223 5071 2390 5141 μηδὲν
2437 5070 2685 5124 ἐλλεῖπον
2737 5071 2770 5141 ἢ
2826 5068 3079 5140 περιττόν
3116 5068 3384 5139 ἔχουσαν,
3449 5070 3813 5139 Χριστιανοῖς

2218 5164 2533 5232 ἐποιήσατο,
2564 5163 2685 5232 ἥτις
2712 5160 2913 5233 εὑρέθη
2946 5160 3087 5215 κατᾶ
3133 5161 3520 5229 Νικομήδειαν,
3554 5159 3807 5227 ἰδιόγρα-

2220 5268 2317 5319 (ρος
2341 5250 2527 5317 αὑτοῦ,
2560 5252 2618 5303 ἐν
2647 5248 2953 5319 πυργίσκῳ,
2974 5247 3123 5317 παρὰ
3148 5246 3419 5310 Ἰουδαίοις
3452 5244 3809 5315 κεχρισμένῳ

2218 5344 2530 5411 κονιάματι,
2567 5341 2701 5410 μετὰ
2755 5340 2850 5413 τὴν
2896 5341 3123 5411 ἄθλησιν
3156 5338 3342 5403 αὐτοῦ,
3375 5336 3468 5390 καὶ
3514 5335 3606 5389 τὸν
3641 5333 3809 5404 παρὰ

2217 5431 2599 5503 Διοκλητιανοῦ
2668 5434 2761 5487 καὶ
2797 5430 3140 5504 Μαξιμιανοῦ
3188 5428 3443 5500 διωγμὸν,
3504 5427 3812 5509 Κωνσβαν-

1918 5708 2112 5769 Varia:
2147 5704 2472 5767 lectiones.

610 5810 684 5882 (7)
716 5812 847 5867 Cod.
887 5813 1019 5868 V'ctt.
1060 5811 1432 5881 Μαξιμιανοῦ,
1474 5809 1823 5871 ,11(ι.ι·ἰηιὶαηί,
1878 5820 1930 5869 et
1958 5821 2102 5867 recte
2134 5808 2372 5880 quidem.
