4090 6212
274 250 357 317 65
1431 242 1838 307 COMMENT.
1864 241 1950 303 IN
1990 241 2352 304 PSALmS.
3470 250 3544 315 66

274 363 425 418 ’τίνου
479 361 574 416 τοῦ
604 359 862 429 Μεγάλου
906 357 1010 429 τὴν
1058 355 1337 428 βασιλείαν
1387 353 1693 416 διέποντος.
1720 351 1869 421 Αὕτη

1980 349 2282 405 Maximino
2321 352 2464 407 facta
2489 360 2596 419 est,
2635 354 2741 411 sub
2790 369 2992 428 magno
3028 357 3366 429 imperatore
3394 359 3546 417 (Jon-
3654 412 3659 419 .

279 452 497 523 συνᾲδει
530 454 598 522 τῇ
628 451 739 504 τῶν
758 449 1154 520 ἑϐδομήκοντα,
1181 445 1250 499 τά
1274 442 1737 516 περιεφθαρμένα
1757 442 1865 497 τῶν

1971 446 2240 498 stamine.
2270 443 2398 499 Haec
2419 459 2545 500 cum
2571 445 2717 500 LXX
2752 446 3113 517 lnterpretuu
3133 449 3377 507 editione
3404 467 3546 509 con-

276 543 454 597 ἄλλων
484 539 777 598 ἀθετοῦσα.
1366 556 1371 562 ‘

1971 535 2164 600 sentit,
2193 542 2250 590 et
2278 550 2401 606 qua:
2430 535 2500 591 ab
2532 537 2653 594 aliis
2676 537 2973 608 depravata
3005 539 3245 607 fuerant,
3274 545 3544 613 reproba-

1966 625 2066 679 ait.

2038 715 2177 772 Illud
2243 725 2430 774 autem
2493 719 2751 778 omnibus
2809 721 3163 779 manifestum
3217 733 3340 791 est,
3399 727 3544 796 quod

1963 809 2436 878 quemadmodum
2494 826 2687 882 greges
2752 813 2971 879 ﬁstula,
3021 817 3105 871 sic
3166 817 3331 873 etiam
3386 820 3543 874 multi

363 719 577 771 Ἐκεῖνο
613 716 712 786 μὲν
734 714 827 771 οὖν
860 717 1148 789 πρόδηλον,
1179 717 1262 770 ὃτι
1296 713 1546 783 καθάπερ
1587 710 1656 766 τὰ
1691 709 1864 780 θρέμ·

277 826 436 879 ματα
462 811 574 871 τοῖς
604 808 932 879 αύλήμασιν,
965 806 1109 860 οὕτω
1139 807 1197 860 δὲ
1246 808 1341 859 καὶ
1376 806 1403 858 ὁ
1444 804 1610 866 πολὺς
1655 802 1865 872 ἀνθρω-

282 920 383 966 πος
408 903 601 970 ἄγεται
647 902 741 954 καὶ
775 902 1022 955 καλεῖται
1064 903 1279 971 μέλεσι.
1314 900 1456 953 Πολὺ
1485 899 1541 952 δὲ
1574 897 1703 969 παρ’
1734 897 1865 966 ⁴ἡμῖν

281 995 344 1047 τὸ
378 993 511 1063 θῆλυ
570 992 664 1045 τοῦ
698 994 947 1063 ἄρρενος,
968 995 1064 1047 καὶ
1098 993 1200 1046 ούκ
1230 993 1452 1047 ἔλαττον
1474 991 1534 1044 τὸ
1569 990 1748 1058 ἄωρον
1770 986 1864 1040 τοῦ

284 1083 709 1155 καθεστηκότος,
737 1087 796 1136 τὸ
830 1086 1018 1156 ἄγριον
1053 1085 1147 1138 τοῦ
1197 1085 1566 1155 ήμερωτέρου,
1617 1083 1676 1134 τὸ
1701 1080 1865 1134 ἀπαί-

284 1176 473 1229 δευτον
502 1174 596 1228 τοῦ
631 1176 1088 1248 πεπαιδευμένου.
1126 1179 1234 1230 Καὶ
1263 1178 1320 1231 ἐν
1349 1176 1498 1247 αύτῷ
1531 1176 1631 1246 μὲν
1659 1176 1735 1244 τῷ
1763 1174 1862 1247 ἆῤ-

294 1268 408 1338 ρενι
435 1266 493 1317 τὸ
525 1266 623 1335 μὲν
649 1267 867 1329 λογικὸν
898 1269 990 1336 τῆς
1018 1268 1198 1338 ψυχῆς
1244 1267 1439 1337 μέρος*
1468 1268 1528 1318 τὸ
1557 1265 1613 1318 δὲ
1663 1265 1860 1332 ἄλογον

291 1356 385 1409 καὶ
420 1356 700 1427 θηριῶδες,
731 1350 808 1411 ὧν
830 1359 1049 1411 πάντων
1095 1360 1125 1426 ἠ
1162 1357 1319 1427 ἡδονὴ
1354 1359 1564 1426 κρατεῖ.
1597 1357 1698 1409 Διά
1728 1354 1860 1424 γοῦν

287 1445 456 1498 ταῦτα
484 1450 577 1499 καὶ
631 1447 792 1516 μέλος
836 1448 944 1502 τῶν
972 1448 1216 1517 ψαλμῶν,
1272 1448 1339 1501 δι’
1383 1443 1445 1503 οὗ
1508 1449 1857 1511 συνειλεῖται,

1966 899 2250 954 hominum
2285 908 2527 970 aguntur
2581 912 2634 955 et
2666 903 2968 958 mulcentur
2992 909 3330 964 carminibus
3359 926 3374 962 :
3404 911 3549 964 inter

1966 989 2220 1045 homines
2253 998 2441 1044 autem
2488 991 2665 1044 multo
2720 993 2894 1061 magis
2950 996 3147 1050 femina
3205 1013 3369 1067 quam
3406 1000 3536 1065 vir;

1964 1094 2068 1133 nec
2104 1080 2289 1133 minus
2318 1081 2481 1134 ctiam
2521 1083 2567 1136 is
2600 1082 2695 1151 qui
2724 1083 3024 1139 immature
3047 1095 3131 1141 est
3158 1089 3358 1154 atatis,
3381 1104 3549 1159 quam

1966 1171 2060 1240 qui
2131 1170 2292 1226 senio
2376 1170 2706 1239 confectus;
2785 1181 2882 1227 aut
2952 1176 3049 1244 qui
3114 1174 3354 1234 ferocior
3425 1188 3550 1247 est,

1965 1276 2128 1331 quam
2191 1262 2284 1332 qui
2345 1264 2575 1330 mitior;
2641 1274 2737 1319 aut
2777 1264 2957 1320 .docto
3011 1266 3332 1325 indoctior:
3378 1279 3436 1326 et
3494 1273 3553 1330 in

1964 1351 2082 1420 ipso
2119 1351 2340 1421 quidem
2388 1354 2615 1407 homine
2685 1353 2793 1408 alia
2852 1364 2943 1410 est
3000 1357 3292 1415 rationalis
3353 1362 3554 1417 animm

1962 1458 2089 1512 pars
2145 1456 2201 1500 et
2257 1446 2360 1500 alia
2419 1446 2763 1502 irrationalis
2823 1461 2887 1503 ac
2937 1447 3142 1516 ferina,
3180 1464 3322 1521 quas
3356 1468 3553 1510 omnes

282 1537 538 1608 καθάπερ
589 1539 675 1591 διὰ
728 1540 980 1609 περόνης,
1036 1543 1153 1602 ταῖς
1181 1539 1385 1611 ψυχαῖς
1420 1543 1454 1611 ἡ
1511 1542 1616 1593 ἀπὸ
1649 1540 1859 1594 τούτων

1971 1544 2145 1588 tamen
2191 1536 2443 1607 voluptas
2483 1537 2657 1591 vincit
2693 1553 2756 1592 ac
2794 1548 3039 1609 superat.
3094 1542 3208 1598 Hae
3264 1545 3433 1613 igitur
3482 1545 3554 1601 de

273 1626 532 1696 ὠφέλεια,
562 1628 622 1680 τὸ
650 1630 920 1700 αὐστηρὸν
949 1631 1059 1683 τῶν
1099 1633 1493 1702 πνευματικῶν
1521 1632 1855 1702 φαρμάκων,

1971 1628 2530 1697 causa'psalmorum
2586 1638 2785 1685 cantus
2854 1632 3204 1690 introductus
3268 1643 3395 1703 est,
3452 1652 3554 1707 per

268 1718 349 1782 ὡς
381 1719 599 1788 μέλιτός
628 1738 792 1788 τινος,
829 1723 1246 1789 συναλοιοῦντος
1296 1726 1512 1789 τούτου,
1547 1727 1642 1778 κα)⁸
1688 1742 1858 1779 κατα·
1890 1703 1933 1758 Β
1963 1732 2124 1787 quem
2184 1720 2415 1787 ιιιῖιίιῧεν
2477 1736 2599 1790 qua?
2658 1721 2729 1776 ab
2780 1722 2916 1790 ίρδίε
2968 1725 3207 1793 Nam“
3265 1703 3547 1797 Ρτονθθίίο

274 1811 748 1882 φαρμακεύοντος,
779 1814 874 1868 καὶ
903 1816 1023 1877 τοῖς
1067 1815 1221 1884 ἡδέσι
1254 1815 1321 1868 τὰ
1353 1814 1611 1885 λυσιτελῆ
1646 1830 1863 1885 παραρ-

1971 1810 2224 1867 humanis
2261 1812 2462 1868 animis
2510 1812 2679 1867 veluti
2726 1827 2823 1883 per
2851 1813 3072 1870 ﬁbulam
3110 1818 3407 1886 quamdam
3443 1820 3548 1874 ad-

271 1902 514 1967 τύοντος.
572 1905 647 1957 Τὸ
687 1905 1040 1977 χαριέστερον
1105 1907 1216 1976 γὰρ
1261 1907 1430 1975 ἡδέως
1484 1906 1861 1975 ὲγκαταδύνει,

1971 1901 2206 1956 nectitur
2245 1911 2299 1957 et
2325 1902 2684 1974 coniungitur
2715 1923 2730 1959 :
2773 1905 2895 1974 ipso
2927 1905 3146 1961 scilicet
3173 1916 3362 1973 cantu,
3389 1908 3551 1978 quasi

269 1994 372 2046 καὶ
406 1992 784 2064 μονιμώτερον
808 1995 1047 2062 γίνεται.
1074 1995 1301 2065 Πρῶτον
1333 1996 1429 2064 μὲν
1459 1995 1617 2048 τοῦτο
1645 1994 1738 2049 τοῦ
1771 1997 1868 2065 μέ-

1971 1993 2127 2047 melle
2157 1994 2416 2062 quodam,
2463 1994 2735 2048 alterante
2780 2011 2845 2049 ac
2882 1997 3205 2051 moderante
3234 2000 3547 2068 spiritualis

274 2082 407 2146 λους
434 2084 634 2139 αἴτιον.
652 2084 808 2136 Ἐπεὶ
832 2083 888 2137 δὲ
915 2084 1006 2137 διὰ
1041 2086 1136 2154 τῆς
1165 2084 1454 2154 ἀπατηλῆς
1483 2085 1676 2154 ἡδονῆς
1700 2085 1869 2137 ἀπόλ-

1974 2083 2265 2137 medicina:
2302 2083 2727 2146 austeritatem,
2778 2092 2838 2139 et
2892 2086 3052 2139 utilia
3102 2087 3354 2143 dulcibus
3410 2104 3551 2146 con-

279 2172 410 2226 λυσι
440 2173 533 2224 τδν
582 2172 871 2243 ἄνθρωπον
920 2170 954 2224 ’ὁ
1021 2172 1234 2242 ἐχθρὸς,
1278 2173 1440 2225 πάλιν
1468 2172 1559 2225 διὰ
1609 2173 1707 2242 τῆς
1746 2172 1869 2225 ἀτέ-

1976 2172 2184 2227 diente.
2220 2171 2356 2228 Nam
2393 2172 2541 2243 quod
2577 2182 2794 2243 gratum
2842 2184 2949 2238 est,
2989 2174 3043 2227 id
3089 2175 3388 2243 jucundius
3414 2179 3557 2233 reci-

292 2278 423 2331 χνου
450 2263 526 2332 (8)
564 2262 769 2332 ταύτης
791 2263 883 2317 καὶ
903 2263 1251 2334 οἰκονομικῆς
1286 2262 1658 2327 ἀνασώζεσθαι
1686 2264 1869 2317 τοῦτον

1978 2265 2128 2336 pitur
2150 2276 2203 2320 et
2232 2265 2579 2319 constantius
2600 2263 2892 2319 retinetur.
2922 2263 3049 2319 Hac
3074 2274 3163 2321 est
3197 2265 3361 2336 igitur
3384 2267 3559 2335 prima

285 2354 317 2405 ὁ
349 2353 483 2415 Θεὸς
527 2355 842 2423 ἐπενόησεν.
890 2354 1077 2407 Αἴτιον
1126 2355 1217 2406 καὶ
1261 2353 1423 2406 τοῦτο
1474 2354 1728 2423 δεύτερον
1774 2352 1869 2407 τοῦ

1971 2364 2167 2411 cantus
2201 2355 2360 2410 ratio.
2400 2352 2653 2409 Secunda
2686 2370 2817 2409 vero
2848 2354 2939 2409 illa
2981 2365 3063 2411 est
3095 2373 3110 2411 :
3145 2356 3271 2425 quia
3304 2356 3453 2411 inani
3493 2371 3559 2413 ac

287 2440 648 2510 μελῖσματος.
683 2437 753 2494 Τὸ
771 2441 828 2495 δὲ
856 2442 1058 2514 τρίτον,
1092 2444 1173 2496 ὅτι
1203 2443 1278 2514 (9)
1309 2445 1402 2495 καὶ
1429 2444 1649 2513 ἀγάπην
1678 2446 1866 2496 ἐπινε-

1971 2446 2103 2501 falsa
2146 2446 2445 2515 voluptate,
2476 2445 2700 2500 damon
2746 2446 3025 2500 hominem
3071 2427 3409 2516 perdiderat,
3451 2465 3551 2505 co-

284 2526 477 2595 νόηται
512 2526 606 2579 καὶ
634 2527 905 2597 ὁμόνοιαν,
949 2528 1139 2601 ὥσπερ
1168 2531 1265 2594 τάς
1290 2528 1549 2600 γλώσσας’
1567 2532 1675 2585 τῶν
1706 2533 1864 2604 ᾀδόν-

1971 2537 2166 2607 gitavit
2200 2537 2344 2592 Deus
2382 2552 2477 2606 per
2514 2536 2789 2602 eamdem,
2844 2537 3146 2592 artificiose
3200 2538 3549 2609 dispositam,

276 2632 419 2682 των,
451 2614 593 2669 οὕτω
639 2617 853 2681 καὶτὰς
879 2618 1105 2690 γνώμας
1134 2621 1213 2683 είς
1244 2621 1303 2673 ἓν
1335 2622 1586 2688 συνάγειν
1634 2621 1866 2692 δυνάμε-

1971 2629 2121 2684 illum
2155 2641 2355 2683 rursus
2394 2626 2637 2683 .salvare.
2688 2626 2900 2693 Tertio,
2954 2636 3156 2684 cautus
3204 2628 3271 2684 ad
3301 2639 3548 2686 mutuam

286 2723 403 2771 νον,
439 2708 534 2761 καὶ
567 2709 1012 2782 συναρμολογεῖν,
1041 2713 1222 2775 πάσας
1251 2729 1309 2765 τε
1340 2714 1433 2765 καὶ
1462 2712 1699 2784 ἑκάστην
1734 2712 1866 2767 ἑκά-

1971 2719 2321 2776 concordiam
2358 2728 2413 2774 et
2464 2718 2817 2774 dilectionem
2869 2719 3136 2775 inventus
3180 2731 3309 2776 est:
3361 2730 3553 2792 utpote

288 2814 396 2871 στῃ
441 2801 538 2854 καὶ
591 2801 822 2866 πάσαις·
853 2803 905 2856 τί
955 2803 1064 2875 γὰρ
1094 2803 1266 2866 οὕτως
1292 2803 1409 2856 ἐστὶ
1431 2803 1864 2872 διαλλακτήριον,

1971 2810 2062 2880 qui
2094 2811 2288 2881 possit,
2321 2820 2381 2866 ut
2412 2808 2730 2866 canentium
2770 2823 2958 2874 voces,
2996 2811 3069 2865 ita
3101 2817 3157 2866 et
3200 2825 3390 2867 eorum
3432 2815 3553 2869 ani-

286 2890 368 2953 ὡς
403 2888 557 2961 ᾆσμα
586 2894 764 2946 κοινὸν
800 2894 1094 2965 ἱκετὴριον,
1147 2894 1208 2959 ἐξ
1260 2895 1488 2948 ἑκάστου
1522 2895 1614 2947 καὶ
1648 2895 1865 2949 πάντων

1971 2917 2112 2965 mos,
2146 2901 2202 2955 in
2244 2914 2414 2954 unum
2442 2912 2792 2969 componere.
2824 2898 2965 2963 Ouid
3004 2901 3150 2954 enim
3186 2903 3445 2972 estquod
3478 2904 3553 2958 ita

289 2982 435 3049 ὑπὲρ
457 2983 687 3038 ἑκάστου
716 2983 813 3038 καὶ
844 2986 1062 3040 πάντων
1092 2986 1531 3056 ἀναφερόμενον;
1567 2987 1675 3039 Kal
1699 2987 1867 3057 χωρὶς

1973 2991 2293 3047 inimicitias
2333 2998 2582 3057 generet.
2617 2996 2677 3044 ut
2723 2999 2928 3061 cantus
2963 2991 3265 3046 amicitiam
3313 3001 3368 3048 et
3399 3008 3555 3048 amo-

286 3073 351 3126 δὲ
374 3077 599 3141 τούτων,
640 3078 835 3150 πολλὴν
857 3079 971 3150 ἔχει
995 3078 1055 3132 τὸ
1091 3078 1252 3150 μέλος
1279 3078 1507 3149 δύναμιν
1540 3080 1679 3149 πρὸς
1706 3080 1869 3151 ἤθους

1978 3097 2090 3137 rem
2119 3079 2432 3136 conciliat?
2465 3079 2558 3135 ille
2594 3079 2850 3135 videlicet
2888 3088 3105 3144 cantus,
3144 3083 3237 3152 qui
3268 3098 3297 3136 a
3324 3083 3556 3153 singulis

292 3169 661 3238 κατασκευὴν,
683 3169 716 3240 ἢ
742 3169 1134 3239 ἐπανόρθωσιν,
1168 3169 1533 3241 μεταλλάττον
1565 3172 1658 3224 καὶ
1678 3170 1869 3242 ῥυθμί-

1976 3181 2142 3243 atque
2183 3172 2253 3226 ab
2293 3170 2581 3235 omnibus,
2634 3184 2736 3240 pro
2783 3170 3017 3239 singulis
3065 3181 3120 3226 et
3159 3187 3257 3242 pro
3294 3174 3554 3229 omnibus

288 3256 389 3319 ζον
420 3258 581 3311 αὑτό·
641 3258 958 3329 σωφρονικά
980 3276 1040 3312 τε
1088 3260 1197 3329 γὰρ
1230 3259 1378 3331 παρά
1418 3262 1528 3325 τοῖς
1585 3262 1869 3331 ἀρχαιοτέ-

1975 3264 2342 3320 communiter
2381 3262 2612 3319 oll‘ertur
2664 3262 2798 3317 Deo.
2836 3261 2967 3334 [Aut
2999 3265 3250 3343 quisnam
3284 3266 3420 3322 adeo
3467 3273 3556 3321 est

297 3367 415 3419 ροις
445 3346 584 3403 εἶναι
625 3351 737 3424 (i0)
773 3351 933 3421 μέλη,
986 3353 1083 3405 καὶ
1111 3352 1421 3406 τούναντίον
1469 3354 1746 3424 ἐρωτικὰ,
1777 3355 1869 3407 καὶ

1975 3355 2201 3411 immitis
2225 3362 2279 3410 et
2308 3354 2482 3418 ferox,
2508 3355 2602 3424 qui
2629 3352 2782 3409 illum
2814 3355 2989 3423 possit
3021 3355 3302 3410 inimicum
3327 3358 3553 3422 ducere,

292 3442 424 3494 πολε
434 3443 659 3512 μοποιά,
696 3444 791 3497 καὶ
818 3444 1095 3515 εῑρηνικὰ,
1147 3443 1241 3497 καὶ
1267 3444 1508 3515 λυπηρὰ,
1540 3448 1632 3499 καὶ
1657 3446 1869 3516 χαρίεν-

1975 3461 2135 3514 quem
2193 3446 2334 3500 sciat
2366 3445 2529 3500 Deum
2568 3459 2667 3513 pro
2696 3459 2756 3501 se
2784 3443 3029 3514 placasse
3045 3443 3089 3516 ‘3]
3152 3443 3373 3498 Multam
3413 3459 3555 3515 pra-

291 3549 384 3596 τα,
428 3534 523 3585 καὶ
556 3536 886 3604 ρωννύοντα,
940 3536 1035 3588 καὶ
1068 3535 1435 3606 ἀμϐλύνοντα.
1466 3539 1635 3591 Φασὶν
1667 3539 1748 3591 ὅτι
1774 3539 1869 3591 καὶ

1978 3545 2120 3592 terea
2154 3536 2261 3590 vim
2313 3535 2598 3590 harmonia
2643 3535 2803 3589 habet
2864 3544 2920 3589 et
2972 3544 3190 3599 Cantus,
3234 3544 3291 3590 ut
3342 3537 3555 3605 possint

292 3624 642 3696 Πυθαγόρας,
678 3627 964 3698 μειράκιον
990 3630 1236 3694 ἐκτόπως
1269 3628 1431 3700 ἐρῶν,
1486 3630 1868 3702 μεταστρέψας

291 3716 387 3769 τὸν
429 3718 612 3784 αὐλὸν,
664 3721 995 3793 μετέστρεφε
1039 3726 1135 3775 καὶ
1180 3721 1278 3774 ’τοῦ
1323 3721 1553 3791 ἔρωτος’
1592 3724 1687 3777 καὶ
1737 3722 1867 3777 ἄλλο

296 3808 439 3878 μετά
475 3809 659 3878 ξίφους
690 3811 878 3881 ὁρμῶν
899 3811 1172 3878 ἐξέλυσεν.
1201 3812 1262 3865 '0
1291 3813 1348 3866 δὲ
1373 3812 1633 3884 Τιμόθεος
1663 3811 1866 3883 μεταξὺ

290 3901 572 3971 τραπέζης
615 3901 711 3955 καὶ
752 3903 944 3974 ήδῡνῆς
974 3903 1064 3958 τὸν
1118 3903 1280 3974 νόμον
1343 3903 1481 3975 ᾄσας
1521 3904 1615 3956 τὸν
1663 3903 1867 3972 ὄρθιον,

290 3993 387 4043 τόν
435 3992 607 4061 θυμὸν
632 3993 818 4063 ἧγειρε
856 3994 950 4047 τοῦ
990 3994 1339 4060 Μακεδόνος,
1394 3992 1493 4046 καὶ
1546 3994 1872 4061 ἁρπάσαντα

292 4083 398 4152 τὴν
434 4082 634 4154 σκευὴν
664 4083 1009 4153 ἀναπηδῆσαι
1045 4084 1338 4152 πεποίηκε.
1369 4082 1528 4138 Οὕτω
1556 4080 1689 4149 γοῦν
1716 4079 1872 4150 ἡμῶν

294 4172 330 4239 ἡ
364 4170 526 4238 φύσις
548 4171 760 4235 οἰκείως
784 4173 897 4242 ἔχει
932 4172 1066 4243 πρὸς
1094 4173 1161 4225 τά
1193 4173 1330 4243 μέλη
1352 4171 1463 4226 τῶν
1484 4171 1747 4243 ᾀσμάτων
1778 4169 1873 4223 καὶ

292 4260 490 4330 ἡδέως,
526 4260 600 4323 ὡς
626 4261 717 4314 καὶ
749 4262 817 4314 τὰ
854 4264 1138 4333 ὑπομάζια
1168 4261 1357 4317 παιδία
1393 4259 1873 4332 κλαυθμυριζόμε-

1972 3633 2026 3682 et
2054 3626 2229 3682 bonos
2250 3640 2432 3682 mores
2464 3639 2691 3696 parare,
2734 3634 2789 3679 et
2840 3623 3113 3691 labantes,
3164 3633 3259 3679 aut
3311 3624 3552 3694 perditos

1972 3716 2228 3787 dirigere,
2279 3724 2448 3787 atque
2500 3716 2556 3770 in
2620 3715 2822 3770 tnelius
2873 3728 3227 3784 componere.
3297 3712 3554 3783 Legimus

1972 3806 2139 3860 etiam
2173 3804 2320 3872 apud
2360 3805 2621 3872 antiquos
2672 3809 2957 3866 auctores,
2997 3801 3154 3855 varia
3200 3798 3376 3853 fuisse
3423 3814 3555 3853 can-

1976 3902 2131 3946 tuum
2167 3905 2393 3960 genera,
2416 3892 2501 3944 ita
2533 3897 2592 3943 ut
2628 3889 2718 3942 alii
2756 3889 2894 3942 casti
2928 3896 3117 3943 essent
3158 3897 3213 3942 et
3245 3889 3554 3955 temperati,

1973 3980 2067 4036 alii
2108 3979 2386 4045 amatorii,
2437 3977 2531 4031 alii
2571 3979 2738 4032 etiam
2777 3976 2985 4042 bellici,
3022 3977 3104 4033 sic
3140 3984 3194 4030 et
3241 3976 3454 4045 paciﬁci
3501 3985 3560 4032 et

1974 4072 2157 4126 mmsti
2209 4084 2275 4124 ac
2333 4068 2645 4140 lugubres:
2697 4067 2790 4121 alii
2841 4066 3078 4137 denique
3129 4054 3319 4131 robur,
3376 4077 3431 4122 et
3462 4068 3557 4123 alii

1975 4164 2366 4222 ltehetudiuem
2396 4169 2744 4235 prmstanles.
2782 4161 2955 4214 Aiunt
2993 4160 3137 4214 enim
3172 4160 3553 4232 Pythagoram,

1974 4257 2339 4313 adolescentis
2396 4253 2691 4308 immodice
2752 4251 3036 4318 amantis,
3115 4252 3337 4308 mutatis
3409 4253 3554 4308 tibia:

290 4369 387 4415 να,
440 4351 649 4413 τούτοις
692 4353 787 4405 καὶ
829 4353 1010 4422 μόνοις
1059 4352 1579 4421 κατακοιμίζεσθαιο
1630 4350 1869 4422 κατεπᾴ-

1976 4348 2174 4414 modis,
2230 4360 2473 4400 amorem
2521 4344 2685 4400 simul
2727 4351 2992 4409 mutasse,
3047 4351 3100 4398 et
3151 4342 3317 4395 alium
3374 4342 3556 4411 gladio

289 4439 446 4493 δουσι
477 4441 583 4511 γὰρ
611 4440 831 4512 ᾅσματα
862 4443 1086 4496 παιδικά
1113 4442 1327 4506 τούτοις
1350 4443 1403 4494 ai
1431 4441 1630 4505 τίτθαι,
1677 4441 1772 4493 καὶ
1802 4440 1871 4493 δι’

291 4530 478 4582 αὐτῶν
500 4532 950 4602 κατακοιμίζουσι
974 4533 1041 4586 ’τὰ
1073 4534 1341 4602 βλέφαρα.
1360 4533 1471 4588 Καὶ
1501 4532 1770 4604 ὁδοιπόροι
1791 4531 1870 4597 δὲ,

292 4620 559 4684 πολλάκις
591 4624 729 4677 κατά
764 4624 1113 4695 μεσημϐρίαν
1155 4624 1490 4688 ἐλαύνοντες,
1520 4624 1728 4695 ᾅσματι
1770 4641 1874 4675 πα-

294 4712 667 4786 ραμυθοῦνται
699 4714 796 4784 τὴν
814 4714 878 4767 ἐκ
898 4714 997 4784 τῆς
1012 4714 1320 4786 ὁδοιπορίας
1343 4712 1734 4783 ταλαιπωρίαν.
1760 4713 1870 4766 Καὶ

293 4806 639 4875 χειροτέχναι
694 4805 893 4867 πάντες
944 4806 1306 4877 ἐργαζόμενοι
1355 4805 1608 4877 ᾄδουσιν,
1662 4803 1739 4866 ὡς
1772 4802 1870 4873 τῆς

292 4898 474 4967 ψυχῆς
494 4897 571 4966 τῷ
601 4895 753 4966 μέλει
784 4897 1178 4968 κυκλουμένης,
1209 4897 1305 4951 καὶ
1338 4897 1468 4967 ῥᾷον
1499 4894 1772 4967 φερούσης
1802 4894 1873 4947 τὰ

293 4989 505 5059 ὀχληρᾶ
537 4990 629 5042 καὶ
658 4988 911 5043 ἐπίπονα.
959 4992 1068 5043 Καὶ
1095 4990 1147 5042 τί
1177 4989 1256 5043 δεῖ
1283 4990 1465 5058 λέγειν
1497 4989 1626 5058 περ).
1649 4988 1757 5040 τῶν
1788 4986 1878 5038 λο-

292 5082 510 5150 γικῶν;
547 5083 683 5135 ὅπου
739 5098 803 5150 γε
853 5083 947 5136 καὶ
994 5084 1150 5136 ἵπποι
1190 5083 1489 5151 σάλπιγγος
1523 5082 1622 5153 μὲν
1651 5079 1877 5135 ἀκούον-

290 5190 411 5239 τες,
436 5173 572 5244 πρὸς
602 5173 838 5245 πόλεμον
866 5175 1278 5242 εύτρεπίζονται
1297 5194 1312 5208 ’
1338 5176 1630 5247 θρέμματα
1651 5174 1708 5227 δὲ
1760 5174 1881 5233 ταῖς

295 5264 548 5336 σύριγξιν
595 5265 842 5334 ἕπονται,
891 5267 987 5320 καὶ⁴
1036 5267 1162 5335 τόγε
1220 5266 1382 5321 πλέον
1424 5270 1739 5339 τέρπονται,
1778 5264 1875 5317 καὶ

1973 4435 2309 4491 insilientem
2339 4434 2456 4504 pari
2500 4433 2664 4489 modo
2701 4433 2967 4488 molliisse
3001 4447 3066 4486 ac
3095 4430 3505 4500 compescuisse
3536 4445 3555 4488 :

1974 4540 2029 4585 ct
2075 4525 2428 4582 Timotheum
2476 4526 2529 4580 in
2580 4540 2761 4591 cmna,
2794 4532 2961 4594 atque
3017 4524 3160 4579 inter
3221 4525 3555 4592 voluptates,

1976 4620 2108 4675 dum
2153 4627 2380 4674 cantum
2422 4618 2988 4689 quemdatn'caneret,
3022 4616 3115 4684 qui
3148 4613 3376 4669 Orthius
3406 4614 3557 4669 dice—

1980 4713 2169 4778 batur,
2202 4711 2447 4767 animum
2476 4708 2661 4764 ferunt
2706 4707 3024 4762 Macedonis
3071 4707 3347 4760 excitasse
3388 4713 3555 4774 atque

1979 4805 2251 4870 eti'ecisse,
2297 4811 2376 4867 ut,
2411 4808 2633 4871 arrepta
2659 4808 2962 4861 armatura,
3005 4796 3257 4867 protinus
3288 4796 3553 4849 exsiliret.

1979 4897 2131 4951 Adeo
2163 4893 2313 4950 enim
2345 4893 2589 4947 humana
2616 4902 2809 4946 natura
2842 4890 3097 4944 cautibus
3127 4888 3418 4943 familiaris
3449 4894 3555 4951 est,

1981 4988 2172 5057 eisque
2204 4985 2530 5048 delectatur,
2570 4992 2630 5038 ut
2665 4983 2944 5053 vagientes
2989 4982 3154 5036 etiam
3203 4980 3442 5035 infantes
3473 4980 3559 5032 his

1983 5077 2118 5133 solis
2169 5082 2613 5145 compescantur.
2650 5073 2871 5129 Cauunt
2910 5072 3113 5142 quippe
3157 5070 3264 5125 illis
3310 5069 3555 5124 nutrices

1985 5166 2225 5238 pueriles
2281 5164 2513 5228 naenias,
2565 5165 2766 5234 quibus
2814 5178 3004 5217 eorum
3051 5161 3195 5216 oculi
3242 5160 3552 5228 sopiuntur.

1941 5264 1952 5273 '
1993 5258 2251 5313 Viatores
2310 5264 2598 5328 praeterea,
2648 5257 2850 5327 sapius
2881 5256 2948 5310 de
2984 5254 3160 5310 media
3198 5252 3287 5307 die
3320 5243 3555 5315 fatigati,

1645 5417 1842 5482 Varias
1872 5415 2207 5478 lectiones.

378 5576 455 5647 (8)
481 5577 568 5629 ῖσ.
596 5578 867 5645 ὲντέχνου,
893 5581 1029 5647 ut_et
1061 5571 1289 5647 Latinus
1322 5571 1453 5642 legit
1486 5570 1774 5641 interpres.

376 5643 454 5712 (9)
490 5649 579 5701 ἷσ.
608 5649 690 5700 ὃτι
719 5643 821 5709 εἰς,
845 5643 1068 5713 exploso
1099 5644 1212 5695 καί.

2066 5563 2179 5634 (l0)
2204 5559 2593 5635 ADesidetlatur,
2631 5559 2716 5614 vel
2756 5567 2905 5613 certe
2952 5550 3278 5635 ευὶζοξιάίιυι·
3311 5546 3558 5623 Verbum,

1993 5628 2102 5705 qui)
2132 5628 2375 5689 inﬁnitus
2406 5628 2545 5684 εἶναι
2584 5638 2825 5696 rogatur.
