4082 6212
587 219 657 287 67
1814 225 2201 289 EUTHYMII
2252 228 2612 293 ZIGABENI
3761 252 3835 316 63

575 336 795 392 itineris
841 334 1108 401 laborem,
1151 346 1317 392 cantu
1366 350 1432 392 ac
1476 337 1721 392 carmine
1763 340 2142 396 consolantur.

571 427 779 484 Omnes
832 430 997 483 etiam
1052 429 1296 485 artiﬁces
1344 431 1623 498 operando
1683 440 1930 498 cantant,
1982 435 2142 504 quasi

568 519 849 586 operantis
898 518 1116 573 animus
1146 519 1388 575 carmine
1422 520 1757 587 mulceatur,
1800 530 1856 577 et
1907 527 2153 581 canendo

2179 379 2219 436 Α
2251 346 2528 401 πιαίονται
2554 363 2567 377 ⁸
2612 350 2826 415 πολλοῖς
2875 353 2932 407 δὲ
2967 355 3061 408 καὶ
3092 356 3363 431 θέλγητρα
3416 361 3587 416 ταῦτα
3624 365 3832 437 θηρῶν,

2253 437 2347 489 καὶ
2386 438 2636 511 θήρατρα
2656 459 2670 474 ο
2704 444 2798 497 καὶ
2831 444 2924 513 ὅγε
2958 448 3293 519 μονόκερως,
3351 454 3547 522 μέλους
3579 460 3672 511 καὶ
3699 460 3833 514 κάλ-

2256 528 2381 593 λους
2406 530 2669 601 λάφυρον.

568 607 782 664 facilius
810 613 1088 667 molestias
1133 626 1325 667 omncs
1370 614 1608 683 perferat
1644 630 1707 669 ac
1757 616 1995 672 labores.
2068 617 2173 675 Sed
2250 624 2381 692 quid
2450 640 2589 695 opus
2652 636 2737 682 est
2804 629 3100 688 rationales
3166 635 3417 695 homines
3494 656 3822 709 percensere

562 699 783 767 quando
830 699 1168 757 irrationalia
1207 704 1345 773 ipsa,
1385 705 1513 774 equi
1558 707 1843 771 nimirum,
1898 709 2029 765 tuba
2068 711 2135 767 ad
2177 715 2423 783 praliutn
2457 728 2738 787 parentur,
2797 732 2852 777 et
2879 739 3009 780 oves
3051 726 3290 783 ﬁstulam
3354 745 3677 803 sequantur,
3758 755 3827 794 ac

566 794 700 843 tunc
795 792 972 861 magis
1031 794 1301 862 gaudeant
1360 804 1414 849 et
1467 797 1868 867 pinguescant?
1920 811 1976 858 et
2035 802 2168 859 feris
2208 808 2397 863 multis
2449 820 2644 867 cantus
2700 824 2754 868 et
2818 819 3085 885 carmina,
3152 822 3349 877 solatio
3397 826 3552 893 sint,
3640 830 3831 887 multis

561 899 624 939 ea
657 885 766 938 sint
790 901 888 955 pro
914 887 1107 957 plagis,
1143 895 1237 941 aut
1267 888 1518 959 laqueis?
1544 892 1661 963 ipse
1691 896 1961 966 siquidem
2005 899 2293 958 unicornis
2324 906 2735 974 pulchritudine
2769 928 2834 968 ac
2861 922 3027 970 cantu
3060 930 3373 987 superatur.

637 977 841 1034 Verum
877 981 911 1033 ii
940 983 1030 1050 qui
1071 983 1253 1037 divina
1288 984 1507 1042 doctius
1534 1002 1598 1042 ac
1636 991 1928 1049 sublimius
1966 994 2139 1051 inter-

564 1071 762 1138 pretati
794 1079 944 1134 sunt,
974 1071 1129 1126 aiunt
1174 1088 1270 1143 per
1306 1084 1527 1131 cantum
1560 1082 1882 1149 organicum
1915 1086 2141 1142 concin-

560 1159 781 1213 nitatem
808 1163 1002 1216 anima
1028 1165 1349 1234 signiﬁcari.
1381 1169 1588 1226 Anima
1619 1184 1801 1229 autem
1848 1179 2138 1233 concinni-

556 1262 641 1304 tas
671 1260 755 1304 est
785 1257 1149 1309 consonantia
1183 1260 1431 1327 quadam
1468 1270 1521 1315 et
1568 1274 1868 1323 concentus
1912 1268 2131 1326 illarum

556 1340 793 1407 partium
828 1350 881 1396 et
911 1346 1280 1413 potentiarum
1326 1366 1448 1418 qua
1491 1352 1634 1407 intra
1666 1357 1907 1411 animam
1947 1368 2079 1414 sunt
2116 1379 2130 1415 :

554 1431 623 1485 de
647 1448 753 1501 qua
786 1434 949 1490 latius
992 1436 1265 1493 dicemus.
1299 1440 1674 1499 Consonantia
1711 1447 1855 1501 enim
1896 1458 1982 1504 est
2013 1452 2137 1506 har-

554 1524 738 1577 monia
772 1541 952 1580 rerum
987 1529 1353 1586 diﬂ’erentium
1398 1536 1618 1604 quidem
1651 1554 1745 1608 per
1774 1556 1917 1609 sese,
1951 1543 2047 1599 sed
2078 1545 2132 1599 in

552 1631 719 1670 unam
749 1627 936 1685 postea
960 1624 1429 1680 consentientium
1458 1638 1514 1683 et
1538 1632 1987 1688 convenientium
2013 1650 2131 1689 tne-

552 1705 776 1762 lodiam.
806 1709 919 1765 Hoc
947 1720 1130 1768 autem
1165 1716 1350 1771 videre
1377 1718 1587 1785 licebit,
1621 1707 2135 1798 quando'pracipue
2168 1693 2208 1746 Β

559 1805 1050 1859 consonantiarutn
1082 1810 1343 1873 rationes,
1379 1810 1737 1872 interioribus
1772 1820 1971 1875 anima
2008 1837 2133 1890 par-

551 1888 700 1943 tibus
727 1896 1088 1963 congruerint
1122 1914 1135 1950 :
1171 1906 1225 1953 et
1281 1901 1428 1957 aliud
1485 1904 1703 1971 quidem
1749 1909 1804 1963 in
1854 1888 2030 1980 primo
2062 1915 2132 1968 sit

548 1978 765 2043 ordine,
798 1992 851 2033 et
882 1986 1261 2041 tantummodo
1290 1989 1545 2058 imperet,
1604 1978 1882 2066 nunquam
1929 2003 2136 2057 serviat

549 2071 893 2138 (rationalem
915 2086 1118 2142 partem
1152 2077 1319 2146 dico),
1353 2080 1498 2135 aliud
1525 2092 1705 2137 autem
1740 2087 1890 2155 (pars
1923 2091 2134 2147 scilicet

547 2161 874 2232 irascibilis)
938 2166 1177 2220 medium
1230 2170 1409 2224 locum
1467 2173 1687 2240 haheat,
1736 2188 1789 2232 et
1839 2191 2063 2251 regatur
2101 2199 2132 2238 a

472 2324 475 2326 Π
549 2250 747 2318 primo,
785 2254 961 2324 ipsum
994 2266 1176 2313 autem
1211 2264 1505 2330 posteriori
1538 2265 1801 2345 imperet:
1828 2250 1975 2341 quod
2002 2290 2130 2331 vero

544 2350 852 2399 extremum
900 2355 1049 2404 tenet
1098 2351 1306 2416 locum,
1373 2370 1502 2424 pars
1553 2358 1625 2411 sit
1664 2364 2127 2433 concupiscibilis,

545 2450 667 2503 qua
701 2444 914 2491 tantum
966 2451 1176 2508 pareat,
1230 2459 1509 2513 nunquam
1575 2448 1828 2520 imperet.
1868 2455 2021 2512 Tunc
2050 2460 2129 2514 si-

544 2527 767 2593 quidem
795 2530 991 2584 anima
1035 2537 1404 2591 consonantia
1457 2538 1697 2596 inveniri
1754 2548 1957 2611 poterit
2014 2551 2128 2621 (ra-

542 2616 769 2674 tionalis
798 2620 925 2674 dico
956 2625 1125 2691 partis
1147 2627 1214 2680 ad
1240 2626 1623 2702 irascibilem),
1655 2642 1714 2688 ut
1741 2638 1862 2706 ejus
1880 2616 2119 2709 chorda,

543 2721 664 2779 qua
698 2705 923 2779 Hypata
952 2712 1175 2777 dicitur,
1216 2716 1282 2768 ad
1320 2716 1523 2774 Mosen.
1558 2721 1708 2779 Hanc
1737 2705 1882 2781 enim
1921 2705 2119 2801 supre;

543 2811 688 2852 mam
733 2807 787 2854 et
834 2802 1215 2869 gravissimam
1246 2822 1434 2862 vocem
1464 2812 1757 2882 appellant,
1788 2833 1909 2887 qua
1942 2832 2127 2879 servat

542 2893 963 2945 consonantiam
1001 2894 1343 2953 diatessaron
1377 2917 1391 2966 ;
1441 2900 1695 2961 similiter
1735 2917 1789 2963 et
1827 2910 2125 2972 irascibilis

543 2979 611 3035 ad
640 2984 1142 3053 concupiscibilem,
1176 2998 1233 3041 ut
1265 2989 1424 3047 Mesa
1460 2994 1701 3066 chorda,
1739 2999 1806 3055 ad
1835 3018 1953 3059 eam
2001 2991 2122 3075 qua

506 3058 517 3063 ’
543 3069 747 3124 dicitur
778 3070 913 3127 Nete
944 3090 958 3126 :
991 3075 1131 3129 hanc
1158 3087 1336 3133 autem
1365 3084 1692 3141 altissimam
1724 3100 1890 3162 atque
1918 3099 2120 3155 acutis-

542 3161 737 3215 simam
768 3179 953 3218 vocem
993 3170 1300 3235 nominant,
1340 3190 1462 3243 qua
1484 3186 1565 3233 est
1597 3161 1875 3252 diapente.
1912 3187 2116 3246 Eodem

540 3539 739 3594 maque
769 3529 1081 3598 conﬁcitur,
1109 3534 1382 3603 Diapason
1416 3544 1717 3611 appellant.
1747 3548 1903 3614 Quod
1935 3554 1981 3608 si
2017 3572 2114 3625 par

536 3626 640 3678 est,
696 3632 804 3670 non
864 3620 1005 3684 loca,
1062 3634 1156 3677 aut
1217 3630 1461 3697 nomina,
1521 3638 1825 3705 attendere,
1878 3646 1971 3698 sed
2003 3620 2112 3703 {vim

536 3707 722 3773 potius
753 3708 926 3777 ipsam
970 3714 1145 3782 sequi,
1178 3725 1231 3770 et
1267 3732 1451 3773 rerum
1495 3723 1791 3785 eﬁicaciam
1824 3748 1839 3786 :
1873 3735 2115 3792 rationa-

535 3795 604 3851 lis
639 3813 763 3867 pars
786 3816 920 3855 sane
949 3805 1132 3871 potius
1170 3806 1317 3864 Mese
1346 3814 1671 3882 appellanda
1718 3830 1823 3888 est,
1869 3840 1934 3880 eo
1965 3830 2111 3898 quod

534 3889 600 3941 ad
626 3890 977 3960 irascibilem,
1012 3899 1169 3966 quasi
1201 3901 1266 3956 ad
1305 3904 1563 3961 chordatn
1598 3909 1767 3968 Neten
1801 3916 1940 3986 (hac
1961 3889 2106 3978 enim

532 3981 845 4038 acutissima
878 3997 959 4040 est
994 3997 1047 4043 et
1083 3991 1515 4052 concitatissima
1558 4002 1753 4057 anima
1808 3981 1953 4075 pars)
1987 4027 2106 4067 eam

534 4071 803 4127 rationem
858 4083 1233 4139 consonantia
1281 4084 1476 4141 haheat
1528 4105 1649 4158 qua
1683 4106 1769 4148 est
1808 4096 2105 4167 Diapente;

529 4170 583 4215 et
610 4163 676 4217 ad
728 4170 1216 4239 concupiscibilem
1278 4185 1338 4230 ut
1384 4178 1450 4231 ad
1481 4181 1728 4249 Hypaten
1785 4163 1922 4253 (hac
1960 4163 2105 4245 enim

528 4251 704 4308 laxior
750 4267 832 4311 est
886 4269 939 4314 et
983 4262 1225 4334 mollior)
1281 4267 1548 4321 rationem
1604 4285 1720 4325 eam
1767 4285 1948 4331 servat
1985 4295 2105 4349 qua

525 4353 610 4397 est
661 4343 1033 4414 Diatessaron,
1091 4353 1565 4427 intensionemque
1615 4360 1787 4430 illius,
1838 4377 1890 4422 et
1936 4343 2102 4440 hu—jus
2135 4394 2180 4449 υ

526 4436 907 4492 remissionem
942 4450 1158 4508 coaptat
1185 4453 1348 4513 atque
1371 4449 1705 4518 concinnat;
1732 4471 1840 4523 qua
1873 4436 2105 4519 mistura

525 4525 785 4592 Optimam
821 4527 1165 4583 harmoniam
1196 4534 1431 4601 perﬁcit.
1471 4539 1568 4593 llis
1620 4541 1804 4612 itaque
1854 4550 1935 4604 sic
1962 4568 2102 4621 pra-

524 4614 732 4682 missis,
768 4626 934 4671 restat
966 4628 1026 4674 ut
1087 4621 1362 4691 dicamus,
1404 4632 1680 4697 quomodo
1720 4636 1941 4695 divinus
1978 4643 2101 4714 Spi-

523 4705 664 4760 ritus
697 4724 838 4764 unus
879 4726 1002 4766 cum
1049 4713 1144 4781 sit,
1200 4719 1502 4789 aliquando
1546 4725 1813 4796 singulari
1867 4748 2097 4794 numero

521 4797 738 4855 dicatur
770 4820 785 4857 :
813 4812 871 4857 ut
903 4804 1033 4859 illud
1068 4808 1110 4839 ¹⁸
1149 4825 1163 4862 :
1214 4809 1451 4880 Spiritus
1484 4815 1701 4873 Domini
1758 4839 1916 4891 super
1976 4846 2095 4884 me:

519 4901 794 4958 propterea
846 4899 999 4949 unxit
1036 4916 1160 4965 me;
1220 4902 1347 4957 item
1379 4906 1422 4937 "
1474 4921 1488 4959 :
1553 4908 1811 4979 Spiritum
1851 4930 2096 4975 sanctum

516 4989 667 5037 tuum
699 5002 760 5040 ne
791 4993 1006 5057 auteras
1038 5008 1070 5044 a
1115 5010 1192 5047 me
1214 5010 1233 5048 :
1268 4997 1396 5051 item
1430 5000 1476 5031 '°
1514 5018 1527 5054 :
1580 5002 1648 5056 Et
1697 5004 1930 5074 Spiritus
1988 5015 2098 5069 oris

516 5075 630 5139 ejus
679 5081 848 5133 omnis
889 5084 1054 5136 virtus
1086 5101 1315 5153 eorum;
1371 5099 1425 5144 et
1486 5094 1785 5164 aliquando
1840 5101 2036 5171 plurali
2073 5123 2087 5159 :

520 5164 777 5235 Spiritus,
816 5173 992 5242 inquit
1024 5178 1090 5240 ³¹,
1144 5181 1520 5248 prophetarum
1553 5192 1819 5258 prophetis
1840 5164 2091 5264 -sttbjccti

516 5271 638 5311 sunt
670 5278 690 5325 ;
725 5262 853 5316 item
883 5266 927 5295 "
968 5282 982 5319 :
1020 5265 1362 5337 Requiescent
1392 5291 1547 5343 super
1573 5294 1689 5331 eum
1720 5293 1911 5349 septem
1934 5262 2091 5349 spiri-

513 5362 618 5406 tua.
658 5342 1011 5412 Manifestum
1045 5368 1129 5415 est
1156 5372 1337 5418 autem
1371 5342 1635 5436 Spiritum
1666 5342 1885 5439 quidem
1917 5391 2086 5431 unum

513 5458 635 5498 esse
690 5450 1150 5517 quemadmodum
1212 5465 1265 5508 et
1315 5472 1478 5511 unum
1534 5461 1835 5528 Artiﬁcem,
1888 5465 2095 5520 instru-

514 5544 695 5589 menta
727 5552 907 5595 autem
942 5548 1119 5610 plura.
1172 5544 1387 5615 Organa
1420 5550 1562 5603 enim
1609 5552 1847 5608 Artiﬁcis
1884 5554 2102 5612 fuerunt

2331 1003 2474 1057 Ἀλλ’
2532 1006 2647 1074 οἵγε
2703 1009 2769 1061 τὰ
2841 1012 2961 1065 θεία
3013 1014 3353 1084 κομψότερον
3407 1019 3829 1090 ἑρμηνεύοντες,

2247 1098 2403 1165 φασὶ,
2435 1096 2521 1150 διὰ
2543 1098 2637 1151 τοῦ
2667 1099 2962 1170 ὀργανικοῦ
3001 1106 3199 1173 μέλους
3231 1109 3328 1177 τὴν
3365 1111 3667 1179 ἐμμέλειαν
3698 1118 3861 1197 ὑπτμί

2248 1190 2614 1257 σημαίνεσθαι
2665 1192 2767 1260 τῆς
2799 1194 2999 1265 ψυχῆς.
3053 1199 3407 1269 Μουσουργία
3440 1202 3495 1254 δὲ
3540 1204 3737 1277 ψυχῆς,
3791 1213 3824 1277 ἡ

2245 1280 2354 1333 τῶν
2404 1283 2551 1337 ἔνδον
2578 1285 2749 1353 αὑτῆς
2788 1288 2971 1356 μερῶν
3004 1291 3318 1357 συμφωνία,
3354 1294 3481 1363 περῖ
3506 1291 3572 1366 ἧς
3598 1298 3828 1369 ἐροῦμεν

2241 1371 2600 1445 πλατύτερον.
2641 1377 2936 1445 Συμφωνία
2991 1380 3098 1449 γάρ
3134 1381 3283 1434 ἐστιν
3313 1384 3550 1453 ἁρμονία
3581 1388 3831 1459 διαφερο-

2239 1463 2417 1531 μένων
2455 1468 2573 1535 μὲν,
2605 1469 3013 1537 ὁμολογούντων
3055 1472 3149 1524 δέ·
3189 1475 3347 1526 τοῦτο
3391 1476 3448 1527 δὲ
3488 1478 3635 1532 ἔστιν
3678 1483 3825 1547 ἰδεῖν,

2238 1554 2365 1608 ὅταν
2410 1558 2459 1607 οἱ
2504 1557 2782 1610 κάλλιστοι
2815 1558 2923 1611 τῶν
2973 1563 3305 1629 συμφωνιῶν
3339 1564 3487 1633 λόγοι
3536 1573 3646 1633 τοῖς
3678 1572 3827 1627 ενδ-,ν

2236 1644 2334 1713 τῆς
2362 1646 2541 1716 ψυχῆς
2562 1648 2784 1719 μέρεσιν
2814 1653 3193 1719 ἐφαρμόσωσι,
3222 1656 3315 1707 καὶ
3337 1659 3397 1710 τὸ
3430 1660 3529 1727 μὲν
3553 1663 3649 1732 τὴν
3674 1668 3828 1735 πρώ-

2235 1752 2336 1805 την
2365 1738 2462 1809 ἔχῃ
2492 1739 2666 1805 τάξιν,
2708 1740 2802 1793 καὶ
2827 1743 2988 1812 μόνον
3018 1744 3183 1815 ἄρχῃ,
3230 1746 3376 1815 λέγω
3409 1750 3463 1803 δὲ
3494 1753 3551 1805 τὸ
3579 1754 3822 1823 λογιστι-

2237 1827 2332 1880 κόν
2357 1844 2370 1857 ·
2404 1829 2464 1881 τὸ
2485 1829 2541 1882 δὲ
2565 1831 2665 1901 τὴν
2693 1832 2885 1903 μέσην,
2920 1828 3032 1887 οἷον
3064 1837 3122 1888 τὸ
3150 1838 3399 1908 θυμικὸν,
3422 1842 3527 1895 ὑπὸ
3550 1844 3641 1897 τοῦ
3671 1848 3824 1916 πρώ-

2235 1937 2329 1973 του
2366 1922 2464 1991 μὲν
2500 1924 2827 1994 ἀρχόμενον,
2853 1928 3019 1997 ἄρχον
3061 1929 3117 1981 δὲ
3162 1931 3257 1982 τοῦ
3294 1932 3606 1989 τελευταίου
3632 1954 3643 1966 ’
3675 1937 3733 1992 τὸ
3760 1941 3821 1993 δὲ

2235 2010 2334 2082 τὴν
2359 2013 2614 2082 ἐσχάτην,
2639 2015 2714 2080 ὡς
2744 2016 2805 2069 τὸ
2832 2018 3248 2089 ἐπιθυμητικὸν,
3282 2023 3585 2094 ἀρχόμενον
3617 2030 3816 2098 μόνως.

2236 2103 2370 2156 Τότε
2396 2105 2503 2176 γὰρ
2537 2106 2602 2160 ἂν
2630 2108 2713 2179 εἴη
2752 2110 2846 2162 καὶ
2878 2114 3169 2180 συμφωνία
3199 2115 3377 2183 ψυχῆς
3401 2132 3414 2145 ⁶
3460 2119 3555 2171 τοῦ
3588 2122 3686 2189 μὲν
3728 2122 3791 2177 λο

2236 2198 2485 2260 γιστικοῦ
2512 2197 2648 2269 πρὸς
2677 2199 2737 2253 τὸ
2765 2200 3064 2271 θυμοειδὲς,
3099 2205 3174 2268 ὡς
3209 2206 3421 2278 ὑπάτης
3453 2212 3588 2278 πρὸς
3619 2213 3816 2283 μέσην,

2235 2287 2393 2339 τοῦτο
2453 2290 2556 2357 γὰρ
2603 2290 2694 2343 τὸν
2748 2292 3021 2347 ἀνώτατον
3072 2297 3163 2348 καὶ
3219 2297 3522 2366 βαρύτατον
3586 2306 3815 2361 καλοῦσι

2235 2379 2494 2448 φθόγγον.
2549 2383 2647 2449 τὴν
2691 2384 2779 2437 διά
2808 2387 3091 2458 τεσσάρων
3149 2392 3471 2459 συμφωνίαν
3517 2393 3813 2461 σώζοντοςο

2231 2469 2326 2522 τοῦ
2364 2470 2422 2522 δὲ
2469 2471 2785 2541 θυμοειδοῦς
2820 2477 2955 2545 πρὸς
2984 2478 3045 2531 τὸ
3092 2480 3507 2552 ἐπιθυμητικὸν,
3536 2486 3610 2549 ὡς
3641 2489 3817 2558 μέσης

2232 2562 2371 2630 πρὸς
2396 2564 2586 2632 νήτην,
2619 2564 2777 2618 τοῦτο
2828 2568 2937 2638 γὰρ
2968 2570 3058 2622 τὸν
3090 2571 3394 2641 ἀκρότατον
3424 2577 3517 2628 καὶ
3550 2576 3816 2641 ὀξύτατον

2230 2652 2557 2721 ὀνομάζουσι
2600 2655 2701 2727 τὴν
2728 2656 2816 2709 διὰ
2846 2661 3006 2712 πέντε
3034 2662 3199 2715 πάλιν
3221 2680 3234 2694 ο
3271 2666 3433 2719 αὑτοῦ
3465 2668 3521 2721 δὲ
3546 2669 3641 2721 τοῦ
3669 2668 3817 2738 λογι-

2232 2744 2419 2797 στικοῦ
2462 2746 2598 2817 πρὸς
2629 2748 2690 2800 τὸ
2724 2750 3152 2822 ὲπιθυμητικὲν,
3197 2758 3272 2819 ὡς
3306 2758 3520 2827 ὑπάτης
3556 2762 3689 2831 πρὸς
3717 2764 3816 2833 νή-

2227 2852 2327 2906 την
2346 2853 2358 2865 '
2388 2837 2545 2891 τοῦτο
2574 2840 2682 2911 γὰρ
2716 2841 2931 2909 λέγουσι
2964 2845 3055 2897 τὸν
3093 2846 3395 2916 βαρύτατον
3416 2851 3551 2919 πρὸς
3577 2853 3669 2905 τὸν
3690 2854 3815 2919 ὀξύ-

2227 2943 2388 2980 τατον
2419 2928 2521 2998 τὴν
2568 2930 2656 2983 διὰ
2698 2933 2909 2987 πασῶν.
2945 2936 3005 2988 Εἰ
3036 2937 3091 2989 δὲ
3120 2938 3202 2990 δεῖ
3236 2941 3311 3010 μὴ
3344 2945 3457 3005 τοῖς
3498 2944 3685 3007 τόποις
3716 2955 3814 2998 και

2229 3022 2341 3081 τοῖς
2366 3019 2594 3090 ὀνόμασι
2625 3024 2932 3094 προσέχειν,
2961 3027 3094 3080 ἀλλὰ
3124 3033 3245 3090 ταῖς
3289 3033 3550 3104 δυνάμεσι
3581 3041 3672 3090 καὶ
3697 3043 3813 3102 τοῖς

2228 3109 2620 3179 ὲνεργήμασιν,
2661 3114 2745 3184 εἴη
2788 3115 2853 3167 ἂν
2908 3117 3047 3188 μέση
3110 3122 3312 3187 μᾶλλον
3360 3126 3419 3177 τὸ
3468 3128 3808 3195 λογιστικόν·

2227 3200 2365 3266 πρὸς
2396 3202 2495 3270 μὲν
2526 3202 2583 3255 τὸ
2615 3204 2868 3274 θυμικὸν,
2920 3208 2995 3271 ὡς
3036 3212 3173 3280 πρὸς
3201 3215 3391 3284 νήτην,
3420 3219 3582 3271 τοζτο
3609 3222 3717 3291 γὰρ
3746 3224 3809 3275 τὸ

2226 3293 2503 3359 ὀξύτατον,
2534 3297 2627 3348 καὶ
2655 3299 3110 3368 ὀρμητικώτατον
3139 3306 3238 3373 τῆς
3263 3306 3439 3377 ψυχῆς
3475 3313 3639 3379 μέρος
3679 3318 3809 3377 τοὺς

2223 3382 2415 3449 λόγους
2446 3384 2545 3453 τῆς
2572 3384 2660 3437 διὰ
2687 3388 2846 3439 πέντε
2880 3388 3051 3453 σῶζον
3083 3396 3400 3462 συμφωνίας
3430 3414 3444 3429 ο
3493 3402 3628 3470 πρὸς
3656 3404 3712 3455 δὲ
3747 3408 3810 3457 τὸ

2223 3476 2639 3547 ἐπιθυμητικὸν,
2670 3480 2745 3543 ὡς
2771 3481 2908 3552 πρὸς
2938 3484 3170 3556 ὑπάτην,
3209 3490 3367 3567 τούτο
3398 3495 3504 3565 γὰρ
3530 3498 3698 3567 αὐτῆς
3745 3501 3810 3552 τὸ

2223 3567 2605 3639 χαλαρώτερον
2660 3572 2752 3623 καὶ
2800 3576 3149 3647 χαυνότερον,
3185 3560 3314 3644 τοὺς
3350 3560 3446 3653 τῆς
3473 3560 3582 3639 *διὰ
3612 3560 3811 3642 τεσσά-

2226 3676 2365 3729 ρων·
2400 3661 2653 3714 κάκείνου
2684 3664 2781 3732 μὲν
2812 3666 2911 3734 τὴν
2940 3667 3213 3735 ἐπίτασιν,
3248 3674 3437 3727 τούτου
3470 3678 3525 3730 δὲ
3558 3682 3655 3749 τὴν
3684 3684 3809 3736 ἄνε-

2222 3769 2305 3803 σιν
2338 3752 2598 3821 ρυθμίζον
2623 3756 2715 3805 καὶ
2752 3760 3124 3827 κατακιρνῶν,
3179 3764 3476 3836 καλλίστην
3532 3771 3801 3840 ἁρμονίαν

2220 3842 2529 3911 ἐργάζεται.
2576 3842 2793 3898 Τούτων
2823 3846 2917 3899 οὖν
2971 3854 3497 3923 προαποδεδομένων
3533 3862 3682 3930 ἡμῖν,
3721 3863 3804 3916 ἔτι

2220 3931 2565 4001 παραστῆσαι
2590 3931 2858 4001 βούλεται,
2884 3934 2914 4004 ἢ
2936 3938 3141 4004 μᾶλλον
3175 3943 3356 3994 εἰπεῖν
3384 3942 3651 4010 λείπεται,
3680 3950 3803 4010 πῶς

2217 4019 2276 4072 ἒν
2304 4019 2364 4072 ὃν
2393 4021 2453 4073 τὸ
2478 4023 2625 4075 θεῖον
2664 4022 2911 4093 Πνεῦμα,
2944 4027 3076 4079 ποτὲ
3132 4029 3228 4096 μὲν
3261 4031 3493 4095 ἐνίζεται
3514 4050 3527 4064 ·
3558 4036 3736 4104 [Irata
3763 4054 3803 4090 a

2217 4111 2354 4181 γὰρ,
2390 4114 2542 4197 φλησὶ,
2568 4116 2785 4181 Κυρίου
2813 4116 2906 4167 ἐπ’
2931 4118 3054 4185 ἐμὲ,
3089 4116 3160 4174 οὗ
3194 4120 3401 4175 ἕνεκεν
3446 4123 3651 4193 ἕχρισέ
3685 4146 3798 4195 με’

2214 4202 2341 4253 καί·
2374 4205 2440 4254 Τὸ
2480 4202 2719 4270 Πνεῡμά
2752 4220 2869 4259 σου
2911 4207 2977 4260 τὸ
3014 4208 3189 4277 ἅγιον
3218 4210 3301 4280 μὴ
3329 4213 3661 4285 ἀντανέλῃς
3694 4217 3802 4272 ἀπ’

2212 4292 2395 4360 ἐμοῦ·
2443 4293 2569 4345 καί·
2614 4293 2701 4359 Τῷ
2753 4298 3059 4367 Πνεύματι
3091 4303 3196 4357 τοῦ
3248 4307 3547 4373 στόματος
3583 4310 3797 4371 αὐτοῦ,

2209 4381 2374 4435 πᾶσα
2423 4383 2462 4449 ἡ
2516 4382 2770 4452 δύναμις
2820 4387 3060 4441 αὐτῶν·
3116 4394 3245 4447 ποτὲ
3306 4395 3362 4448 δὲ
3422 4397 3797 4466 πληθύνεται·

2212 4470 2528 4537 Πνεύματα
2558 4471 2691 4542 γὰρ,
2713 4475 2868 4544 φησι,
2893 4482 3236 4547 προφητῶν,
3265 4486 3599 4552 προφήταις
3642 4491 3797 4541 ὑπο-

2208 4560 2496 4615 τάσσεται
2516 4578 2532 4593 σ
2560 4563 2653 4615 καί
2673 4578 2685 4591 ·
2731 4564 3259 4623 Ἐπαναπαύσεται
3300 4574 3393 4625 ἐπ’
3422 4575 3613 4628 αὑτὸν
3639 4577 3797 4629 ἑπτὰ

2206 4651 2535 4720 πνεύματα.
2565 4654 2733 4725 Δῆλον
2763 4652 2858 4710 οὖν
2900 4659 2982 4711 ὅτι
3014 4660 3074 4712 τὺ
3107 4652 3203 4731 μὲν
3233 4663 3456 4735 Πνεῦμα
3488 4666 3569 4729 ἓν,
3620 4668 3793 4721 καθά-

2203 4760 2310 4813 περ
2356 4746 2449 4797 καὶ
2478 4746 2507 4798 ὀ
2539 4745 2799 4817 Τεχνίτης
2852 4744 2932 4813 εἷς
2954 4768 2966 4780 ·
3002 4750 3205 4820 ὄργανα
3256 4754 3336 4820 δὲ,
3387 4758 3557 4811 πολλά
3582 4776 3595 4789 ο
3630 4760 3795 4814 τοῦτο

2204 4834 2313 4903 γὰρ
2339 4835 2388 4886 οἱ
2416 4838 2712 4908 προφῆται,
2742 4841 2831 4892 καὶ
2853 4840 2941 4892 διὰ
2964 4842 3120 4895 τοῦτο
3152 4844 3387 4918 διάφορα
3413 4851 3506 4902 καὶ
3525 4850 3594 4903 τὰ
3620 4852 3793 4920 κρού-

2160 4966 2166 4973 .
2207 4942 2374 4996 ματα,
2408 4926 2440 4995 ἢ
2473 4929 2858 4998 ἐμπνεύματα.
2914 4933 3022 4983 Καὶ
3073 4936 3172 4988 οὑκ
3221 4939 3313 4991 ἐπὶ
3357 4942 3569 4995 πολλῶν
3618 4948 3788 5013 μόνον

2206 5018 2396 5080 πολλὰ,
2434 5020 2566 5072 ἀλλὰ
2597 5022 2689 5073 καὶ
2721 5023 2814 5075 ἐπὶ
2844 5023 2937 5075 τοῦ
2978 5026 3143 5079 αὑτοῦ
3198 5031 3369 5085 πολλὰ
3404 5036 3495 5086 καὶ
3526 5036 3787 5107 διάφορα,

2197 5107 2292 5159 τοῦ
2327 5106 2581 5176 Τεχνίτου
2615 5110 2680 5161 τὰ
2715 5112 2813 5180 μὲν
2845 5114 3098 5180 ὲνιέντος,
3129 5120 3194 5172 τὰ
3232 5120 3276 5173 δ’
3306 5122 3692 5189 ἐπιτείνοντος,
3718 5129 3789 5179 τὰ

2196 5195 2254 5248 δὲ
2288 5196 2738 5270 μεταϐάλλοντος,
2777 5201 2846 5254 τὰ
2875 5205 2931 5256 δὲ
2966 5210 3062 5260 καὶ
3097 5212 3396 5280 κιρνῶντος
3422 5231 3435 5244 ⁸
3470 5217 3648 5269 πάντα
3684 5219 3788 5288 μὲν

2197 5287 2291 5341 οὖν
2314 5289 2562 5359 οὐδαμῶς
2582 5308 2595 5321 ο
2636 5292 2718 5355 τίς
2748 5296 2857 5364 γὰρ
2881 5298 3061 5351 αὐτῶν
3089 5302 3307 5369 ἀτόμων
3344 5306 3375 5373 ή
3420 5307 3622 5373 γνῶσις
3648 5326 3661 5375 ;
3715 5314 3786 5364 τὰ

2196 5378 2538 5445 γενικώτατα
2590 5382 2665 5449 δὲ,
2732 5388 2894 5456 μέχρι
2950 5388 3060 5441 τῶν
3126 5390 3462 5446 ῑδικωτάτων
3520 5396 3782 5467 ὥρισται,

2203 5472 2340 5523 κατά
2365 5488 2423 5525 τε
2459 5475 2717 5544 ποιότητα
2747 5479 2837 5530 καὶ
2886 5482 3160 5551 ποσότητα
3181 5500 3194 5514 ·
3229 5487 3539 5558 περαιτέρω
3573 5493 3681 5562 γὰρ
3715 5495 3783 5545 οὐ

2211 5562 2426 5633 πρόεισι
2456 5565 2563 5618 τῶν
2593 5568 2751 5624 ἑπτά.

588 5648 795 5708 “Psal.
828 5672 971 5719 κων.
997 5659 1047 5714 8.
1128 5663 1168 5693 ¹⁹
1196 5662 1343 5719 Psal.
1378 5678 1429 5724 ι.
1463 5664 1548 5723 l5.
1609 5669 1655 5699 ²⁰
1701 5670 1846 5725 l’sal-
1883 5687 2058 5735 XXXII.
2086 5676 2117 5734 σ

2221 5681 2259 5711 ²¹
2293 5680 2309 5735 1
2343 5680 2470 5737 Cor.
2504 5700 2615 5750 xw,
2657 5683 2742 5741 ὅθ.
2812 5686 2856 5718 ¹¹
2888 5684 2995 5742 lsa.
3029 5703 3104 5756 ιι,
3136 5688 3191 5742 2.
