4090 6212
300 166 384 232 69
1467 165 1860 231 COMMENT.
1910 162 1991 224 IN
2053 159 2414 222 PSALMOS.
3501 166 3574 230 70

301 277 604 348 prophetae,
630 276 777 334 unde
802 284 858 332 et
883 277 1053 332 varia!
1083 285 1214 334 sunt
1247 290 1588 349 organorum
1629 287 1793 328 voces
1818 287 1884 328 ac
1915 270 2062 334 soni,
2121 283 2225 324 nec
2253 277 2462 324 tantum
2499 268 2552 324 in
2612 272 2782 327 variis
2843 271 3228 332 instrumentis
3265 279 3415 333 varia
3459 282 3573 337 hac

300 384 426 424 esse
458 371 831 440 reperiuntur,
862 373 959 426 sed
1007 371 1061 426 in
1115 386 1224 426 uno
1265 381 1432 441 atque
1461 370 1656 426 eodem
1692 365 2012 436 multiplicia
2043 377 2109 416 ac
2134 362 2370 426 diversa,
2422 362 2642 418 Artiﬁce
2672 365 2886 420 scilicet
2929 366 3042 422 haec
3081 368 3321 436 laxante,
3355 371 3446 425 illa
3490 373 3571 426 in-

303 461 585 524 tendente,
645 463 753 517 alia
808 465 1155 529 immutante,
1226 465 1334 519 alia
1381 464 1550 519 etiam
1639 461 1912 517 miscente
1966 471 2032 512 ac
2083 461 2446 524 temperante.
2503 455 2696 510 Omnia
2738 473 2868 512 vero
2927 467 2982 513 et
3040 460 3254 528 singula
3323 460 3565 533 Spiritus

297 567 507 619 organa
549 553 765 608 deliniri
796 569 903 608 non
934 563 1188 626 possunt,
1228 570 1353 610 cum
1396 555 1549 608 nulla
1617 552 1692 607 sit
1757 547 2172 605 individuorum
2214 545 2459 615 cognitio
2515 561 2530 598 :
2585 554 2814 614 possunt
2885 555 3068 602 tamen
3117 564 3306 604 eorum
3355 554 3567 608 diversa

299 661 506 715 genera
540 657 594 702 et
627 649 840 717 species
878 650 1186 704 secundum
1229 649 1553 718 qualitatem
1613 655 1670 701 et
1731 643 2103 714 quantitatem
2153 637 2396 706 deliniri,
2435 647 2602 708 atque
2637 639 2757 694 ideo
2800 654 2909 694 non
2973 643 3112 713 plus;
3145 656 3309 712 quam
3358 656 3567 715 septem

299 749 430 792 esse
479 738 764 793 dicuntur.

371 832 574 884 Λοιπὸν
611 831 704 884 οῦν
760 833 1005 905 ἔλθωμεν
1055 835 1150 888 ἐπὶ
1184 837 1312 899 τοὺς
1344 836 1582 906 τρόπους
1607 836 1708 905 τῆς
1743 852 1862 904 προ-

2060 827 2331 884 Czeterum
2347 830 2413 883 de
2437 829 2740 899 prophetia:
2761 832 2937 886 modis
2953 831 3199 888 dicamus
3224 851 3237 886 :
3256 835 3398 891 alius
3419 839 3566 892 enim

299 923 532 992 φητείας
557 940 570 954 ⁸
605 924 634 974 ὁ
671 923 768 992 μὲν
788 925 895 994 γὰρ
922 926 1030 980 τῶν
1054 926 1462 996 παρελθόντων,
1498 928 1527 978 6
1569 927 1625 978 δὲ
1664 925 1772 977 τῶν
1797 925 1885 976 ὲν-

1986 919 2263 990 praeterita
2281 927 2492 986 narrat,
2519 921 2662 976 alius
2681 923 2990 990 praesentia,
3006 926 3209 981 etalius
3229 926 3409 982 futura
3432 945 3568 999 pra:-

303 1009 585 1074 εςτώτων,
614 1011 643 1063 6
664 1011 720 1064 δὲ
741 1013 850 1066 τῶν
879 1015 1186 1084 μελλόντων
1216 1015 1314 1084 τὴν
1345 1013 1547 1081 γνῶσιν
1569 1013 1796 1082 ἔσχηκεν
1815 1027 1830 1043 ο
1855 1031 1862 1061 ε

1985 1011 2153 1064 dicit:
2180 1019 2235 1064 et
2261 1010 2349 1065 hic
2372 1011 2593 1082 quidem
2621 1013 2827 1083 aliquid
2859 1015 3066 1080 dicens,
3092 1017 3178 1071 ille
3212 1033 3342 1074 vero
3361 1022 3566 1090 aliquid

311 1101 436 1166 μὲν,
470 1102 590 1152 τόδε
613 1118 664 1152 τι
715 1103 909 1169 λέγων,
961 1106 988 1156 6
1025 1104 1107 1166 δὲ,
1141 1104 1262 1156 τόδε
1299 1121 1351 1156 τι
1387 1107 1638 1174 πράττων
1679 1119 1693 1135 ’
1727 1104 1820 1155 καὶ
1853 1122 1862 1153 ι

1988 1098 2220 1164 iaciens,
2247 1100 2389 1156 alius
2413 1103 2544 1157 item
2571 1104 2883 1169 manifeste,
2909 1107 3053 1162 alius
3076 1123 3208 1162 vero
3233 1111 3464 1167 obscure
3485 1123 3569 1167 at-

309 1191 432 1258 μὲν,
468 1193 742 1260 ὲναργῶςο
775 1195 803 1245 6
829 1195 905 1258 δὲ,
939 1195 1377 1264 αἰνιγματωδῶς.
1411 1196 1520 1247 Καὶ
1548 1195 1740 1264 τρόποι
1771 1194 1878 1246 πᾶ-

304 1279 389 1331 λιν
435 1279 640 1332 τούτων
685 1281 796 1334 τῶν
823 1286 1041 1353 τρόπων
1076 1285 1249 1353 ἕτεροι
1273 1301 1287 1315 ο
1317 1285 1344 1336 6
1371 1284 1472 1353 μὲν
1519 1283 1584 1336 δι’
1611 1283 1877 1353 ὁράσεως,

299 1372 330 1420 ὀ
365 1370 422 1422 δὲ
451 1371 521 1422 δι’
552 1370 742 1439 ἀκοῆς,
785 1375 812 1424 6
841 1373 896 1425 δὲ
924 1374 992 1426 δι’
1015 1374 1334 1444 ὀσφρήσεως
1367 1373 1466 1428 καὶ
1520 1374 1814 1436 συνέσεως,
1841 1373 1876 1444 ἢ

293 1457 465 1528 ἀρῆς,
492 1463 688 1531 νοερῶς
708 1461 884 1513 πάντα
907 1478 919 1490 '
954 1462 1216 1516 τοσαῦται
1250 1463 1358 1533 γάρ
1392 1465 1490 1516 καὶ
1519 1463 1639 1526 νοὸς
1675 1461 1877 1532 αἰσοή-

293 1567 432 1614 σεις,
461 1555 582 1605 ὅσαι
634 1555 726 1606 καὶ
762 1553 1012 1624 σώματος
1037 1569 1054 1583 ⁸
1090 1555 1208 1608 ἀλλ’
1238 1556 1460 1626 ὁράσεις
1486 1555 1738 1623 λέγονται
1771 1555 1877 1607 πᾶ-

291 1656 404 1703 σαι,
436 1645 578 1697 κατὰ
614 1644 675 1696 τὸ
723 1645 1111 1717 γενικώτερον,
1146 1648 1180 1719 ἢ
1212 1647 1564 1717 τιμιώτερον.
1611 1646 1744 1716 Ὁρᾷ
1776 1646 1876 1715 μὲν

286 1729 381 1784 οὖν
435 1735 726 1805 Ἰεζεκιήλ’
769 1739 876 1791 Kal
923 1738 1146 1806 ἐώρων,
1205 1742 1373 1808 φησὶ,
1423 1740 1521 1793 καὶ
1556 1739 1877 1794 ἀνέϐαινον

284 1823 532 1890 σάρκες.
552 1827 654 1880 καὶ
680 1830 1065 1895 παρετείνετο
1091 1829 1296 1898 δέρμα,
1321 1832 1416 1883 καὶ
1450 1831 1518 1882 τὰ
1547 1830 1672 1898 ἑξῆς
1690 1847 1705 1862 ο
1739 1829 1875 1883 ἀλλά

285 1918 380 1968 καὶ
411 1917 604 1970 ἀκςῦει
623 1935 638 1949 ’
677 1921 788 1972 Kal
819 1919 926 1984 σὺ,
969 1921 1160 1988 φησιν,
1191 1919 1283 1973 υἱὲ
1324 1920 1662 1988 ἀνθρώπου,
1693 1921 1878 1974 ἄκουε

283 2006 393 2059 τοῦ
428 2007 775 2073 λαλοῦντος
814 2011 966 2075 πρὸς
996 2009 1072 2062 σέ
1100 2024 1114 2038 ·
1155 2009 1292 2062 ἀλλὰ
1345 2011 1443 2062 καὶ
1473 2009 1694 2076 γεύεται
1715 2027 1730 2041 ο
1765 2011 1878 2064 Kal

1985 1204 2093 1257 que
2140 1191 2481 1260 aenigmatice
2514 1210 2527 1244 :
2565 1191 2757 1246 borum
2798 1195 2963 1249 etiam
3009 1197 3325 1263 modorum,
3377 1215 3569 1257 rursus

1983 1280 2075 1333 alii
2107 1283 2428 1346 suntlmodi.
2471 1281 2570 1337 llic
2592 1299 2688 1354 per
2711 1286 3004 1350 visionem,
3033 1289 3124 1343 ille
3147 1305 3244 1359 per
3297 1291 3567 1358 auditum,

1981 1370 2124 1424 alius
2143 1385 2238 1439 per
2260 1372 2572 1439 odoratum,
2595 1376 2736 1430 alius
2759 1392 2855 1446 per
2879 1390 3128 1446 gustum,
3151 1389 3204 1434 et
3235 1395 3332 1450 per
3355 1389 3562 1437 tactum

1983 1460 2128 1514 alius
2163 1479 2176 1514 :
2211 1462 2398 1517 omnia
2437 1472 2626 1520 tamen
2663 1468 2968 1522 secundum
3024 1470 3384 1526 intellectum.
3416 1471 3567 1528 Toti-

1982 1550 2106 1605 dem
2129 1553 2274 1607 enim
2316 1569 2513 1611 sensus
2552 1555 2860 1635 intellectus
2898 1560 3084 1626 habet,
3121 1571 3256 1632 quot
3307 1579 3560 1635 corpus:

1977 1655 2170 1696 verum
2201 1657 2394 1699 omnes
2417 1645 2471 1698 bi
2503 1647 2650 1702 modi
2685 1633 2926 1706 visiones
2975 1653 3143 1707 etiam
3182 1633 3555 1725 appellantur,

1978 1734 2065 1787 vel
2095 1734 2222 1803 quia
2255 1737 2560 1805 generalior
2617 1739 2690 1793 sit
2744 1742 2973 1799 visionis
3038 1745 3255 1812 modus,
3299 1748 3381 1802 vel
3429 1750 3556 1817 quia

1979 1823 2225 1893 dignior.
2261 1825 2410 1880 Vidit
2435 1829 2656 1896 quidem
2689 1831 2937 1888 Ezechiel
2976 1855 2989 1888 :
3028 1834 3096 1888 Et
3126 1838 3248 1903 ridi,
3285 1837 3479 1907 inquit,
3505 1849 3557 1895 et

1978 1915 2336 1969 ascendebant
2366 1933 2576 1983 carnes,
2601 1928 2650 1972 et
2674 1923 3056 1978 extendebatur
3085 1928 3222 1980 cutis
3257 1930 3322 1981 “.
3348 1927 3553 1983 Verum

1981 2011 2038 2056 et
2069 2003 2197 2056 alibi
2225 2005 2459 2068 audivit,
2508 2022 2638 2060 cum
2687 2009 2807 2061 ait:
2850 2011 2957 2075 Tu,
2991 2014 3072 2079 ﬁli
3125 2015 3376 2077 hominis,
3432 2018 3559 2070 audi

282 2097 587 2165 ἐψώμισε,
635 2101 792 2169 φησὶ,
849 2101 966 2166 τὴν
996 2100 1296 2168 κεφαλίδα
1326 2101 1577 2164 ταύτην,
1615 2101 1714 2154 καὶ
1752 2102 1862 2155 εἷπε

1984 2106 2105 2145 eum
2135 2093 2223 2160 qui
2254 2093 2489 2162 loquitur
2527 2095 2596 2147 ad
2650 2106 2696 2148 te
2721 2098 2788 2150 “.
2819 2099 2964 2152 Alibi
3010 2103 3176 2153 etiam
3212 2104 3452 2169 gustavit
3475 2105 3560 2159 di-

294 2188 449 2252 πρός
473 2203 552 2255 με
580 2205 594 2218 ·
629 2167 720 2240 ne
765 2167 1102 2257 ἀνθρώπω),
1133 2189 1198 2242 τὸ
1226 2191 1418 2259 στόμα
1443 2205 1561 2245 σου
1611 2191 1854 2261 φάγεται

1983 2196 2117 2237 cens
2151 2199 2166 2236 :
2208 2180 2279 2234 Et
2305 2183 2498 2238 cibavit
2550 2201 2632 2238 me
2651 2185 2743 2239 illo
2783 2188 3062 2252 volumine,
3092 2199 3142 2242 et
3173 2167 3306 2244 dixit
3333 2192 3400 2243 ad
3430 2208 3510 2246 me
3544 2209 3566 2246 :

292 2276 392 2328 καὶ
431 2277 470 2343 ἡ
523 2279 723 2330 κοιλΙα
760 2293 878 2331 σου
934 2279 1358 2344 πλησθήσεται
1389 2279 1499 2347 τῆς
1548 2283 1878 2350 κεφαλίδος

288 2363 546 2427 ταύτης·
579 2362 640 2416 τὸ
674 2365 776 2433 μὲν
808 2365 981 2434 ἄκρον
1011 2368 1102 2418 καὶ
1136 2366 1572 2438 δραστικώτερον
1623 2370 1716 2424 τοῦ
1750 2371 1871 2436 νοὸς

286 2451 465 2521 στόμα
521 2453 726 2518 καλῶν,
770 2455 833 2508 τὸ
890 2456 983 2509 καὶ
1017 2457 1251 2526 πρώτως
1301 2457 1706 2530 ἀπογενόμενον
1758 2462 1868 2516 τῶν

283 2539 448 2592 Θείων
479 2540 790 2612 βρωμάτων
812 2561 827 2576 ο
858 2545 921 2598 τὸ
949 2545 1203 2617 δεύτερον
1241 2548 1298 2600 δὲ
1360 2549 1454 2602 καὶ
1480 2551 1865 2621 χωρητικώτε-

283 2648 401 2702 ρον,
437 2633 557 2702 ἦτοι
593 2635 692 2706 τὴν
713 2635 973 2702 διάνοιαν,
995 2637 1202 2691 κοιλίαν
1222 2639 1530 2708 ὀνομάζων,
1566 2641 1632 2712 ἢν
1664 2643 1759 2696 καὶ
1781 2643 1866 2696 λέ-

281 2737 390 2788 γει’
415 2722 792 2794 Πλησθήσεται
813 2725 918 2796 τῆς
943 2728 1252 2796 κεφαλίδος,
1277 2727 1354 2792 ώς
1376 2729 1438 2783 ἐκ
1461 2731 1674 2801 μικρῶν
1696 2749 1864 2804 σπερ-

284 2813 475 2880 μάτων
509 2813 603 2866 τοῦ
630 2816 966 2886 Πνεὺματος,
986 2818 1196 2871 πολλῶν
1227 2819 1614 2892 πληρουμένην
1644 2822 1755 2892 ἄρα
1777 2825 1866 2876 λο-

280 2902 440 2968 γίων.
459 2905 594 2976 ’0ρᾷ
611 2905 667 2958 δὲ
701 2908 798 2959 καὶ
827 2907 1017 2961 ἀκούει
1042 2910 1134 2963 καὶ
1159 2911 1410 2974 Ἠσαίας·
1441 2912 1557 2978 Τίς,
1585 2916 1740 2984 φησὶ,
1758 2931 1857 2969 πο-

1977 2271 2086 2325 Fili
2123 2273 2374 2338 hominis,
2408 2291 2464 2329 os
2489 2284 2636 2329 tuum
2669 2278 2923 2339 comedet.
2960 2291 3140 2334 venter
3170 2289 3290 2335 ntus
3315 2282 3560 2350 implebi-

1975 2373 2065 2416 lur
2089 2365 2187 2418 ltoc
2223 2365 2488 2420 volumine
2517 2383 2537 2420 .·
2572 2383 2845 2422 summam
2875 2369 3026 2424 illam
3082 2373 3343 2426 nimirum
3375 2373 3559 2429 enica-

1971 2451 2366 2524 cissimamque
2387 2469 2452 2510 ac
2475 2455 2780 2526 principem
2811 2469 3024 2527 partem
3057 2459 3396 2526 intellectus,
3426 2477 3551 2532 quae

1969 2541 2188 2597 divinos
2212 2543 2367 2600 cibos
2395 2544 2630 2613 primum
2658 2555 2861 2616 gustat,
2893 2563 2980 2615 os,
3009 2551 3307 2606 secundam
3339 2567 3472 2609 vero
3496 2561 3554 2608 et

1969 2632 2310 2701 capaciorem
2341 2633 2658 2701 admodum,
2694 2645 2932 2692 mentem
2964 2636 3110 2704 dico,
3143 2651 3385 2696 ventrem
3447 2655 3548 2712 ap-

1970 2724 2210 2791 pellans,
2248 2738 2412 2794 quam
2469 2725 2752 2781 volumine
2805 2727 3134 2797 implendam
3191 2742 3315 2786 esse
3362 2730 3549 2788 dixit:

1967 2813 2128 2881 quasi
2157 2828 2224 2868 ex
2252 2813 2492 2870 minimis
2520 2815 2762 2886 Spiritus
2793 2817 2971 2871 sancti
3002 2819 3330 2887 seminibus,
3358 2822 3547 2879 multis

1975 2903 2194 2974 impleri
2247 2907 2477 2962 deberet
2531 2908 2736 2963 divinis
2771 2910 3028 2979 eloquiis.
3065 2908 3226 2966 Videt
3277 2913 3440 2967 etiam
3495 2923 3552 2970 et

272 2993 558 3060 ρεύσεται
587 2999 736 3064 πρὸς
767 2997 873 3050 τὸν
896 3001 1053 3052 ⁹λῑαὸν
1069 3000 1324 3066 τοῦτον;
1347 3001 1455 3056 Kal
1475 2998 1668 3066 εἷπον,
1706 3004 1862 3060 Ἰδοὺ

1972 2997 2127 3050 audit
2153 2995 2325 3053 Isaias
2359 3014 2374 3052 :
2405 2997 2562 3064 Quis,
2613 2999 2814 3070 inquit,
2841 3001 3050 3054 accedet
3074 3003 3142 3055 ad
3199 3004 3337 3057 hunc
3376 3020 3548 3074 popu-

277 3083 419 3148 ἐγὼ,
450 3084 650 3150 Κύριε.
681 3083 796 3138 Νῦν
824 3087 852 3138 6
902 3087 1117 3141 ἀκούων
1140 3103 1154 3117 ’
1187 3088 1270 3150 τις
1301 3089 1358 3142 δὲ
1390 3091 1418 3142 6
1463 3090 1716 3160 βλέπων;
1751 3093 1860 3147 Kal

1971 3087 2081 3140 tum
2107 3088 2201 3142 "'3
2230 3085 2298 3141 Et
2330 3087 2446 3142 dixi
2472 3103 2492 3141 :
2524 3087 2659 3144 Ecce
2679 3107 2790 3160 ego,
2817 3090 3060 3146 Domine.
3083 3093 3238 3149 Nunc
3263 3095 3427 3165 igitur
3454 3112 3550 3152 an-

275 3174 474 3240 ἀώρων
493 3175 606 3241 ἕως
635 3177 834 3244 θρόνοι
854 3179 1171 3247 ἐτέθησαν,
1203 3180 1302 3234 καί
1332 3181 1596 3247 Παλαιὸς
1625 3181 1861 3250 ἡμερῶν

1969 3174 2126 3240 divit,
2184 3175 2313 3230 alibi
2346 3191 2475 3231 vero
2504 3178 2662 3232 vidit.
2696 3176 2765 3231 Et
2791 3180 2918 3246 vidi,
2951 3180 3154 3250 inquit,
3175 3182 3340 3236 donec
3360 3187 3548 3252 νοείτω

274 3267 599 3333 ἐκάθησεν,
633 3269 838 3338 ἀμφοῖν
877 3270 1087 3325 τούτοιν
1135 3271 1232 3325 τοῦ
1260 3273 1358 3342 μὲν
1409 3275 1508 3344 τὴν
1535 3274 1857 3340 ἀνάστασιν,

1967 3266 2090 3320 ltum
2145 3269 2315 3333 sedes,
2375 3278 2424 3324 et
2472 3271 2562 3339 qui
2613 3271 2875 3341 Antiquus
2941 3283 3055 3326 erat
3113 3275 3340 3340 dierum,
3390 3276 3546 3330 sedit.

276 3359 374 3410 τοῦ
403 3360 458 3412 δὲ
477 3360 577 3430 τὴν
608 3362 790 3429 κρίσιν
821 3363 1203 3434 μερισαμένων
1231 3366 1366 3436 (Η).
1396 3366 1574 3420 Πολλά
1599 3366 1731 3434 γοῦν
1759 3367 1854 3422 τοῦ

1967 3353 2173 3412 Horum
2203 3367 2385 3412 autem
2417 3360 2648 3414 duorum
2684 3361 3095 3431 prophetarum,
3123 3374 3179 3418 ut
3203 3365 3376 3432 vides,
3405 3367 3546 3421 alter

275 3450 520 3514 ἀκούειν,
554 3453 644 3504 καὶ
682 3452 925 3521 βλᾶπειν,
964 3456 1054 3508 καὶ
1085 3456 1346 3524 γεύεσθαι
1369 3457 1438 3510 τὰ
1470 3459 1858 3530 παραδείγμα-

1969 3450 2454 3512 resurrectionem,
2475 3459 2530 3505 et
2558 3451 2991 3522 alterjudicium
3044 3456 3150 3511 sibi
3180 3458 3365 3526 partiti
3393 3467 3544 3514 sunt.

274 3556 364 3590 τα.
399 3541 534 3594 Τίνα
564 3542 621 3594 δὲ
660 3544 755 3596 καὶ
790 3546 884 3597 τοῦ
919 3544 1220 3613 ἂπτεσθαις
1254 3548 1367 3619 (1⁸2)
1400 3548 1596 3618 Ναοῦμ
1628 3548 1690 3602 τὸ
1716 3547 1857 3603 Θείον

1967 3541 2134 3595 Multa
2163 3541 2270 3596 alia
2301 3551 2452 3606 sunt,
2484 3543 2728 3611 auditus,
2758 3545 2909 3602 visus
2946 3555 2999 3602 et
3036 3557 3228 3617 gustus
3269 3554 3542 3619 exempla.

275 3627 475 3698 λῆμμα
497 3631 593 3700 τὴν
617 3633 904 3704 θεοληψίαν
935 3634 1078 3688 οὕτω
1103 3637 1416 3706 καλοῦντος,
1443 3640 1696 3709 καθάπερ
1753 3642 1852 3694 ἐπ-

1967 3632 2170 3688 Tactus
2203 3635 2520 3704 exemplum
2577 3635 2749 3691 habes
2785 3638 2933 3707 apud
2989 3637 3162 3694 Naum
3196 3642 3331 3710 :qui
3383 3639 3540 3708 juxta

285 3721 579 3790 αφωμένου
613 3721 708 3776 τοῦ
743 3726 1070 3796 ἡγεμονικοῦ
1105 3727 1204 3798 τῆς
1233 3728 1429 3799 ψυχῆς,
1461 3731 1553 3784 καὶ
1576 3729 1855 3799 τυπουμέ-

1967 3724 2386 3778 translationem
2442 3723 2609 3788 LXX,
2669 3728 2815 3794 quod
2861 3728 2954 3779 alii
3002 3731 3334 3799 interpretes
3393 3727 3540 3783 Onus

274 3831 371 3866 νου
399 3813 608 3868 καὶτοῦ
642 3815 795 3884 ἁγίου
827 3816 1169 3886 Πνεῦματος.

1967 3813 2158 3865 Ninive
2186 3812 2566 3875 reddiderunt,
2605 3814 3027 3884 Assumptionem
3073 3822 3261 3876 Ninive
3297 3822 3538 3892 appella-

275 3908 404 3958 vit:
447 3909 874 3976 assumptionem
919 3910 1214 3979 quamdam
1255 3911 1515 3976 divinam,
1553 3908 1958 3979 priucipalioris
1992 3902 2188 3956 anima:
2240 3902 2409 3971 partis
2484 3905 2812 3974 intelligens,
2884 3923 2990 3960 non
3033 3925 3194 3966 secus
3263 3929 3326 3969 ac
3391 3916 3436 3969 si
3506 3928 3536 3965 a

277 4007 478 4052 sancto
510 3999 741 4068 Spiritu,
797 4002 1055 4058 manibus
1123 4002 1452 4071 quibusdam
1514 4009 1855 4058 contrectata
1893 3997 2089 4053 l‘uisset
2117 4001 2170 4049 et
2196 3993 2448 4048 formata.

364 4093 506 4146 ’Δλλ’
548 4095 634 4146 ἵνα
695 4096 942 4166 εῐπωμεν
1012 4095 1448 4168 συντομώτερον,
1511 4097 1688 4154 ἄλλων
1735 4096 1856 4150 κατ’

271 4185 438 4238 ἄλλον
468 4184 882 4254 ἐνεργουμένων
946 4187 1042 4239 ναὶ
1089 4188 1279 4258 χρόνον
1313 4187 1408 4242 καὶ
1457 4187 1698 4259 τρόπονῖ,
1760 4186 1856 4239 καὶ

275 4272 473 4343 κομιδῇ
502 4290 563 4341 γι
595 4274 791 4341 ὀλίγων
830 4276 925 4327 καὶ
957 4277 1046 4328 ἐπ’
1081 4278 1286 4345 ὀλίγου,
1339 4280 1479 4332 κατὰ
1511 4277 1607 4332 δύο
1656 4278 1852 4348 μόνους

269 4364 592 4435 χρόνους,ῆ
636 4365 732 4417 καὶ
758 4366 1016 4434 τρόπους,
1077 4369 1335 4433 πολλάκις
1385 4373 1532 4441 τρεῖς
1559 4386 1576 4403 ο
1624 4369 1783 4439 μόνος
1824 4371 1853 4423 6

271 4452 564 4522 θεοπάτωρ
597 4448 748 4515 οὗτος
764 4452 976 4521 λέγοιτο
1000 4456 1045 4508 δ’
1060 4457 1127 4509 ἂν
1157 4460 1249 4511 καὶ
1278 4459 1734 4530 προφητοπάτωρ,
1757 4461 1846 4514 δά

271 4541 496 4594 πάντων
524 4537 657 4611 ἦλθε
689 4543 782 4596 καὶ
806 4543 1012 4613 χρόνων
1069 4546 1165 4599 καὶ
1199 4547 1416 4618 τρόπων
1450 4565 1465 4580 ·
1495 4553 1590 4602 καὶ
1620 4550 1713 4603 νῦν
1741 4551 1842 4611 μὲν

266 4631 421 4698 λέγει
449 4632 520 4683 τά
553 4631 914 4704 παρελθόντα,
939 4632 1037 4688 νῦν
1085 4635 1140 4689 δὲ
1199 4636 1270 4690 τὰ
1331 4638 1483 4702 ὄντα,
1521 4637 1613 4690 νῦν
1657 4638 1711 4690 δὲ
1773 4639 1844 4691 τά

268 4719 568 4791 μέλλοντα,
603 4723 699 4775 καὶ
723 4723 819 4776 νῦν
851 4725 953 4796 μὲν
981 4727 1120 4798 ὁρᾷ·
1165 4726 1274 4781 Kal
1319 4725 1462 4794 εἶδε,
1525 4729 1683 4800 φησὶ,
1735 4731 1844 4784 τὸν

2001 4151 2010 4156 ,
2049 4089 2254 4146 Verum
2291 4095 2347 4143 ut
2377 4087 2620 4143 breviter
2665 4104 2974 4144 sermonem
3006 4093 3380 4162 expediamus,
3409 4113 3534 4152 cum

1951 4193 2274 4240 cancrorum
2373 4180 2762 4252 prophetarum
2864 4182 2953 4236 alii
3008 4198 3104 4252 per
3168 4187 3317 4241 varia
3401 4199 3530 4243 tem-

1950 4291 2083 4347 pora
2114 4284 2170 4330 et
2209 4273 2444 4328 modos:
2479 4283 2642 4342 atque
2695 4273 2751 4328 bi
2795 4274 3014 4344 quidem
3074 4277 3234 4346 pauci
3281 4288 3334 4331 et
3385 4294 3533 4345 raro,

1951 4366 2153 4437 quippe
2193 4379 2319 4419 cum
2344 4378 2442 4433 per
2485 4363 2594 4418 duo
2630 4375 2841 4419 tantum
2877 4373 3145 4437 tempora,
3177 4366 3262 4420 vel
3313 4367 3529 4434 modos,

1954 4459 2021 4512 ad
2055 4473 2332 4513 summum
2371 4466 2500 4522 tres,
2529 4458 2611 4527 agi
2651 4458 2733 4514 eis
2773 4458 3086 4529 contigerit,
3123 4460 3277 4516 solus
3311 4459 3400 4514 hic
3437 4476 3530 4515 no-

1951 4557 2082 4611 ster,
2109 4546 2203 4601 Dci
2222 4557 2271 4602 et
2285 4548 2664 4615 prophetarum
2680 4546 3044 4617 etiamll’ater,
3062 4550 3243 4603 omnia
3259 4551 3527 4619 percurrit

1952 4647 2202 4709 tempora
2255 4645 2314 4693 et
2370 4638 2562 4692 modos
2601 4655 2614 4692 :
2654 4645 2710 4692 et
2770 4654 2917 4693 nunc
2971 4641 3190 4708 quidem
3251 4644 3524 4711 praeterita

1949 4727 2103 4792 dicit,
2131 4741 2275 4780 nunc
2309 4724 2619 4795 praesentia,
2651 4724 2812 4780 modo
2841 4725 3004 4780 etiam
3039 4727 3250 4792 futura,
3277 4734 3332 4782 et
3361 4729 3525 4782 modo

267 4810 576 4881 Κύριον,ἢ
621 4811 690 4865 τὰ
722 4813 816 4867 τοῦ
856 4793 1110 4886 Κυρίὸιὶ·
1157 4816 1254 4870 νῦν
1300 4817 1357 4870 δὲ
1410 4793 1599 4872 agatis;
1634 4815 1842 4884 -ΕῙπε,

1967 4819 2120 4875 videt.
2159 4793 2328 4883 Vidit,
2362 4817 2563 4888 inquit,
2611 4816 2782 4870 David
2837 4817 3143 4882 Dominum,
3186 4827 3281 4874 aut
3311 4835 3374 4874 ea
3403 4836 3522 4890 qua:

264 4901 403 4970 γὰρ,
428 4902 584 4972 φησι,
623 4905 837 4972 Κύριος
862 4905 942 4970 τῷ
977 4906 1155 4960 Δαὸίδ
1179 4926 1196 4943 ο
1230 4908 1327 4961 νῦν
1355 4908 1410 4962 δὲ
1447 4911 1678 4964 ἅπτεται
1705 4927 1720 4941 ο
1777 4911 1840 4964 Ἠ

265 4991 526 5061 γλῶσσά
573 5011 694 5064 μου
727 4997 999 5067 κάλαμος
1048 5002 1430 5070 τῬαμματέως
1471 5003 1839 5073 όξυγράφου,

268 5082 525 5152 γλῶτταν
542 5087 603 5140 οὐ
631 5087 725 5159 τὴν
744 5087 848 5152 ἔξω
876 5089 1070 5159 λέγων,
1097 5092 1276 5162 λέγειν
1305 5094 1414 5166 γάρ
1443 5094 1508 5147 ἂν
1535 5093 1704 5165 αὐτὴν
1728 5094 1840 5165 (13)

341 5215 386 5246 ⁸⁸
419 5215 618 5274 Ezecb.
651 5236 862 5288 xxxvn,
900 5223 954 5279 8.
1029 5226 1077 5258 “
1113 5225 1308 5282 Ezecb.
1345 5245 1387 5292 ι,
1421 5230 1472 5292 i,
1497 5231 1552 5284 5.

1949 4909 2163 4964 Domini
2187 4915 2316 4963 sunt
2343 4925 2358 4964 :
2386 4908 2549 4963 modo
2571 4909 2758 4963 audit:
2792 4908 2958 4976 Dixit,
2993 4911 3160 4975 enim,
3191 4911 3386 4979 inquit,
3416 4911 3520 4964 Do-

1955 5001 2129 5054 minus
2162 5003 2228 5053 ad
2267 4999 2434 5053 David
2459 5001 2504 5031 ¹⁶
2534 5017 2547 5054 :
2573 4998 2728 5055 Nunc
2760 5003 2933 5070 tangit
2976 5020 2988 5057 :
3031 5001 3235 5073 Lingua
3268 5021 3401 5064 mea,
3439 5005 3514 5056 in-

1957 5094 2100 5164 quit,
2135 5092 2373 5146 calamus
2396 5093 2580 5149 scriba:
2602 5094 2850 5148 velociter
2892 5095 3170 5150 scribentis
3201 5113 3220 5152 :
3255 5097 3517 5166 linguam,

1629 5230 1675 5260 "
1696 5231 1801 5285 lsa.
1832 5245 1909 5293 vr,
1941 5229 1996 5285 8.
2073 5231 2119 5262 "
2142 5229 2288 5286 Psal.
2310 5244 2455 5296 των,
2476 5231 2532 5284 2.

1594 5321 1794 5383 Varias
1838 5321 2161 5384 lectiones.

485 5409 574 5484 lg.
613 5416 1019 5484 μερισαμένων.

1940 5424 2332 5492 prehensionem
2351 5423 2428 5478 sic
2448 5423 2739 5494 appellans,
2759 5427 2910 5494 quasi
2933 5423 3170 5491 princeps
3201 5413 3364 5467 animi
3384 5431 3511 5480 pars

336 5477 452 5561 (l2)
494 5477 832 5561 Grmcorum:
870 5489 1158 5561 verborum
1207 5505 1402 5561 sensus
1455 5498 1541 5545 cst
1582 5509 1594 5544 :
1651 5489 1834 5546 Naum
1940 5477 2368 5561 prehenderetur.

257 5546 475 5606 quidem
524 5548 768 5607 divinum
820 5555 1014 5612 lemma
1066 5560 1214 5614 dicit.
1262 5560 1493 5615 divinam
1543 5566 1831 5622 quamdam

2017 5565 2128 5624 (ιὸ)
2149 5563 2322 5625 Adde.
2345 5564 2427 5623 vel
2451 5563 2680 5622 subaudi
2705 5561 2891 5624 ἐγοῆν,
2909 5558 2989 5614 vel
3010 5557 3154 5611 aliud
3177 5553 3508 5623 bujusmodi,
