4090 6212
594 230 661 294 71

1817 219 2199 280 EUTIIYMII
2257 220 2623 281 ZIGABENI

3783 220 3849 285 72

599 346 840 412 inquam,
876 352 984 393 non
1016 336 1163 391 lianc
1197 322 1526 390 exteriorem
1581 333 1929 404 intelligens;
1966 333 2168 403 quipre

2278 334 2502 402 μᾶλλον,
2536 332 2652 390 ἀλλ’
2687 333 2717 402 ἢ
2761 333 3016 404 γράφειν,
3048 332 3184 385 ἀλλά
3216 335 3314 403 τὴν
3342 332 3435 385 τοῦ
3468 335 3610 385 νοεῖν
3656 334 3844 406 δηλον-

598 447 718 489 eum
755 430 905 500 loqui
933 444 1052 485 eam
1097 428 1277 498 potius
1309 441 1473 497 quam
1508 426 1752 481 scribere
1798 438 1897 494 par
1946 425 2163 489 ruisset,

600 526 690 581 sed
722 524 1037 577 interiorem
1072 521 1383 574 intellectus
1417 519 1678 588 linguam,
1708 531 1831 585 quae
1886 530 2025 569 novo
2086 523 2166 568 at-

600 630 702 682 que
740 612 998 667 ineli'abili
1033 612 1272 681 quodam
1304 613 1482 673 modo,
1522 612 1696 679 ipsum
1749 607 2012 677 Spiritum
2042 616 2167 660 tan-

600 708 779 777 gebat,
816 706 1180 775 palpabatque
1210 719 1274 759 eo
1313 703 1573 756 nimirmn
1625 700 1807 764 modo,
1836 714 1945 768 quo
1976 714 2002 750 a
2029 699 2166 753 scri-

600 808 755 869 ptore
807 799 1049 867 tangitur
1108 797 1518 862 calamus:per
1574 807 1763 862 quem,
1815 806 1878 845 ea
1934 806 2058 859 qua:
2089 790 2168 844 illi

600 891 836 943 revelata
872 898 1050 953 erant,
1082 890 1361 957 eleganter
1384 884 1663 939 scribebat
1706 901 1720 938 :
1756 899 1933 953 neque
1960 885 2011 937 id
2045 894 2166 936 tan-

598 991 735 1047 tum,
767 982 859 1035 sed
892 993 944 1037 et
977 981 1234 1033 velociter
1264 978 1313 1032 id
1340 979 1552 1048 agebat.
1580 975 1733 1031 Unde
1765 985 1819 1031 et
1848 976 2167 1029 manifesta-

600 1072 797 1124 tionem
827 1070 1120 1139 prophetiae
1148 1069 1373 1131 indicat,
1402 1076 1454 1121 et
1477 1067 1852 1121 vehementem
1886 1068 2074 1127 etiam,
2106 1079 2169 1118 ac

598 1163 828 1215 validam
869 1161 1112 1230 Spiritus
1152 1161 1604 1222 concitationem,
1650 1158 1779 1212 dum
1822 1157 2169 1211 velocissimo

597 1255 791 1308 scriba:
836 1271 955 1308 eam
1012 1262 1315 1321 comparat.
1378 1251 1522 1303 Alibi
1565 1259 1782 1319 gustum
1839 1248 1944 1303 sibi
1976 1247 2169 1301 adesse

598 1358 889 1402 attestatur
918 1347 1109 1400 dicens
1138 1362 1151 1396 :
1187 1344 1357 1408 Quam
1386 1343 1569 1394 dulcia
1597 1340 1841 1410 faucibus
1876 1340 2003 1393 meis
2054 1340 2169 1393 elo-

596 1441 721 1508 quia
752 1450 843 1493 tua
872 1454 1028 1504 super
1079 1440 1180 1489 met
1206 1436 1285 1488 ori
1318 1450 1429 1487 meo
1456 1436 1525 1487 "’.
1562 1434 1734 1502 ipsius
1768 1432 1968 1486 etenim
2004 1430 2167 1485 intel-

600 1532 779 1585 lectus
840 1544 901 1582 os
963 1544 1022 1581 ac
1081 1528 1271 1581 fauces
1334 1526 1770 1586 delectabantur,
1810 1535 1932 1575 cum
1984 1521 2169 1575 divina

596 1622 952 1675 oraculorum
990 1617 1207 1686 eloquia
1240 1616 1555 1683 deglutiret,
1594 1628 1657 1668 ac
1708 1628 1899 1667 rursus
1944 1625 2169 1667 revoca-

2276 427 2379 487 ότι,
2415 426 2600 478 καινόν
2644 442 2765 478 τινα
2824 427 3024 494 τρόπον
3056 426 3440 494 ἐφαπτομένην
3478 426 3572 478 τοῦ
3605 430 3852 498 πνεύμα-

2274 534 2386 579 τος,
2417 518 2492 575 ὡς
2522 518 2889 588 ὑπογραφέως
2922 519 3190 587 κάλαμος,
3214 518 3281 569 δ;’
3305 519 3477 587 αὐτῆς
3496 519 3595 580 τὰς
3618 520 3849 586 γνώσεις

2277 611 2802 681 καλ).ιγραφοῦντος,
2848 611 2943 664 καὶ
2980 612 3039 663 οὐ
3089 608 3249 662 τοῦτο
3293 610 3478 678 μόνον,
3540 609 3675 662 ἀλλὰ
3757 614 3855 664 καὶ

2274 700 2713 770 ὀξυγραφοῡντος
2752 718 2766 730 ·
2796 702 2939 754 οὕτω
2972 701 3061 754 διὰ
3095 704 3192 771 μὲν
3222 703 3336 754 τῶν
3362 705 3709 772 γραμμάτων
3753 705 3853 773 τὴν

2277 794 2568 864 ἐνάργειαν
2592 795 2688 860 τῆς
2724 794 3063 864 προφητείας
3096 794 3364 864 ἐδήλωσεν
3398 812 3409 824 ·
3458 795 3557 865 τὴν
3615 796 3855 866 ὀξύτητα

2270 884 2350 949 δὲ,
2380 884 2467 937 διὰ
2496 884 2597 954 τῆς
2629 882 2984 954 όξυγραφξας.
3010 886 3125 938 Νῦν
3152 887 3207 939 δὲ
3242 886 3341 957 τὴν
3360 889 3654 958 γευστικὴν
3673 888 3855 957 ἑαυτῲ

2278 980 2697 1047 προσμαρτυρεῖ
2731 977 2964 1046 δύναμιν
2997 991 3010 1006 ⁶
3085 980 3184 1044 Ὠς
3236 981 3465 1048 γλυκέα
3530 981 3659 1050 γὰρ,
3699 984 3856 1051 φησὶ,

2276 1067 2357 1131 τῷ
2387 1070 2643 1138 λάρυγγι
2665 1086 2785 1136 μου
2821 1068 2891 1121 τὰ
2923 1071 3097 1139 λόγια
3120 1087 3259 1126 σου.
3321 1073 3432 1123 Καὶ
3452 1073 3557 1142 γὰρ
3590 1074 3649 1123 τὸ
3666 1073 3858 1140 νοητὸν

2279 1156 2500 1226 ἡδύνετο
2530 1159 2725 1225 στόμα,
2752 1158 2821 1211 τά
2860 1159 3015 1226 λόγια
3041 1160 3149 1211 τῶν
3210 1163 3474 1231 χρησμῶν
3530 1164 3855 1228 καταπίνον,

2276 1250 2373 1299 καὶ
2401 1246 2469 1301 αὖ
2503 1251 2797 1319 ἀναφέρον,
2836 1250 3038 1320 πολλῆς
3068 1252 3257 1321 ἡῗονῆς
3297 1252 3425 1322 περί
3458 1269 3516 1304 τε
3544 1252 3641 1322 τὴν
3688 1256 3855 1306 κατά-

2279 1353 2437 1390 ποσιν
2464 1340 2559 1392 καὶ
2598 1343 2695 1410 τὴν
2724 1341 2978 1393 ἀνάδοσιν
3010 1342 3406 1412 αἰσθανόμενος
3434 1360 3447 1374 ·
3514 1344 3749 1413 ἀλλαχοῦ
3799 1346 3854 1398 δὲ

2279 1430 2371 1481 καὶ
2400 1427 2498 1498 τὴν
2529 1431 2756 1498 καρδίαν
2798 1432 3167 1502 ἐρευγομένην
3198 1432 3351 1497 λέγει
3404 1434 3462 1485 τὸ
3496 1435 3724 1500 ἀγαθὸν,
3752 1436 3849 1504 τὴν

2281 1519 2614 1589 βαθυτάτην,
2654 1522 2729 1584 ὼς
2760 1522 2825 1575 ἂν
2856 1524 3054 1586 εἴποις,
3088 1524 3183 1577 καὶ
3215 1524 3579 1594 ὑποδεκτικὴν
3636 1527 3853 1578 πάντων

2268 1611 2369 1663 τοῦ
2389 1613 2505 1676 νοὸς
2537 1612 2791 1681 δύναμιν,
2820 1614 2895 1677 ὡς
2925 1615 3588 1686 ὑπερεμπεπληρωμένην
3608 1616 3741 1685 ὃλην
3762 1620 3859 1669 καὶ

602 1720 710 1764 ret.
749 1709 1040 1763 Maximam
1070 1708 1214 1761 enim
1250 1709 1536 1776 propheta,
1560 1714 1674 1759 tum
1706 1704 2055 1775 deglutiendo
2084 1718 2169 1769 ea,

2278 1702 2414 1756 ὅλων
2440 1704 2548 1757 τῶν
2578 1704 2803 1771 ἀγαθῶν
2839 1708 3150 1776 βρωμάτων
3177 1707 3271 1759 τοῦ
3315 1709 3659 1776 Πνεύματος.
3710 1709 3860 1761 Σπάο

596 1811 714 1855 tum
751 1800 1056 1855 revocando
1086 1799 1426 1868 percipiebat
1454 1799 1812 1867 voluptatem.
1851 1796 1971 1849 Alio
2005 1796 2167 1850 etiam

599 1893 653 1947 in
689 1894 809 1946 loco
833 1902 1113 1946 eructasse
1137 1891 1268 1943 dicit
1293 1904 1388 1943 cor
1417 1904 1575 1944 suum
1599 1889 1829 1943 verbum
1848 1888 2056 1942 bonum
2082 1888 2127 1917 ¹⁸
2150 1902 2169 1940 τ

598 1983 706 2037 vim
734 1982 1026 2051 quamdam
1061 1971 1372 2034 intellectus
1394 1978 1900 2049 profundissimam,
1931 1987 1982 2032 et
2007 1985 2065 2031 ut
2098 1978 2169 2031 ita

600 2076 801 2137 dicam,
837 2074 1084 2128 omnium
1121 2074 1537 2142 eapacissimam
1560 2072 1641 2125 sic
1674 2070 1975 2141 appellans,
2002 2070 2171 2131 veluti

599 2180 722 2233 qua:
761 2165 1021 2220 omnibus
1070 2164 1248 2219 sancti
1301 2162 1542 2231 Spiritus
1579 2161 1722 2216 cibis
1780 2159 1847 2213 ad
1896 2174 2171 2215 summum

596 2258 759 2326 plena
792 2266 957 2311 esset.
996 2254 1191 2309 Rarior
1219 2256 1273 2308 in
1310 2268 1375 2309 eo
1414 2252 1521 2306 fuit
1547 2252 1806 2306 odoratus
1830 2252 2044 2319 ﬁgura:
2078 2252 2173 2306 sed

601 2347 818 2401 caeteris
846 2346 1105 2399 omnibus
1134 2345 1311 2397 multo
1340 2341 1644 2395 molestior.
1686 2340 1824 2394 Nam
1866 2341 2011 2410 quod
2043 2342 2176 2409 legi-

602 2452 728 2492 mus
777 2435 1052 2504 :Myrrha
1105 2444 1152 2488 et
1191 2442 1357 2487 stacte
1419 2442 1466 2485 et
1526 2432 1700 2483 caesia
1763 2448 1795 2483 a
1853 2433 2174 2486 vestimentis

604 2532 705 2581 tuis
738 2530 803 2591 ’9,
844 2529 895 2580 id
925 2528 992 2579 ab
1038 2540 1101 2579 co
1133 2525 1339 2578 dictum
1366 2532 1470 2585 est,
1503 2537 1623 2575 cum
1668 2521 1955 2593 [adversus
1983 2531 2174 2590 putre-

603 2617 785 2670 dinem
818 2626 870 2669 et
903 2614 1315 2681 corruptionem
1347 2612 1665 2666 cicatricum
1692 2612 1939 2683 suarum]
1974 2613 2174 2666 bonum

604 2724 668 2763 ac
695 2722 916 2762 suavem
947 2705 1151 2760 Christi
1182 2702 1404 2757 odorem
1437 2703 1839 2770 prmscnsisset.
1875 2701 1987 2755 Hoc
2014 2709 2176 2770 pacto

605 2816 703 2869 per
744 2800 929 2853 omnia
960 2797 1271 2851 intellectus
1309 2795 1580 2861 scnsoria,
1617 2796 1873 2850 scientias
1903 2808 1966 2847 ac
1998 2795 2173 2847 virtu-

606 2902 690 2945 tes
730 2904 923 2944 omnes
984 2887 1301 2957 spirituales
1365 2888 1596 2956 adeptus
1656 2888 2173 2943 est.Conditioncm

602 2993 810 3044 autem,
853 2991 1018 3047 atque
1056 2979 1307 3032 habitum
1371 2976 1681 3046 Pr0phctze,
1722 2980 1972 3032 oratione
2010 2987 2174 3046 atque

2274 1809 2386 1855 νιος
2414 1794 2443 1845 ό
2471 1794 2572 1863 τῆς
2606 1794 2981 1866 όσφραντικῆς
3019 1799 3077 1851 ὲν
3117 1798 3269 1866 αὐτῷ
3333 1798 3524 1861 τύπος,
3581 1800 3674 1851 καὶ
3722 1800 3856 1852 πολὺ

2272 1886 2384 1938 τῶν
2409 1887 2583 1941 ἄλλων
2617 1888 3117 1958 δυσφωρατώτερος
3146 1905 3159 1920 '
3209 1892 3472 1959 Σμύρνα,
3547 1892 3699 1960 φησὶ,
3756 1892 3858 1944 καὶ

2273 1978 2529 2045 στακτὴ,
2561 1978 2661 2032 καὶ
2709 1981 2963 2046 κασσία,
2988 1981 3115 2035 ἀπὸ
3142 1980 3260 2035 τῶν
3310 1983 3556 2051 ἱματίων
3592 1999 3729 2044 σου,
3761 1984 3859 2050 τῆς

2274 2070 2503 2133 εὐωδίας
2535 2068 2634 2139 τῆς
2657 2071 2801 2124 κατὰ
2828 2073 3077 2143 Χριστὸν
3117 2074 3673 2143 ἀντιλαμϐανόμενος.
3702 2073 3854 2127 Οὕτω

2273 2161 2341 2214 δι’
2376 2161 2516 2214 ὅλων
2550 2162 2643 2215 τοῦ
2664 2165 2781 2225 νοὸς
2809 2163 2919 2216 τῶν
2951 2164 3281 2232 αἰσθήσεων,
3305 2164 3413 2217 τῶν
3469 2165 3560 2218 τοῦ
3610 2166 3859 2235 Πνεύμα-

2274 2269 2367 2316 τος
2396 2253 2535 2307 ὅλων
2576 2255 2931 2319 ἀντελάϐετο,
2965 2255 3062 2307 καὶ
3091 2255 3350 2321 γνώσεων
3408 2257 3499 2309 γαὶ
3548 2257 3853 2326 δυνάμεων.

2275 2342 2439 2412 Δηλοί
2457 2344 2514 2397 δὲ
2546 2344 2646 2414 τὴν
2681 2346 3031 2416 προφητικὴν
3099 2345 3211 2408 ἕξιν
3253 2346 3341 2399 διὰ
3400 2346 3491 2399 τοῦ
3551 2347 3729 2413 λόγου,
3766 2349 3858 2399 καὶ

2275 2435 2431 2488 οὐδὲν
2472 2436 2621 2503 αὐτῷ
2646 2436 2907 2506 διαφέρον
2936 2437 3003 2489 τὰ
3036 2438 3381 2507 παρελθόντα
3432 2437 3544 2507 (Μ)
3602 2438 3805 2504 λέγειν,
3826 2440 3859 2508 ἢ

2279 2525 2377 2577 καὶ
2415 2522 2485 2575 τὰ
2521 2524 2809 2593 μέλλοντα.
2839 2526 3107 2590 Πολλάκις
3183 2527 3316 2594 γοῦν
3376 2527 3698 2580 ἐναλλάττει
3763 2526 3860 2595 τὴν

2274 2616 2465 2680 τάξιν
2498 2619 2590 2669 καὶ
2619 2618 2679 2670 τὸ
2713 2618 2832 2687 μὲν,
2866 2618 2940 2681 ὡς
2970 2620 3070 2689 ἠδη
3106 2621 3370 2687 γεγονότα
3409 2621 3556 2689 λέγει
3594 2620 3663 2672 τὰ
3700 2637 3859 2689 γενη-

2281 2708 2484 2775 σόμενα
2518 2723 2532 2738 ·
2562 2709 2624 2760 τὸ
2649 2710 2703 2761 δὲ
2737 2710 3052 2761 τούναντίον
3078 2727 3092 2740 ·
3156 2709 3299 2761 οὕτω
3341 2709 3453 2779 γὰρ
3514 2711 3573 2762 τό
3598 2727 3613 2741 °
3645 2710 3778 2763 "Ira
3808 2713 3860 2761 τί

2272 2800 2391 2867 μὲν
2422 2798 2731 2866 ἐφρύαξαν
2765 2800 2932 2866 ἔθνη,
2972 2800 3071 2852 καὶ
3118 2799 3513 2867 παρέστησαν
3561 2800 3656 2852 καί
3710 2816 3858 2853 συν-

2279 2886 2584 2955 ήχθησαν,
2620 2890 2714 2941 καὶ
2748 2890 2880 2942 ἄλλα
2908 2890 3156 2955 τῡιαῦτα,
3197 2890 3319 2943 ἀντὶ
3348 2891 3440 2942 τοῦ
3493 2891 3855 2959 Φρυάξονται,

2281 2981 2369 3051 καὶ
2404 2982 2882 3051 Παραστήσονται,
2919 2984 3012 3035 καὶ
3033 2983 3490 3053 Συναχθήσονται.
3524 2983 3597 3035 Τὸ
3622 2982 3677 3034 δέ
3703 2998 3718 3013 ο
3766 2984 3854 3033 Ἐν

600 3086 853 3127 sermone
882 3086 983 3125 suo
1019 3070 1230 3123 ciarum
1266 3067 1418 3132 facit,
1458 3083 1581 3122 cum
1612 3069 1749 3122 nihil
1790 3068 2008 3123 differat
2031 3069 2171 3138 apud

2286 3029 2348 3051 "ﬁ
2404 3029 2882 3051 “““⁷Γ“’“’Ί⁷““⁷“”ν
2922 3029 3490 3053 ""'-""l\"l""""
3534 3029 3594 3035 _'
3627 3029 3677 3034 'w
3778 3029 3834 3033 -’

2284 3069 2527 3139 ποταμῷ
2543 3070 2961 3126 διελεύσονται
2980 3074 3146 3140 ποδί,
3166 3076 3286 3127 ἀντὶ
3309 3074 3422 3139 τοῦ,
3442 3075 3854 3144 Διεληλύθεσαν,

598 3178 748 3227 eum,
771 3163 1053 3231 praesentia
1076 3162 1277 3225 dicere,
1303 3172 1395 3214 aut
1421 3160 1623 3214 futura.
1649 3161 2034 3229 Smpennmero
2066 3176 2173 3215 non

599 3257 845 3310 ordinem
874 3258 1145 3317 immutat,
1182 3263 1235 3307 et
1270 3252 1475 3321 aliquid
1511 3259 1569 3304 ut
1608 3251 1721 3320 jam
1746 3250 1952 3304 factum
1986 3258 2177 3304 narrat

2280 3161 2308 3213 ὃ
2335 3162 2544 3216 καὶτοῦ
2584 3164 2729 3217 Οεὶου
2765 3166 3082 3234 Πνεόματος
3142 3167 3470 3231 ίδιαίτατον,
3518 3167 3683 3236 μηδὲν
3718 3184 3857 3236 παρ-

2284 3252 2541 3322 εληλυθὸς
2571 3254 2793 3325 {xw/,9}
2823 3256 3035 3324 μέλλον,
3066 3257 3179 3308 ἀλλ’
3210 3258 3480 3310 ἐνεστῶτα
3503 3260 3703 3311 πάντα.

3873 1037 3907 1079 Ι

3875 1136 3887 1159 ι

598 3350 742 3417 quod
773 3350 1010 3401 futurum
1049 3355 1131 3400 cst
1166 3362 1180 3398 :
1218 3356 1409 3399 contra
1444 3346 1605 3399 etiam
1632 3345 1925 3414 aliquando
1950 3343 2130 3397 futura
2152 3344 2386 3414 projam
2422 3344 2599 3409 factis,
2624 3347 2929 3417 cujusmodi
2963 3349 3092 3403 illud
3120 3357 3230 3403 est:
3256 3350 3435 3413 Quare
3463 3352 3859 3405 insurrexerunt

597 3451 770 3513 gentes
793 3442 859 3503 ³ο,
890 3438 957 3510 [et
984 3439 1161 3509 populi
1197 3440 1440 3491 meditati
1509 3446 1632 3491 sunt
1704 3434 1967 3506 inania?)
2046 3435 2117 3489 Et
2185 3439 2467 3491 astiterunt
2538 3456 2679 3509 reges
2740 3454 2927 3506 terrw,
2978 3452 3027 3496 et
3084 3444 3347 3511 principes
3398 3450 3748 3496 convenerunt
3802 3443 3857 3493 in

596 3550 778 3594 unum,
809 3546 937 3592 ctc.,
984 3545 1081 3600 pro
1132 3545 1195 3583 eo
1235 3532 1376 3598 quod
1416 3540 1519 3593 est,
1582 3528 1881 3597 Insurgcnt,
1938 3526 2355 3597 meditabantur,
2391 3532 2663 3597 astabant,
2722 3537 3049 3588 convenient.
3108 3535 3238 3590 item
3306 3535 3475 3589 illud:
3519 3535 3585 3588 In
3638 3535 3857 3604 ﬂumine

594 3626 987 3695 pertransibunt
1030 3624 1156 3692 pede
1181 3624 1250 3687 ³⁸,
1283 3624 1384 3675 hoc
1442 3632 1521 3676 est
1560 3621 2019 3690 pcrtransicrunt.
2066 3621 2160 3675 Est
2200 3625 2344 3678 enim
2385 3627 2487 3679 hoc
2514 3626 2685 3679 divini
2714 3626 2951 3696 Spiritus
3009 3630 3306 3696 peculiare,
3343 3637 3401 3683 ut
3461 3629 3594 3682 nihil
3634 3640 3857 3699 praetcr-

598 3723 730 3776 itum
763 3722 946 3783 ducat,
975 3727 1069 3771 aut
1123 3715 1389 3778 futurum,
1419 3730 1543 3769 cum
1576 3715 1654 3769 illi
1696 3714 1882 3768 omnia
1920 3717 2215 3783 prmscntia
2255 3718 2386 3772 sint.

668 3816 762 3869 llis
785 3816 1043 3870 omnibus
1078 3812 1467 3878 consideratis,
1502 3812 1832 3869 accedamus
1887 3814 1953 3868 ad
2008 3816 2174 3885 parti-

596 3910 838 3963 cularem
888 3906 1323 3975 uniuscujusque
1381 3907 1574 3974 psalmi
1635 3907 2169 3978 interpretationem,

597 4015 707 4053 uno
735 4006 946 4053 tantum
976 3996 1283 4052 necessario
1308 4006 1359 4051 et
1386 3999 1621 4067 generali
1653 4000 1801 4053 dicto
1832 4001 2009 4054 adhuc
2036 4016 2175 4070 prae-

597 4090 769 4144 misso
800 4105 813 4140 :
843 4088 986 4157 quod
1023 4102 1130 4141 non
1167 4087 1349 4141 omnia
1385 4087 1551 4147 dicta,
1583 4101 1694 4139 uno
1720 4088 1880 4139 modo
1907 4089 2175 4155 interpre-

600 4183 870 4245 tabimur,
928 4181 1181 4235 videlicet
1218 4179 1519 4234 secundum
1563 4177 1876 4240 historiam,
1937 4187 2031 4229 aut
2083 4193 2173 4232 se-

599 4272 838 4327 cundum
866 4275 1227 4343 prOpIietiam,
1256 4278 1350 4322 aut
1380 4267 1679 4323 secundum
1709 4267 2044 4335 allegoriam,
2078 4276 2173 4321 aut

600 4368 902 4421 secundum
966 4365 1228 4418 moralem
1286 4377 1508 4416 sensum
1566 4360 1704 4415 :scd
1776 4376 1945 4413 unum
2011 4372 2173 4428 atque

599 4460 740 4513 idem
770 4460 998 4520 dictum,
1034 4470 1413 4524 Saepenumero
1447 4455 1608 4507 variis
1628 4454 1883 4507 sensibus
1911 4454 2165 4523 subjicie-

600 4566 741 4605 mus.
770 4548 903 4601 Nam
935 4548 1400 4617 quemadmodum
1446 4546 1501 4600 in
1534 4545 1828 4599 arboribus
1861 4552 1915 4597 ct
1948 4544 2171 4597 semini-

2287 4561 2440 4613 μασι,
2480 4544 2675 4598 πολλαί
2703 4563 2850 4607 τινες
2883 4549 2938 4598 αἱ
2973 4547 3231 4616 ἐκφύσεις
3264 4550 3355 4600 καὶ
3386 4549 3649 4618 δυνάμεις
3682 4564 3696 4579 ο

600 4642 725 4706 bus,
765 4642 920 4710 plura
960 4656 1021 4694 ac
1048 4639 1202 4693 varia
1234 4645 1363 4692 sunt
1404 4637 1653 4707 germina
1686 4644 1739 4688 et
1789 4634 1956 4699 vires,
2001 4633 2175 4702 siqui-

600 4735 723 4787 dem
766 4736 817 4786 in
849 4735 1043 4786 arbore
1074 4739 1129 4785 et
1158 4731 1309 4785 radix
1340 4741 1441 4794 est,
1475 4740 1526 4783 et
1559 4736 1818 4792 truncus;
1858 4727 1985 4779 item
2012 4726 2174 4793 rami,

601 4835 809 4889 cortex,
841 4824 970 4878 folia
1016 4833 1069 4877 et
1102 4822 1339 4877 medulla
1370 4840 1383 4877 :
1424 4830 1476 4875 et
1531 4821 1583 4873 in
1621 4818 1948 4882 seminibus,
1982 4817 2174 4881 herba,

602 4917 825 4985 stipula,
887 4917 1093 4979 ιιι-ἰδίω,
1156 4912 1515 4983 squammulm
1575 4911 1871 4965 ctfructus
1930 4924 2026 4978 pro
2070 4925 2177 4963 uno

603 5008 1033 5063 innumerabiles
1076 5026 1089 5061 :
1133 5009 1211 5061 sic
1236 5008 1401 5060 etiam
1448 5017 1502 5059 et
1548 5006 1719 5057 multo
1764 5003 1939 5073 magis
1995 5004 2047 5057 in
2089 5004 2173 5057 his

602 5117 723 5171 qua:
755 5112 882 5155 sunt
916 5103 1161 5171 spiritus.
1196 5100 1382 5170 Neque
1429 5098 1715 5153 accusabis
1770 5105 2049 5151 auctorem
2105 5096 2175 5150 de

602 5196 860 5259 inventis,
895 5199 987 5250 sed
1020 5196 1270 5264 ignosces
1300 5194 1480 5263 potius
1509 5192 1563 5245 in
1588 5191 1829 5246 omissis.
1864 5189 1996 5256 Quis
2024 5190 2171 5243 enim

604 5289 750 5359 quod
780 5288 916 5344 satis
950 5303 1013 5342 ac
1039 5288 1249 5356 justum
1286 5295 1370 5341 est
1398 5285 1559 5355 digne
1589 5283 1825 5337 dixerit?
1854 5282 1912 5335 in
1956 5282 2176 5335 univcr-

673 5458 716 5489 "
749 5454 896 5511 Psal.
932 5469 1120 5520 cxvttt,
1168 5454 1289 5511 105.
1372 5454 1418 5485 ⁸⁸
1474 5451 1623 5507 Psal.
1683 5468 1828 5516 thv,
1862 5450 1917 5505 2.

1995 5451 2039 5481 ²⁹
2097 5448 2244 5501 I’sal.
2286 5463 2429 5513 χειν,
2460 5448 2513 5502 9.

2354 3815 2608 3869 Τοσαῦτα
2657 3818 3213 3890 παραθεωρήσαντες,
3255 3821 3346 3874 ἐπὶ
3398 3820 3498 3892 τὴν
3530 3821 3669 3875 κατὰ
3708 3820 3853 3885 λέξιν

2279 3907 2617 3978 ὁρμήσωμεν
2653 3907 2763 3961 τῶν
2796 3908 3036 3979 ψαλμῶν
3093 3910 3380 3981 ἐξήγησιν,
3427 3914 3603 3965 ἐκεῖνο
3663 3914 3859 3977 κοινῶς

2281 4001 2379 4054 καὶ
2409 4001 2728 4068 ἀναγκαίως
2755 4003 3190 4073 ἀποφηνάμενοι,
3251 4003 3326 4067 ὡς
3382 4006 3480 4075 οὐχ
3528 4005 3741 4058 ἅπαντα
3788 4006 3857 4059 τὰ

2285 4092 2426 4162 ῥητὰ
2459 4093 2581 4145 καθ’
2615 4094 2713 4145 ἕνα
2748 4094 2952 4164 τρόπον
3011 4095 3458 4165 ἐξετασθήσεται,
3528 4092 3639 4149 οἷον
3671 4098 3701 4163 ἢ
3733 4098 3854 4149 καθ’

2286 4184 2528 4253 ἱστορίαν
2558 4185 2740 4253 μόνον,
2779 4184 2811 4253 ἢ
2856 4187 2996 4238 κατὰ
3049 4187 3471 4258 προφητείαν,ἦ
3514 4191 3656 4241 κατά
3686 4190 3854 4259 ἀλλη-

2281 4272 2558 4341 γορίαν,ἥ
2596 4274 2736 4325 κατά
2790 4273 2888 4343 τὴν
2928 4274 3124 4345 ἠθικὴν
3177 4276 3563 4330 διδασκαλίαν·
3630 4278 3765 4331 ἀλλὰ
3794 4279 3857 4330 τὺ

2282 4363 2411 4414 αὐτὸ
2450 4364 2713 4426 πολλάκις
2748 4364 2966 4428 πολλοῖς
3005 4366 3100 4419 καὶ
3142 4368 3424 4437 διαφόροις
3463 4370 3683 4437 τρόποις
3718 4369 3854 4421 ὑπο-

2285 4453 2639 4523 ϐληθήσεται,
2672 4456 2768 4509 καὶ
2803 4455 2996 4526 ὥσπερ
3020 4459 3077 4511 ὲν
3108 4458 3367 4529 δένῗροις,
3404 4460 3513 4510 εἴτε
3563 4461 3656 4512 καὶ
3688 4460 3857 4529 σπέρ-

3761 4550 3857 4601 καὶ

2280 4637 2388 4705 γὰρ
2422 4638 2479 4687 ὲν
2516 4635 2715 4706 δένδρῳ
2745 4636 2892 4706 ῥίζα,
2930 4640 3023 4690 καὶ
3057 4638 3329 4706 στέλεχος,
3365 4640 3457 4690 καὶ
3509 4638 3725 4700 κλάδος,
3761 4637 3856 4689 καὶ

2284 4727 2491 4795 φλοιὸς,
2528 4730 2621 4780 καὶ
2655 4730 2852 4795 φύλλα,
2879 4731 2974 4782 καὶ
2993 4730 3288 4800 ὲντεριώνη
3317 4747 3329 4761 '
3368 4731 3461 4782 καὶ
3482 4732 3541 4781 ἐν
3573 4730 3854 4798 σπέρμασι

2281 4822 2436 4892 χλόη,
2469 4823 2567 4875 καὶ
2596 4822 2865 4895 κάλαμος,
2901 4825 2993 4875 καὶ
3012 4822 3348 4893 ἀνθερίσκοι,
3382 4823 3474 4874 καὶ
3496 4822 3681 4886 λέπος,
3706 4822 3799 4872 καὶ
3828 4823 3855 4873 ὁ

2282 4914 2494 4982 καρπὸς
2537 4913 2654 4966 ἀνθ’
2686 4914 2802 4977 ἐνὸς
2863 4913 3081 4983 μυρίος,
3136 4913 3279 4965 οὕτω
3322 4916 3414 4967 καὶ
3459 4914 3636 4982 πολλῷ
3691 4913 3855 4964 πλέον

2282 5007 2376 5057 ἐπὶ
2400 5006 2494 5057 τοῦ
2530 5006 2868 5075 Πνεύματος.
2901 5007 3009 5057 Καὶ
3032 5007 3089 5057 οὐ
3121 5006 3325 5075 μέμὼις
3358 5006 3465 5058 τῶν
3494 5004 3853 5075 εὑρεθέντων,

2282 5098 2419 5149 ἁλλά
2477 5096 2780 5166 συγγνώμη
2844 5096 2956 5149 τῶν
3029 5098 3520 5167 παρευρεοέντων·
3588 5098 3684 5165 τῆς
3745 5096 3853 5165 γάρ

2281 5190 2436 5253 ἀξίας
2464 5190 2639 5251 οὐδεὶς
2668 5188 2732 5241 ἂν
2761 5188 2986 5252 δικαίως
3006 5190 3534 5257 ὲφίκοιτο.Καοόλου
3565 5191 3621 5243 δὲ
3651 5190 3850 5251 εἰπεῖν,

2286 5280 2568 5347 δυνάμεθα
2593 5281 2717 5342 τοὺς
2740 5278 2989 5351 ψαλμοὺς
3029 5283 3459 5353 προσαρμόζειν,
3502 5281 3731 5352 ἐχθροὺς
3754 5279 3851 5333 τοῦ

2594 5449 2638 5480 ³⁸
2667 5451 2814 5505 Psal.
2845 5465 2904 5514 ιι,
2939 5450 2985 5503 l.
3070 5450 3110 5481 ³¹
3142 5449 3288 5506 Psal.
3323 5465 3452 5515 ων,
3486 5447 3542 5503 6.

1940 5565 2147 5626 Variae
2201 5563 2531 5625 lectiones.

678 5673 790 5745 (Η)
836 5672 1020 5729 Graece
1072 5670 1434 5742 παρελθόντα,
1466 5670 1759 5738 prtrterila.
1808 5665 2007 5723 Saulus
2056 5666 2182 5735 legit
2222 5666 2483 5732 παρόντα.
