4090 6212
471 265 568 327 75.

1681 265 2060 324 EUTllthlll
2103 264 2462 325 ZtoABENt
2647 225 2650 228 ’
3669 275 3742 335 76

475 387 670 430 uetera
705 374 950 446 corporis
982 374 1223 428 membra
1257 391 1269 427 :
1309 381 1360 427 et
1397 373 1597 443 quibus
1626 374 1934 428 communis
1963 380 2047 428 est

2163 373 2345 441 μάτων
2411 374 2680 443 ἑπόμενος
2712 377 2738 429 6
2798 377 2983 445 Δαεὶδ,
3025 380 3176 444 τάξιν
3221 381 3337 434 τινα
3400 383 3514 445 τοῖς
3555 385 3742 453 ῥητοῖς

476 469 825 524 humanitas.
884 467 950 520 iis
988 468 1148 520 etiam
1187 480 1348 536 opera
1407 465 1717 518 communia
1769 474 1948 531 sunt,
2001 475 2056 520 et

473 559 718 627 praemia.
758 557 959 611 Rerum
1002 573 1128 612 vero
1157 567 1406 610 naturam
1441 565 1664 612 secutus
1717 555 1908 611 beatus
1957 556 2056 609 Da-

474 649 560 702 vid
591 689 604 713 ,
635 665 935 719 congruum
977 647 1520 717 quentdautordiuctu
1553 647 1794 700 servavit
1821 647 1871 700 iu
1895 646 2056 701 dictis

473 744 614 798 suis.
669 741 978 796 Consilium.
1007 741 1141 796 Nam
1169 742 1311 812 quod
1342 744 1395 796 in
1427 741 1590 795 corde
1633 740 1856 804 residet,
1900 739 2056 794 radix

473 845 557 891 est
595 837 974 905 operationum
1015 833 1261 904 corporis
1307 850 1320 888 :
1367 831 1828 902 quemadmodum
1871 839 1924 884 et
1956 830 2057 886 Do-

475 931 658 984 minus
687 928 847 983 docet
877 968 891 993 ,
923 928 1071 981 inttts
1104 943 1223 981 esse
1249 964 1264 989 ,
1305 927 1554 996 inquiens
1577 965 1592 988 ,
1657 939 1720 978 ea
1749 939 1871 993 quae
1899 924 2056 976 coin-

474 1022 701 1089 qninant
737 1019 1029 1072 hominem.
1064 1016 1216 1071 Unde
1243 1017 1420 1085 primo
1452 1014 1820 1078 consulimus;
1855 1014 2056 1067 deinde

473 1115 761 1168 consilium
798 1112 1096 1172 firmamus,
1129 1122 1189 1162 ac
1226 1111 1446 1161 demum
1497 1106 1790 1160 obﬁrmato
1818 1106 2055 1160 consilio

474 1205 798 1259 insistimus.
829 1201 963 1268 Quin
999 1202 1158 1255 etiam
1206 1201 1405 1268 impius
1434 1198 1481 1253 is
1521 1197 1725 1252 dicitur
1753 1237 1768 1262 ,
1821 1197 1912 1266 qui
1973 1198 2053 1251 vel

483 1299 649 1353 Deum
687 1311 792 1350 non
825 1294 955 1348 colit
983 1333 996 1354 ,
1028 1293 1110 1346 vel
1143 1293 1324 1360 plures
1357 1291 1485 1345 colit
1531 1309 1544 1345 :
1599 1298 1653 1344 et
1685 1297 1941 1358 peccator
1967 1290 2056 1344 ille

477 1399 555 1440 est
582 1425 598 1450 ,
631 1387 718 1455 qui
751 1385 876 1436 licet
912 1383 1086 1434 lidelis
1117 1382 1186 1434 sit
1212 1420 1227 1441 ,
1272 1380 1456 1448 pravis
1489 1389 1671 1432 tamen
1708 1395 1772 1432 ac
1828 1379 2055 1449 perditis

478 1489 562 1534 est
591 1478 834 1532 moribus
869 1491 884 1530 :
921 1483 975 1528 ct
1005 1473 1171 1542 pestis
1221 1473 1414 1526 merito
1447 1473 1494 1526 is
1560 1472 1664 1526 dici
1703 1480 1919 1542 potest,
1962 1473 2052 1541 qui

478 1585 588 1623 non
616 1569 734 1636 ipse
766 1573 975 1617 tantum
1013 1572 1224 1632 peccat.
1263 1562 1354 1616 sed
1389 1563 1578 1616 morbo
1629 1577 1731 1616 suo
1763 1563 1898 1618 alios
1931 1563 2055 1616 inli-

481 1660 556 1712 cit
589 1677 603 1713 :
644 1657 851 1711 idcirco
886 1655 1155 1724 Pi-Ophcta
1189 1655 1376 1708 beatos
1411 1669 1506 1708 eos
1539 1655 1791 1723 appellat,
1825 1655 1916 1723 qui
1954 1653 2054 1708 tria

2164 463 2401 534 ἐπέθηκε
2445 464 2588 534 (16).
2627 467 2780 530 Ῥίζα
2809 470 2917 537 γὰρ
2949 471 2981 540 ἡ
3017 473 3074 522 έν
3105 474 3169 540 τῇ
3194 471 3390 542 καρδίᾳ
3413 472 3601 543 βουλὴ,
3631 475 3740 525 τῶν

2165 553 2253 606 διὰ
2282 554 2374 606 τοῦ
2419 555 2671 624 σώματος
2697 559 3116 630 ἐνεργημάτων,
3145 561 3218 636 ᾡς
3245 565 3340 614 καὶ
3362 565 3388 615 6
3436 563 3640 633 Κύριος
3657 565 3745 616 ἓν-

2163 643 2253 695 δον
2277 648 2411 712 φησὶ
2444 646 2512 697 τὰ
2541 647 2848 703 κοινοῦντα.
2877 650 3037 702 Ὅθεν
3061 651 3428 721 βουλευόμεθα
3478 656 3576 724 μὲν
3605 657 3744 725 πρό-

2163 749 2340 802 τερον,
2366 731 2486 788 εἶτα
2543 736 2781 806 ἱστῶμεν
2817 740 2878 792 τὸ
2925 740 3229 812 βούλευμα·
3280 739 3380 794 εἷθ’
3431 744 3574 798 οὕτω
3629 749 3744 810 τοῖς

2165 823 2539 894 βουλευθεῖσιν
2581 830 3018 902 ἐναπομένομεν.
3063 833 3218 885 Ἐπεὶ
3241 834 3296 886 δὲ
3348 836 3552 905 ἀσεϐὴς
3618 837 3742 904 μὲν,

2163 918 2189 968 6
2220 915 2401 980 ἄθεος,
2465 918 2496 988 ἣ
2538 920 2801 985 πολύθεος
2833 939 2846 953 °
2917 925 3238 996 ἁμαρτωλὸς
3286 927 3365 992 δὲ,
3423 928 3451 979 6
3511 929 3743 1000 εὺσεῦὴς

2167 1019 2287 1087 μὲν,
2327 1019 2715 1090 παράνομονδὲ
2748 1020 2842 1072 καὶ
2881 1018 3279 1089 διεφθαρμένον
3320 1019 3436 1088 βίον
3475 1023 3740 1093 αἱρούμε-

2163 1128 2252 1174 νος
2281 1130 2294 1142 ο
2333 1111 2522 1180 λοιμὸς
2544 1111 2623 1176 δὲ,
2665 1114 2692 1164 6
2728 1111 2802 1182 μὴ
2837 1113 3000 1182 μόνον
3031 1112 3194 1174 αὐτὸς
3233 1114 3580 1185 ἁμαρτωλὸς,
3606 1117 3742 1171 ἀλλὰ

2165 1205 2258 1256 καὶ
2283 1202 2476 1266 ἄλλους
2499 1204 2853 1274 διαφθείρων,
2889 1205 2986 1257 καὶ
3021 1204 3120 1269 τῆς
3146 1204 3306 1256 νόσου
3338 1207 3544 1275 ταύτης
3575 1226 3742 1276 μετα-

2161 1293 2369 1356 διδούς·
2401 1293 2696 1364 μακαρίζει
2729 1295 2821 1345 τον
2851 1294 2944 1345 καὶ
2985 1294 3104 1356 τοὺς
3161 1296 3310 1362 τρεῖς
3365 1296 3738 1362 ἀποφυγόντα,

2162 1386 2259 1439 καὶ
2290 1385 2428 1454 μήτε
2464 1388 2562 1454 τῆς
2588 1387 2700 1448 τοῖς
2747 1385 2971 1437 ἀσεϐέσι
3020 1384 3215 1454 βουλῆς
3247 1388 3388 1438 κατὰ
3443 1386 3536 1438 τοῦ
3589 1389 3741 1451 ὄντος

2161 1477 2297 1530 Θεοῦ
2333 1478 2764 1548 κοινωνήσαντα,
2812 1478 2935 1546 μηδ’
2995 1479 3119 1530 ὅσον
3165 1480 3222 1532 ὲν
3275 1481 3531 1549 παρόδῳ·
3585 1479 3742 1534 τοῦτο

2161 1569 2271 1639 γὰρ
2305 1565 2460 1640 οἶμαι
2488 1569 2589 1640 τὴν
2645 1570 2870 1641 πορείαν
2929 1569 3166 1623 ἐνταῦθα
3225 1572 3552 1641 σημαίνειν’
3604 1573 3742 1640 μήτε

2165 1663 2277 1726 τοῖς
2313 1661 2661 1733 ἁμαρτωλοῖς
2688 1663 2787 1731 τῆς
2813 1662 3014 1714 ὲπὶτοῦ
3039 1661 3214 1715 κακοῦ
3269 1661 3534 1722 στάσεως,
3565 1662 3612 1712 εἰ
3643 1661 3738 1714 καί

485 1751 598 1802 Inec
631 1749 756 1801 vitia
791 1761 1014 1816 prorsus
1053 1745 1342 1799 vitaverint
1377 1763 1391 1800 :
1444 1747 1534 1812 qni
1575 1745 1827 1800 videlicet
1877 1746 2060 1816 impiis

2164 1770 2284 1818 πως
2357 1753 2761 1824 συναρπαγείη,
2813 1756 2950 1824 μήτε
3001 1755 3116 1816 τοῖς
3162 1753 3370 1822 λοιμοῖς
3418 1753 3518 1822 τῆς
3564 1754 3621 1806 ἐν
3663 1749 3742 1822 τῷ

484 1839 734 1894 consiliis
765 1838 924 1910 (quae
949 1837 1222 1892 adversus
1252 1837 1571 1906 religionem
1603 1837 1656 1890 in
1688 1837 1854 1893 Deum
1890 1838 2060 1909 sunt)

488 1946 595 1985 non
629 1930 1154 1985 communicaverint
1181 1969 1194 1993 ,
1245 1943 1312 1982 nc
1341 1929 1515 1982 obiter
1545 1930 1766 1998 quidem
1811 1939 1973 2000 atque
2006 1932 2060 1985 in

487 2022 719 2095 traitsitu
744 2020 840 2089 (ita
870 2021 1013 2074 enim
1047 2028 1176 2088 puto
1208 2018 1516 2087 significare
1547 2019 1864 2084 dietionem,
1885 2021 2062 2093 abiit),

485 2115 688 2179 quique
712 2125 836 2164 cum
868 2110 1251 2179 peccatoribus
1278 2109 1331 2162 in
1365 2123 1533 2178 pravo
1560 2109 1748 2179 aliquo
1779 2125 1945 2180 Opere
1969 2112 2064 2168 diu

483 2217 594 2255 non
627 2200 1021 2255 constiterint:
1076 2201 1295 2254 tametsi
1343 2200 1618 2254 modicum
1659 2201 1790 2270 qttid
1846 2205 2064 2274 prepria

485 2293 797 2346 inlirtuitate
828 2290 1123 2360 aliquando
1152 2290 1216 2342 ad
1250 2289 1301 2342 id
1333 2291 1471 2356 rapti
1502 2292 1612 2344 s‘nt
1639 2309 1652 2344 :
1687 2301 1738 2345 et
1766 2305 2062 2361 pomremo,

487 2383 578 2449 qui
615 2397 738 2435 cum
801 2380 1185 2448 pestilentibus
1226 2379 1541 2434 hominibus
1583 2397 1690 2433 non
1751 2398 2068 2450 persevera-

487 2474 663 2526 verint
697 2488 711 2523 :
743 2486 866 2524 cum
901 2471 983 2522 his
1014 2509 1028 2533 ,
1075 2470 1296 2541 inquam
1329 2507 1344 2531 ,
1381 2469 1473 2536 qui
1515 2471 1566 2522 in
1606 2473 2066 2540 concupiscentiis

488 2577 550 2616 ac
586 2562 732 2614 vitiis
798 2561 914 2614 suis
966 2560 1372 2614 constantiores
1415 2567 1543 2614 sunt
1591 2575 1654 2615 ac
1703 2563 2061 2618 stabiliores:

485 2663 540 2706 ιι
571 2654 660 2722 qni
695 2668 789 2721 per
822 2651 1140 2704 cathedram
1167 2665 1195 2703 a
1235 2651 1506 2722 Propheta
1539 2651 1846 2722 subsignari
1872 2653 2063 2708 viden-

488 2756 600 2798 tur.
634 2743 730 2798 Vel
756 2745 913 2797 aliter
951 2759 966 2797 :
1019 2744 1320 2798 Consilium
1356 2744 1649 2814 impiorum
1707 2761 1804 2814 pro
1831 2748 2062 2803 consilio

487 2847 539 2889 ct
580 2844 850 2888 conventu
897 2835 1304 2905 intelligendmn
1355 2837 1833 2906 (quemadmodum
1866 2842 2063 2912 Aquila

486 2939 537 2980 et
563 2929 904 2981 'l'heodotion
947 2929 1282 2995 interpretati
1316 2928 1503 3000 sunt):
1543 2932 1686 2986 viam
1719 2948 1850 2988 vero
1873 2949 2066 3004 pecca-

2161 1845 2388 1916 τοιούτῳ
2417 1845 2579 1899 πάθει
2615 1846 2974 1916 μονιμότητος
3005 1845 3117 1913 (l7)
3143 1862 3156 1877 ·
3189 1845 3344 1898 τοῦτο
3375 1846 3480 1915 γὰρ
3506 1847 3538 1913 ὴ
3557 1845 3626 1898 ἐν
3641 1861 3745 1897 κα-

2165 1938 2342 2007 θέδρᾳ
2367 1937 2638 2009 βούλεται.
2678 1939 2834 1990 Ἔστι
2874 1937 2928 1989 δὲ
2964 1937 3057 1989 καὶ
3105 1936 3302 2000 ἄλλω,
3372 1937 3568 2006 βουλὴν
3645 1936 3742 2006 μὲν

2164 2029 2380 2083 ἀσεϐῶν
2427 2028 2486 2082 τὺ
2533 2027 2811 2100 συνέδριον
2878 2028 3060 2080 αὐτῶν
3117 2028 3544 2096 ὑπολαμϐάνειν,
3605 2029 3678 2088 ὡς
3712 2026 3743 2080 ὁ

2177 2121 2410 2183 Ἀκύλας
2467 2121 2561 2173 καὶ
2619 2123 2646 2174 6
2691 2119 2986 2173 Θεοδοτίων
3059 2120 3459 2189 ήρμήνευσανο
3527 2118 3644 2171 ὁδὸν
3685 2118 3742 2170 δὲ

2165 2210 2529 2280 ἁμαρτωλῶν,
2563 2211 2656 2263 τὸν
2687 2209 2953 2263 διάϐολονο
2987 2211 3015 2262 6
3043 2210 3150 2279 γὰρ
3177 2210 3251 2278 μὴ
3283 2210 3416 2271 στὰς
3461 2211 3519 2261 ἐν
3569 2207 3743 2280 αὐτῷ,

2166 2303 2304 2372 πρὸς
2337 2301 2543 2371 Κύριον
2568 2302 2710 2372 ἥξει,
2748 2303 2840 2355 τὸν
2867 2301 3123 2354 εἰπόνταο
3169 2299 3317 2370 Ἐγώ
3350 2302 3466 2366 eiu!
3518 2300 3556 2368 ἡ
3582 2299 3742 2364 ὁδὸς,

2162 2393 2228 2446 δι’
2263 2388 2330 2464 ἦς
2367 2393 2676 2462 βαδίζουσιν
2706 2393 2784 2455 είς
2821 2393 3021 2465 ἀρετὴν
3045 2395 3092 2446 οἱ
3126 2391 3401 2464 ἄνθρωποι
3431 2407 3444 2420 ·
3473 2393 3742 2462 καθέδραν

2164 2486 2242 2548 δὲ,
2270 2485 2371 2545 τὴν
2401 2483 2761 2538 διδασκαλίαν
2806 2484 2914 2536 τῶν
2961 2485 3244 2554 πονηρῶν.
3293 2483 3512 2542 Ἐπειδὴ
3552 2484 3608 2536 δὲ
3640 2483 3743 2535 οὐκ

2166 2575 2384 2643 ἀπόχρη
2404 2576 2484 2636 είς
2515 2572 2720 2642 ἀρετῆς
2763 2572 3045 2625 τελείωσιν
3087 2574 3121 2641 ἡ
3175 2573 3272 2639 τῆς
3309 2571 3508 2632 κακίας
3561 2570 3738 2638 φυγή·

2170 2661 2505 2715 Ἔκκλινον
2530 2661 2660 2730 γὰρ,
2691 2660 2876 2730 φησὶν,
2916 2659 3034 2714 ἀπὸ
3076 2661 3286 2727 κακοῦ,
3345 2659 3441 2712 καὶ
3483 2661 3744 2713 κοίτη-ὲν

2165 2753 2398 2822 ἀγαθόν
2421 2767 2435 2780 ·
2462 2753 2558 2808 καὶ
2598 2753 2625 2802 6
2673 2752 2901 2814 Ἡσαΐας
2930 2769 2944 2782 ε
2976 2752 3304 2806 Παύσασθε
3332 2751 3451 2806 ἀπὸ
3493 2750 3615 2804 τῶν
3634 2765 3742 2802 πο-

2167 2844 2394 2913 νηριῶν
2422 2842 2611 2913 ὑμῶν,
2627 2844 2850 2913 μάθετε
2881 2843 3072 2898 καλὸν
3092 2843 3307 2898 ποιεῖν·
3340 2844 3485 2914 μάλα
3515 2841 3742 2904 εἰκότως

2167 2941 2447 3008 ἐπήγαγεν
2472 2953 2490 2970 ο

487 3027 689 3085 torttm,
716 3019 1190 3075 daamonem.Nam
1213 3022 1302 3090 qui
1328 3023 1381 3076 in
1406 3023 1653 3078 daemone
1678 3040 1785 3079 non
1815 3031 2052 3095 steterit,
2093 3031 2158 3086 ad
2204 3028 2484 3085 Christum
2537 3025 2759 3092 veniet,
2819 3025 2910 3096 qui
2963 3024 3100 3080 dixit
3131 3026 3212 3090 ³⁵,
3251 3025 3362 3092 Ego
3424 3040 3541 3078 sunt
3609 3022 3739 3077 via:

487 3129 590 3181 qua
643 3115 897 3166 nintirttm
959 3113 1204 3167 homines
1265 3115 1332 3167 ad
1388 3114 1644 3169 virtutem
1701 3120 2049 3186 perveniunt.
2097 3121 2230 3176 Item
2260 3119 2578 3175 cathedram
2618 3114 2943 3184 pestilentiae
3020 3131 3117 3182 pro
3175 3113 3424 3168 doctrina
3452 3129 3558 3166 non
3583 3128 3737 3176 sana;

488 3215 580 3264 scil
634 3210 890 3280 quoniam
964 3208 1028 3260 ad
1094 3209 1481 3276 perfectionem
1534 3212 1755 3268 virtutis
1822 3216 2304 3286 consequendam,
2367 3230 2474 3269 non
2539 3212 2672 3269 satis
2721 3220 2806 3267 est
2869 3210 3052 3281 ingere
3116 3225 3146 3263 a
3208 3211 3388 3273 malo,
3444 3206 3661 3263 Declina
3696 3206 3740 3241 ³·

487 3307 656 3364 enim,
684 3303 878 3371 inquit,
914 3319 945 3354 a
973 3303 1110 3354 mala
1137 3313 1184 3354 et
1227 3303 1311 3372 [nc
1355 3302 1582 3371 bonum;
1611 3313 1665 3360 et
1709 3304 1875 3363 Isaias
1905 3308 1947 3339 ³⁷
1979 3325 1995 3364 :
2037 3308 2244 3364 Cessate
2284 3307 2348 3362 ab
2391 3305 2758 3376 iniquitatibus
2787 3305 2993 3369 vestris,
3027 3303 3292 3357 et'discite
3331 3303 3466 3356 bona
3507 3301 3681 3370 facere
3719 3314 3739 3353 :

487 3401 694 3454 idcirco
716 3396 870 3451 valde
899 3406 1301 3464 cortchnenter
1327 3397 1578 3466 adjunxit
1619 3416 1634 3452 :

570 3489 732 3543 Vsus.
758 3488 818 3538 ‘2.
859 3483 962 3538 Sed
995 3488 1044 3536 in
1078 3484 1185 3553 lege
1223 3483 1433 3538 Domini
1463 3487 1708 3541 voluntas
1755 3487 1870 3556 ejus
1921 3499 1968 3543 et
2009 3492 2061 3544 in
2093 3500 2134 3556 α

486 3585 597 3650 Lege
627 3579 740 3646 ejus
776 3576 1122 3630 meditabitur
1139 3577 1225 3629 die
1261 3593 1323 3630 ac
1356 3586 1529 3631 nocte.
1579 3577 1796 3643 Beatus,
1861 3581 2060 3650 inquit,

488 3672 577 3726 ille
606 3671 698 3740 qni
728 3684 834 3722 non
863 3667 1024 3721 modo
1050 3669 1498 3722 commemoratis
1529 3667 1677 3724 vitiis
1739 3683 1849 3723 non
1910 3686 2062 3725 com-

491 3762 814 3824 municavit,
853 3761 947 3816 sed
979 3760 1081 3830 legi
1114 3760 1276 3813 etiam
1330 3759 1528 3814 divinae
1550 3775 1706 3815 suam
1773 3762 2063 3832 conjunxit

486 3855 846 3916 voluntatem,
879 3851 1064 3906 eadem
1093 3851 1434 3920 volens,quae
1453 3852 1610 3922 jubet
1631 3853 1736 3909 lex.
1765 3851 1876 3908 Hoc
1894 3869 2059 3909 unum

487 3960 750 4016 perpetuo
781 3942 1098 4009 meditatur,
1157 3959 1330 4014 eaque
1387 3946 1741 4002 meditatione
1794 3950 1958 4001 vitam
1999 3964 2063 4002 ac

485 4037 954 4091 conuersationem
985 4035 1318 4101 moderatur,
1384 4045 1439 4090 et
1494 4038 1698 4105 dirigit.
1753 4036 1867 4091 Hoc
1909 4038 2059 4092 enim

484 4128 616 4180 illud
654 4137 756 4191 est,
785 4126 928 4196 qnod
966 4141 1060 4194 per
1081 4123 1318 4196 Moyscm
1351 4127 1480 4179 olim
1520 4127 1682 4182 nobis
1718 4127 1862 4182 Deus
1905 4142 2060 4181 man-

484 4218 634 4271 davit
663 4217 851 4271 dicens
889 4216 934 4248 ³⁸
968 4235 980 4271 :
1017 4216 1080 4269 Et
1108 4226 1258 4269 erunt
1301 4216 1456 4270 verba
1497 4218 1654 4285 hujus
1696 4219 1825 4288 legis
1863 4235 2062 4286 semper

485 4312 535 4365 in
562 4327 650 4365 ore
682 4322 794 4377 tuo,
829 4321 877 4364 et
909 4309 1240 4362 ntedilaberis
1272 4325 1356 4372 ea,
1394 4327 1417 4361 s
1451 4309 1600 4371 dens,
1628 4327 1869 4379 surgens,
1901 4323 1946 4363 et
1969 4327 2062 4364 cu-

485 4405 615 4456 lmus
641 4420 657 4456 :
687 4412 733 4455 et
762 4400 973 4453 habebis
1015 4415 1074 4449 ea
1107 4399 1161 4449 in
1204 4414 1362 4450 manu
1403 4407 1516 4459 tuo,
1553 4411 1806 4466 eruntque
1873 4402 2062 4453 immo-

484 4496 611 4546 bilia
640 4503 763 4544 ante
789 4489 967 4542 oculos
996 4498 1135 4542 tuos.
1164 4486 1372 4542 Deinde
1398 4492 1489 4559 qui
1523 4490 1739 4544 fructus
1771 4491 1894 4544 inde
1911 4491 2056 4544 oria-

483 4593 570 4637 tur
603 4580 863 4635 ostendit.

552 4757 719 4812 Vens.
747 4756 799 4810 '5.
835 4754 899 4809 Et
936 4755 1034 4809 erit
1058 4763 1309 4824 tanquam
1345 4755 1566 4824 lignum,
1589 4753 1728 4824 quod
1757 4755 2055 4823 pluntalnnt

2247 3487 2426 3540 Ἀλλ’
2453 3487 2490 3553 ἢ
2519 3485 2588 3538 ἐν
2617 3482 2695 3548 τῷ
2725 3485 2887 3552 νόμῳ
2918 3483 3139 3550 Κυρίου
3172 3481 3236 3535 τὸ
3264 3481 3492 3550 θέλημα
3531 3484 3737 3545 αὑτοῦ.

2166 3580 2264 3635 καὶ
2293 3581 2362 3633 ἐν
2381 3579 2459 3644 τῷ
2480 3579 2640 3647 νόμῳ
2668 3576 2856 3632 αὐτοῦ
2879 3574 3199 3646 μελετήσει
3230 3575 3456 3643 ἡμέρας
3487 3576 3586 3629 καὶ
3634 3593 3740 3629 νυ-

2165 3667 2328 3731 κτός.
2384 3664 2692 3735 Μακάριος,
2753 3663 2940 3732 φησὶν,
2993 3663 3052 3727 ὃς
3103 3665 3162 3716 οὺ
3226 3665 3386 3734 μόνον
3429 3665 3606 3718 οὐδενὶ
3631 3665 3742 3718 τῶν

2165 3755 2586 3824 προειρημένων
2616 3753 2998 3824 ἐκοινώνησεν,
3055 3751 3190 3808 ἀλλὰ
3225 3753 3317 3804 καὶ
3365 3754 3422 3808 ἐν
3465 3751 3543 3824 τῷ
3590 3753 3738 3824 νόμῳ

2166 3847 2372 3917 Κυρίου
2391 3847 2450 3898 τὸ
2489 3848 2686 3899 οἰκεῖον
2712 3845 2926 3916 θέλημα
2966 3845 3302 3914 συνήρμοσε,
3341 3843 3514 3898 ταῦτα
3545 3845 3735 3908 θέλων,

2170 3937 2314 4007 ἅπερ
2353 3938 2557 3998 ἐκεῖνος
2599 3936 2957 4006 ὑπαγορεύει,
3017 3937 3112 3990 καὶ
3168 3937 3330 3989 τοῦτο
3394 3937 3482 3990 διὰ
3528 3939 3734 4002 παντὸς

2167 4025 2506 4095 ὲμμελετῶν,
2541 4028 2620 4089 εἰς
2667 4026 2758 4079 τὸν
2787 4025 2984 4079 ἑαυτοῦ
3015 4025 3126 4095 βίον
3149 4025 3400 4080 ἐντεῦθεν
3433 4027 3735 4098 ῥυθμίζων.

2165 4117 2325 4172 Οὕτω
2356 4119 2464 4190 γὰρ
2496 4120 2590 4172 καὶ
2613 4120 2641 4170 6
2668 4120 2800 4182 Θεὸς
2829 4120 2919 4173 διὰ
2970 4117 3215 4182 Μωσέως
3268 4122 3599 4192 ἐνομοθέτει,
3648 4123 3736 4175 λέ-

2163 4226 2274 4277 γων
2297 4225 2309 4238 ·
2353 4209 2462 4263 Kal
2487 4209 2660 4262 ἔσται
2695 4211 2766 4264 τὰ
2786 4211 3027 4278 ῥήματα
3051 4211 3158 4266 τοῦ
3183 4213 3372 4280 νόμου
3404 4214 3620 4268 τούτου
3644 4213 3739 4267 διὰ

2163 4301 2389 4366 παντὸς
2419 4300 2477 4352 ἐν
2516 4300 2593 4365 τῷ
2623 4303 2879 4370 στόματί
2926 4319 3066 4368 σου,
3110 4303 3207 4356 καὶ
3255 4305 3617 4374 μελετήσεις
3669 4307 3738 4358 ἐν·

2162 4387 2344 4453 αὐτῷ,
2371 4387 2727 4457 καθήμενος,
2757 4389 2851 4442 καί
2876 4391 3298 4461 ἀνιστάμενος,
3330 4394 3427 4446 καὶ
3479 4394 3739 4454 κοιταῖό-

2155 4497 2365 4548 μενος,
2408 4480 2504 4532 καὶ
2530 4481 2880 4547 ἁπαρτίσεις
2906 4482 3056 4534 κατὰ
3098 4482 3206 4549 τῆς
3223 4483 3420 4550 χειρός
3449 4500 3587 4548 σου,
3637 4485 3733 4536 καὶ

2161 4571 2328 4623 ἔσται
2349 4568 2658 4624 docile-vta
2687 4571 2799 4639 πρὸ
2825 4571 3148 4642 ὀφθαλμῶν
3176 4589 3312 4627 σου.
3343 4569 3473 4626 Εἶτα
3494 4573 3734 4628 δείκνυσι

2161 4661 2251 4712 τὸν
2283 4661 2490 4714 ἐκεῖθεν
2521 4662 2788 4732 φυόμενον
2813 4663 3046 4732 καρπόν.

2233 4755 2338 4806 Καὶ
2365 4753 2531 4807 ἔσται
2563 4755 2642 4820 ὡς
2667 4753 2732 4807 τὸ
2762 4756 2952 4819 ξύλον
2987 4754 3047 4806 τὸ
3070 4755 3527 4825 πεφυτευμένον
3575 4755 3733 4822 παρὰ

479 4860 558 4905 est
590 4865 736 4902 secus
773 4845 1024 4901 decursus
1067 4863 1352 4916 aquarum,
1414 4847 1554 4915 quod
1605 4846 1837 4914 fructum
1901 4865 2053 4900 suum

2163 4844 2268 4910 τὰς
2299 4844 2614 4913 διεξόδους
2639 4846 2760 4900 τῶν
2792 4845 3048 4909 ὑδάτων,
3080 4846 3109 4899 ὃ
3135 4847 3242 4899 τὸν
3269 4848 3502 4914 καρπὸν
3548 4847 3731 4901 αὐτοῦ

481 4938 632 4991 dabit
661 4939 712 4990 in
749 4946 977 5006 tempore
998 4952 1115 4999 suo,
1152 4946 1200 4989 et
1234 4937 1416 5005 folium
1459 4939 1569 5003 eius
1605 4953 1706 4989 non
1750 4938 1968 5004 deﬂuet,
2000 4947 2048 4990 et

483 5032 662 5083 omnia
691 5045 1009 5100 quircunque
1031 5028 1187 5097 faciet
1221 5030 1694 5096 prosperubuntur.
1732 5029 1834 5094 Qui
1883 5030 1953 5083 ita
1989 5045 2048 5084 se

481 5140 539 5174 se
574 5123 756 5186 habet,
783 5130 840 5174 ut
867 5121 1131 5187 diximus,
1185 5121 1230 5174 is
1271 5121 1444 5174 instar
1478 5121 1694 5174 arboris
1751 5124 2053 5191 plantatns,

481 5213 634 5282 juxta
665 5213 863 5267 ﬂuenta
886 5213 1230 5282 cloquiorum
1256 5210 1345 5266 Dei
1366 5220 1528 5281 atque
1553 5211 1766 5266 illorum
1795 5213 2044 5267 doctrina

549 5398 590 5428 δέ
634 5397 792 5455 Jun“,
823 5416 930 5464 χιν,
968 5399 1022 5453 6.
1095 5399 1139 5430 ³⁸
1166 5397 1308 5454 Psal.
1341 5414 1523 5462 XXXVI,
1555 5397 1644 5453 27.
1707 5398 1751 5430 ³⁷
1779 5395 1884 5453 lsa.
1917 5416 1954 5464 ι,
1998 5399 2080 5454 l7.

2153 4937 2331 4990 δώσει
2355 4939 2423 4990 ἐν
2453 4941 2636 5006 καιρῴ
2662 4938 2848 4991 αὑτοῦ
2872 4953 2884 4966 ·
2917 4937 3015 4989 καὶ
3047 4938 3115 4990 τὸ
3143 4939 3387 5006 φύλλον
3409 4938 3596 4992 αὑτοῦ
3622 4939 3732 4992 οὐκ

2153 5031 2619 5100 ἀπορῤυήσεται,
2648 5032 2744 5084 καὶ
2780 5029 2976 5083 πάντα
3011 5030 3130 5084 ὅσα
3175 5029 3254 5088 ἂν
3297 5030 3462 5098 ποι-ᾖ,
3524 5047 3733 5084 κατευη-

2153 5121 2546 5188 οδωθήσεται.
2594 5121 2653 5174 Ὀ
2687 5121 2791 5188 γὰρ
2824 5121 3000 5185 οὕτως
3043 5122 3204 5193 ἔχων,
3232 5117 3345 5175 οἷον
3397 5139 3729 5193 παραπεφυ·

2157 5215 2420 5280 τευμένος
2453 5218 2564 5279 τοῖς
2609 5214 2715 5268 τῶν
2745 5214 2906 5267 θείων
2938 5213 3134 5282 λογίων
3180 5215 3437 5286 νεύμασι,
3492 5217 3586 5268 καὶ
3645 5216 3733 5268 διὰ

2161 5400 2206 5431 ³⁸
2230 5399 2388 5455 Deut.
2427 5415 2500 5464 vt,
2533 5402 2584 5456 7.

1832 5515 2032 5576 Varite
2061 5515 2393 5579 lectiones.

551 5615 662 5695 (|6_)
689 5616 835 5669 Adde
867 5617 1081 5691 βουλὴν,
1124 5628 1179 5674 ιιι
1220 5620 1271 5673 in
1302 5619 1489 5676 codice
1538 5635 1639 5674 suo
1677 5620 1800 5689 legit
1825 5629 1878 5674 ct
1912 5619 2058 5676 Lati-

482 5702 589 5741 nus
628 5695 922 5755 interpres.

2241 5623 2352 5692 (17)
2385 5621 2568 5674 Graeca
2603 5623 2856 5678 verbaita
2883 5632 3078 5679 sonant
3106 5640 3118 5679 :
3157 5619 3223 5675 Id
3255 5621 3391 5674 enim
3421 5618 3519 5673 sibi
3552 5618 3729 5673 voa'unt

2166 5695 2318 5746 verba
2358 5694 2408 5745 iu
2436 5695 2712 5746 cathedra.
