4082 6212
270 299 336 364 77
1395 297 1787 360 COMMENT.
1833 300 1911 358 IN
1956 299 2316 363 PSALMOS.
3433 299 3512 360 73

268 420 361 486 τῆς
386 413 737 475 διδασκαλίας
767 411 948 464 αὐτῶν
981 408 1302 480 ἀρδόμενος,
1338 408 1524 463 θάλλει
1561 410 1658 461 καὶ
1708 425 1842 478 προ-

1956 419 2211 478 perpetuo
2249 409 2529 480 irrigatus,
2569 407 2919 478 germinabit,
2949 406 3300 477 fructumque
3339 405 3515 476 (ipsas

270 511 484 572 κόπτει,
514 507 673 575 δίκην
701 504 924 574 δένδρου
959 501 1527 572 παραπεφυτευμὲνου
1589 503 1700 563 τοῖς
1730 501 1838 553 τῶν

278 602 478 655 ίδὰτων
507 598 766 669 ῥεύμασι,
809 595 1020 666 καρπὸν
1059 595 1160 665 μὲν
1191 593 1290 658 τὰς
1318 593 1518 664 ἀρετὰς
1569 592 1751 663 φέρων
1782 595 1840 646 ὲν

271 690 439 761 καιρῷ
471 689 550 758 τῷ
575 687 928 758 προσήκοντι,
961 685 1060 738 οὐκ
1082 684 1404 738 ἀποϐάλλων
1437 684 1492 738 δὲ
1519 684 1586 737 τὰ
1638 683 1836 754 φύλλα,

269 781 465 850 δηλαδὴ
489 779 588 850 τὴν
618 781 930 831 σκέπουσαν
961 779 1056 831 καὶ
1083 775 1460 847 συντηροῦσαν
1516 776 1688 840 αὐτὰς
1743 795 1839 834 τα-

269 870 719 942 πεινοφροσύνην.
747 871 814 921 Ἢ
849 870 1059 940 καρπὸν
1109 869 1208 938 μὲν
1247 868 1585 938 ὑποληπτέον
1610 869 1702 921 τὸν
1737 868 1843 921 ἀπὸ

281 964 382 1017 τῶν
438 963 625 1015 πόνων
690 959 1090 1030 συλλεγόμενον
1155 959 1532 1028 πνευματικὸν
1590 957 1839 1022 πλοῦτον,

253 1025 440 1124 ⁸ιρύλλα
474 1055 531 1106 δὲ
565 1053 665 1124 τὴν
689 1025 1094 1104 ὲπιθάλπουσαν
1130 1025 1320 1104 ἐλπίδα
1343 1051 1442 1121 τῆς
1467 1052 1742 1122 σωτηρίας
1776 1046 1842 1122 ἧς

273 1148 460 1202 οὐδένα
480 1145 673 1216 καιρὸν
705 1145 1055 1213 ἀφίστανται,
1090 1144 1189 1213 τὴν
1213 1143 1464 1212 αἰσθησιν
1487 1144 1596 1195 τῶν
1622 1144 1847 1213 ἀλγηδόρ

273 1257 374 1294 νων
414 1238 844 1309 ἀφαιρουμένης.
875 1237 1113 1299 εἰκότως
1138 1235 1193 1290 δὲ
1227 1236 1295 1288 τὰ
1319 1235 1438 1294 θεῖα
1469 1237 1628 1304 λόγια
1660 1234 1846 1290 ὕδασιν

273 1330 589 1394 ἀπείκασεν,
617 1329 705 1381 διὰ
722 1328 783 1381 τδ
816 1327 1057 1391 ποτίζειν
1099 1327 1193 1379 καὶ
1222 1327 1457 1380 πιαίνειν
1500 1328 1600 1387 τὰς
1647 1325 1844 1396 ψυχὰς,

271 1423 344 1484 ὥς
372 1425 555 1474 ἐκεῖνα
593 1419 661 1473 τὰ
688 1419 955 1487 φυόμενα.
987 1418 1145 1472 Οὕτω
1179 1418 1275 1472 καὶ
1300 1419 1328 1470 6
1357 1419 1590 1487 Χριστὸς
1615 1418 1710 1487 τὴν
1768 1419 1847 1471 οἱ·

279 1515 426 1567 κείαν
454 1513 802 1566 διδασκαλίαν
858 1511 1149 1564 ἐκάλεσεν·
1186 1512 1262 1564 ΕΖ
1304 1529 1394 1576 τις
1435 1510 1604 1578 διψᾷ,
1653 1510 1845 1578 λέγων,

275 1604 536 1673 ἐρχέσθω
573 1606 724 1672 πρός
741 1621 838 1672 με,
871 1604 966 1657 καί
999 1603 1215 1656 πινέτω
1235 1619 1248 1634 ⁸
1281 1603 1376 1656 καί
1409 1620 1424 1635 ⁸
1463 1602 1526 1656 '0
1545 1602 1852 1655 πιστεύων

277 1701 360 1764 εις
384 1699 508 1766 ἐμὲ,
527 1698 742 1761 ὓδατος
764 1696 976 1762 ζῶντος
1006 1695 1256 1766 ποταμοὶ
1272 1696 1615 1763 ῥεύσουσιν
1641 1695 1710 1748 ὲκ
1734 1694 1848 1761 τῆς

1944 513 2140 568 nempe
2171 498 2761 568 virtuteslopportuuo
2812 497 2996 552 ferens
3047 505 3318 566 tempore,
3383 495 3513 552 folia

1944 601 2052 641 non
2075 588 2313 642 dimittet
2339 605 2361 656 ,ε
2409 588 2513 643 hoc
2540 596 2625 644 est
2681 589 3042 643 humilitatem
3088 603 3196 643 non
3256 589 3510 660 deponet,

1943 694 2064 748 qua:
2093 680 2324 733 virtutes
2355 694 2571 744 omnes,
2632 695 2740 734 non
2770 694 2932 734 secus
2965 693 3030 733 ac
3078 679 3332 748 proprios
3396 679 3513 733 l'ru-

1944 777 2068 825 ctus
2105 771 2337 839 protegit
2367 779 2533 840 atque
2567 776 2880 824 conservat.
2906 767 3002 824 Vel
3038 769 3212 836 aliter,
3258 784 3352 838 per
3399 769 3517 823 fru-

1944 871 2091 917 ctum
2114 863 2420 932 intelligere
2452 879 2748 934 possumus
2801 863 3086 920 universas
3113 864 3242 918 illas
3296 863 3518 924 divitias
3607 859 3610 862 ’

1945 967 2066 1022 qua:
2087 953 2154 1007 de
2203 953 2587 1024 spiritualibus
2645 954 2922 1011 laboribus
2982 966 3419 1027 congregantur:
3467 967 3520 1012 et

1945 1061 2044 1116 per
2082 1047 2232 1110 folia,
2261 1047 2622 1100 virescentem
2654 1063 2804 1117 spem
2830 1049 3025 1104 salutis
3047 1069 3060 1105 :
3086 1067 3205 1120 qum
3223 1067 3346 1106 cum
3375 1067 3520 1105 nun-

1947 1151 2110 1204 quam
2155 1135 2402 1200 delleiat,
2457 1137 2702 1190 omnium
2758 1138 3010 1193 dolorum
3076 1155 3300 1196 sensum
3353 1142 3519 1200 tollit.

1948 1229 2139 1283 Merito
2165 1238 2342 1282 autem
2374 1228 2558 1283 divina
2588 1230 2803 1300 eloquia
2829 1233 2986 1303 aquis
3013 1235 3517 1303 comparavit,cum

1893 1329 1900 1336 ’
1947 1336 2058 1376 non
2095 1321 2276 1376 minus
2343 1321 2538 1378 animae
2593 1323 2701 1378 illis
2750 1323 3051 1394 irrigentur
3106 1335 3270 1397 atque
3327 1328 3523 1399 impin.

1955 1421 2215 1481 guentur,
2253 1428 2414 1482 quam
2445 1414 2602 1483 aquis
2631 1416 2864 1484 plantae:
2902 1416 3044 1471 unde
3065 1425 3119 1472 et
3147 1417 3400 1474 Christus
3423 1421 3523 1474 do-

1949 1505 2179 1560 etriuam
2208 1520 2362 1559 suam
2414 1507 2728 1576 appellarit.
2760 1509 2981 1564 dicens:
3019 1509 3062 1541 ³⁸
3104 1508 3165 1565 Si
3213 1512 3329 1578 quis
3386 1514 3522 1580 sitit,

1950 1595 2125 1649 veniat
2163 1595 2232 1648 ad
2267 1613 2348 1650 me
2380 1606 2429 1651 et
2462 1597 2641 1652 bibat:
2671 1607 2720 1652 et
2749 1600 3023 1669 quiet-edit
3049 1602 3101 1654 in
3153 1618 3254 1667 me,
3293 1603 3522 1670 ﬂumina

1951 1684 2166 1738 viventis
2217 1703 2368 1756 aqua;
2395 1687 2562 1755 ﬂuent
2603 1689 2666 1741 de
2695 1698 2874 1743 ventre
2900 1693 3015 1759 ejus
3051 1705 3072 1744 :
3128 1700 3176 1745 et
3208 1693 3298 1762 qui
3338 1692 3524 1752 biberit

275 1753 508 1852 κοιλίας
547 1753 736 1840 αὐτού
758 1753 916 1842 ’-χίλι’
956 1753 1060 1850 ἶ’ος
1079 1784 1134 1840 δ’
1156 1753 1236 1842 ἀν
1258 1753 1366 1851 πίῃ
1400 1785 1468 1838 ἐκ
1498 1782 1605 1840 τοῦ
1631 1783 1847 1849 ὓδατος

1956 1776 2016 1829 tle
2042 1792 2206 1846 aqua,
2231 1794 2392 1846 quant
2417 1797 2510 1849 ego
2535 1779 2672 1834 dabo
2701 1781 2769 1843 ei,
2803 1797 2906 1836 non
2953 1784 3101 1838 sitiet
3143 1801 3199 1837 tn
3245 1797 3526 1840 azlernum.

276 1877 346 1935 οὗ
373 1879 487 1948 ἐγὼ
507 1874 678 1932 δώσω
698 1877 878 1944 αὐτῷ,
911 1879 982 1932 οὐ
1008 1877 1093 1946 μὴ
1122 1877 1371 1946 διψήσει
1399 1879 1486 1943 εις
1507 1876 1616 1930 τὸν
1637 1873 1845 1930 αἰῶνα.

277 1972 365 2040 Τῷ
406 1972 464 2024 δὲ
518 1971 748 2040 τοιούτῳ
804 1969 958 2039 ἀνδρὶ
1025 1970 1170 2023 καὶό
1213 1968 1347 2032 Θεὸς
1405 1965 1848 2037 συνεργεϊ’πρδς

276 2065 473 2118 πάντα.
556 2063 718 2132 Παρὰ
749 2061 953 2130 Κυρίου
977 2060 1105 2129 γὰρ,
1127 2059 1281 2129 φησὶ,
1311 2058 1380 2112 τὰ
1411 2058 1726 2128 διαδήματα
1751 2057 1849 2108 αὐ-

273 2157 388 2221 τοῦ,
421 2155 830 2215 κατευθύνεται,
866 2155 960 2205 καὶ
989 2152 1089 2220 τὴν
1118 2152 1236 2206 όδδν
1265 2150 1429 2204 αὐτού
1451 2149 1670 2220 θελήσει
1705 2148 1843 2217 σφό-

278 2246 392 2314 δρα.
420 2245 530 2296 Καὶ
555 2244 584 2295 6
603 2239 931 2303 Ἀπόστολος
956 2239 1016 2292 δὲ
1042 2239 1193 2307 λέγει
1244 2238 1412 2290 πάλιν
1437 2253 1454 2268 ⁸
1522 2236 1654 2303 Τοῖς
1699 2237 1848 2305 ἀγα·-

277 2334 428 2387 πὼσι
453 2333 560 2386 τὸν
599 2331 750 2385 Θεὸν
786 2329 983 2383 πάντα
1011 2328 1294 2398 συνεργεῖ
1337 2330 1424 2394 είς
1481 2327 1548 2380 τὸ
1598 2327 1846 2396 ἀγαθόν.

279 2428 356 2482 Τὸ
384 2425 464 2489 δὲ,
515 2423 738 2486 πάντα,
792 2422 1129 2493 πρόσκειται·
1167 2421 1306 2491 μετὰ
1333 2419 1650 2490 ἀκριϐείαςο
1681 2419 1709 2470 6
1741 2418 1850 2488 γὰρ

277 2519 355 2579 εἰς
387 2516 544 2568 τοῦτο
576 2515 814 2582 φθάσας,
846 2512 1108 2565 οὐδέποτέ
1149 2529 1199 2565 τι
1227 2512 1398 2565 κακὸν
1430 2511 1654 2579 ποιῆσαι
1690 2509 1850 2579 θελή-

279 2623 394 2660 σει·
429 2607 513 2660 διδ
550 2606 647 2658 καὶ
677 2604 958 2658 εύοδοῦται
989 2604 1047 2654 ὲν
1091 2605 1228 2657 πᾶσι
1267 2601 1421 2679 παρὰ
1467 2601 1628 2655 Θεοῦ.
1691 2601 1850 2656 Οὖτω

273 2699 363 2751 διὰ
421 2698 532 2750 τῶν
591 2695 817 2762 ἀγαθῶν
867 2695 1182 2766 προτρέψας
1227 2695 1307 2757 εἰς
1357 2693 1581 2764 ἀρετὴν,
1624 2693 1717 2746 καὶ
1762 2693 1851 2748 διὰ

275 2791 383 2846 τῶν
417 2787 680 2845 ἐναντίων
742 2786 956 2855 ἀλείφει
988 2786 1116 2849 τοὺς
1148 2786 1390 2856 ἀθλητὰς
1424 2787 1482 2838 ὲν
1513 2784 1590 2855 τῷ
1627 2785 1808 2837 εἰπεῖν
1833 2799 1848 2816 ⁸

353 2965 475 3031 Οὐχ
502 2963 687 3030 οὕτως
717 2968 772 3017 οἱ
800 2963 1064 3030 ἀσεϐεῖς,
1114 2966 1227 3032 οὐχ
1260 2964 1471 3032 οὕτως.
1534 2963 1849 3032 Τοντέστιν,

1951 1865 2344 1936 Huiuscemodi
2371 1871 2538 1940 igitur
2573 1871 2710 1936 viro,
2747 1872 2889 1928 Deus
2913 1883 3245 1944 cooperatur
3269 1877 3321 1930 in
3337 1877 3529 1934 omni-

1950 1959 2052 2015 bus
2105 1978 2119 2014 :
2174 1960 2218 2014 A
2241 1959 2469 2016 Domino
2502 1964 2644 2016 enim
2681 1979 2906 2034 gressus
2943 1966 3061 2034 ejus
3110 1967 3436 2039 dirigentur,
3473 1977 3530 2026 ct

1951 2052 2096 2106 viam
2113 2053 2234 2118 ejus
2270 2053 2416 2108 volet
2433 2053 2607 2108 valde.
2637 2055 2757 2122 Ipse
2784 2056 2947 2110 etiam
2980 2056 3277 2125 Apostolus
3306 2077 3319 2112 :
3354 2060 3399 2092 ⁸⁸
3435 2061 3529 2114 Di-

1953 2139 2234 2210 ligentibus
2276 2139 2467 2206 Deum,
2520 2143 2721 2212 inquit,
2754 2145 2937 2202 omnia
2985 2157 3338 2213 cooperantur
3363 2150 3534 2206 iuba.

1953 2248 2100 2290 num.
2141 2232 2324 2292 Dictio
2354 2235 2547 2299 etiam.
2582 2236 2784 2302 omnia,
2819 2235 2909 2292 hic
2975 2253 3083 2292 non
3137 2239 3316 2294 otiose
3361 2240 3531 2311 jacet,

1951 2323 2088 2379 Nam
2141 2325 2236 2395 qui
2264 2325 2330 2380 ad
2365 2325 2515 2380 hunc
2539 2341 2712 2396 usque
2751 2328 2976 2384 virtutis
3013 2331 3296 2385 cumulum
3343 2350 3551 2403 perve-_

1953 2419 2120 2479 nerit.
2160 2418 2364 2473 malum
2401 2419 2641 2488 amplius
2670 2419 2874 2490 aliquid
2903 2419 3082 2476 facere
3115 2439 3380 2496 nusquam
3409 2444 3534 2485 sus.

1954 2508 2149 2562 tinehit
2183 2523 2198 2560 :
2244 2523 2351 2578 qua
2401 2510 2618 2564 ratione
2648 2524 2676 2562 a
2709 2510 2821 2566 Deo
2849 2511 2904 2565 in
2929 2512 3185 2570 omnibus
3237 2531 3534 2588 prospera.

1954 2597 2140 2654 bitur:
2172 2615 2362 2654 verum
2386 2615 2512 2654 cum
2547 2617 2646 2671 per
2668 2601 2813 2657 bona
2844 2603 2910 2658 ad
2942 2605 3199 2660 virtutem
3229 2611 3534 2679 superiori—

1954 2689 2056 2745 bus
2079 2687 2402 2747 exhortatus
2428 2692 2518 2758 sit,
2540 2693 2822 2762 deinceps,
2863 2697 3021 2765 quasi
3081 2697 3305 2755 virtutis
3357 2702 3537 2760 athle-

1956 2791 2087 2846 tam,
2135 2781 2257 2837 oleo
2304 2783 2540 2854 innngit,
2583 2785 2712 2840 dum
2751 2800 2816 2840 ex
2862 2789 3159 2845 contrariis
3215 2793 3412 2859 munit,
3448 2794 3534 2850 di.

1955 2884 2084 2924 C(‘ﬂS
2117 2886 2131 2927 ζ

2028 2963 2196 3019 Vens.
2227 2963 2284 3020 4.
2316 2964 2440 3020 Non
2471 2967 2546 3022 sic
2572 2966 2744 3036 impii,
2781 2985 2882 3022 non
2913 2971 3012 3025 sic.
3041 2970 3161 3026 Non
3229 2973 3302 3028 ita
3339 2974 3540 3039 ﬂorent

277 3055 376 3123 οὐχ
422 3054 496 3114 ὡς
521 3055 549 3106 6
575 3056 974 3125 προειρημένος
991 3053 1130 3124 ἀνὴρ
1161 3053 1416 3106 θάλλουσι
1449 3053 1544 3106 καὶ
1569 3071 1851 3123 καρποφο-

1961 3054 2136 3125 impii,
2167 3055 2366 3126 inquit,
2397 3075 2497 3113 nec
2521 3061 2835 3130 germinant
2863 3071 2959 3116 aut
3024 3051 3264 3120 fructum
3324 3067 3531 3138 ferunt,

284 3147 457 3216 ροῦσι,
493 3147 588 3199 καὶ
628 3147 735 3200 τῶν
765 3149 941 3202 ἄλλων
1001 3146 1408 3201 ἀπολαύσουσιν
1455 3145 1702 3215 ἀγαθῶν.
1756 3147 1856 3201 Διὰ

277 3241 333 3294 δὲ
385 3237 477 3291 τοῦ
520 3239 928 3311 διπλασιασμοῦ
983 3241 1081 3312 τὴν
1161 3240 1537 3310 ἀπαγόρευσιν
1590 3239 1854 3297 ἐϐεϐαίω-

282 3348 395 3387 σεν.

359 3515 547 3569 Ἀλλὰ
580 3514 723 3568 ὡσεὶ
772 3515 979 3582 χνοῦς,
1028 3514 1102 3567 ὃν
1147 3515 1407 3582 ἐκρίπτει
1433 3515 1466 3568 ὁ
1490 3513 1712 3584 ἄνεμος
1737 3515 1855 3570 ἀπὸ

277 3609 607 3674 προσώπου
651 3606 762 3676 τῆς
782 3606 916 3675 γῆς.
965 3608 1178 3678 Ὥσπερ
1207 3609 1233 3659 6
1265 3607 1464 3677 ἄνεμος
1503 3610 1853 3679 προσπεσὼν,

282 3702 413 3772 ῥᾷον
467 3701 768 3768 μεταῳὲρει
803 3700 894 3751 τδν
924 3699 1054 3768 χοῦν
1085 3699 1178 3751 καὶ
1213 3698 1678 3763 διασκεδάννυσιν,
1714 3697 1858 3752 οὕτω

284 3796 378 3844 καὶ
411 3795 535 3855 τοὺς
571 3792 790 3854 ἀσεσείς
821 3793 870 3844 οἱ
901 3793 1289 3854 ἁντιπνέοντες
1317 3791 1592 3862 δαίμονες.
1629 3792 1856 3862 Πρόσω-

284 3902 384 3937 πον
417 3885 470 3937 δὲ
491 3886 588 3952 τῆς
622 3884 835 3954 γῆ;,τδ
881 3885 1207 3955 φαινόμενον
1255 3884 1428 3954 αὐτῆς
1485 3883 1726 3953 νοητέον.
1786 3883 1860 3935 Τδ

282 3977 416 4034 αὐτὸ
447 3977 504 4029 δὲ
532 3980 626 4029 καὶ
653 3977 820 4040 νῶτα,
860 3977 951 4030 διὰ
981 3977 1041 4030 τὸ
1089 3976 1382 4046 βαστάζειν
1435 3976 1504 4032 τὰ
1558 3975 1646 4030 ἐπ’
1684 3975 1859 4048 αὐτῆς

289 4071 553 4136 σεὺματα⁸
600 4069 855 4136 καθάπερ
902 4068 998 4122 καὶ
1045 4070 1266 4133 κόλπος,
1311 4067 1372 4120 τὸ
1412 4066 1617 4137 ταύτης
1675 4065 1859 4136 βάθος.

298 4157 540 4221 Ἀσεδεῖς
574 4159 632 4211 δὲ
679 4160 912 4214 ἐνταῦθα
955 4159 1163 4222 πάντας
1187 4159 1442 4227 ὀνομάζει
1470 4159 1594 4221 τοὺς
1624 4160 1737 4212 ἀνω
1762 4160 1864 4228 ρη-

289 4249 502 4313 θέντας,
568 4252 973 4322 κοινωσάμενος
1017 4253 1078 4304 τὸ
1117 4251 1434 4321 πρόσρημα,
1471 4250 1692 4303 Νοοῖντο
1729 4249 1773 4302 δ’
1795 4248 1862 4303 ἂν

288 4339 505 4403 ἀσεϐεῖς
542 4341 638 4394 καὶ
668 4343 718 4394 οἱ
756 4342 1024 4405 Ἰουδαῖοι,
1053 4342 1104 4393 οἱ
1154 4341 1228 4411 μὴ
1258 4341 1545 4411 σεϐόμενοι
1584 4341 1676 4394 τὸν
1709 4341 1856 4405 Υίὸν,

1962 3164 2064 3204 nec
2095 3151 2264 3207 tantis
2313 3151 2571 3208 l'rmtntur
2603 3153 2787 3221 bonis,
2842 3157 3066 3226 quantis
3122 3159 3205 3214 vir
3244 3161 3334 3216 ille
3368 3178 3534 3234 quem

1963 3241 2182 3298 beatum
2213 3243 2452 3300 diximus
2480 3261 2494 3298 :
2527 3258 2581 3300 et
2608 3245 2738 3300 dum
2773 3249 3116 3318 negationem
3142 3255 3360 3322 repetit,
3386 3260 3533 3326 quod

1962 3345 2214 3404 negatum
2246 3347 2330 3393 est
2367 3337 2538 3406 magis
2567 3339 2875 3394 conﬁrmat.
2907 3338 3220 3412 [Quomodo
3248 3355 3436 3401 autem
3473 3349 3539 3407 il-

1961 3424 2027 3477 lis
2052 3426 2319 3495 agendum
2353 3429 2424 3483 sit
2454 3429 2722 3501 subjicit.]

2037 3516 2144 3572 Sed
2178 3530 2431 3590 tanquam
2463 3521 2635 3590 pulvis
2681 3539 2832 3594 quem
2861 3527 3078 3596 projieit
3124 3539 3304 3586 ventus
3336 3549 3368 3586 a
3402 3533 3542 3603 facie

1968 3618 2142 3664 terrae.
2173 3612 2644 3678 Quemadmodum
2680 3616 2958 3675 irruentes
3009 3621 3178 3687 renti,
3235 3621 3394 3678 facile
3420 3627 3543 3694 pul.

1962 3717 2146 3756 verem
2204 3707 2543 3762 transferunt
2595 3715 2650 3762 et
2685 3707 3031 3780 dispergunt,
3061 3712 3132 3766 ita
3165 3723 3218 3768 et
3237 3714 3537 3773 adversarii

1964 3792 2244 3848 dauuones
2284 3795 2486 3864 impios
2511 3813 2760 3867 quosque
2803 3799 2963 3855 facile
3014 3801 3387 3874 dissipabunt.
3436 3808 3540 3863 Per

1967 3881 2159 3936 faciem
2186 3899 2314 3939 vero
2340 3895 2520 3951 terrae,
2546 3887 2667 3957 ejus
2696 3891 3044 3958 superllciem
3073 3893 3340 3963 intellige:
3371 3913 3535 3966 quam

1969 3983 2128 4029 terra:
2149 3975 2410 4032 humeros
2443 3980 2608 4033 etiam
2641 3983 2942 4052 appellant,
2995 3999 3062 4040 eo
3100 3987 3246 4055 quod
3303 3987 3442 4043 {erat
3476 4006 3539 4046 ac

1970 4064 2242 4121 sustineat
2271 4082 2504 4138 corpora
2524 4070 2862 4143 omniaquae
2899 4074 2952 4129 in
2983 4089 3046 4132 ea
3077 4087 3205 4132 sunt
3237 4097 3250 4134 :
3292 4081 3454 4137 sicuti
3485 4093 3540 4138 et

1968 4163 2128 4210 terrae
2157 4157 2338 4211 sinum
2370 4173 2490 4214 eam
2521 4147 2736 4230 partem
2762 4163 2974 4232 dicunt,
3008 4181 3131 4236 qua:
3160 4168 3214 4224 in
3243 4185 3307 4225 ea
3363 4173 3537 4244 magis

1969 4245 2259 4315 profunda.
2299 4247 2500 4318 lmpios
2526 4265 2656 4306 vero
2715 4256 3126 4313 communicato
3184 4262 3408 4317 nomine
3451 4265 3540 4320 hic

1970 4353 2065 4392 eos
2094 4353 2289 4394 omnes
2323 4342 2584 4412 appellat,
2613 4358 2752 4415 quos
2777 4347 3038 4416 superius
3093 4350 3296 4422 triplici
3347 4356 3540 4413 ordine

287 4429 336 4480 οἱ
382 4431 903 4503 διεσκορπίσθησαν,
968 4432 1062 4487 τοῦ
1115 4431 1470 4508 κηρύγματος
1527 4433 1635 4486 τῶν
1691 4432 1851 4502 ιερῶν

1965 4429 2227 4500 distingui
2263 4445 2294 4484 a
2335 4430 2609 4503 Propheta
2656 4433 2967 4494 docuimus.
3021 4437 3323 4498 Possumus
3371 4447 3538 4501 etiam

290 4522 606 4576 ἀποστόλων
631 4524 983 4587 πνεύσαντος.

352 4794 459 4849 Διά
486 4794 664 4849 τοῦτο
688 4795 798 4848 οὐκ
815 4793 1270 4860 ἀναστήσονται
1293 4793 1533 4859 ἀσεϐεῖς
1551 4793 1619 4846 ἐν
1641 4795 1859 4861 κρίσει.

289 4888 430 4957 Ὅρα
460 4889 556 4941 τοῦ
585 4889 730 4942 θείου
764 4889 1080 4958 Πνεύματος
1103 4888 1202 4960 τὴν
1230 4888 1518 4958 ἀκρίϐειαν
1540 4907 1553 4921 ⁸
1586 4890 1686 4942 οὐκ
1709 4885 1862 4943 εἶπεν

289 4979 495 5042 ἁπλῶς,
519 4982 642 5032 Οὐκ
668 4979 1142 5049 ἀναστήσονται,
1180 4979 1314 5033 ἀλλὰ
1349 4981 1443 5032 καὶ
1474 4979 1554 5045 τὸ,
1597 4980 1702 5034 Ἐν
1733 4981 1859 5049 κρί-

283 5088 401 5134 σει,
439 5072 800 5141 προσέθηκεν.
845 5073 1268 5141 Ἀναστήσονται
1308 5072 1407 5141 μὲν
1434 5071 1542 5141 γὰρ
1571 5073 1664 5124 καὶ
1691 5068 1858 5139 οὗτοι,

281 5161 421 5216 ἀλλὰ
453 5163 549 5232 ούχ
589 5163 677 5215 ἴνα
701 5162 928 5232 κριθῶσι
950 5177 966 5194 ⁸
990 5162 1106 5224 πῶς
1128 5161 1236 5233 γὰρ
1253 5161 1366 5233 (l8)
1389 5163 1502 5230 οἵγε
1527 5164 1676 5232 αὐτῷ
1705 5163 1872 5216 κατά-

283 5267 503 5320 κριτοι;
559 5255 622 5306 Ὀ
639 5257 749 5321 γὰρ
769 5254 854 5322 μὴ
887 5255 1188 5309 πιστεύων
1231 5256 1319 5320 εις
1350 5253 1473 5323 ἐμὲ,
1536 5254 1723 5324 φησὶν,
1755 5254 1872 5322 ἤδη

284 5345 560 5411 κέκριται
586 5361 600 5376 ⁸
633 5346 750 5398 ἀλλ’
784 5346 874 5398 ἵνα
907 5345 1286 5416 τιμωρηθῶσι.
1345 5346 1778 5416 Παρατηρητέον
1806 5346 1862 5398 δὲ

1964 4538 2062 4591 per
2084 4523 2300 4592 impios,
2328 4522 2546 4582 Judmos
2572 4527 2893 4600 intelligere,
2921 4533 3013 4602 qui
3039 4533 3232 4590 Filium
3267 4553 3374 4592 non
3408 4540 3542 4608 ado-

1968 4625 2111 4682 rant,
2144 4627 2190 4670 et
2228 4618 2428 4686 spiritu
2455 4620 2858 4688 praedicationis
2884 4635 3202 4682 sanctorum
3257 4633 3540 4700 apOstolov

1969 4724 2088 4762 rum
2125 4725 2224 4778 per
2263 4717 2436 4764 totum
2469 4712 2658 4766 orbem
2707 4715 2943 4783 dispersi
2968 4728 3122 4773 sunt.

2045 4800 2214 4856 Vens.
2249 4802 2302 4856 5.
2382 4801 2509 4856 Ideo
2573 4821 2675 4858 non
2721 4818 2996 4876 resurgent
3038 4811 3188 4876 impii
3222 4815 3276 4867 in
3313 4817 3538 4887 judicio.

1974 4889 2105 4947 Vide
2133 4894 2467 4962 exquisitum
2502 4897 2675 4951 sancti
2707 4897 2950 4967 Spiritus
2982 4903 3241 4972 loquendi
3281 4911 3534 4970 modum:

1969 4997 2077 5037 non
2111 4985 2437 5053 simpliciter
2464 4986 2619 5052 dixit,
2653 4986 2775 5042 Non
2801 5003 3071 5065 resurgant
3099 5011 3116 5050 :
3141 4999 3234 5053 sed
3260 5003 3536 5071 apposuit,

1971 5074 2037 5128 In
2065 5075 2290 5144 judicio.
2326 5077 2630 5148 Resurgent
2652 5081 2852 5151 quippe
2883 5093 2938 5138 et
2971 5085 3142 5157 impii,
3164 5104 3272 5145 non
3313 5101 3367 5144 ut
3389 5092 3542 5160 judi.

1973 5173 2190 5230 centur,
2213 5173 2398 5234 utpote
2419 5167 2510 5237 qui
2531 5168 2644 5239 jam
2667 5171 3012 5227 condemnati
3038 5187 3168 5231 sunt
3195 5198 3209 5230 ε
3241 5181 3282 5210 ⁸¹
3308 5180 3413 5244 Qui
3437 5197 3538 5237 non

1976 5259 2142 5310 credit
2177 5259 2231 5312 in
2260 5275 2360 5326 me,
2395 5259 3016 5332 inquit,jamjudicatus
3043 5279 3122 5322 est
3150 5285 3167 5323 :
3201 5269 3295 5325 sed
3327 5279 3383 5324 ut
3415 5287 3542 5342 sup.

1970 5351 2149 5420 pliciis
2191 5350 2522 5420 plectantur.
2563 5353 2980 5413 Observandum
3014 5368 3097 5416 est
3125 5369 3331 5429 autem,
3383 5362 3532 5434 quod

325 5479 368 5510 ³³
398 5477 564 5534 Jonn.
601 5496 697 5544 vn,
723 5480 814 5545 '57,
846 5483 934 5537 '58.
997 5483 1042 5516 ⁸ο
1068 5482 1228 5537 Rom.
1268 5497 1386 5550 vnn,
1413 5481 1505 5536 28.
1567 5482 1608 5513 ⁸¹
1643 5479 1801 5536 Joan.
1839 5499 1918 5552 ιιι,
1950 5485 2036 5538 18.

1618 5601 1816 5662 Variae
1851 5601 2178 5668 lectiones.

359 5718 471 5786 (18,
512 5719 700 5775 Graeca
721 5722 799 5777 sic
833 5739 845 5774 :
883 5721 984 5787 Qui
1010 5726 1148 5779 enim
1176 5724 1270 5779 hoc
1300 5725 1396 5792 ﬁat
1420 5725 1444 5777 ?
1464 5741 1577 5779 cum
1596 5726 1713 5795 jam
1739 5727 2074 5786 condemnati
2112 5730 2240 5790 sint,
