4082 6212
371 249 441 317 85
1494 254 1884 317 COMMENT.
1931 252 2013 312 tN
2049 251 2413 316 PSALMOS.
3352 233 3368 253 ’
3542 263 3615 323 se

371 368 518 436 ἔθνη,
542 367 884 439 προτραπεὶς
933 365 1084 438 παρὰ
1123 366 1216 420 τοῦ
1271 366 1487 438 Πατρδς
1520 364 1819 428 αἰτεῖσθαι,
1849 363 1939 417 καὶ

2051 378 2158 414 non
2203 372 2470 431 receptus,
2497 361 2623 432 jure
2662 364 2904 434 gentium
2941 366 3213 434 nationes,
3270 377 3328 422 ιιι
3358 382 3489 424 suas
3514 367 3619 424 sibi

372 458 552 511 λαϐεῖν
586 460 663 522 εἰς
694 457 896 528 κλῆρον
932 457 1125 514 ταῦτα’
1177 460 1273 513 καὶ
1303 460 1410 528 γὰρ
1440 459 1533 511 καὶ
1576 457 1718 511 κατὰ
1753 456 1811 510 τὸ
1843 456 1939 509 ἀν-

371 549 642 619 θρώπινον
674 551 800 614 Υἱὸς
831 550 967 605 Θεοῦ
997 548 1258 620 γεγονὼς,
1287 548 1624 637 ὲπῳφείλετο
1660 548 1881 617 κλῆρον.

2048 454 2345 509 vindicavit
2381 471 2394 506 :
2446 456 2714 527 pragcipue
2759 472 2882 511 eum
2919 459 3080 515 Pater
3124 474 3247 515 eum
3295 459 3622 521 monuisset.

2053 554 2111 600 ut
2139 544 2259 599 illas
2293 553 2522 615 peteret,
2554 555 2608 602 et
2642 548 2919 618 pollicitus
2958 549 3151 605 fuisset
3185 551 3387 622 petenti
3418 566 3478 605 se
3528 567 3623 606 eas

369 644 720 699 traditurum.
759 644 892 699 Nam
935 661 1001 701 ex
1032 660 1141 716 quo
1167 652 1223 699 ut
1255 645 1420 699 homo
1469 644 1571 698 alia
1612 643 1823 698 ratione
1852 640 2030 696 factus
2059 649 2176 696 erat
2206 639 2376 696 Filius
2439 639 2555 709 Dei,
2597 656 2998 714 consequenter
3060 646 3242 716 aliqua
3290 648 3368 703 illi
3423 644 3613 702 deberi

367 736 654 791 videbatur
685 735 996 793 haereditas.

431 851 539 904 Kal
575 850 690 918 τὴν
716 850 1092 920 κωάσχεσέν
1124 869 1240 907 σου
1269 852 1340 907 τὰ
1368 850 1595 919 πέρατα
1644 847 1754 916 τῆς
1802 847 1934 917 γῆς·

361 940 473 994 Καὶ
502 940 605 1010 τὴν
638 940 888 1007 ἐξουσίαν
932 942 1033 1013 τῆς
1090 942 1467 1014 κληρονομίας
1504 957 1598 994 σου
1643 938 1940 1010 διήκουσαν

365 1029 531 1099 μέχρι
576 1030 688 1083 τῶν
726 1030 982 1101 περάτων
1018 1033 1116 1103 τῆς
1154 1034 1278 1103 γῆς.
1334 1031 1430 1095 Εἰς
1485 1031 1678 1084 πᾶσαν
1699 1028 1808 1097 γὰρ
1842 1027 1940 1099 τὴν

362 1121 490 1189 γῆν,
519 1123 615 1172 καὶ
643 1121 723 1184 είς
755 1122 824 1174 τὰ
854 1122 1065 1191 πέρατα
1095 1123 1195 1190 τῆς
1221 1121 1617 1192 οίκουμένης,ὁ
1642 1120 1733 1173 τοῦ
1765 1120 1944 1187 Εὐαγ-

362 1210 547 1277 γελίου
600 1211 759 1279 λόγος
804 1212 1049 1281 ἐξῆλθεν.
1093 1214 1441 1268 ’Υποτίθεται
1481 1213 1537 1266 δὲ
1566 1215 1597 1266 6
1622 1210 1812 1281 Πατὴρ
1851 1212 1940 1264 al-

359 1301 596 1368 τεῖσθαι,
618 1302 695 1366 ὼς
724 1304 963 1358 εὖόοκῶν
1006 1307 1101 1360 καὶ⁸
1138 1305 1312 1360 θέλων
1341 1307 1442 1375 τὴν
1487 1306 1599 1357 τῶν
1634 1301 1940 1374 ἀνθρώπων

361 1389 693 1446 ἀνάπλασιν.
744 1393 987 1447 Αἰτεῖται
1038 1393 1096 1448 δὲ
1155 1393 1361 1462 ταύτην
1404 1395 1434 1446 ὁ
1470 1392 1619 1455 Υἱὸς,
1674 1390 1750 1452 ὼς
1799 1388 1941 1458 ὑπὲρ

359 1482 523 1553 ἡμῶν
546 1484 1000 1556 ὲνανθρωπήσας,
1058 1487 1153 1538 καὶ
1194 1485 1425 1554 μεσίτης
1472 1482 1767 1553 γενόμενος
1803 1479 1940 1533 Θεοῦ

358 1574 455 1626 καὶ
500 1574 827 1646 ἀνθρώπων.
885 1575 1340 1646 Αίσχυνέσθωσαν
1395 1569 1491 1628 οὖν
1548 1575 1599 1628 oi
1669 1571 1939 1634 Ἰουδαῖοι,

361 1667 775 1737 προσαρμόζων
798 1666 900 1721 οὐκ
930 1667 1146 1739 ἔχοντές
1173 1685 1283 1723 τινι
1331 1668 1491 1722 ταυτὶ
1522 1667 1593 1721 τὰ
1640 1665 1803 1737 ῥητά.
1842 1663 1941 1739 Τίς

359 1758 473 1827 γὰρ
504 1757 694 1828 ἕτερος
726 1758 999 1828 τοσαύτην
1024 1761 1296 1829 ἐκτήσατο
1330 1757 1699 1827 κατάσχισιν;

357 1940 466 1996 sibi
502 1942 915 2009 possessionem
941 1942 1152 2013 paravit
1179 1940 1203 1995 ‘2

427 2053 753 2122 Ποιμανεῖς
788 2053 1009 2122 αὐτοὺς
1046 2056 1116 2110 ἐν
1137 2054 1338 2123 ῥάϐδῳ
1370 2053 1611 2123 σιδηρᾷ.
1639 2053 1811 2107 Τοῦτο
1831 2051 1938 2105 ἀπὸ

356 2143 453 2198 τοῦ
486 2148 771 2217 προφήτου
825 2146 1065 2217 λέγεται’
1096 2148 1190 2220 Μὴ
1236 2148 1572 2218 δεξαμένους
1615 2147 1745 2217 γὰρ,
1780 2144 1936 2216 φησὶν

355 2236 699 2304 τοὺς-λόγους
720 2237 851 2301 τοὺς
882 2237 1030 2304 σοὺς,
1048 2237 1362 2303 παιδεύσεις
1382 2240 1603 2303 αὐτοὺς,
1630 2239 1689 2291 ὲν
1712 2241 1939 2306 μάστιγι

359 2329 587 2399 δημῷ
620 2329 876 2398 σημαίνει
908 2328 965 2382 δὲ
994 2329 1094 2401 τὴν
1119 2329 1230 2384 τῶν
1267 2330 1558 2399 Ῥωμαίων
1577 2328 1776 2400 ἀρχήν.
1816 2326 1941 2397 Ἀρ-

354 2420 655 2489 νησάμενοι
691 2419 801 2489 γὰρ
834 2418 935 2490 τὴν
989 2421 1265 2491 βασιλείαν
1302 2420 1494 2488 αὐτοῦ,
1548 2421 1645 2475 καὶ
1682 2418 1938 2488 Καίσαρα

355 2508 504 2578 ἔχειν
532 2500 1001 2581 ὁμολογήσαντες,
1028 2512 1128 2583 τὴν
1144 2513 1421 2584 Καίσαρος
1447 2512 1758 2581 ἐπέστησαν
1783 2508 1938 2576 ἐξου-

356 2601 509 2664 σίαν,
532 2601 625 2669 ὑφ’
658 2596 728 2674 ἧς
748 2602 1143 2673 διεφθάρησαν.
1179 2603 1421 2674 Σιδηρᾶν
1449 2603 1507 2656 δὲ
1535 2601 1709 2673 αὐτὴν
1740 2601 1937 2655 ἐκάλε-

356 2705 476 2755 σεν,
509 2689 599 2744 διὰ
624 2692 686 2744 τὸ
714 2692 955 2763 ισχυρόν·
978 2694 1104 2746 ἐπεὶ
1131 2694 1227 2750 καὶ
1259 2693 1461 2765 Δανιὴλ
1503 2692 1730 2765 σιδηρᾶν
1766 2690 1938 2763 αὐτὴν

355 2774 506 2832 είδεν
532 2781 592 2835 ὲν
618 2782 739 2845 ταῖς
770 2780 1051 2854 ὀράσεσιν.

440 3006 540 3072 Ὧς
622 3010 817 3079 σκεύη
897 3011 1198 3078 κεραμέως
1269 3012 1628 3081 συν-τρίψεις
1689 3011 1933 3076 αὐτούς.

353 3100 531 3153 Τοῦτο
558 3100 650 3154 διὰ
678 3102 779 3171 τὴν
807 3101 1009 3172 εὐχερῆ
1058 3101 1265 3155 τούτων
1301 3102 1702 3174 πανωλεθρίαν.
1753 3101 1940 3157 Ἀλλοι

352 3191 411 3245 δέ
466 3208 623 3259 φασι,
666 3191 764 3261 τὴν
795 3190 856 3257 ἐξ
899 3192 1071 3246 ἐθνῶν
1117 3191 1456 3257 αἰνίττεσθαι
1510 3192 1806 3264 σωτηρίαν,
1856 3194 1939 3247 ὅτι

2109 843 2177 897 Et
2212 843 2593 909 possessione»:
2614 854 2759 898 tuam
2792 847 3044 901 terminos
3070 856 3245 904 term.
3277 848 3344 903 Et
3378 859 3621 921 potesta-

2041 943 2170 999 tem,
2200 932 2399 1002 inquit,
2437 934 2773 993 hatretlitatis
2822 946 2928 993 tute
2966 955 3087 1010 quae
3126 942 3191 997 ad
3235 951 3392 1013 terra;
3439 960 3615 1013 usque

2042 1024 2178 1079 fines
2208 1025 2490 1094 pertingit.
2519 1026 2579 1083 In
2612 1042 2829 1084 omnem
2862 1031 3007 1107 enim
3031 1042 3229 1088 terram
3251 1042 3303 1103 et
3335 1036 3389 1088 in
3422 1049 3616 1089 omnes

2040 1117 2177 1171 fines
2219 1118 2371 1172 Orbis
2406 1127 2568 1173 terra:
2607 1121 2958 1190 evangelicus
2992 1139 3172 1185 sermo
3202 1127 3529 1192 penetravit.
3555 1126 3626 1180 Et

2041 1208 2158 1277 ipse
2180 1208 2396 1277 quidem
2420 1207 2586 1264 Pater
2615 1223 2644 1263 a
2674 1210 2944 1281 Propheta
2972 1213 3362 1281 introducitur,
3390 1230 3622 1271 monens

2036 1313 2097 1354 re
2125 1307 2290 1368 atque
2315 1302 2528 1357 instans
2559 1311 2621 1357 ut
2654 1300 2825 1359 Filius
2849 1302 3220 1361 haereditatem
3251 1305 3392 1362 hanc
3425 1315 3573 1375 petat
3602 1324 3618 1362 :

2041 1392 2104 1438 ut
2131 1387 2392 1443 ostendat
2431 1403 2593 1458 quam
2642 1401 2867 1460 cuperet
2908 1390 3092 1457 Pater,
3131 1394 3356 1450 humani
3404 1398 3623 1465 generis

2034 1477 2485 1534 instaurationem
2507 1499 2520 1534 :
2551 1479 2724 1535 Filius
2744 1496 2875 1537 vero
2896 1499 3004 1538 non
3031 1484 3303 1540 immerito
3325 1487 3485 1542 etiam
3521 1504 3622 1557 po-

2042 1570 2252 1624 stulare
2285 1570 2339 1625 id
2377 1570 2579 1626 dicitur
2608 1572 2869 1643 :quando
2894 1574 3114 1644 quidem
3142 1584 3197 1631 et
3224 1576 3623 1632 humanitatem

2047 1661 2440 1729 sumpserit,et
2470 1661 2566 1717 Dei
2597 1671 2761 1733 atque
2791 1663 3073 1720 hominum
3095 1667 3363 1723 mediator
3394 1666 3623 1723 enectus

1975 1749 2016 1805 Β
2049 1752 2142 1808 sit.
2168 1752 2511 1809 Erubescant
2545 1755 2715 1824 igitur
2745 1764 2802 1810 et
2839 1755 3252 1813 confundantur
3283 1757 3481 1824 Judaei,
3521 1774 3623 1814 ne-

357 1849 565 1903 minem
608 1850 867 1905 habentes
900 1851 986 1906 cui
1012 1851 1177 1905 verba
1211 1849 1325 1905 haec
1366 1846 1772 1904 accommodari
1833 1842 2071 1914 possint.
2112 1844 2251 1910 Quis
2315 1845 2462 1901 enim
2534 1846 2698 1912 alius,
2749 1855 2947 1919 printer
2998 1847 3304 1917 Christum,

3402 1858 3614 1906 tantam

2108 2045 2275 2101 Vsus.
2328 2046 2383 2101 9.
2436 2050 2633 2101 Pasce:
2678 2062 2767 2103 eos
2815 2049 2871 2102 in
2901 2050 3050 2120 virga
3081 2050 3274 2120 ferrea.
3309 2050 3503 2111 Simile
3536 2063 3625 2110 est

2040 2134 2172 2190 illud
2204 2135 2497 2206 Propheta
2528 2136 2766 2193 dicentis
2812 2154 2827 2192 :
2867 2136 2976 2196 Eos
3026 2141 3116 2209 qui
3166 2156 3450 2198 sermones
3498 2152 3623 2199 tuos

2037 2241 2150 2282 non
2213 2228 2582 2298 susceperint,
2646 2228 2946 2300 castigabis
3003 2229 3215 2300 flagello
3274 2231 3508 2299 ferreo:
3568 2243 3623 2287 et

2038 2317 2354 2387 signiﬁcare
2407 2318 2541 2373 mihi
2579 2317 2795 2381 videtur
2826 2319 2918 2376 hic
2950 2322 3135 2378 verbis
3168 2322 3440 2392 Propheta
3463 2362 3480 2389 ,
3511 2323 3624 2378 Ro-

2038 2423 2326 2465 manorum
2360 2409 2676 2481 imperium.
2720 2411 2937 2467 Etenim
2985 2427 3107 2468 cum
3145 2414 3358 2470 Christi
3388 2431 3629 2486 regnum

2038 2497 2545 2570 negassenlludzei.
2576 2501 2680 2557 sub
2712 2502 2944 2571 imperio
2970 2502 3208 2558 Ciesaris
3234 2517 3297 2571 se
3328 2519 3451 2560 esse
3476 2504 3623 2559 οων-

2038 2600 2276 2656 mantes,
2315 2591 2550 2650 Caesaris
2589 2592 2786 2657 merito
2821 2594 3119 2663 potentiam
3152 2595 3556 2661 sustinuerunt,
3591 2612 3624 2651 a

2039 2697 2150 2754 qua
2180 2697 2412 2753 prorsus
2455 2699 2593 2753 pene
2620 2684 2827 2755 perditi
2858 2694 3007 2741 sunt.
3039 2685 3296 2742 Ferreum
3340 2701 3467 2741 vero
3500 2701 3620 2741 eam

2038 2773 2195 2839 dixit,
2228 2772 2394 2828 veluti
2426 2773 2660 2827 validam
2708 2789 2773 2829 ae
2818 2773 3050 2841 fortem;
3092 2791 3217 2843 nam
3246 2785 3300 2830 et
3344 2774 3531 2832 Daniel
3566 2774 3623 2830 in

2038 2863 2351 2921 visionibus
2380 2865 2502 2923 suis
2526 2863 2763 2920 ferream
2789 2880 2910 2919 eam
2948 2865 3110 2920 etiam
3138 2866 3460 2935 appellavit.

2115 3000 2389 3072 Tanquam
2406 3018 2535 3056 vasa
2557 3002 2709 3073 ﬁguli
2744 3003 3040 3074 confringe:
3074 3020 3184 3059 eos.
3217 3003 3330 3060 lloc
3363 3004 3622 3074 loquendi

2044 3091 2205 3145 modo
2262 3093 2536 3163 expressit
2570 3091 2865 3164 Propheta,
2899 3109 3062 3164 quam
3124 3094 3287 3149 facile
3337 3092 3533 3158 Judasi,
3564 3104 3619 3149 et

2045 3198 2208 3251 quam
2243 3181 2484 3239 funditus
2509 3199 2539 3238 a
2574 3183 2686 3240 Deo
2717 3186 2982 3256 perdendi
3023 3187 3351 3243 essent.Alii
3385 3183 3472 3241 his
3495 3202 3619 3240 ver-

354 3284 658 3353 Ιῐοιμανεῖς
690 3283 889 3347 αὐτοὺς
918 3285 976 3337 ὲν
1005 3286 1072 3355 τῇ
1107 3285 1512 3354 συμπανσθενετ
1553 3285 1802 3357 δυνάμει·
1839 3286 1936 3340 καὶ

2041 3270 2123 3327 bis
2156 3272 2454 3343 significari
2492 3274 2654 3329 aiunt
2684 3278 2924 3346 gentium
2956 3278 3187 3333 salutem
3214 3295 3230 3336 :
3279 3278 3475 3333 Pasces
3498 3292 3617 3338 eos,

353 3375 613 3446 καθάπερ
639 3376 668 3428 ὁ
706 3375 1003 3445 κεραμεὺς,
1057 3375 1279 3429 ἐπειδὰν
1329 3376 1426 3429 ἴδοι
1472 3377 1540 3429 τὰ
1576 3376 1938 3448 πεπλασμένα

354 3464 534 3535 σκεύη
570 3466 828 3537 ἀδόκιμα,
863 3467 1139 3537 συντρίϐει
1173 3466 1345 3521 ταῦτα
1380 3466 1487 3538 πρὸ
1533 3467 1627 3521 τοῦ
1674 3486 1941 3538 προσομι-

352 3556 526 3626 λῆσαι
561 3556 717 3627 πυρὶ,
746 3557 839 3610 καὶ
864 3556 1219 3612 ἀναπλάττει’
1249 3554 1393 3610 οὕτω
1423 3556 1520 3610 καὶ
1548 3558 1612 3610 σὺ
1639 3555 1841 3609 τούτων
1871 3556 1940 3609 τὰ

360 3634 690 3718 φρονήματα
721 3646 1034 3719 συντρίψεις
1066 3647 1144 3716 τῷ
1178 3646 1513 3716 Εὐαγγε).ίῳ,
1566 3646 1659 3699 καὶ
1691 3644 1940 3700 ἀναπλά-

359 3757 476 3804 σεις
521 3739 600 3809 τῷ
649 3736 860 3811 λουτρῶ
890 3739 995 3809 τῆς
1047 3738 1490 3806 παλιγγενεσίας,
1546 3737 1641 3790 καὶ
1687 3736 1941 3806 στερεοὺς

359 3831 659 3904 ἀπεργάσῃ
689 3830 769 3902 τῷ
791 3831 920 3887 θείω
949 3831 1084 3903 πυρὶ
1110 3830 1204 3884 τοῦ
1229 3829 1569 3900 Πνεύματος.

431 4140 543 4195 Καὶ
566 4140 705 4205 νῦν,
750 4141 1056 4207 βασιλεῖς,
1088 4140 1307 4196 σύνετε
1333 4156 1347 4172 ·
1375 4139 1732 4206 παιὸεὑθητε
1787 4136 1938 4190 πάν-

356 4250 458 4298 τες
488 4236 543 4288 οἱ
573 4234 882 4300 κρίνοντες
907 4233 1025 4301 τὴν
1049 4232 1184 4302 γῆν.
1227 4232 1302 4288 Τὸ
1336 4232 1477 4293 νῦν,
1512 4231 1637 4284 ἀντὶ
1697 4228 1810 4294 τοῦ,
1846 4228 1940 4284 διὰ

357 4325 539 4385 volto,
566 4318 613 4378 ὧ
643 4325 879 4394 βασιλεῖς
915 4324 1208 4393 Ῥωμαίων
1241 4326 1335 4378 καὶ
1376 4322 1486 4384 τῶν
1516 4321 1694 4378 ἄλλων
1742 4321 1936 4386 ἐθνῶν,

357 4419 455 4470 καὶ
502 4417 554 4470 οἱ
601 4418 743 4471 κατὰ
778 4419 958 4472 πᾶσαν
1009 4415 1108 4486 τὴν
1157 4415 1259 4485 γῆν
1290 4417 1497 4486 κριταὶ,
1556 4414 1608 4467 οἱ
1658 4414 1939 4486 κρίνοντες

2041 3362 2315 3433 inquiunt,
2348 3364 2402 3418 in
2443 3367 2620 3420 valida
2650 3382 2714 3420 ac
2741 3366 2868 3422 forti
2903 3371 3143 3438 petentia
3174 3378 3310 3424 tua:
3344 3378 3397 3425 et
3428 3386 3622 3439 quem-

2040 3454 2334 3509 admodum
2395 3456 2594 3538 iigulus
2644 3459 2735 3513 ubi
2785 3462 3018 3530 reproba
3054 3477 3177 3516 esse
3221 3462 3421 3518 viderit
3469 3480 3615 3529 vasa,

2040 3560 2162 3615 qua:
2196 3545 2472 3614 formavit,
2507 3550 2742 3605 conterit
2767 3549 2859 3604 illa
2885 3589 2901 3615 ,
2941 3566 3003 3606 ea
3036 3552 3292 3606 nimirum
3315 3555 3525 3609 ratione
3557 3564 3619 3610 ut

2039 3652 2242 3691 rursus
2270 3638 2382 3708 igni
2403 3638 2692 3695 admoveat
2723 3649 2778 3696 et
2814 3641 3072 3697 reformet
3106 3658 3119 3693 :
3147 3644 3218 3698 ita
3245 3652 3299 3698 et
3327 3653 3405 3709 tu,
3435 3645 3617 3699 Domi-

2040 3741 2130 3789 ne,
2192 3728 2382 3780 harutn
2434 3731 2678 3798 gentium
2727 3731 3108 3801 cogitationes,
3168 3733 3461 3804 Evangelio
3520 3746 3621 3791 tuo

2040 3817 2316 3878 destrues,
2343 3826 2401 3870 ut
2434 3833 2530 3872 eas
2560 3818 2909 3886 postmodum
2937 3820 3159 3875 lavacro
3190 3826 3617 3891 regenerationis

2008 3902 2332 3973 ,reforntes,
2379 3915 2434 3961 et
2467 3906 2651 3960 divino
2686 3909 2864 3962 sancti
2902 3908 3142 3977 Spiritus
3193 3910 3316 3981 igne
3363 3911 3622 3970 fortiores

2041 3994 2261 4049 reddas.

2114 4112 2278 4182 Vsus.
2344 4129 2430 4183 10.
2466 4127 2534 4183 Et
2592 4146 2729 4184 nunc
2781 4148 2923 4204 reges
2971 4133 3271 4205 iutelligite,
3328 4138 3617 4192 crudimiui

2040 4237 2217 4274 omnes
2249 4223 2339 4290 qui
2361 4222 2620 4289 iudicatis
2639 4234 2857 4279 terram.
2885 4226 3060 4281 Dictio
3086 4244 3246 4289 nunc.
3278 4231 3382 4286 hoc
3408 4234 3460 4285 in
3497 4234 3627 4286 loco

2041 4315 2305 4369 rationein
2344 4315 2558 4371 reddit:
2583 4330 2651 4371 ac
2681 4317 2729 4371 si
2762 4317 2969 4374 dictum
2998 4332 3147 4376 esset
3178 4339 3194 4376 :
3228 4320 3291 4377 Et
3325 4334 3618 4394 propterea

2043 4424 2165 4470 vos,
2214 4423 2247 4460 ο
2279 4404 2657 4464 Romanorum
2691 4416 2746 4463 et
2789 4420 3110 4465 caeterarum
3154 4413 3396 4481 gentium
3436 4430 3613 4485 reges,

357 4507 491 4571 τοὺς
546 4508 773 4579 γηῖνους
821 4506 1168 4579 ἀνθρώπους,
1202 4505 1464 4576 μαθόντες
1505 4500 1617 4559 οἷαι
1658 4504 1936 4576 συμφοραὶ

2041 4515 2262 4569 vosque,
2295 4500 2563 4571 ojudices
2613 4501 2705 4572 qui
2771 4500 2827 4555 in
2864 4502 3117 4557 universa
3163 4504 3300 4561 estis
3331 4514 3497 4571 terra,
3534 4508 3623 4562 vel

360 4597 663 4652 κατέλαϐον
693 4598 1068 4669 ἀθετήσαντας
1094 4596 1279 4658 αὐτὸν,
1314 4596 1412 4650 καὶ
1448 4595 1712 4666 μαθόντες
1743 4596 1827 4648 ὅτι
1855 4596 1936 4658 εἰς

2040 4608 2158 4659 vos,
2192 4608 2225 4647 ο
2259 4592 2353 4662 qui
2378 4603 2626 4651 terrenos
2653 4593 2908 4650 homines
2929 4594 3216 4664 judicatis,
3266 4612 3331 4652 ex
3367 4614 3480 4668 quo
3520 4599 3619 4653 ad-

368 4650 774 4758 κλήρουςῠμᾶς
802 4650 1108 4753 ἐξελέξατο,
1143 4650 1357 4739 συνετοὶ
1382 4650 1628 4754 γενέσθε,
1663 4650 1761 4754 τὴν
1807 4650 1938 4753 πρὶν

2039 4686 2254 4741 discere
2301 4687 2577 4754 potuistis,
2628 4689 2852 4756 quantis
2904 4688 3317 4747 calamitatibtts
3366 4692 3618 4762 Oppressi

363 4778 552 4832 ἄνοιαν
582 4772 1012 4850 ἀπορρίψαντες·
1039 4778 1136 4831 καὶ
1159 4775 1481 4843 παιδεύθητε
1512 4774 1617 4831 ἀπό
1640 4790 1699 4827 τε
1731 4772 1935 4826 τούτων

2046 4776 2249 4831 fuerint
2275 4777 2331 4840 ii,
2369 4777 2463 4846 qui
2496 4777 2774 4832 Christum
2804 4778 2952 4833 hunc
2978 4789 3182 4836 temere
3222 4785 3623 4853 reprobarunt,

366 4871 459 4922 καὶ
489 4869 598 4923 ἀπὸ
625 4870 733 4924 τῶν
766 4869 929 4931 θείων
956 4869 1210 4940 Γραφῶν.
1239 4867 1339 4921 Διὰ
1381 4867 1487 4921 τῶν
1531 4866 1810 4936 ἀρχόντων
1879 4864 1937 4917 δὲ

2043 4879 2096 4922 et
2127 4867 2257 4923 illud
2301 4869 2505 4938 pariter
2535 4869 2711 4924 nostis
2737 4871 2881 4940 quod
2906 4886 2938 4925 a
2989 4870 3100 4927 Deo
3147 4873 3201 4928 in
3239 4875 3619 4931 hmreditatent

370 4961 661 5033 περιέλαϐε
687 4964 782 5017 καὶ
813 4962 941 5027 τοὺς
972 4962 1271 5033 ὑπηκόους.

2046 4961 2207 5013 electi
2228 4964 2365 5017 estis
2396 4978 2409 5013 :
2441 4976 2538 5017 vos
2562 4977 2778 5027 omnes,
2806 4963 3055 5033 inquam,
3089 4980 3307 5028 moueo.
3337 4969 3620 5036 sapientes

369 5062 563 5117 estote,
603 5064 659 5109 et
687 5056 896 5124 abiecta
940 5054 1113 5125 priori
1162 5054 1253 5108 illa
1292 5050 1552 5116 amentia,
1612 5050 1903 5105 erudintini
1944 5060 2054 5105 tum
2092 5054 2160 5107 ab
2189 5055 2276 5114 iis.
2321 5062 2434 5108 tum
2465 5070 2496 5109 a
2548 5055 2851 5123 Scripturis
2885 5058 3050 5113 etiam
3120 5059 3343 5114 divinis.
3414 5058 3641 5117 Verum,
3741 5058 3747 5065 ’

371 5146 496 5199 dum
535 5161 692 5216 reges
723 5161 788 5201 ac
854 5146 1130 5217 principes
1170 5145 1538 5200 admonentur
1595 5158 1624 5197 a
1674 5142 1966 5212 Propheta,
2011 5144 2160 5213 ipsos
2225 5146 2389 5200 etiam
2420 5148 2650 5218 populos
2680 5148 2760 5204 eis
2788 5149 3068 5219 subjectos
3102 5150 3381 5205 admoneri
3415 5151 3619 5222 pariter

376 5242 732 5297 arbitrantur.

445 5381 820 5437 Δουλεύσατε
840 5380 919 5447 τῷ
940 5383 1134 5452 Κυρίῳ
1148 5381 1218 5435 ἐν
1235 5381 1420 5450 φόϐῳ.
1447 5378 1729 5441 Συνέντες,
1752 5377 1939 5448 φησὶν,

2118 5369 2282 5426 Vens.
2317 5371 2403 5424 ll.
2433 5367 2628 5424 Servite
2654 5368 2878 5425 Domino
2903 5372 2956 5424 in
2986 5373 3190 5424 timore.
3228 5370 3616 5441 lntclligentes,

378 5474 456 5527 ὅτι
487 5474 582 5527 καὶ
616 5473 748 5537 Θεός
776 5475 915 5540 ἐστι,
958 5475 1050 5528 καὶ
1078 5472 1394 5541 ὲκδικητὴς,
1437 5469 1534 5523 καὶ
1569 5468 1818 5540 φοϐερὸς,
1851 5469 1939 5522 καὶ

2049 5464 2249 5533 inquit,
2296 5463 2442 5531 quod
2486 5460 2766 5525 Christus,
2797 5470 2851 5515 et
2890 5460 3035 5516 Deus
3074 5472 3181 5525 est,
3223 5473 3279 5517 et
3308 5463 3529 5529 vindex,
3565 5474 3622 5518 et

379 5565 458 5616 ὅτι
484 5564 669 5634 κτῆμα
716 5563 883 5618 αὑτοῦ
911 5565 1003 5618 καὶ
1031 5563 1188 5633 χάρις
1240 5563 1339 5632 ἤδη
1388 5556 1815 5629 ἐχρηματίσατε,
1849 5559 1939 5612 καὶ

2053 5554 2340 5616 terribilis,
2393 5551 2538 5621 quod
2592 5551 2741 5607 illitis
2787 5551 3071 5619 possessio
3113 5562 3167 5607 et
3198 5567 3323 5607 sors
3361 5554 3630 5624 appellati.

384 5652 771 5723 ῥυθμισθέντες
826 5653 1023 5716 ἱκανῶς
1077 5654 1143 5705 τὰ
1185 5652 1312 5721 ἤθη.
1353 5649 1427 5714 ὡς
1460 5647 1705 5719 Δεσπότῃ
1730 5647 1939 5702 δουλεύ-

2051 5656 2211 5717 atque
2247 5643 2424 5698 elfccli
2467 5642 2620 5708 estis,
2673 5641 2816 5711 quod
2863 5642 3135 5713 reliquum
3184 5654 3293 5714 est,
3326 5646 3635 5702 moderatis.
