4082 6212
504 335 566 395 87
1727 328 2110 391 EUTIIYMII
2140 327 2502 390 ZIGABENI
3668 342 3740 402 33

497 454 925 524 compositisque
958 453 1200 507 moriLus
1235 452 1455 514 vesnis,
1493 450 1692 503 servite
1724 449 1773 503 ei
1804 450 1857 501 iu
1908 446 2050 501 timo-

2171 459 2297 497 σατε
2364 448 2515 519 αὐτῷ
2556 452 2615 502 ἐν
2652 450 2798 523 φόϐῳ
2823 469 2835 482 ο
2874 447 2931 508 οὗ
2988 454 3094 523 γὰρ
3148 451 3332 522 φόϐος,
3374 454 3600 510 ἐντολῶν
3642 460 3740 531 τή-

496 560 574 608 re,
612 544 778 599 veluti
828 539 1079 613 Domino.
1140 541 1199 597 In
1262 543 1457 595 timore
1509 546 1688 593 autem
1738 538 1860 591 ideo
1913 538 2056 598 dico,

493 638 622 705 quia
668 636 756 692 ubi
790 644 875 691 est
912 635 1073 690 timor
1098 633 1213 701 Dei,
1241 633 1349 686 illic
1380 640 1430 686 et
1462 629 1841 684 mandatorum
1869 627 2059 683 obser-

494 724 663 778 vatio.

565 816 634 871 Et
657 819 920 872 exsultate
943 818 991 872 ei
1023 820 1072 872 in
1111 827 1354 871 tremore.
1398 814 1463 869 Et
1502 814 1826 875 servientes,
1859 808 2057 880 inquit,

495 910 724 977 gaudete
773 910 827 963 in
893 927 979 974 eo,
1022 910 1188 962 veluti
1241 909 1293 961 in
1341 907 1628 961 defensore
1670 919 1733 959 ac
1774 903 2061 957 Salvatorc

492 1010 698 1055 vestro.
724 1000 953 1055 Gaudete
992 1002 1156 1064 enim,
1190 1000 1366 1070 inquit
1410 998 1724 1068 Apostolus,
1750 997 1803 1048 in
1833 994 2057 1047 Domino

492 1108 712 1157 semper,
740 1093 963 1163 gaudete
996 1094 1086 1144 "2
1125 1108 1311 1146 verum
1354 1092 1456 1144 hoc
1517 1097 1753 1143 vestrum
1799 1086 2056 1155 gaudium

492 1185 730 1234 tremore
786 1181 947 1234 etiam
1010 1182 1360 1236 commistum
1403 1185 1507 1243 sit,
1540 1186 1591 1230 ct
1640 1191 1747 1230 non
1798 1174 2050 1227 eﬂ‘usum.

491 1267 774 1323 Exsultate
808 1278 1033 1340 prOpter
1057 1286 1231 1339 spem,
1266 1270 1359 1324 sed
1391 1266 1800 1337 contremiscite
1827 1264 1896 1317 ob
1929 1277 2055 1331 pec-

489 1369 694 1414 catum.
753 1360 849 1414 Est
896 1362 1038 1415 enim
1080 1358 1531 1428 diligentissimus
1567 1355 1809 1409 omnium
1860 1351 2053 1420 esqui—

489 1452 646 1513 sitor,
682 1459 846 1521 atque
878 1452 1229 1522 investigator
1260 1453 1417 1515 Dens,
1449 1460 1500 1502 et
1537 1462 1695 1502 nemo
1729 1446 1900 1499 latere
1929 1458 2052 1498 eum

488 1547 685 1609 potest.

558 1632 726 1688 Vens.
788 1635 874 1688 12.
924 1634 1306 1702 Apprelteudite
1359 1632 1717 1697 diiciplinam.
1792 1626 2050 1692 Maiorem

489 1722 575 1779 his
600 1725 785 1779 verbis
811 1726 1174 1779 intensionem
1205 1724 1453 1793 adjungit
1483 1723 1545 1775 ad
1578 1722 1627 1774 id
1654 1720 1796 1789 quod
1823 1719 2053 1779 dixerat,

487 1826 550 1869 ac
590 1816 634 1870 si
668 1816 871 1871 diceret
907 1836 918 1870 :
953 1816 1280 1878 Erudimiui,
1334 1816 1574 1883 inquam,
1620 1828 1724 1865 non
1778 1812 1829 1861 in
1858 1823 2053 1875 super-

491 1906 613 1961 licie
645 1948 660 1973 ,
719 1906 815 1961 sed
876 1921 1091 1962 summo
1143 1906 1329 1961 studio
1383 1904 1698 1958 contendite
1750 1910 1809 1955 ut
1876 1898 2053 1969 perfe—

2165 553 2344 607 ρησις.

2236 830 2343 883 Καὶ
2368 831 2741 896 ἀγαλλιᾶσθε
2763 837 2921 904 αὐτῷ
2950 838 3019 892 ἑν
3050 842 3263 909 τρόμῳ.
3317 839 3426 894 Καὶ
3454 839 3735 895 δουλεύον-

2164 937 2273 983 τες,
2325 923 2543 994 χαίρετε
2596 928 2654 977 ὲν
2701 928 2871 999 αὐτῷ,
2923 930 2998 993 ὡς
3037 932 3292 1001 κηδεμόνι
3348 934 3445 985 καὶ
3492 935 3730 1003 Σωτῆρι.

2160 1012 2403 1078 Χαίρετε
2438 1015 2568 1086 γὰρ,
2597 1020 2782 1085 φησιν,
2815 1021 2884 1072 ἐν
2906 1024 3096 1089 Κυρίῳ
3131 1024 3409 1089 πάντοτε,
3453 1026 3690 1093 χα.’ρετε
3714 1041 3727 1056 ⁸

2163 1100 2356 1174 πλὴνή
2390 1107 2529 1175 χαρὰ
2560 1109 2749 1178 τρόμῳ
2776 1110 3079 1180 σύμμικτος
3109 1114 3266 1175 ἔστω,
3300 1118 3392 1167 καί
3420 1115 3494 1183 μὴ
3519 1115 3730 1177 ἄνετος.

2172 1190 2496 1257 ’Λγάλλεσθε
2534 1197 2633 1264 μὲν
2667 1202 2795 1269 γὰρ,
2844 1201 2931 1253 διὰ
2982 1203 3077 1273 τὴν
3130 1203 3337 1255 ἐλπίδα’
3372 1206 3605 1273 τρέμετε
3649 1205 3730 1270 ὁὶ,

2158 1282 2245 1333 διὰ
2275 1284 2374 1351 τὴν
2404 1286 2696 1356 ἁμαρτίαν.
2750 1290 3007 1362 Ἀκρεὸὴς
3062 1292 3170 1363 γάρ
3220 1294 3370 1348 ἐστιν
3437 1294 3730 1363 ἐξεταστὴς

2160 1376 2251 1423 καὶ
2281 1373 2568 1445 ἀλάὒητος.

2227 1632 2531 1699 Δριὶξασθε
2589 1639 2883 1706 παιδείας.
2928 1642 3100 1695 Τοῦτο
3158 1644 3407 1707 ἐπίτασίς
3458 1646 3574 1696 ἐστι
3631 1645 3727 1695 τοῦ

2161 1723 2536 1792 παιδεύθητε,
2568 1735 2832 1794 τουτέστι,
2870 1733 2944 1803 μὴ
2989 1735 3324 1800 ἐπιπόλαιον,
3357 1737 3493 1789 ἀλλὰ
3520 1736 3727 1800 τέλεον,

2162 1813 2225 1862 ὲκ
2262 1821 2577 1889 μεταφορᾶς
2609 1822 2721 1876 τῶν
2753 1826 2809 1876 ὲν
2837 1826 2913 1895 τῷ
2941 1826 3101 1894 δρακί
3127 1844 3179 1878 τι
3211 1827 3444 1897 βεϐαίως
3472 1829 3729 1897 κατεχόν-

2164 1918 2291 1955 των.

486 2006 626 2052 ctam
658 2000 911 2054 virtutem
932 1997 1367 2069 conscquamini.
1394 1995 1603 2051 Dictum
1634 2004 1718 2049 cst
1742 2002 1919 2047 autem
1952 1989 2054 2042 hoc
2093 2003 2157 2041 ex
2188 1995 2501 2064 metaphora
2536 2015 2723 2056 eorum
2782 2006 2875 2074 qui
2914 2023 3090 2077 pugno
3158 2007 3360 2077 aliquid
3415 2015 3731 2063 constanter

485 2104 693 2151 tenent.

560 2189 641 2245 Ne
672 2190 880 2260 quando
916 2192 1181 2245 irascatur
1218 2190 1467 2246 Dominus
1489 2196 1537 2242 et
1576 2187 1803 2257 pereatis
1857 2183 1919 2236 de
1967 2180 2051 2235 via

474 2282 647 2351 justa.
682 2282 783 2337 Per
813 2283 953 2338 viam
986 2285 1211 2353 justam,
1239 2282 1509 2352 justorum
1540 2280 1821 2333 hominum
1860 2277 2050 2338 vitam,

484 2388 547 2426 ac
574 2374 1046 2427 conversationem
1101 2374 1375 2441 intelligit.
1427 2370 1524 2423 Via
1563 2369 1706 2423 enim
1754 2366 1895 2436 apud
1944 2365 2051 2418 lle:

484 2465 660 2518 braeos
714 2465 883 2517 multa
927 2464 1232 2534 signiﬁcat;
1269 2464 1351 2517 vel
1394 2462 1555 2516 etiam
1595 2463 1721 2530 quia
1760 2460 1824 2512 ad
1874 2458 2047 2527 ipsam

483 2556 831 2621 gradiuntur.

555 2648 685 2700 Cum
713 2648 970 2700 exarserit
1002 2648 1055 2700 iu
1087 2648 1227 2701 brevi
1273 2647 1352 2699 ira
1392 2645 1526 2714 ejus.
1556 2644 1749 2698 Judicii
1787 2642 1929 2696 diem
1978 2642 2052 2696 si-

482 2738 723 2806 gniﬁcat.
757 2736 913 2803 Quod
940 2753 1067 2791 vero
1102 2739 1175 2790 ait
1212 2739 1264 2791 in
1307 2737 1467 2799 brevi,
1517 2735 1915 2791 vehementiam
1957 2733 2052 2787 de-

484 2838 636 2881 rotat
696 2834 749 2882 et
791 2828 1145 2884 celeritatem.
1187 2828 1320 2882 Nam
1374 2830 1475 2882 etsi
1537 2827 1590 2880 in
1638 2825 2046 2896 pra‘sentiarum

484 2932 627 2990 smpe
662 2921 929 2975 irascatur
974 2921 1137 2984 Deus,
1172 2921 1457 2976 remissius
1503 2928 1682 2974 tamen
1717 2918 1768 2972 id
1811 2917 1961 2981 facit,
1992 2926 2051 2970 ut

482 3011 813 3079 ptienitentia:
838 3011 1016 3065 locum
1054 3013 1274 3067 tribuat.
1417 3075 1422 3080 _

548 3100 700 3155 Beati
738 3118 915 3156 omnes
949 3103 1038 3171 qui
1071 3104 1343 3172 conﬁdunt
1373 3104 1425 3156 in
1452 3119 1531 3157 eo.
1563 3102 1662 3169 Qui
1692 3115 1905 3157 terrena
1931 3118 2047 3156 om-

479 3193 569 3245 nia
620 3203 1000 3258 contemnunt,
1024 3202 1077 3249 et
1107 3210 1257 3262 spem
1290 3196 1344 3248 in
1393 3210 1457 3250 eo
1500 3211 1713 3250 omnem
1752 3196 2045 3251 collocant.

481 3286 625 3340 Sunt
657 3288 747 3355 qui
777 3286 923 3342 hunc
954 3289 1223 3356 psalmum
1263 3302 1385 3341 cum
1410 3289 1675 3356 superiori
1712 3289 2047 3357 conjungen-

479 3376 607 3428 dum
645 3377 829 3431 dicant
866 3395 878 3431 :
914 3387 1073 3447 atque.
1102 3378 1247 3433 illinc
1276 3379 1506 3432 maxime
1539 3378 1874 3447 probationis
1904 3379 2048 3434 vires

479 3474 724 3533 sumunt,
755 3469 896 3536 quod
946 3470 1141 3524 beatus
1171 3469 1337 3524 David
1367 3485 1395 3522 a
1428 3468 1759 3523 beatitudine
1795 3483 2046 3535 exorsus,

478 3558 534 3609 in
578 3557 969 3612 beatitudinem
1002 3558 1239 3612 desinat.

479 3647 730 3703 Psalmus
770 3650 873 3717 ipsi
918 3649 1088 3703 David
1128 3666 1242 3702 cum
1294 3650 1491 3717 {ngeret
1538 3666 1569 3701 a
1636 3650 1771 3719 {acie
1813 3648 2044 3705 Alvsalon

1140 3741 1243 3809 ﬁlii
1282 3741 1388 3795 sui.

1042 3832 1366 3887 PSALMUS
1389 3833 1475 3887 Ill.

548 3925 837 3995 Inscriptio
895 3925 1094 3995 psalmi
1155 3926 1301 3981 clara
1341 3924 1568 3993 est,’iis
1610 3927 1903 3996 praacipue,
1950 3926 2043 3995 qui

475 4014 684 4085 Regum
718 4017 974 4072 historias
1024 4017 1271 4086 legerint.
1313 4016 1562 4073 Psalmus
1592 4032 1718 4071 vero
1750 4017 2045 4084 unicuique

475 4110 637 4162 facile
668 4109 1071 4163 accommodari
1112 4117 1310 4178 potest,
1356 4110 1447 4178 qui
1480 4110 1801 4168 visibilium,
1836 4124 1929 4161 seu
1962 4109 2045 4159 in-

473 4199 765 4251 visibilium
801 4199 1143 4253 inimicorum
1177 4214 1408 4267 pugnam
1436 4199 1727 4253 sustineat.

550 4289 712 4343 Vens.
748 4290 805 4342 2.
837 4290 1073 4349 Domine,
1094 4289 1218 4357 quid
1240 4288 1577 4356 multiplicati
1603 4300 1723 4341 sunt
1752 4289 1841 4357 qui
1868 4289 2032 4341 tribu-
2074 4318 2118 4373 υ

476 4381 586 4434 lant
615 4397 694 4434 me
729 4383 754 4435 γ
788 4379 952 4448 Egre
988 4378 1168 4432 ferens
1201 4377 1493 4445 Propheta,
1532 4378 1842 4445 huiusmodi
1881 4396 1959 4444 se,
1987 4392 2044 4435 et

477 4473 825 4525 subditorum
869 4478 923 4522 et
966 4468 1267 4520 amicorum
1304 4465 1521 4521 insidiis
1547 4466 1741 4536 allligi,
1774 4468 1838 4521 ad
1870 4470 2044 4524 solum

478 4562 645 4614 Deum
678 4560 917 4613 animum
955 4573 1112 4612 suum
1142 4559 1451 4623 intendens,
1482 4573 1700 4612 causam
1731 4560 2044 4629 interrogat,

477 4651 787 4705 curmultis
835 4652 886 4703 in
937 4650 1052 4704 dies
1103 4649 1167 4703 ad
1203 4650 1531 4719 parricidam
1579 4652 1747 4706 lilium
1808 4653 2047 4721 undique

479 4739 888 4803 accedentibus,
937 4738 1444 4808 tnuitiplicarentur
1480 4741 1683 4795 inimici
1714 4753 1877 4811 atque
1910 4743 2040 4795 insi-

476 4833 716 4886 diatores
741 4831 851 4895 sui,
876 4847 1000 4885 cum
1022 4833 1137 4901 ipse
1159 4833 1499 4887 inneminem
1531 4848 1717 4888 eorum
1748 4834 2039 4904 aliquando

475 4922 698 4992 iniquus
730 4924 1053 4978 exstitisset.
1083 4922 1502 4978 Possuntetiam
1536 4924 1648 4979 lucc
1682 4924 1844 4978 verba
1881 4925 2039 4978 intel-

474 5014 593 5085 ligi,
631 5025 689 5067 ut
715 5015 858 5069 dicta
884 5017 993 5069 sint
1027 5024 1249 5085 pr0pter
1278 5015 1581 5070 daemonum
1612 5016 1859 5069 insidias.

546 5105 707 5159 Multi
738 5107 1015 5176 insurgunt
1044 5106 1321 5160 adversum
1359 5122 1455 5159 me.
1502 5107 1753 5175 Apertius
1788 5105 2039 5174 exprimit

474 5198 620 5267 quod
657 5199 868 5253 dixerat
892 5198 1385 5267 nmltiplicatisunt.

550 5288 708 5343 Vens.
731 5290 784 5343 5.
824 5288 1185 5343 Multidicunt
1217 5290 1408 5342 animm
1433 5303 1594 5341 mem:
1633 5287 1753 5340 Non
1783 5299 1857 5341 est
1890 5289 2037 5341 salus

473 5378 555 5435 illi
583 5382 637 5434 in
670 5380 777 5435 Deo
807 5382 939 5450 ejus.
980 5382 1131 5435 Mulli
1163 5395 1375 5444 eorum,
1416 5380 1610 5447 inquit,
1647 5380 1737 5447 qui
1794 5379 2039 5433 insurre-

476 5482 671 5527 xerunt
707 5474 993 5529 adversum
1050 5488 1158 5536 me,
1210 5483 1398 5525 mutuo
1439 5486 1497 5524 se
1552 5472 1925 5535 exhortantes,
1972 5475 2039 5526 de

474 5566 653 5619 anima
696 5580 835 5630 mea,
872 5566 973 5619 hoc
1001 5573 1085 5620 est
1121 5564 1187 5619 dc
1222 5579 1307 5618 me
1342 5564 1482 5633 ipso,
1529 5563 1843 5633 hujusmodi
1871 5565 2032 5619 verba

542 5740 588 5773 ε’
628 5742 860 5811 Philipp.
898 5740 1051 5805 1ν,ἇ.

2231 2180 2476 2249 Μήποτε
2538 2188 2790 2258 ὀργισθῇ
2841 2193 3073 2260 Κύριος,
3132 2193 3230 2246 καὶ
3283 2193 3607 2247 ἀπολεῖσθε
3658 2192 3727 2256 ἐξ

2161 2272 2303 2327 ὀδοῦ
2337 2275 2595 2343 δικαίας.
2640 2279 2785 2332 Ὀδὸν
2819 2281 3034 2335 δικαίαν
3067 2284 3318 2353 ὠνόμασε
3364 2284 3461 2354 τὴν
3515 2285 3727 2353 διατρι-

2160 2363 2261 2432 ϐὴν
2291 2368 2384 2417 καὶ
2423 2368 2572 2431 τάξιν
2606 2371 2713 2424 τῶν
2746 2372 2991 2425 δικαίων·
3023 2375 3252 2442 διάφορα
3303 2375 3413 2444 γὰρ
3464 2376 3724 2442 σημαίνει

2158 2457 2286 2524 παρ’
2324 2456 2599 2528 Ἐὕραίοις
2653 2464 2687 2532 ἡ
2746 2464 2901 2528 ὀδόςο
2956 2466 3121 2537 ῆκαὶ
3174 2466 3310 2519 διότι
3366 2466 3500 2537 πρὸς
3555 2467 3725 2535 αὐτὴν

2155 2546 2451 2601 ὁδεύουσιν.

2226 2640 2413 2693 Ὅταν
2438 2642 2799 2712 ἐκκαυθῇὲν
2833 2647 2999 2715 τάχει
3046 2648 3080 2699 ὁ
3134 2646 3321 2715 θυμὸς
3362 2646 3570 2700 αὑτοῦ.
3612 2646 3727 2715 Τὴν

2152 2731 2250 2799 τῆς
2286 2732 2519 2801 κρίσεως
2551 2735 2766 2805 ἡμέραν
2797 2738 3083 2807 ἐδήλωσεν.
3128 2738 3230 2791 Ἐν
3260 2737 3428 2805 τάχει
3473 2737 3529 2789 δὲ
3553 2779 3566 2797 ,
3601 2736 3724 2788 ἀντὶ

2151 2821 2243 2874 τοῦ
2272 2824 2517 2893 σφοδρῶς
2559 2826 2653 2880 καὶ
2683 2826 2871 2892 ὀξέως.
2921 2827 3035 2881 Νῦν
3069 2828 3178 2898 γὰρ
3209 2830 3257 2881 εἰ
3300 2829 3392 2881 καὶ
3430 2825 3726 2895 θυμοῦται,

2153 2913 2289 2967 ἀλλά
2338 2916 2726 2989 μαλακώτερον
2755 2920 2849 2971 xui.
2899 2920 3294 2990 σχολαιότερον,
3328 2919 3502 2981 διδοὺς
3536 2917 3723 2987 χώραν

2076 2991 2119 3049 C
2154 3008 2215 3074 τῇ
2251 3008 2531 3078 μετανοίᾳ.

2218 3100 2510 3168 Μακάριοι
2547 3100 2765 3169 πάντες
2823 3106 2875 3157 οἱ
2923 3105 3275 3168 πεποιθότες
3306 3101 3399 3153 ἐπ’
3420 3102 3626 3154 αὐτόν.
3657 3098 3721 3151 Ui

2150 3188 2258 3243 τῶν
2311 3194 2515 3260 γηΐνων
2564 3194 2661 3263 μὲν
2715 3196 3249 3264 καταφρονήσαντες,
3304 3192 3389 3243 ἐπ’
3445 3191 3605 3243 αὐτον
3664 3187 3722 3241 δὲ

2150 3280 2364 3350 οέμενοι
2421 3285 2599 3338 πᾶσαν
2647 3285 2744 3354 τὴν
2800 3284 3010 3339 ἐλπίδα.
3056 3286 3119 3337 Οἱ
3169 3284 3298 3352 γοῦν
3348 3282 3438 3333 τὸν
3478 3280 3721 3349 παρόντα

2147 3373 2362 3443 ψαλμὸν
2412 3375 2489 3446 τῷ
2538 3375 2739 3447 πρώτῳ
2791 3377 3175 3440 συνάπτοντες,
3224 3374 3473 3428 ἐντεῦθεν
3507 3371 3721 3441 ισχυρίο

2150 3465 2354 3534 ζονται,
2387 3467 2656 3537 λέγοντες,
2697 3470 2770 3533 ὡς
2809 3471 2917 3524 ἀπὸ
2959 3469 3313 3543 μακαρισμοῦ
3362 3469 3525 3523 Δαᾶδ
3556 3467 3723 3539 apid-

2154 3576 2333 3627 μενος,
2365 3562 2443 3623 εἰς
2479 3562 3178 3635 μακαρισμὸν-κατέληξεν.

2156 3650 2401 3721 Ψαλμὸς
2427 3650 2504 3717 τῷ
2532 3652 2727 3719 Δαϐίὶ8,
2756 3654 2855 3708 ὅτε
2876 3656 3319 3724 ἀπεδίδρασκεν
3342 3660 3459 3712 ἀπὸ
3487 3657 3721 3727 προσώ-

2481 3761 2598 3798 που
2642 3747 2978 3815 Ἀϐεσαλὼμ
3016 3748 3151 3801 υἱοῦ
3185 3748 3400 3808 αὐτοῦ.

2738 3839 3033 3892 ΨΑΛΜΟΣ
3061 3840 3133 3893 Γ’.

2221 3930 2368 3999 Δήλη
2397 3930 2494 4000 μὲν
2525 3930 2557 4001 ἡ
2587 3930 2866 4002 ἐπιγραφὴ
2898 3932 2992 3986 τοῦ
3018 3932 3233 4003 ψαλμοῦ
3254 3936 3366 3996 τοῖς
3388 3932 3719 4001 ἀνεγνωκόσι

2149 4024 2246 4092 τὴν
2277 4022 2516 4092 ἱστορίαν
2544 4022 2651 4075 τῶν
2695 4022 3008 4077 Βασιλειῶν·
3048 4024 3276 4095 ἁρμόζει
3320 4025 3375 4078 δὲ
3408 4026 3570 4078 παντὶ
3618 4042 3719 4077 7:0-

2147 4113 2469 4182 λεμουμένῳ
2496 4113 2877 4183 παρ’ὲχθρῶν,
2908 4114 3018 4167 εἴτε
3050 4115 3284 4185 ὁρατῶν,
3314 4116 3423 4169 εἴτε
3445 4116 3715 4185 ἀοράτων.

2220 4294 2425 4359 Κύριε,
2481 4292 2539 4344 τί
2592 4292 3063 4359 ἐπ.1ηθύνοησαν
3122 4295 3177 4346 οἱ
3242 4292 3551 4357 θλίϐοντες
3603 4308 3718 4361 μσς

2150 4385 2561 4454 Δεινοπαθήσας
2592 4387 2619 4436 ὁ
2660 4386 2973 4455 Προφήτης,
3008 4386 3090 4437 ὃτι
3125 4384 3379 4454 τοιαύτης
3413 4384 3715 4453 ἑπειράσθη

2147 4476 2255 4527 τῶν
2284 4476 2538 4543 ὑπηκόων
2570 4476 2664 4527 καὶ
2703 4475 2872 4541 φίλων
2907 4476 3223 4543 ἐπιϐουλῆς,
3257 4476 3393 4545 πρὸς
3430 4476 3590 4544 μόνον
3627 4475 3718 4527 τὸν

2146 4567 2276 4619 θεὸν
2312 4566 2579 4619 ἀνατείνει
2604 4566 2802 4636 ψυχὴν,
2844 4566 3066 4636 ἐρωτῶν
3104 4566 3249 4629 τίνος
3278 4566 3464 4618 ἕνεκεν
3489 4568 3537 4617 οἱ
3575 4566 3718 4633 ἀμφὶ

2145 4658 2237 4709 τὶν
2272 4656 2607 4725 πατραλοίαν
2666 4656 2983 4725 Ἀδεσαλὼμ
3030 4656 3216 4725 ἐχθροὶ
3274 4655 3438 4709 αὐτοῦ
3473 4656 3717 4725 (τούτους

2146 4747 2254 4816 γὰρ
2280 4747 2559 4809 ϐλίὸοντας
2589 4746 2834 4812 ἐκάλεσε)
2898 4746 3275 4816 πληθύνονται,
3317 4750 3379 4815 τῇ
3430 4745 3715 4815 προσθήκῃ

2148 4836 2255 4887 τῶν
2278 4836 2532 4887 ἑκάστοτε
2560 4832 3041 4904 προσχωρούντων,
3066 4835 3291 4903 μηδενὸς
3324 4834 3502 4885 αὐτῶν
3527 4833 3711 4901 ἀδικηο

2148 4928 2328 4989 Οέντος
2359 4926 2450 4979 ὑπ’
2482 4928 2645 4979 αὐτοῦ
2674 4925 2915 4978 πώποτε.
2944 4926 3012 4976 Ἦ
3042 4926 3133 4978 καὶ
3164 4924 3293 4995 περὶ
3319 4925 3427 4977 τῶν
3447 4924 3716 4993 δαιμόνων

2143 5023 2171 5073 ὁ
2200 5020 2377 5086 λόγος.

2216 5111 2437 5164 Πολλοί
2478 5111 2907 5163 ἐπανίστανται
2935 5108 3026 5162 ἐπ’
3053 5110 3176 5178 ἐμέ.
3209 5109 3380 5162 Τοῦτο
3403 5124 3718 5178 σαφηνιστι-

2141 5200 2235 5250 κόν
2267 5201 2380 5249 ἐστι
2412 5198 2507 5249 τοῦ
2536 5197 3034 5264 ἐπληθύνθησαν.

2210 5288 2433 5341 Πολλοὶ
2463 5287 2713 5355 ,λέγουσι
2744 5284 2818 5353 τῇ
2843 5285 3013 5354 ψυχῇ
3033 5304 3171 5355 μουο
3202 5288 3321 5339 Οὐκ
3361 5286 3490 5339 ἔστι
3520 5301 3712 5351 σωτη-

2131 5381 2233 5449 ρία
2264 5378 2423 5443 αὐτῷ
2465 5379 2535 5431 ἐν
2583 5379 2663 5442 τῷ
2722 5378 2843 5443 Θεῷ
2899 5378 3107 5432 αὑτοῦ.
3152 5378 3364 5442 Πολλοὶ,
3407 5378 3559 5446 φησι,
3601 5377 3710 5430 τῶν
3749 5433 3755 5439 ,

2141 5470 2685 5539 κατεξανισταμένων
2738 5487 2840 5538 μου
2900 5468 3383 5540 παραθαρῤοῦντες
3419 5468 3707 5537 ἀλλήλους,

2141 5563 2359 5630 λέγουσι
2408 5564 2534 5633 περὶ
2577 5565 2673 5633 τῆς
2707 5560 2882 5631 ψυχῆς
2925 5576 3049 5630 μου,
3073 5559 3320 5613 τουτέστι
3364 5559 3494 5629 περὶ
3548 5559 3704 5627 ἐμοῦ,
