4090 6212
541 283 610 349 91
1780 300 2165 364 EUTIIYMII
2197 308 2559 370 ZlGABENI
3739 320 3807 382 i2

544 409 604 454 ut
636 401 701 455 ad
726 402 943 460 inanem
973 421 1074 462 nos
1105 407 1335 479 gloriam
1363 411 1642 482 impellant
1670 432 1682 468 :
1711 425 1764 468 et
1797 432 1823 469 a
1856 418 2120 482 sinistris,

2230 440 2384 488 νωσι,
2424 427 2519 479 καὶ
2541 427 2649 480 ἀπὸ
2679 427 2787 482 τῶν
2811 429 3137 503 ἀριστερῶν,
3167 433 3293 485 ὅταν
3324 432 3806 502 ἀπαρακαλύπτως

549 493 772 559 quando
805 498 953 552 omni
1002 498 1219 568 abjecto
1251 503 1544 570 velamine,
1582 507 1928 564 manifestam
1970 513 2124 565 nobis

546 582 654 634 vim
693 583 960 640 inferunt.

611 670 874 744 Exsurge,
903 676 1154 745 Domine;
1182 683 1382 737 sa.'vum
1418 702 1498 758 me
1521 686 1629 755 fac,
1670 687 1803 741 Dens
1838 706 2003 745 meus.
2040 691 2120 747 Tu

555 761 804 826 Domine,
852 767 1050 838 inquit,
1085 775 1176 841 qui
1217 774 1629 843 longanimitate
1680 781 1950 838 hactenus
1992 802 2124 840 usus

545 869 628 918 es,
670 864 728 909 ut
784 857 1028 917 dormire
1068 865 1472 932 quodammodo
1521 872 1811 937 videreris,
1865 891 2120 946 exsurge,

547 957 601 999 et
631 953 1034 1008 commovearis
1070 955 1335 1013 adversus
1369 960 1624 1018 inimicos
1653 981 1824 1018 meos.
1867 965 1960 1020 Vel
1988 967 2124 1023 forte

552 1038 853 1094 Salvatoris
881 1041 1082 1098 Christi
1112 1051 1573 1108 resurrectionem
1611 1056 1880 1124 praedicit,
1918 1060 1983 1113 ad
2023 1060 2124 1113 huc

549 1129 694 1181 mani
740 1133 959 1199 generis
1007 1138 1240 1193 salutem
1275 1157 1399 1194 eum
1432 1144 1747 1201 advocatis:
1801 1150 1872 1200 ita
1910 1159 1968 1206 ut
2017 1152 2124 1205 hu-

547 1231 722 1272 manae
754 1231 960 1276 naturae
987 1238 1304 1295 personam,
1339 1232 1658 1301 prophetam
1691 1236 1937 1294 induisse
1968 1237 2124 1294 dica-

549 1325 692 1363 IIIUS.

623 1399 782 1459 Vens.
817 1405 871 1460 8.
931 1405 1194 1480 Quoniam
1247 1421 1302 1465 tu
1335 1417 1644 1480 percussisti
1702 1433 1880 1474 omnes
1935 1421 2124 1476 adver-

548 1503 726 1547 santes
761 1497 890 1550 milli
914 1499 1028 1551 sine
1059 1517 1249 1556 causa.
1287 1504 1630 1574 Prophelicis
1664 1511 1835 1566 oculis
1869 1512 2124 1568 inimico-

542 1601 664 1640 rum
707 1604 933 1642 suornm
966 1592 1328 1659 perditionem
1357 1600 1688 1665 prmvidens,
1731 1603 1927 1658 beatus
1958 1605 2121 1660 David

547 1682 752 1749 gratias
810 1680 917 1736 Deo
967 1683 1099 1753 agit,
1149 1695 1204 1740 et
1251 1687 1514 1744 collatum
1577 1691 1630 1746 in
1681 1708 1741 1749 se.
1797 1695 2120 1752 benellcium

545 1772 817 1839 agnoscit.

621 1860 812 1916 Dentes
848 1876 1186 1934 peccatorum
1232 1871 1552 1927 contrivisti.
1585 1869 1687 1928 Per
1716 1875 1933 1939 dentes,
1980 1876 2123 1933 vires

546 1951 823 2020 intelligit.
861 1954 1214 2014 Translatum
1249 1972 1332 2016 est
1383 1973 1567 2016 autem
1618 1965 1720 2019 hoc
1751 1983 1776 2018 a
1805 1965 1959 2028 feris,
2002 1983 2123 2037 qua:

545 2040 598 2094 in
657 2041 919 2100 dentibus
977 2063 1250 2104 summum
1313 2051 1516 2106 habent
1568 2055 1776 2119 robur;
1810 2068 2122 2124 peccatores

543 2147 673 2185 vero
732 2135 986 2192 inimicos
1017 2155 1209 2195 omnes
1245 2143 1502 2212 appellat,
1535 2160 1761 2214 peccare
1798 2145 1916 2200 illos
1951 2147 2122 2217 signi-

545 2222 739 2288 licans,
765 2227 889 2295 quia
920 2228 990 2284 ob
1012 2231 1183 2286 solam
1216 2248 1428 2288 morum
1457 2237 1889 2305 perversitatem,
1916 2247 2122 2296 temere

541 2314 807 2372 adversus
838 2335 962 2373 eum
995 2324 1336 2390 pugnabant.

612 2404 779 2463 Vens.
808 2409 862 2462 9.
903 2409 1115 2464 Domini
1141 2423 1216 2466 est
1246 2416 1417 2470 salus.
1455 2418 1635 2486 Atque
1671 2419 1774 2472 hoc
1809 2419 1874 2473 ad
1911 2421 2120 2487 gratia-

539 2511 661 2548 rum
711 2500 984 2553 actionem
1031 2505 1287 2570 pertinet,
1338 2514 1392 2559 ct
1453 2508 1725 2577 signiﬁcat
1772 2511 1916 2582 quod
1970 2512 2122 2567 solus

543 2585 708 2651 Deus,
739 2601 790 2643 et
824 2592 1008 2647 nullus
1038 2594 1179 2664 alius
1205 2611 1328 2650 eum
1361 2601 1619 2653 salvahit.

619 2677 683 2731 Et
709 2697 868 2749 super
895 2686 1145 2752 populum
1178 2697 1321 2742 tuum
1356 2689 1643 2745 benedictio
1672 2702 1782 2748 tua.
1814 2695 1878 2748 Et
1921 2696 2118 2764 veniat,

542 2766 740 2837 inquit,
792 2771 1098 2828 benedictio
1134 2785 1222 2828 tua
1271 2793 1438 2847 super
1489 2770 1751 2849 populum
1801 2793 1975 2851 tuum,
2029 2787 2120 2856 qui

539 2871 754 2912 merum
791 2861 996 2929 pariter
1029 2863 1379 2920 inimicorum
1419 2868 1645 2938 injurias
1673 2887 1961 2942 perpessus
1995 2885 2117 2930 est:

538 2951 621 3003 vel
673 2964 891 3006 omnem
923 2957 1180 3024 populum
1222 2959 1570 3028 simpliciter,
1603 2966 1695 3033 qui
1741 2966 1844 3020 sub
1883 2982 2004 3021 meo
2037 2975 2122 3023 est

543 3039 810 3110 imperio;
861 3045 948 3098 vel
986 3062 1154 3117 super
1186 3048 1424 3105 ﬁdelium
1454 3053 1896 3109 Christianorum
1946 3073 2120 3128 popu-

541 3127 675 3182 lum.
720 3131 821 3185 l‘er
859 3133 1298 3192 benedictionem
1333 3155 1464 3195 vero
1514 3142 1818 3212 intelligere
1861 3127 2124 3205 debemus

538 3235 725 3288 ρ.ιοοιιι
761 3234 817 3278 et
849 3225 1034 3281 divina
1067 3227 1353 3296 benelicia,
1395 3249 1517 3302 quae
1558 3235 1958 3293 benedictionis
1989 3249 2122 3294 sunt

537 3325 727 3366 causa.
771 3313 982 3384 Quippe
1032 3331 1156 3371 cum
1194 3329 1247 3374 et
1297 3324 1558 3394 populus,
1587 3335 1640 3379 et
1671 3326 1992 3398 quicunque
2027 3330 2123 3384 alii

2228 518 2307 579 εἰς
2335 517 2614 589 ἁμαρτίαν
2645 520 2970 590 βιάζωνται.

2311 693 2595 759 Ἀνάστα,
2653 697 2850 764 Κύριε’
2907 695 3113 752 σῶσόν
3143 717 3238 770 με,
3301 704 3333 754 ό
3371 702 3514 767 Θεός
3541 721 3683 770 μου.
3735 703 3809 754 Τὸ

2226 783 2484 848 ἀνάστα,
2517 787 2636 839 ἀντὶ
2685 787 2802 854 τοῦ,
2857 789 3125 859 Κινήθητι
3184 792 3325 844 κατὰ
3351 792 3461 844 τῶν
3510 793 3741 862 ἐχθρῶν,
3777 797 3840 862 δ’,

2225 876 2399 930 δοκῶν
2440 881 2506 948 τῇ
2552 879 2906 950 μακροθυμίᾳ
2945 881 3254 934 καθεύδειν.
3313 882 3383 934 ’Ἡ
3420 883 3512 935 καὶ
3566 883 3664 954 τὴν
3710 883 3803 934 τοῦ

2225 971 2479 1041 Σωτῆρος
2519 973 2582 1023 ἐκ
2614 973 2824 1042 νεκρῶν
2857 974 3156 1026 ἀνάστασιν
3207 973 3595 1045 ἀνακρούεται,
3622 974 3803 1027 καλῶν

2227 1061 2390 1114 αὑτὸν
2429 1065 2509 1124 είς
2540 1063 2601 1114 τὸ
2642 1064 2814 1116 σῶσαι
2847 1064 2972 1128 τοὺς
3024 1064 3380 1136 ἀνθρώπους,
3435 1064 3529 1130 οὓς
3583 1065 3676 1119 καὶ
3717 1066 3806 1118 διὰ

2227 1153 2427 1206 ἑαυτοῦ
2459 1154 2784 1210 αἰνίττεται.

2298 1421 2417 1474 Ὅτι
2457 1421 2540 1474 σὺ
2570 1420 2874 1486 ὲπάταξας
2912 1420 3143 1487 πάντας
3199 1420 3338 1484 τοὺς
3381 1420 3806 1490 ἑχθραίνοντὰς

2221 1530 2322 1581 μοι
2346 1514 2629 1580 ματαίως.
2651 1514 2781 1570 Τοῖς
2804 1515 3169 1584 προφητικοῖς
3191 1513 3490 1581 ὀφθαλμοῖς
3520 1513 3620 1582 ἤδη
3646 1517 3804 1581 προῖ-

2223 1602 2328 1656 δὼν
2361 1604 2460 1674 τὴν
2491 1603 2770 1657 ἀπώλειαν
2800 1603 2909 1655 τῶν
2963 1602 3265 1673 πολεμίων,
3313 1603 3648 1673 εὐχαριστεῖ,
3707 1600 3806 1654 καὶ

2226 1694 2628 1764 ἐξομολογεῑται
2658 1695 2756 1766 τὴν
2791 1695 2972 1763 χάριν.

2317 1871 2598 1935 Ὀδόντας
2619 1865 2986 1938 ἁμαρτωλῶν
3019 1867 3430 1933 συνέθλασας.
3471 1865 3681 1935 Δηλαδὴ
3708 1865 3810 1932 τὴν

2235 1963 2410 2032 ἰσχὺν,
2464 1964 2527 2015 ἐκ
2580 1962 2895 2032 μεταφορᾶς
2950 1959 3060 2013 τῶν
3106 1958 3333 2028 θηρίων,
3385 1959 3530 2024 ἅπερ
3578 1959 3668 2010 ἐπὶ
3696 1961 3807 2020 τοῖς

2231 2055 2438 2109 ὀδοῦσιν
2490 2052 2604 2125 ἕχει
2655 2054 2754 2122 τὴν
2808 2052 3056 2122 δύναμιν.
3127 2048 3514 2119 Ἀμαρτωλοὺς
3557 2050 3610 2102 δὲ
3659 2048 3810 2114 λέγει

2231 2148 2441 2210 πάντας
2486 2147 2611 2209 τοὺς
2665 2146 2970 2216 δυσμενεῖς,
3020 2144 3096 2208 ὡς
3154 2142 3573 2212 ἁμαρτάνοντας
3623 2143 3681 2193 ἐν
3729 2140 3804 2210 τῷ

2231 2241 2658 2312 προσπολεμεῖν,
2688 2238 2778 2292 διὰ
2803 2238 2864 2291 τὸ
2894 2236 3094 2309 μάτην,
3119 2236 3209 2290 διὰ
3251 2235 3421 2306 μόνην
3446 2234 3732 2306 πονηρίαν.

2301 2415 2412 2468 Τοῦ
2437 2415 2655 2482 Κυρίου
2679 2413 2717 2479 ἡ
2749 2412 3032 2480 σωτηρία.
3065 2412 3173 2464 Καὶ
3202 2411 3362 2464 τοῦτο
3386 2411 3808 2480 εύχαριστήριον

2229 2503 2584 2576 ἐπιφώνημα,
2610 2504 2897 2575 δηλοῦντος
2935 2505 3016 2557 ὅτι
3050 2505 3252 2574 Κύριος
3277 2502 3480 2557 ἔσωσεν
3503 2503 3686 2567 αὐτὸν,
3711 2503 3808 2556 xal.

2229 2596 2403 2658 οὐδεὶς
2434 2597 2520 2649 ἐτε
2531 2613 2642 2666 ρος.

2299 2688 2406 2741 Καὶ
2437 2688 2531 2741 ἐπὶ
2563 2687 2669 2740 τὸν
2699 2688 2855 2741 λαόν
2877 2703 2992 2743 σου
3015 2689 3051 2756 ἠ
3077 2687 3325 2756 εὐλογία
3342 2704 3480 2741 σου.
3515 2687 3627 2739 Καὶ
3645 2682 3806 2757 ἦλθε,

2230 2781 2413 2853 φησὶν,
2468 2781 2500 2851 ἡ
2533 2780 2751 2849 εὐλογία
2788 2797 2881 2833 σου
2915 2782 3006 2834 ἐπὶ
3036 2781 3126 2834 τὸν
3155 2780 3281 2832 λαόν
3329 2797 3446 2844 σου,
3484 2779 3516 2850 ἦ
3553 2780 3647 2831 τὸν
3700 2779 3799 2830 σὺν

2230 2873 2353 2943 ἐμοὶ
2384 2871 2865 2942 πολεμούμενον.ἢ
2901 2871 3086 2933 ἁπλῶς
3130 2871 3220 2924 τὸν
3254 2872 3357 2925 ὑπὸ
3388 2871 3484 2941 τὴν
3511 2871 3641 2939 ὅλην
3695 2887 3799 2939 μου

2231 2965 2529 3036 βασιλείαν,
2560 2963 2592 3036 ἢ
2613 2963 2703 3017 τὸν
2719 2963 2827 3017 τῶν
2849 2965 3070 3018 πιστῶν.
3098 2965 3360 3032 Εύλογίαν
3381 2964 3436 3016 δὲ
3463 2961 3808 3032 ὑποληπτέον

2227 3059 2328 3127 τὴν
2357 3059 2598 3128 εἰρήνην,
2634 3057 2729 3111 καὶ
2760 3057 2859 3126 τὴν
2898 3058 3247 3128 εὐεργεσίαν,
3302 3055 3378 3119 ὡς
3429 3056 3610 3108 αἰτίαν
3648 3053 3800 3107 εὐλο-

2227 3148 2351 3215 γίας
2384 3149 2783 3218 γεγενημένην.
2840 3147 3012 3210 Αὐτός
3043 3163 3100 3198 τε
3134 3146 3242 3215 γὰρ
3299 3147 3326 3198 ὁ
3370 3145 3496 3208 λαὸς
3528 3145 3618 3198 τὸν
3670 3143 3806 3196 Θεὸν

2221 3239 2463 3304 ἐδόξασε,
2498 3237 2593 3292 καὶ
2635 3238 2682 3289 οἱ
2734 3237 2956 3303 ἰδόντες,
3006 3236 3127 3300 οἵας
3165 3237 3491 3308 ἀπήλαυσαν
3519 3236 3629 3306 (25)
3656 3235 3802 3306 ἀρω-

2219 3346 2344 3398 γης.

537 3406 773 3463 viderint
867 3413 1029 3481 quale
1085 3415 1347 3471 auxilium
1410 3432 1743 3478 consecutus
1800 3434 1883 3480 est
1943 3441 1972 3480 a
2035 3409 2148 3480 Deo
2221 3428 2417 3485 beatus
2465 3429 2656 3494 David,
2707 3429 2885 3484 daturi
2941 3441 3132 3484 omnes
3183 3426 3296 3482 sint
3352 3439 3620 3480 summam
3685 3423 3799 3477 Deo

537 3499 771 3570 gloriam

717 3595 784 3648 III
813 3597 970 3665 ﬁnem
1005 3600 1059 3653 in
1094 3601 1298 3670 hymnis
1331 3604 1566 3672 psalmus
1599 3607 1702 3675 ipsi
1750 3607 1939 3665 David.

1087 3689 1413 3749 PSALMUS
1470 3695 1560 3752 IV.

625 3774 948 3835 Inscribitur
981 3782 1034 3835 in
1059 3782 1218 3850 ﬁnem
1269 3785 1358 3839 hic
1400 3788 1678 3857 psalmus,
1712 3790 1842 3860 quia
1876 3799 1934 3844 ut
1978 3789 2120 3844 inlc-

537 3868 654 3923 rius
684 3869 930 3930 dicemus
955 3913 969 3936 ,
999 3877 1424 3934 resurrectionis
1452 3881 1798 3950 prophetiam
1833 3887 2116 3948 continet,

539 3970 594 4015 et
620 3977 739 4032 qua,
778 3964 844 4017 ad
900 3950 1145 4020 futurum
1178 3971 1438 4023 saeculqu
1481 3972 1775 4040 pertinent,
1801 3973 1944 4043 quod
1979 3990 2118 4042 pra:-

538 4054 712 4109 sentis
772 4069 895 4111 esse
941 4058 1126 4112 saacnli
1168 4057 1328 4113 linem
1371 4077 1531 4117 nemo
1591 4065 1832 4133 ambigit.
1871 4064 1936 4118 In
1970 4066 2124 4136 Itym-

539 4146 619 4197 nis
680 4161 811 4198 vero
857 4146 979 4202 ideo
1032 4151 1343 4219 appositum
1398 4162 1504 4216 est,
1559 4154 1685 4223 quia
1721 4156 1988 4209 mirabilia
2029 4157 2121 4210 Dei

536 4249 699 4301 opera
741 4238 986 4292 continet
1055 4257 1069 4292 :
1129 4242 1327 4309 quibus
1382 4243 1634 4298 etTectum
1698 4255 1822 4308 est,
1902 4257 1955 4299 ut
2015 4249 2124 4300 Ab-

537 4327 744 4382 saloiuis
800 4331 1142 4399 tyrannidem
1193 4338 1567 4398 superaverit,
1614 4351 1722 4403 quo
1776 4336 1920 4392 facto
1983 4354 2122 4407 prae-

537 4427 748 4471 sentem
833 4421 1106 4486 psalmum
1186 4421 1521 4478 deranlavil.
1602 4427 1866 4494 Congruit
1955 4431 2116 4484 etiam

536 4506 623 4558 hic
673 4506 915 4573 psalmus
964 4511 1320 4579 cuicunquea
1359 4515 1618 4581 periculis
1651 4517 1900 4573 llIIerato.

612 4597 772 4651 Vens.
812 4597 847 4651 2
903 4597 1036 4652 Cum
1073 4601 1389 4663 invocarem,
1423 4607 1695 4661 exaudivit
1728 4625 1808 4663 Ine
1851 4610 1990 4665 Deus
2019 4613 2112 4680 ju-

537 4687 703 4740 stitite
737 4705 884 4744 mete.
915 4690 1299 4761 Contemplare
1333 4697 1668 4751 celeritatem
1697 4743 1710 4764 ,
1762 4717 1882 4754 cum
1935 4704 2114 4759 adhuc

537 4774 816 4832 invocaret
857 4781 1143 4836 exauditus
1182 4791 1306 4850 est;
1340 4785 1484 4840 sicut
1520 4789 1645 4841 alibi
1703 4789 1866 4844 etiam
1916 4791 2055 4843 ait”
2104 4809 2118 4846 :

543 4869 729 4924 Adhuc
762 4871 1000 4939 loquente
1045 4884 1091 4928 te
1144 4876 1344 4943 dicant,
1386 4877 1514 4933 Ecce
1539 4882 1745 4935 adsum.
1768 4880 1951 4952 Neque
1974 4884 2119 4938 enim

543 4964 834 5018 verborum
871 4966 1031 5036 c0pia
1064 4971 1348 5036 persuadet
1385 4972 1517 5035 Deo,
1550 4974 1641 5026 sed
1679 4990 1810 5041 pura
1842 4977 2108 5045 simplicis

539 5055 734 5110 anima:
768 5057 1001 5114 affectio.
1043 5061 1196 5126 Quod
1229 5079 1358 5115 vero
1382 5063 1494 5119 ait:
1531 5063 1668 5117 Deus
1696 5065 1926 5134 justiliw
1965 5085 2112 5131 metr,

541 5148 969 5205 eireundocutus
1007 5161 1090 5205 est
1119 5167 1235 5222 pro,
1276 5153 1415 5208 Deus
1452 5156 1552 5209 mei
1597 5155 1759 5211 David
1808 5173 1820 5209 :
1869 5160 1972 5213 mei
2026 5159 2114 5213 in-

537 5254 703 5308 quam
740 5242 832 5312 qui
873 5241 1130 5298 Absaloni
1164 5247 1716 5318 coIIIparatnsjustus
1773 5249 1940 5304 videri
1983 5265 2110 5320 pos-

644 5400 692 5432 ⁸³
724 5399 829 5456 lsa.
859 5418 1010 5469 ινιιι,
1034 5403 1088 5458 9.

2356 3609 2437 3675 Τῷ
2457 3607 2634 3662 Δαόὶδ
2661 3606 2908 3676 ψαλμὸς
2934 3607 3022 3672 εις
3043 3605 3108 3659 τὸ
3133 3605 3309 3671 τέλος
3341 3603 3413 3658 ἐν
3437 3604 3669 3674 ὕμνοις.

2804 3698 3100 3752 ΨΔΔΜΟΣ
3139 3701 3216 3750 Δ’.

2297 3797 2401 3860 Εις
2435 3794 2504 3847 τὸ
2534 3793 2708 3858 τέλος
2739 3792 2836 3863 μὲν
2867 3791 3274 3862 ἐπιγέγραπται
3301 3832 3314 3854 ,
3363 3790 3447 3844 διὰ
3481 3789 3542 3843 τὸ
3586 3805 3800 3858 προφηο

2224 3885 2414 3942 τεῦσαι
2447 3886 2575 3957 περὶ
2605 3885 2706 3956 τῆς
2740 3887 2805 3938 ἐκ
2830 3883 3042 3954 νεκρῶν
3069 3883 3443 3948 ἀναστάσεως,
3474 3883 3551 3944 ὼς
3577 3882 3798 3942 προῖόν-

2224 3999 2316 4044 τες
2373 3977 2737 4048 ἐπιδείξομεν,
2765 3977 2888 4048 ἥτις
2936 3976 3031 4030 τοῦ
3076 3974 3363 4046 μέλλοντός
3401 3977 3549 4028 ἐστιν
3575 3975 3794 4040 αἰῶνος,

2225 4072 2283 4125 ὃν
2306 4072 2524 4142 οἴδαμεν
2552 4071 2646 4125 τοῦ
2685 4069 2954 4140 παρόντος
2982 4069 3157 4132 τέλος.
3201 4068 3307 4122 Ἐν
3336 4067 3552 4136 ὕμνοις
3583 4067 3663 4129 δὲ,
3707 4067 3799 4119 διὰ

2225 4166 2286 4218 τὸ
2339 4163 2636 4233 κηρύττειν
2665 4161 2733 4215 τὰ
2767 4161 2861 4226 τοῦ
2915 4160 3052 4214 Θεοῦ
3100 4160 3406 4231 θαυμάσια,
3470 4161 3799 4229 ποιήσαντος

2226 4256 2389 4308 αὑτὸν
2444 4254 2748 4324 ὑπέρτερον
2782 4253 2879 4320 τῆς
2930 4250 3255 4321 Ἀϐεσαλὼμ
3297 4251 3634 4321 τυραννίδος,
3675 4248 3796 4318 μεθ’

2226 4349 2291 4418 ἣν
2322 4345 2420 4419 ᾖσε
2452 4345 2544 4398 τὸν
2574 4346 2817 4416 παρόντα
2853 4345 3093 4415 ψαλμόν.
3136 4343 3392 4414 Ἀρμόζει
3425 4343 3481 4395 δὲ
3510 4341 3606 4394 καὶ
3636 4341 3798 4394 παντὶ

2227 4440 2595 4505 ἀπαλλαγέντι
2628 4439 2900 4492 κινδύνου.

2295 4598 2394 4652 Ἕν
2420 4599 2500 4664 τῷ
2533 4598 2954 4652 ἐπικαλεῖσθαί
2978 4615 3074 4665 με,
3105 4595 3438 4665 εἷσήκουσέ
3455 4613 3574 4664 μου
3602 4598 3633 4649 ὀ
3652 4595 3798 4660 Θεὸς

2223 4691 2332 4761 τῆς
2359 4691 2756 4760 δικαιοσύνης
2780 4683 2920 4760 μου.
2952 4691 3095 4759 Ὅρα
3121 4691 3182 4742 τὸ
3203 4691 3366 4760 τάχος
3387 4704 3399 4716 ·
3447 4689 3528 4741 ἔτι
3561 4690 3653 4740 καὶ
3674 4689 3795 4739 ἐπιο

2221 4785 2564 4854 καλουμένου
2608 4786 2938 4854 ἐπήκουσεν.
3000 4783 3129 4835 Ἔτι
3157 4780 3288 4850 γὰρ,
3325 4782 3480 4850 φησὶ,
3533 4780 3798 4834 λανιοῦνο

2217 4879 2312 4944 τός
2343 4893 2460 4931 σου
2479 4919 2493 4938 ,
2526 4877 2637 4945 ἐρῶ
2663 4894 2676 4908 ⁸
2703 4876 2862 4930 Ἰδοὺ
2907 4875 3172 4943 πάρειμι.
3211 4875 3284 4927 Οὐ
3312 4875 3422 4943 γὰρ
3451 4873 3656 4942 πλῆθος
3698 4874 3796 4940 ρη-

2222 4974 2410 5044 μάτων
2458 4971 2631 5024 πείθει
2677 4970 2768 5022 τὸν
2800 4969 2935 5022 Θεὸν
2955 5009 2968 5032 ,
2995 4968 3130 5020 ἀλλὰ
3159 4968 3338 5037 ψυχῆς
3369 4967 3587 5036 καθαρᾶ
3620 4964 3799 5017 διάθε-

2220 5081 2322 5126 σις.
2345 5064 2418 5116 Τὸ
2449 5063 2528 5126 δὲ,
2561 5061 2671 5126 τῆς
2687 5059 3084 5127 δικαιοσύνης
3096 5077 3241 5126 μου,
3269 5057 3605 5129 περίφρασίς
3628 5057 3796 5117 ἐστιν,

2216 5157 2337 5209 ἀντὶ
2370 5155 2486 5215 τοῦ,
2538 5154 2596 5206 Ὀ
2620 5151 2754 5214 Θεὸς
2787 5151 2922 5220 ἐμοῦ
2963 5151 3058 5202 τοῦ
3093 5150 3326 5212 δικαίου,
3372 5150 3497 5201 ὅσον
3532 5148 3668 5216 πρὸς
3700 5146 3798 5214 τὴν
3851 5154 3871 5170 ί·

2220 5247 2434 5301 ἀδικίαν
2471 5242 2792 5313 Ἀϐεσαλὼμ
2824 5243 3094 5314 ἠδικήθην
3117 5259 3131 5273 ·
3159 5245 3252 5295 καὶ
3273 5243 3388 5312 γὰρ
3416 5243 3514 5294 οὐκ
3540 5239 3795 5310 ἠδίκησα.

1876 5545 2077 5607 Varite
2108 5544 2446 5608 lectiones.

611 5728 719 5800 (:25)
745 5734 880 5791 Cod.
928 5736 1078 5794 habet
1118 5738 1462 5809 ἀπήλαυσαν,
1497 5742 1762 5795 τοιιδιτιιιὲ
1792 5744 1917 5807 sint,
1959 5749 2012 5795 ut
2044 5741 2106 5795 ad
2150 5741 2404 5812 populos,
2429 5758 2534 5797 non
2570 5741 2632 5797 ad
2673 5740 2926 5796 Dmidem
2958 5741 3246 5798 releralut‘.
