4082 6212
442 297 512 362 95
1683 299 2073 360 ΕΠΤΙΙΥΜΙῘ
2116 299 2477 359 ΖἯᾹΒΕΝΙ
3631 298 3701 360 96

445 429 552 465 neu
592 424 896 478 peccemus,
924 418 977 464 et
1004 425 1071 464 ne
1107 409 1349 464 sinamus
1381 425 1407 462 a
1437 409 1707 478 passionis
1727 410 2019 464 vehemen-

2143 409 2218 462 τοῦ
2255 409 2462 470 πάθους
2509 407 2728 476 ὀξύτητι
2768 408 3262 479 παρασυρομένοιρς
3297 409 3464 478 ἡμᾶς,
3497 411 3524 478 ἦ
3562 412 3705 482 πέρα,

442 505 516 555 tia
553 519 652 556 nos
683 502 956 570 pertrahi:
995 517 1060 553 ne.
1092 517 1254 571 supra
1289 502 1508 555 modum
1548 502 1885 556 irascamur:
1917 519 2020 557 neu

444 603 647 646 temere
680 593 913 661 aliquem
968 593 1322 648 ulciscmnnr.
1381 593 1580 648 Contra
1635 593 1823 647 vitium
1879 596 2023 649 enim

445 684 608 737 insita
637 693 719 739 est
736 685 1047 739 hominibus
1075 685 1174 738 ira.
1205 683 1336 738 Nam
1369 686 1459 753 qui
1491 686 1743 741 irascitur
1768 695 1826 740 ut
1850 688 2026 742 illatas

445 775 546 828 sibi
583 775 810 839 injurias
849 775 1148 830 ulciscatur
1179 816 1194 839 ,
1231 775 1488 830 irascitur
1517 817 1532 841 ,
1559 786 1610 830 et
1633 789 1820 846 peccat
1869 796 1883 832 :
1931 779 2025 847 qui

448 881 576 919 uero
612 872 818 918 tantum
851 866 1131 931 irascitur,
1176 874 1230 919 ut
1262 866 1490 920 alterum
1524 870 1786 938 corrigat,
1823 869 2028 924 irasci-

449 969 536 1011 tur
559 958 809 1028 quidem,
849 959 944 1014 sed
981 975 1086 1012 non
1144 971 1373 1028 peccat,
1425 961 1882 1028 quemadmodum
1929 975 2029 1016 nec

452 1059 640 1118 peccat
671 1061 842 1120 pater,
882 1051 972 1118 qui
1009 1065 1114 1103 non
1146 1052 1544 1118 obtemperanti
1600 1052 1708 1104 tilio
1745 1052 2023 1106 irascitur.

526 1140 656 1204 Qua'
679 1141 712 1192 tl
738 1140 861 1195 citis
889 1143 940 1194 in
968 1141 1219 1195 cordibus
1252 1143 1458 1203 vestris,
1481 1144 1530 1195 in
1553 1143 1812 1196 cubilibus
1843 1144 2030 1197 vestris

449 1234 881 1303 compungimini.
925 1236 1090 1304 Perge
1113 1274 1128 1296 ,
1167 1233 1364 1302 inquit,
1405 1234 1457 1287 in
1491 1244 1642 1289 tuum
1693 1236 1870 1291 cubile
1895 1277 1910 1300 ,
1941 1237 2028 1290 ubi

453 1324 689 1375 niaxima
724 1323 876 1377 adest
909 1325 1175 1378 St'C:'.t'ilaS
1205 1339 1219 1377 :
1276 1333 1326 1379 et
1361 1325 1473 1378 illic
1505 1326 1685 1393 amplo
1736 1342 1858 1379 cum
1915 1327 2031 1380 otio

451 1426 513 1463 ae.
542 1413 720 1480 quiete
752 1417 982 1482 leipsunt
1013 1416 1249 1484 diiudica
1279 1432 1292 1468 ε
1322 1423 1376 1469 et
1413 1415 1772 1483 cogitationes
1797 1417 2029 1483 discute,

452 1519 587 1569 quas
621 1505 857 1559 habuisti
895 1521 990 1574 per
1019 1508 1197 1570 diem,
1238 1517 1400 1562 noctu
1458 1521 1715 1578 praeterea
1767 1518 1932 1578 atque
1977 1510 2029 1562 in

453 1597 617 1648 cubili
681 1606 771 1649 tuo
822 1607 878 1650 ut
923 1598 1030 1650 dixi
1087 1599 1295 1660 doleas,
1333 1610 1386 1653 ct
1431 1599 1804 1667 pmnitentiam
1852 1606 2031 1651 tecum

457 1702 585 1748 agas
613 1687 682 1740 ob
714 1697 931 1756 peccata
965 1705 1084 1757 qum.
1119 1689 1350 1744 interdiu
1383 1691 1435 1743 in
1463 1691 1646 1742 animo
1673 1698 1770 1742 tuo
1795 1690 2028 1743 revolvi-

2129 500 2236 553 τοῦκ
2284 500 2508 570 μετρίου
2548 499 2961 568 θυμουμένους,
3026 501 3438 569 προτρέπεται,
3499 503 3532 571 ἠ
3585 521 3708 556 τινα

2129 592 2398 662 ἀκαίρως,
2457 592 2488 661 ἢ
2547 593 2805 654 ἀναιτίως
2853 592 3230 662 ἀμυνομένους
3255 609 3267 621 ·
3301 593 3442 644 κατὰ
3477 595 3578 662 τῆς
3610 613 3709 649 κα·

2131 683 2257 746 κίας
2284 683 2391 753 γὰρ
2429 685 2454 734 ὁ
2480 683 2651 752 θυμδς
2703 682 3012 751 ἀνθρώποις
3041 683 3331 751 ἐφυτεύθη.
3375 685 3434 735 Ὀ
3469 685 3568 753 μὲν
3597 686 3708 754 γὰρ

2133 775 2326 828 ἑαυτὸν
2378 775 2631 839 ἐκδικῶν,
2687 774 2990 844 ὀργίζεται,
3051 775 3143 826 καὶ
3179 775 3524 846 ἁμαρτάνει·
3574 780 3602 830 ὀ
3649 778 3707 830 δὲ

2131 868 2319 937 ἕτερον
2348 867 2752 936 διορθούμενος,
2783 865 3064 936 ὀργίζεται
3084 905 3098 930 ,
3127 866 3220 919 καὶ
3255 867 3354 936 οὐχ
3381 868 3709 940 ἁμαρτάνει,

2132 959 2209 1022 ὡς
2246 958 2429 1028 πατὴρ
2465 958 2565 1029 υἱῷ
2598 957 2979 1027 ὀργιζόμενος.

2211 1140 2279 1193 Ἃ
2335 1140 2542 1206 λέγετε
2577 1137 2677 1192 ἐπὶ
2717 1136 2846 1204 ταῖς
2886 1137 3163 1206 καρδίαις
3201 1134 3388 1204 ὑμῶν,
3447 1137 3547 1191 ἐ.τὲ
3584 1137 3712 1202 ταῖς

2135 1234 2366 1297 κοίταις
2395 1231 2560 1299 ὑμῶν
2589 1232 2985 1300 κατανύγητε.
3021 1231 3146 1282 Ἐπὶ
3175 1231 3274 1300 τὴν
3306 1231 3492 1299 κοίτην
3521 1232 3710 1292 ἰόντες,

2137 1327 2194 1376 ὲν
2311 1323 2502 1393 καιρὸς
2535 1323 2721 1385 ἁδείας
2754 1323 2925 1386 ἐστὶν,
2965 1323 3290 1392 ἀνακρίνετε
3324 1323 3464 1375 κατὰ
3515 1323 3714 1391 σχολὴν

2138 1415 2364 1476 ἑαυτοὺς
2402 1415 2528 1483 περὶ
2578 1414 2685 1466 τῶν
2744 1414 3022 1483 ἡμερινῶν
3072 1413 3500 1484 ἐνθυμημάτων,
3532 1417 3624 1468 καὶ
3680 1417 3716 1470 ὃ.

2137 1507 2480 1575 πλημμελῶς
2540 1507 2597 1558 ἐν
2650 1507 2838 1578 ἡμέρα
2891 1506 3290 1573 διαλογίζεσθε,
3347 1509 3439 1559 ἐπὶ
3500 1507 3717 1570 τούτοις

2141 1597 2539 1667 μεταμέλεσθε,
2597 1599 2691 1648 ἐπὶ
2749 1599 2841 1650 τὸν
2889 1599 2988 1666 τῆς
3041 1599 3229 1667 κοίτης
3284 1598 3498 1666 χρὸνον,
3557 1598 3716 1651 Οὕτω

2137 1691 2295 1754 κάγὼ
2326 1689 2516 1753 ποιῶν,
2565 1688 2857 1757 εύοδοῦμαι
2881 1730 2894 1752 ,
2929 1690 3023 1743 καὶ
3060 1693 3227 1760 πείρᾳ
3261 1691 3372 1760 {‘25)
3400 1691 3498 1760 τὴν
3532 1692 3714 1743 bona-

457 1781 546 1829 sti.
593 1777 716 1830 Mihi
749 1780 919 1844 enim,
951 1782 1144 1850 inquit,
1189 1782 1376 1836 beatus
1413 1781 1577 1834 David
1607 1821 1622 1844 ,
1655 1781 1734 1835 sic
1771 1780 1988 1834 facienti
2016 1821 2031 1843 ,

2143 1783 2234 1836 θεν
2293 1782 2564 1849 ὠφέλειαν
2619 1781 2828 1852 μαθὼν,
2890 1782 3048 1834 τοῦτο
3104 1788 3278 1835 ποιεῖν
3331 1784 3586 1853 παραινῶ
3621 1785 3720 1836 καὶ

460 1873 514 1915 ιιι
566 1877 615 1918 te
653 1883 887 1932 tttOtten,
921 1885 1177 1938 prospere
1225 1881 1423 1924 cuncta
1477 1874 1802 1926 succedunt.
1867 1869 2034 1923 Smne

458 1957 640 2026 itaque
669 1970 722 2014 et
759 1970 812 2014 tu
845 1964 1276 2030 experimentum
1311 2005 1325 2028 ,
1371 1980 1492 2016 eum
1544 1980 1607 2017 ex
1652 1979 1736 2016 me
1779 1963 2038 2016 didiceris

459 2050 772 2114 huiusmodi
803 2054 1092 2107 utilitatem
1129 2059 1430 2124 percipere.
1476 2054 1586 2108 lloc
1640 2055 1782 2108 enim
1834 2054 1931 2106 tibi
1981 2063 2042 2107 ut

459 2140 627 2197 facias
659 2145 881 2198 suadeo.
915 2146 1068 2210 Quod
1103 2146 1148 2200 si
1183 2160 1238 2199 ut
1268 2148 1524 2215 prOpheta
1551 2145 1756 2199 indicat
1790 2186 1804 2210 ,
1831 2148 2040 2216 cogita-

455 2234 660 2288 tionum
704 2251 892 2305 pmnas
927 2238 1104 2291 daturi
1139 2252 1352 2304 sumus,
1384 2247 1591 2307 quanto
1626 2239 1799 2308 magis
1833 2253 2033 2307 opera-

455 2325 666 2379 tionem
691 2327 713 2378 ?
739 2327 1034 2382 Considera
1063 2330 1225 2381 etiam
1255 2330 1532 2398 quomodo
1563 2337 1671 2382 tam
1702 2329 1767 2382 ad
1805 2344 2033 2395 prreser-

2146 1877 2298 1944 ὑμῖν.
2363 1876 2424 1927 El
2473 1875 2530 1926 δὲ
2579 1877 2678 1935 τὰς
2715 1875 3044 1943 ἐνθυμήσεις
3092 1874 3174 1926 δεῖ
3201 1875 3470 1936 κολάζειν,
3537 1877 3720 1946 πολλῷ

2151 1967 2352 2036 μᾶλλον
2405 1967 2502 2028 τὰς
2538 1967 2787 2034 πράξεις.
2829 1967 2971 2035 Ὅρα
3031 1966 3109 2031 δὲ,
3151 1966 3259 2028 πῶς
3307 1968 3398 2018 καὶ
3439 1969 3721 2036 πρεφυλα-

2147 2059 2357 2118 κτικοῖς
2403 2055 2495 2107 καὶ
2545 2054 2918 2122 διορθωτικοῖς
2954 2055 3229 2122 ἐχρήσατο
3261 2054 3611 2122 φαρμάκοις·
3661 2054 3724 2106 τὸ

2147 2148 2248 2216 μὲν
2275 2148 2404 2216 γὰρ,
2444 2145 2799 2215 Ὀργίζεσθε,
2821 2145 3012 2214 καὶμὴ
3035 2145 3420 2214 ἁμαρτάνετε,
3439 2145 3690 2214 apo-gula
3708 2175 3724 2186 -

2143 2237 2367 2290 κτικόν·
2420 2236 2481 2288 τὺ
2505 2236 2584 2299 δὲ,
2620 2237 2691 2288 Ἀ
2725 2235 2936 2303 λέγετε
2959 2235 3028 2287 ἐν
3061 2234 3192 2300 ταῖς
3229 2233 3501 2300 καρδίαις
3530 2233 3722 2303 ὑμῶν,

2140 2327 2240 2380 ἐπὶ
2271 2326 2404 2392 ταῖς
2442 2327 2676 2392 κοίταις
2715 2325 2883 2394 ὑμῶν
2912 2327 3312 2394 κατανύτητε,
3342 2327 3722 2395 διορθωτικὸν.

456 2412 691 2468 randum
751 2430 777 2466 a
821 2417 1078 2484 peccatis,
1119 2433 1279 2486 quam
1327 2421 1394 2474 ad
1437 2417 1816 2488 castigandum
1851 2427 2216 2488 peceatorcm,
2254 2419 2555 2488 aptissimis
2606 2418 2877 2489 PrOpheta
2917 2435 3049 2474 usus
3103 2421 3174 2474 sit
3216 2419 3542 2487 pharmacis.
3583 2419 3723 2472 Nam

456 2508 598 2574 quod
633 2507 729 2575 ait,
759 2508 1061 2562 Irascimini
1086 2518 1134 2564 et
1169 2511 1333 2566 nolite
1358 2529 1596 2580 peccare,
1625 2511 1864 2566 custodit
1901 2522 1951 2567 ct
1980 2519 2274 2580 praesen-at
2303 2527 2334 2566 a
2368 2523 2592 2582 peccato
2619 2529 2633 2565 :
2660 2521 2713 2566 et
2742 2513 2789 2567 si
2832 2512 3078 2566 fortassis
3118 2513 3167 2564 in
3204 2521 3419 2582 peccata
3434 2514 3551 2581 quis
3579 2512 3726 2566 inci-

457 2599 618 2662 derit,
662 2599 901 2656 vicissim
937 2603 1169 2674 castigat
1211 2616 1264 2660 et
1319 2606 1566 2676 corrigit,
1609 2606 1739 2661 dum
1781 2605 1855 2658 ait
1889 2621 1904 2657 :
1961 2604 2090 2668 Qua:
2136 2604 2314 2658 dicitis
2347 2606 2401 2658 in
2452 2604 2698 2658 cordibus
2735 2606 2939 2670 vestris,
2971 2608 3024 2658 in
3063 2605 3323 2660 cubilibus
3365 2607 3548 2660 vestris
3575 2620 3724 2658 com‘

457 2692 771 2760 pungimiui.

531 2783 698 2839 Vens.
724 2785 777 2839 6.
811 2784 1123 2856 Sacriﬁcate
1150 2790 1472 2859 sacri/icium
1495 2790 1746 2858 justititc,
1770 2801 1819 2844 et
1841 2800 2049 2860 sperate

457 2880 509 2931 in
549 2879 788 2932 Domino.
814 2877 1094 2933 Justitiam
1129 2891 1363 2936 vestram
1403 2884 1560 2953 quasi
1593 2883 1828 2938 fructum
1861 2900 2044 2953 quiem-

457 2972 582 3024 dam
619 2970 749 3034 Deo,
779 2971 978 3041 inqttit,
1021 2972 1236 3037 offerte,
1271 2975 1544 3029 neminem
1578 2975 1777 3041 iniuria
1810 2975 2044 3030 allicien-

457 3073 580 3118 tes:
621 3072 675 3120 ct
709 3067 970 3122 auxilium
1003 3083 1033 3123 a
1067 3069 1176 3124 Deo
1223 3078 1539 3139 exspectate
1565 3113 1579 3136 ,
1614 3071 1705 3140 qui
1757 3071 2037 3142 oppressis

2222 2792 2459 2845 Θύσατε
2485 2791 2710 2846 θυσίαν
2735 2789 3152 2858 δικαιοσύνης,
3184 2790 3282 2844 καὶ
3307 2791 3598 2845 ἐλπίσατε
3624 2790 3728 2844 ἐπὶ

2147 2885 2384 2951 Κύριον.
2410 2885 2884 2954 Καρποφορὴσατε
2921 2883 3081 2953 μόνον
3111 2883 3460 2950 δικαιοσύνην
3481 2883 3559 2952 τῷ
3583 2883 3725 2951 Θεῷ,

2142 2976 2462 3037 ἀδικοῦντες
2492 2975 2720 3046 μηδένα,
2759 2976 2854 3027 καὶ
2886 2974 3256 3044 ἀπεκδέχεσθε
3307 2975 3408 3046 τὴν
3449 2978 3602 3046 παρᾶ
3630 2975 3730 3028 τοῦ

2144 3065 2281 3119 Θεοῦ
2309 3065 2589 3136 βοήθειαν,
2616 3065 2675 3128 ὃς
2697 3069 2812 3129 τοῖς
2835 3065 3304 3138 ὲπηρεαζομένοις
3331 3065 3567 3136 μάλιστα
3595 3084 3732 3135 συμ.

459 3157 802 3224 potissimum
861 3160 1068 3215 auxilio
1127 3177 1251 3216 esse
1317 3162 1475 3217 solet.
1541 3163 2032 3218 Conversationem

2149 3161 2336 3228 μαχεῖ.
2379 3157 2790 3229 Προδιαγράφει
2827 3159 2922 3211 καὶ
2972 3157 3072 3229 τὴν
3121 3158 3593 3236 ἐκκλησιαστικὴν
3629 3175 3730 3210 πο-

462 3260 722 3316 praeterea
752 3265 814 3303 ac
844 3251 1006 3304 vitam
1038 3252 1231 3308 futura:
1257 3253 1513 3310 Ecclesia:
1539 3256 1890 3324 pramuntiat,
1919 3272 2040 3326 quae

459 3340 578 3393 vice
617 3341 954 3406 animalium,
978 3345 1261 3413 spirituale
1283 3348 1546 3400 virtutum
1579 3349 1909 3403 sacriﬁcium
1933 3349 2042 3405 Deo

462 3437 577 3480 erat
617 3429 886 3486 oblatura.
915 3432 1196 3489 Justitiam
1225 3436 1369 3491 enim
1401 3437 1487 3490 hic
1523 3453 1626 3492 non
1651 3441 2039 3507 particularem

463 3521 716 3577 virtutem
743 3562 760 3588 ,
799 3524 891 3580 sed
931 3527 1260 3582 eeneraliter
1283 3543 1382 3598 pro
1430 3531 1580 3584 omni
1637 3531 1842 3587 virtute
1883 3533 2040 3588 intel-

467 3612 605 3680 ligit.

533 3703 892 3760 Multidicunt
919 3723 938 3760 :
965 3707 1096 3773 Quis
1123 3711 1358 3766 ostendet
1393 3713 1540 3768 trabis
1574 3713 1712 3768 bona
1735 3714 1762 3770 ?
1789 3702 1922 3771 Cum
1957 3717 2043 3772 sui

467 3793 716 3862 exetuplo
779 3797 1129 3852 admonuerit
1187 3808 1354 3870 atque
1416 3805 1740 3860 exhortatus
1803 3805 1877 3860 sit
1943 3821 2045 3862 nos

470 3883 762 3954 Propheta,
789 3898 847 3942 ut
898 3891 952 3944 iu
986 3893 1364 3960 Superioribus
1407 3896 1659 3960 vidimus,
1702 3897 1864 3952 modo
1891 3899 2045 3966 obje-

469 3976 707 4032 ctionem
757 3982 1051 4048 quamdam
1101 3999 1129 4036 a
1171 3985 1613 4054 pusillaminibtts
1655 3988 1770 4042 fieri
1827 3991 2043 4043 solitam

472 4069 717 4136 apponit.
751 4071 982 4136 Quidam
1025 4077 1194 4140 enim,
1225 4077 1423 4147 inquit,
1451 4093 1573 4132 cum
1612 4080 1665 4132 in
1707 4079 2046 4135 calamitates

468 4157 790 4224 inciderint,
840 4179 982 4231 aegre
1035 4166 1296 4230 ferentes,
1347 4169 1533 4222 statim
1587 4169 1902 4236 desperant,
1943 4187 2046 4224 nec.

471 4253 704 4308 credunt
739 4253 906 4310 Deum
933 4273 1102 4327 prepe
1129 4275 1251 4314 esse
1289 4259 1674 4314 invocantibus
1701 4276 1848 4315 eum.
1877 4262 2047 4327 Quin-

470 4345 580 4398 imo
646 4348 793 4401 omni
863 4364 961 4419 spe
1023 4350 1293 4414 destituti,
1348 4351 1474 4403 talia
1545 4351 1711 4405 etiam
1760 4351 2046 4410 eﬂ‘undunt

469 4440 635 4493 vcrlra
667 4456 682 4492 :
719 4438 855 4505 Quis
885 4441 1109 4506 adiutor
1132 4442 1394 4512 deinceps
1424 4443 1526 4497 erit
1561 4444 1758 4497 nobis?
1781 4446 1938 4514 quasi
1963 4445 2044 4499 di-

2145 3251 2376 3318 λιτείαν,
2427 3250 2816 3320 πνευματικῶς
2871 3250 3020 3302 θύειν
3058 3231 3360 3320 μέλλουσαν
3409 3250 3531 3303 ἀντὶ
3569 3249 3729 3314 ζώων

2143 3343 2244 3404 τὰς
2297 3342 2539 3412 ἀρετάςο
2595 3342 2712 3410 εἴγε
2765 3343 3118 3411 δικαιοσύνην
3171 3342 3272 3396 οὒκ
3327 3342 3534 3406 ἰδικῶς,
3586 3343 3730 3398 om

2145 3435 2376 3489 καθόλου
2411 3438 2512 3505 τὴν
2545 3437 2748 3506 ἀρετὴν
2783 3437 2963 3490 πᾶσαν
2991 3435 3409 3508 ύποληψόμεθα.

2220 3703 2446 3758 Πολλοὶ
2473 3703 2723 3775 λέγουσι
2745 3721 2760 3738 ο
2816 3706 2910 3772 Τίς
2951 3705 3142 3770 δείξει
3188 3705 3333 3776 ἡμῖν
3381 3705 3452 3760 τὰ
3485 3708 3678 3776 ἀγαθὰ
3707 3723 3726 3770 ξ

2149 3794 2528 3866 Προσαγαγὼν
2561 3797 2662 3866 τὴν
2707 3799 3037 3868 παραίνεσιν
3069 3797 3177 3850 ἀπὸ
3208 3797 3303 3850 τοῦ
3358 3798 3480 3851 καθ’
3532 3799 3728 3851 ἑαυτὸν

2149 3889 2578 3958 ὑποδείγματος,
2621 3889 2835 3959 τίθησιν
2883 3889 3161 3943 ἀντίθεσίν
3194 3907 3319 3944 τινα
3366 3890 3476 3943 τῶν
3536 3908 3728 3960 μικρο-

2147 3983 2356 4054 ψύχων.
2387 3984 2542 4046 Τινὲς
2574 3984 2704 4055 γὰρ,
2740 3985 2926 4054 φησὶν,
2957 3986 3084 4038 ὅταν
3121 3984 3566 4055 προσομιλήσωσι
3604 4003 3727 4037 πει-

2151 4077 2382 4144 ρασμοῖς
2405 4117 2420 4140 ,
2473 4075 2921 4147 βαρυθυμοῦντες
2945 4117 2960 4140 ,
3011 4076 3454 4145 ἀπογινώσκουσι
3483 4117 3497 4139 ,
3528 4078 3623 4128 καὶ
3663 4077 3726 4128 οὐ

2149 4167 2500 4220 πιστεύουσιν
2554 4166 2630 4231 ὡς
2656 4168 2824 4235 ἐγγὺς
2857 4167 3064 4237 Κύριος
3103 4171 3213 4232 τοῖς
3271 4167 3726 4236 ἐπικαλουμένοις

2149 4257 2336 4318 αὑτὸν,
2397 4256 2535 4310 ἀλλὰ
2594 4257 2852 4325 λέγουσι·
2907 4258 3004 4321 Τίς
3050 4258 3312 4330 βοηθήσει
3361 4259 3526 4327 ἡμῖν;
3588 4257 3729 4326 ὅπερ

2148 4348 2384 4418 ἐσχάτης
2409 4349 2777 4418 ἀπογνώσεως
2811 4349 2892 4412 ὃν,
2951 4350 3135 4403 δίδωσι
3193 4353 3356 4416 νοεῖν,
3393 4351 3468 4413 ὡς
3525 4350 3725 4412 οὐδείς.

2150 4439 2219 4491 Ἦ
2244 4439 2340 4491 καὶ
2374 4439 2501 4507 περὶ
2526 4437 2636 4492 τῶν
2661 4439 3010 4510 φιλοσάρκων
3041 4441 3068 4493 ὁ
3092 4439 3270 4507 λόγος,
3293 4441 3490 4502 οἵτινες
3521 4439 3727 4505 ἁγαθὶν

467 4539 620 4594 cant,
642 4529 850 4588 Nullus.
876 4529 1007 4594 Quae
1026 4532 1188 4586 verba
1205 4541 1462 4587 extrema:
1475 4535 1699 4588 omnino
1716 4535 2036 4603 desperatio-

2155 4530 2450 4601 ἡγούμενοι
2472 4530 2572 4602 τὴν
2602 4531 2790 4586 ἄνεσιν
2812 4535 2907 4586 καὶ
2931 4534 3167 4603 τρυφὴν,
3185 4533 3356 4586 ταῦτα
3392 4533 3528 4602 μόνα
3561 4549 3725 4600 μετα·

465 4620 554 4671 nis
585 4627 733 4672 sunt.
761 4618 851 4674 Vel
882 4621 1064 4688 aliter,
1142 4623 1212 4678 de
1255 4625 1322 4680 iis
1370 4626 1684 4680 hominibus
1728 4643 1909 4682 sermo
1933 4637 2041 4693 est,

470 4710 563 4776 qui
612 4712 797 4766 carnis
829 4725 1138 4782 sequuntur
1177 4715 1448 4770 desideria
1480 4736 1492 4772 :
1527 4718 1619 4786 qtti
1677 4735 1798 4772 cum
1837 4720 1890 4772 in
1926 4721 2042 4774 otio

469 4809 634 4869 atque
682 4801 735 4854 in
779 4804 991 4860 deliciis
1027 4822 1302 4862 summum
1347 4810 1548 4863 bonuln
1587 4813 1902 4879 posuerint,
1948 4827 2043 4866 eas

2152 4622 2430 4686 διώκουσι,
2496 4623 2702 4694 σφόδρα
2769 4623 3058 4692 μισοῦντες
3093 4622 3190 4685 τὰς
3222 4620 3616 4680 κακοπαθείας,
3671 4618 3726 4670 αἳ

2152 4715 2274 4767 κατ’
2303 4716 2619 4785 οἰκονομίαν
2651 4715 2970 4783 ἐπάγονται.
3002 4715 3076 4767 Τὸ
3100 4714 3176 4777 δὲ,
3209 4714 3306 4779 Τίς
3345 4713 3527 4776 δείξει
3561 4710 3726 4780 ἡμῖγς

2150 4809 2331 4878 ψυχῆς
2360 4811 2580 4878 νοητέον
2603 4810 2938 4880 ὀρεγομένης
2965 4810 3227 4872 διακαῶς.

470 4890 603 4943 totis
638 4893 772 4946 velis
803 4895 1172 4964 insequuntur
1206 4915 1219 4952 :
1254 4899 1578 4955 athletioucs
1623 4916 1751 4954 vero
1806 4917 1928 4970 quae
1991 4900 2173 4952 divina
2220 4899 2632 4968 dispensatione
2685 4901 2845 4956 nobis
2925 4899 3294 4954 immittuntur
3369 4900 3525 4954 valde
3595 4899 3724 4954 ode-

462 4983 730 5040 runtJ‘er
755 4986 844 5040 illa
865 4988 1028 5042 etiam
1054 4991 1240 5055 verba,
1272 4991 1404 5058 Quis
1442 4990 1677 5046 ostendet
1708 4993 1856 5046 nobis
1891 4993 2066 5048 bona?
2105 4995 2301 5048 animm
2329 4993 2572 5048 ardentis
2591 5002 2752 5063 atque
2779 4991 3069 5048 immodice
3108 4995 3415 5063 appetentis
3473 4993 3726 5057 allectum

463 5077 702 5147 intelligo
728 5077 1121 5135 demonstrari.

535 5169 700 5226 Vens.
736 5172 785 5224 7.
814 5172 1088 5244 Signatum
1122 5187 1197 5230 es!
1217 5194 1375 5246 super
1399 5195 1490 5232 uos
1529 5179 1704 5231 lumen
1738 5179 1910 5231 vultus
1940 5179 2040 5243 tui,

463 5259 703 5319 Domine.
755 5265 956 5321 Verum
1006 5285 1130 5340 ego,
1193 5272 1390 5334 inquit,
1438 5271 1597 5340 longe
1647 5271 1808 5322 aliter
1841 5270 2041 5322 sentio.

469 5351 528 5408 in
610 5373 694 5410 me
766 5361 911 5412 cnim
990 5361 1262 5430 signatum
1313 5374 1398 5413 est
1467 5362 1650 5414 lumen
1749 5363 2044 5428 protectio-

468 5445 555 5499 nis
596 5454 703 5502 tute
740 5466 754 5502 :
803 5465 968 5519 quam
1023 5451 1224 5515 lucem,
1277 5450 1422 5503 illam
1468 5464 1592 5503 csse
1630 5449 2040 5518 intelligendum

2245 5173 2592 5242 Εσημειὼθη
2648 5173 2742 5242 ἐφ’
2774 5173 2931 5242 ἡμᾶς
2969 5174 3036 5227 τὸ
3089 5173 3216 5242 φῶς
3261 5174 3368 5228 τοῦ
3400 5172 3727 5242 προσώπου

2152 5283 2290 5325 σου,
2323 5267 2519 5332 Κύριε.
2543 5265 2688 5318 Ἀλλ’
2716 5265 2827 5332 ἐγὼ
2867 5269 2963 5336 οὐχ
3009 5266 3183 5329 οὕτως
3214 5267 3342 5335 ἔχω,
3377 5267 3472 5318 καὶ
3501 5266 3611 5334 γὰρ
3643 5268 3728 5316 ἐν-

2152 5357 2438 5428 εσημάνθη
2473 5376 2565 5428 μοι
2596 5361 2626 5429 ἡ
2652 5359 2938 5430 ἀντίληψις
2963 5361 3062 5427 τῆς
3093 5362 3193 5429 σῆς
3224 5359 3532 5427 ἐπισκοπῆς
3552 5375 3566 5388 ⁸
3597 5359 3730 5412 ταύ-

2151 5466 2253 5520 την
2281 5450 2389 5522 γὰρ
2415 5452 2530 5520 φῶς
2559 5451 2922 5523 ὑποληπτέον,
2965 5451 3041 5513 ὡς
3083 5451 3409 5505 διαλύουσαν
3440 5450 3500 5504 τὸ
3535 5450 3725 5512 σκότος

1833 5558 2038 5620 Varire
2073 5560 2408 5626 lectiones.

687 5659 998 5737 Graecorum
1029 5659 1318 5716 verborum
1363 5669 1664 5728 settStIscst
1699 5677 1712 5713 :
1753 5660 1918 5734 Atque
1945 5664 2268 5734 experientia
2327 5683 2441 5721 cum
2486 5679 2684 5737 q-outa
2722 5669 2790 5723 sit
2849 5669 3055 5723 utilitas
3097 5667 3394 5735 didicerim,
3467 5665 3600 5719 idem
3669 5674 3724 5717 ut

463 5738 514 5781 ct
551 5731 650 5797 ipsi
681 5729 897 5798 faciatis
933 5730 1136 5782 hortor.
