4090 6212
355 294 425 358 ενι
1561 290 1964 354 conamur.
1998 290 2080 349 IN
2117 292 2477 358 PSALuos.
3567 306 3638 371 93

356 406 452 474 τῆς
489 405 768 474 ἀθυμίας,
826 409 921 461 καὶ
951 406 1143 479 ὥσπερ
1184 406 1619 479 ἑγχαραχοεῖταν
1662 401 1935 471 γνώριμόν

2049 413 2155 467 est,
2188 420 2309 475 quae
2357 410 2612 467 maeroris
2657 412 2917 468 tenebras
2958 414 3214 472 dissolvit
3245 435 3262 478 ;
3298 434 3531 491 qumque
3573 428 3630 477 in

358 514 430 568 με
468 499 567 552 καὶ
594 501 705 562 τοῖς
740 499 931 571 πόρρω
963 500 1254 571 πεποίηκε.
1286 499 1446 561 Τινὲς
1476 497 1533 550 δέ
1562 513 1698 564 φασι
1730 509 1947 563 1:90:91;-

350 589 510 651 τεξας
544 583 687 643 εἶναι
715 589 776 642 τὸ
804 591 966 662 ῥητὸν
1002 593 1136 663 περὶ
1160 593 1270 644 τῶν
1305 587 1681 661 Χριστιανῶν,
1710 579 1792 648 οἷς
1821 586 1944 651 idq-

358 681 596 752 μειώθη,
624 683 926 750 τουτέστιν,
951 684 1111 755 ἐτέοη
1148 682 1443 754 γνώρισμα
1472 683 1500 734 ὁ
1528 676 1760 749 Χριστὶς
1780 716 1794 735 ι
1822 675 1952 743 κλη-

355 772 499 826 Θεῖσι
561 775 934 843 Χριστιανοῖς,
987 778 1044 842 ὃς
1079 778 1195 830 ἐστι
1245 775 1362 845 φῶς
1398 773 1491 828 τοῦ
1533 769 1769 840 Πατρός.
1809 766 1945 820 Συν-

355 865 514 932 έταξε
549 867 606 921 δὲ
634 867 850 931 τούτοις
899 873 927 923 ὁ
977 872 1277 941 Προφήτης
1330 867 1549 927 ἑαυτὸν,
1581 865 1670 918 διὰ
1697 863 1799 916 sitv
1838 856 1947 910 τῶν

354 962 568 1030 ἀρετῶν
605 963 930 1030 συγγένειάν
963 982 1023 1017 τε
1051 965 1145 1018 καὶ
1170 963 1512 1033 οἰκειότητα.

355 1065 458 1109 cst.
518 1055 539 1128 [
567 1056 667 1112 Per
700 1057 981 1115 Christum
1012 1062 1160 1116 enim
1190 1062 1411 1116 Patrem
1443 1058 1764 1128 agnovimus
1792 1070 1810 1111 :
1838 1053 1940 1120 Qui
1977 1052 2113 1107 enim
2141 1056 2272 1108 vidit
2297 1075 2397 1124 me,
2430 1059 2629 1130 inquit,
2664 1052 2791 1119 uidit
2818 1076 2869 1119 et
2900 1067 3112 1122 Patrem
3173 1087 3343 1125 meum
3373 1073 3461 1139 ἰς

2051 512 2139 552 tne
2173 498 2412 568 quodam
2448 503 2607 559 modo
2640 506 2935 579 insculpta,
2990 521 3179 567 nutum
3226 530 3311 570 me
3378 516 3637 572 omnibus

2053 604 2116 645 ac
2166 596 2534 663 conspicuum
2574 597 2725 664 facit,
2770 601 2856 658 his
2892 604 3058 657 etiam
3100 606 3195 675 qui
3243 609 3432 676 procul
3481 618 3636 663 sunt.

2052 682 2290 748 Quidam
2328 686 2486 742 aiunt
2531 694 2796 749 contineri
2841 695 2927 751 his
2960 697 3143 753 verbis
3191 700 3533 769 prophetiam
3568 701 3638 756 de

2050 773 2404 843 Christianis,
2450 781 2650 849 quibus
2696 801 2789 854 per
2819 787 2923 842 hoc
2957 805 3178 856 nomen,
3223 808 3335 861 quo
3359 792 3637 847 Christia-

2052 866 2109 919 ui
2158 871 2531 939 appellantur,
2579 878 2794 944 signum
2842 890 3006 951 atque
3052 884 3317 941 indicium
3360 887 3635 955 quoddam

2062 956 2383 1025 impositum
2426 975 2532 1030 est,
2565 966 2822 1057 Chri;tus
2862 972 3141 1037 nimirum,
3176 976 3268 1043 qui
3315 974 3494 1033 Patris
3543 976 3636 1031 lux

357 1147 525 1201 etiam
552 1150 841 1206 character
864 1163 918 1207 et
948 1152 1126 1206 lut‘ma
1166 1153 1369 1219 Patris,
1434 1153 1502 1207 ab
1557 1149 1821 1221 Apostolo
1884 1146 2309 1214 cognominatur
2340 1152 2436 1223 ⁸⁸.]
2479 1152 2785 1224 Coujuusit
2833 1168 3017 1215 autem
3075 1164 3316 1233 seipsum
3367 1162 3638 1234 PrOpbcta

356 1241 799 1308 Chrisﬁauismb
821 1246 1202 1314 cognationem
1228 1243 1517 1316 quamdam
1542 1258 1606 1297 ac
1634 1236 2063 1295 {antiliaritatem
2100 1237 2388 1295 virtutum.

432 1332 704 1401 Ἕὸωκας
727 1337 1126 1406 εὐφροσύνην
1148 1340 1234 1404 εις
1271 1336 1385 1404 τὴν
1407 1335 1661 1404 καρδίαν
1684 1349 1830 1404 μου.
1867 1327 1939 1383 ’11

354 1425 447 1479 διὰ
473 1428 576 1495 τὴν
607 1428 917 1499 ἁντέληψιν,
966 1430 1063 1501 τὴν
1106 1430 1462 1500 δηλωθεῖσαν,
1494 1428 1529 1501 ἢ
1582 1427 1672 1481 διὰ
1700 1426 1800 1497 τὴν
1831 1423 1945 1477 ἀπὸ

318 1552 327 1560 -
350 1519 451 1572 τοῦ
479 1519 720 1589 Χριστοῦ
752 1522 945 1591 κλῆσιν
968 1521 1076 1575 τῶν
1102 1521 1368 1597 εὐσεϐῶν.

422 1610 572 1665 Ἀπὸ
623 1612 858 1681 καρποῦ
902 1613 1104 1679 σίτου,
1149 1613 1327 1668 οἴνου
1357 1612 1457 1668 καὶ
1491 1611 1703 1666 ἐλαίου
1738 1607 1943 1665 αὐτῶν

346 1705 846 1774 ἐπληθύνθησαν.
881 1707 1018 1777 Περὶ
1045 1708 1154 1761 τῶν
1184 1707 1540 1777 φιλοσάρκων
1568 1704 1719 1773 λέγει
1750 1703 1939 1770 πάλιν,

345 1798 429 1851 ὅτι
480 1799 591 1851 Καὶ
613 1798 684 1852 τὰ
714 1800 880 1870 γήϊνα
921 1798 1216 1870 φρονοῦσιν
1260 1798 1447 1861 αὐτοῖς
1480 1796 1721 1867 δαψιλῶς
1758 1795 1941 1849 πάντα

345 1893 605 1961 χορηγεῖς
635 1891 744 1944 ὑπὸ
772 1891 874 1961 τῆς
911 1890 1052 1961 ἄγαν
1109 1890 1532 1960 φιλανθρωπίας
1558 1906 1572 1919 ·
1609 1888 1944 1960 ἀπαριθμεῖ.

344 2000 440 2037 ται
474 1984 588 2053 γὰρ
620 1985 706 2039 ὅτι
741 1984 853 2039 ἀπὸ
881 1983 1101 2054 καρποῦ
1133 1983 1288 2037 σίτου
1309 2019 1326 2048 ,
1386 1981 1534 2035 οἴνου
1584 1981 1683 2035 καὶ
1734 1982 1941 2047 ἐλαίου,

346 2078 796 2149 ἐπληθύνθησαν,
813 2077 1102 2131 τουτέστιν
1134 2074 1579 2144 ἐνεπλήσθησαν,
1598 2073 1805 2144 δηλαδὴ
1835 2074 1946 2127 τῶν

349 2166 883 2236 ἀπαριῡμηῦἐντων,
920 2166 990 2219 δι’
1025 2158 1103 2219 ὧν
1142 2164 1583 2234 ἀναγκαιότερον
1613 2163 1711 2217 καὶ
1738 2164 1787 2216 τ’
1814 2161 1948 2217 ἄλλα

354 2259 466 2311 τῶν
497 2258 807 2329 βρωμάτων
833 2256 947 2327 εῐδη
985 2255 1449 2326 συμπεριέλαϐεν.

437 2435 535 2487 Ἐν
583 2435 793 2503 εἰρήνῃ
844 2434 944 2488 ἐπὶ
997 2435 1063 2488 τὸ
1118 2434 1268 2489 αὐτὸ
1320 2435 1788 2504 κοιμηθήσομαι,
1839 2437 1938 2489 καὶ

348 2521 637 2578 ὐπνώσω.
658 2524 799 2587 Τοὺς
828 2523 1184 2597 ἐνοχλοῦντάς
1220 2541 1313 2594 μοι
1342 2524 1543 2592 φόϐους
1574 2525 1937 2593 ἀποθέμενος,

348 2616 649 2687 ἀταράχως
678 2616 1116 2686 κοιμηοήσομαι,
1153 2615 1250 2670 καὶ
1277 2615 1340 2668 οὐ
1385 2615 1547 2669 τοῦτο
1581 2615 1763 2686 μόνον.
1796 2617 1937 2672 ἀλλὰ

349 2707 446 2760 καὶ
480 2706 643 2776 μέχρι
668 2706 854 2778 κόρου.
880 2706 953 2759 Τὸ
979 2706 1077 2776 μὲν
1106 2706 1238 2778 γάρ,
1275 2705 1376 2760 ἐπὶ
1407 2706 1473 2760 τὸ
1493 2707 1663 2775 αὐτὸ,
1686 2707 1938 2778 βούλεται

346 2800 410 2850 τὸ
450 2800 568 2869 ἅμα
593 2799 812 2869 δηλοῦν,
849 2800 931 2852 ὅτι
968 2800 1076 2853 Καὶ
1093 2802 1261 2869 ἄμφω
1281 2798 1454 2854 ταῦτα
1471 2800 1705 2871 ποιήσω.
1742 2801 1815 2853 Τὸ
1845 2802 1925 2868 δὲ,

346 2892 632 2956 ianuam,
686 2892 788 2963 τῆς
830 2890 1209 2956 κατακλίσεως
1252 2893 1404 2945 ἐστιν
1427 2891 1703 2954 ἐπίτασις.
1735 2894 1807 2947 Ἦ
1837 2897 1936 2949 καὶ

350 2983 692 3054 προφητεύει
721 2984 849 3055 περὶ
879 2984 981 3054 τῆς
1009 2984 1208 3039 ἑαυτοῦ
1240 2983 1523 3055 τελευτῆς,
1572 2985 1648 3049 ὡς
1670 2988 1772 3041 οὐκ
1800 2990 1939 3041 ἀπο-

2121 1329 2333 1387 Dedisti
2376 1334 2629 1393 lmtitiam
2658 1341 2713 1396 in
2745 1343 2902 1398 corde
2932 1361 3067 1401 meo.
3109 1347 3201 1401 Vel
3244 1359 3468 1420 propter
3497 1367 3637 1422 prm-

2045 1418 2255 1477 dictum
2283 1426 2576 1495 auxilium,
2629 1432 2713 1488 vel
2741 1434 2812 1489 ob
2841 1418 3363 1497 denominationetn
3390 1418 3634 1500 ﬁdelium

2047 1529 2077 1568 a
2109 1513 2356 1578 Christo.

2120 1607 2285 1666 Vens.
2311 1612 2365 1669 8.
2393 1615 2434 1671 Α
2467 1617 2653 1687 fructu
2688 1624 2944 1689 frumenti
2968 1624 3081 1679 vini
3108 1633 3161 1679 et
3190 1623 3315 1691 olei,
3343 1627 3421 1683 eis
3447 1629 3635 1683 multi-

2044 1699 2234 1769 plicati
2254 1716 2401 1761 sunt.
2435 1707 2509 1765 De
2539 1714 2855 1770 carnalibus
2884 1715 3202 1773 hominibus
3227 1718 3422 1775 iterum
3445 1734 3631 1777 sermo

2045 1806 2133 1851 est
2170 1816 2185 1854 :
2223 1800 2423 1869 quibus
2467 1811 2684 1860 terrena
2718 1815 2926 1862 tantum
2956 1809 3337 1880 cogitantibus
3358 1852 3375 1877 ,
3409 1811 3630 1870 abunde

2046 1889 2234 1944 omnia
2269 1890 2436 1946 Deum
2470 1910 2581 1962 pra:
2607 1912 2798 1967 magna
2829 1898 3160 1970 benignitate
3181 1901 3633 1961 subministrasso

2047 1985 2344 2033 attestatur
2377 1981 2654 2051 Propheta
2704 2001 2719 2037 :
2772 1997 2827 2041 et
2868 1988 3012 2044 bona
3064 1991 3147 2045 eis
3185 1993 3382 2048 collata
3422 2010 3632 2050 comm-

2055 2078 2230 2122 merat
2262 2069 2479 2137 dicens,
2509 2074 2657 2141 quod
2687 2088 2715 2127 a
2746 2074 2927 2131 l‘ructu
2949 2077 3232 2146 frumenti,
3258 2083 3391 2148 riui,
3422 2094 3476 2138 et
3499 2087 3633 2150 olei,

2054 2157 2399 2227 multiplicati
2448 2173 2579 2218 sunt
2628 2163 2745 2231 eis;
2799 2165 2901 2221 hoc
2942 2175 3052 2226 est.
3094 2169 3176 2225 eis
3225 2176 3635 2229 conuumeratia

2054 2246 2216 2305 bouis
2261 2252 2473 2320 repleti,
2509 2268 2608 2322 per
2657 2270 2779 2324 qua:
2814 2255 2953 2313 bona
3005 2267 3267 2329 tanquam
3317 2276 3417 2331 per
3461 2266 3637 2334 magis

2052 2344 2390 2409 necessaria,
2427 2344 2638 2414 reliqua
2670 2347 2916 2403 ciborum
2965 2366 3168 2419 gruera
3199 2351 3490 2409 intellexit.

2120 2428 2280 2486 Vens.
2312 2434 2363 2488 9.
2402 2431 2468 2487 In
2491 2437 2690 2502 pacein
2710 2438 2939 2508 idipsttm
2968 2440 3235 2495 dormiam
3251 2452 3301 2496 et
3316 2445 3629 2512 soporabor.

2044 2520 2303 2592 Deposito
2328 2525 2549 2588 timore.
2582 2545 2694 2597 quo
2729 2532 3117 2598 perturbabar,
3153 2534 3416 2606 deinceps
3443 2537 3629 2607 quieto

2041 2613 2349 2683 dormiam;
2383 2633 2486 2673 nec
2517 2608 2792 2675 dormiam
2831 2623 3185 2694 simpliciter,
3218 2626 3316 2683 sed
3356 2629 3423 2682 ad
3450 2629 3625 2700 ipsam

2044 2723 2219 2776 usque
2250 2710 2591 2768 satietatem.
2627 2711 2763 2769 Nam
2805 2718 2949 2786 quod
2984 2718 3083 2783 ait,
3113 2720 3168 2772 in
3198 2720 3452 2789 idipsum,
3479 2722 3623 2777 idem

2041 2799 2144 2855 sibi
2169 2801 2284 2856 vult
2305 2801 2452 2873 quod
2478 2820 2583 2858 una
2610 2820 2629 2858 :
2655 2820 2719 2860 ac
2737 2807 2782 2861 si
2801 2806 2970 2871 dicat,
3001 2808 3241 2880 Utraque
3264 2812 3378 2867 haec
3401 2811 3625 2879 faciam,

2040 2891 2309 2946 dormiam
2340 2902 2396 2948 et
2427 2898 2638 2965 pariter
2676 2898 2989 2966 soporabur.
3021 2899 3144 2967 Quo
3178 2903 3433 2971 loquendi
3460 2906 3623 2960 modo

2042 2987 2427 3044 accubatiouis
2458 2999 2511 3043 et
2545 2989 2748 3059 quietis
2782 3006 2897 3048 sua:
2928 2992 3296 3050 intensionezn
3327 2997 3620 3065 expressit.

347 3075 592 3130 θανεῖται
624 3076 841 3147 βιαίως,
883 3076 1023 3130 ἀλλὰ
1049 3075 1194 3130 κατὰ
1217 3076 1399 3146 φύσιν,
1447 3076 1578 3132 ἔνθα
1612 3080 1710 3133 καὶ
1735 3080 1925 3151 νοήσο-

2048 3075 2141 3134 Vel
2178 3080 2264 3134 his
2303 3080 2486 3136 verbis
2518 3079 2788 3152 Propheta
2820 3084 3074 3142 fortassis
3117 3088 3380 3157 praedicit,
3412 3104 3532 3158 qua:
3555 3089 3624 3146 ad

350 3187 456 3240 μεν
478 3171 561 3235 τὸ,
595 3171 695 3225 ἐπὶ
752 3172 818 3226 τὸ
866 3171 1038 3237 αὐτὸ,
1092 3172 1222 3242 περὶ
1267 3171 1365 3227 τοῦ
1413 3173 1671 3244 σώματος
1708 3175 1799 3229 καὶ
1832 3176 1932 3245 τῆς

344 3263 529 3333 ψυχῆς
594 3263 801 3334 λέγειν,
855 3266 940 3319 ὅτι
990 3263 1423 3337 Κοιμηθήσομαι
1455 3266 1513 3319 ἐν
1540 3268 1732 3340 εἰρήνῃ
1772 3268 1930 3338 ὁμοῦ,

344 3358 446 3411 καὶ
485 3360 624 3413 κατὰ
668 3359 853 3429 σῶμα,
878 3359 977 3413 καὶ
1017 3360 1162 3415 κατὰ
1196 3360 1377 3432 ψυχήν
1397 3377 1414 3392 ν
1446 3360 1640 3414 τούτου
1667 3362 1788 3432 μὲν,
1820 3362 1931 3415 τῶν

344 3450 563 3520 ὁρατῶν
592 3451 1010 3520 ἀπαλλαγέντος
1042 3453 1256 3524 ἐχθρῶν
1280 3471 1294 3485 ο
1324 3453 1544 3523 ἐκείνης
1576 3453 1634 3507 δὲ
1655 3494 1670 3518 ,
1702 3454 1811 3508 τῶν
1837 3456 1931 3507 ἀο-

348 3544 550 3612 ράτων.
580 3543 656 3597 Τδ
684 3544 769 3608 δὲ,
801 3544 1064 3600 ὑπνώσω
1085 3586 1101 3613 ,
1130 3545 1224 3600 τὸν
1260 3545 1424 3619 μέχρι
1448 3547 1547 3618 τῆς
1576 3547 1932 3611 ἀναστάσεως

346 3636 566 3708 μακρὸν
594 3637 896 3694 αἰνίττεται
927 3639 1143 3710 χρόνον.

419 3908 549 3961 Ὀτι
580 3907 681 3971 σὺ,
708 3909 906 3977 Κύριε,
931 3908 1084 3963 κατὰ
1106 3912 1303 3979 μόνας
1328 3909 1423 3964 ἐπ’
1445 3911 1648 3965 ἐλπίδι
1678 3910 1928 3974 κατῴκι-
1966 3948 1968 3951 -

338 4004 466 4068 σάς
489 4019 583 4071 με.
618 4002 691 4056 Σύ
822 4004 991 4073 χωρὶς
1019 4002 1132 4056 τῶν
1159 4003 1414 4072 πονηρῶν
1437 4003 1608 4055 οἰκεῖν
1638 4003 1929 4071 ἐποίησας,

339 4096 434 4147 ἐπ’
467 4095 641 4148 ἐλπίδι
671 4096 973 4167 σωτηρίας.
1000 4094 1159 4158 Τινὲς
1190 4093 1248 4147 δέ
1284 4109 1473 4161 φασιν,
1505 4093 1589 4146 ὅτι
1614 4093 1774 4146 τοῦτο
1803 4097 1931 4165 περὶ

334 4187 443 4254 τῆς
470 4187 532 4238 ἐκ
554 4184 768 4256 νεκρῶν
814 4185 1171 4248 ἀναστάσεως
1210 4185 1616 4254 προεφήτευσε,
1656 4185 1931 4253 σχηματίο

338 4296 445 4339 σας
502 4279 593 4332 τὸν
619 4279 777 4348 λόγον
824 4278 899 4341 ὡς
929 4278 1037 4332 άπὸ
1063 4277 1157 4331 τοῦ
1195 4275 1468 4347 σώματος,
1504 4275 1778 4346 λέγοντος.
1844 4277 1926 4332 ὃτι

335 4371 440 4431 Σὺ.
491 4368 687 4441 Κύριε,
743 4371 1023 4425 κατοικεῖν
1056 4386 1122 4438 με
1153 4369 1246 4421 τὸν
1274 4369 1446 4436 τάφον
1475 4367 1685 4439 ὥρισας
1751 4387 1924 4440 μεμο-

335 4463 592 4531 νωμένον
619 4462 721 4528 τῆς
773 4461 1012 4528 συζύγου
1060 4461 1270 4532 ψυχῆς⁸
1320 4461 1419 4531 οὐχ
1449 4461 1640 4526 ἁπλῶς
1665 4462 1746 4525 δὲ,
1803 4463 1922 4518 ἀλλ’

338 4555 526 4608 ἑλπίδι
557 4553 938 4618 ἀναστάσεως,
969 4553 1059 4606 ὅτε
1083 4553 1179 4605 καὶ
1207 4551 1306 4622 τὴν
1338 4550 1518 4625 ψυχὴν
1546 4553 1917 4626 ἀπολήψομαι.

336 4648 421 4700 Τὸ
450 4647 538 4711 δὲ,
573 4645 686 4709 ὅτι,
743 4645 1021 4716 παρέλκον
1071 4644 1253 4696 δοκεῖ’
1317 4646 1415 4697 καὶ
1463 4645 1571 4715 γάρ
1598 4647 1655 4697 ἐν
1703 4648 1922 4709 πολλοῖς

339 4740 543 4808 ἰδίωμα
590 4739 687 4793 καὶ
718 4737 880 4791 τοῦτο
908 4737 1009 4807 τῆς
1045 4734 1323 4799 Παλαιᾶς·
1375 4739 1581 4789 νοεῖται
1609 4736 1665 4790 δὲ
1695 4739 1788 4790 καὶ
1827 4736 1919 4806 βε-

336 4831 661 4896 ϐαιωτικὸν,
689 4831 811 4886 ἀντὶ
836 4829 932 4883 τοῦ
957 4828 1169 4893 ὄντως.

2043 3182 2280 3226 mortem
2315 3188 2472 3227 suam
2502 3175 2888 3243 pertinebant;
2936 3178 3081 3246 quod
3110 3179 3322 3234 scilicet
3351 3196 3461 3235 non
3504 3182 3621 3235 vio-

2040 3261 2211 3328 lenta,
2246 3264 2343 3320 sed
2375 3267 2614 3321 naturali
2657 3276 2835 3323 morte
2893 3268 2944 3323 ei
2998 3270 3342 3325 moriendum
3377 3282 3516 3328 erat.
3557 3272 3623 3328 Et

2038 3354 2186 3424 quod
2218 3355 2350 3410 dicit
2384 3356 2439 3410 in
2475 3358 2726 3425 utipsam,
2769 3359 2837 3415 de
2868 3359 3047 3414 anima
3094 3370 3148 3416 et
3177 3376 3411 3431 corpore
3462 3366 3622 3420 intel-

2035 3446 2290 3514 ligeutus.
2324 3444 2599 3501 Dormiam
2635 3447 2782 3501 enim
2816 3462 2937 3520 ego,
2972 3447 3171 3518 inquit,
3209 3450 3264 3504 in
3299 3465 3455 3521 pace,
3495 3466 3620 3506 crr-

2035 3549 2169 3604 pore
2201 3537 2412 3605 pariter
2437 3546 2491 3590 et
2526 3538 2710 3591 anima
2740 3554 2756 3591 :
2809 3552 3047 3608 corpore
3077 3539 3336 3594 nimirum
3372 3553 3402 3593 a
3434 3539 3623 3596 visibi-

2035 3626 2204 3692 libus,
2237 3638 2294 3684 et
2334 3630 2517 3684 anima
2549 3630 2617 3685 ab
2650 3629 3024 3686 iuvisibilibus
3074 3631 3319 3689 inimicis
3365 3632 3617 3689 liberata.

2033 3716 2188 3783 Quod
2219 3733 2349 3773 vero
2399 3719 2499 3783 ait,
2548 3720 2868 3788 soporabor,
2912 3721 3140 3793 longum
3194 3724 3620 3782 resurrectionis

2034 3820 2251 3879 tempus
2282 3811 2596 3879 signiﬁcare
2618 3812 2797 3867 videtu
2809 3829 2854 3869 r.

2105 3899 2274 3955 Vens.
2312 3899 2378 3953 10
2425 3900 2689 3965 Quoniam
2722 3912 2801 3969 tu,
2822 3903 3064 3971 Domine,
3086 3908 3430 3977 singulariter
3456 3909 3510 3963 iu
3531 3925 3620 3979 spe

2040 3989 2287 4044 habitare
2326 3990 2501 4058 fecisti
2562 4007 2665 4047 me.
2696 3991 2776 4046 Tu
2812 4010 2918 4060 me,
2961 3996 3161 4065 inquit,
3203 3999 3453 4057 habitare
3480 4003 3618 4058 fet-i-

2034 4086 2104 4139 sti
2134 4099 2384 4141 scorsum
2412 4100 2439 4137 a
2466 4083 2724 4152 malignis
2755 4093 2921 4154 atque.
2943 4087 2996 4140 iu
3021 4102 3118 4157 spe
3147 4089 3365 4146 salutis.
3385 4094 3614 4158 Quidam

2034 4194 2166 4233 vero
2218 4177 2336 4232 haec
2378 4177 2450 4233 de
2496 4177 2906 4233 resurrectione
2954 4194 2983 4231 a
3018 4180 3254 4236 mortuis
3298 4184 3617 4253 proldtetico

2030 4274 2174 4329 dicta
2207 4288 2334 4328 esse
2362 4274 2515 4327 aiunt
2544 4289 2558 4326 :
2595 4274 2854 4344 quodque
2890 4273 3088 4328 beatus
3123 4271 3312 4341 David,
3345 4278 3508 4335 veluti
3548 4298 3614 4340 ex

2029 4363 2280 4434 corporis
2313 4362 2397 4418 sui
2419 4377 2655 4432 persona
2688 4377 3001 4419 sermonem
3039 4362 3317 4431 formavit,
3342 4365 3573 4429 dicentis
3597 4380 3621 4429 ι’

1955 4441 2000 4497 Ῑ)
2032 4456 2138 4522 Τυ,
2171 4455 2420 4522 Domine,
2454 4455 2705 4512 habitare
2736 4471 2823 4512 me
2853 4458 3029 4512 iecisti
3066 4456 3124 4512 in
3173 4459 3457 4528 sepultura
3500 4481 3515 4532 ;
3558 4474 3617 4521 et

2031 4549 2375 4606 constituisti
2419 4564 2506 4604 me
2533 4548 2866 4619 singularem
2898 4563 2963 4603 ac
2993 4549 3303 4605 solitarium
3332 4552 3445 4607 illic
3469 4570 3613 4621 esse,

2031 4657 2061 4697 a
2109 4643 2444 4712 propriaque
2495 4656 2561 4696 ac
2606 4641 2756 4696 socia
2815 4640 2949 4695 mihi
3003 4641 3186 4696 anima
3248 4642 3610 4711 disjunctuue.

2032 4735 2235 4789 Verum
2276 4735 2381 4789 hoc
2407 4749 2515 4788 nou
2542 4733 2886 4803 simpliciter,
2906 4734 3000 4789 sed
3036 4735 3090 4788 in
3125 4749 3222 4803 spe
3250 4737 3613 4792 resurrectio-

2030 4828 2151 4893 nis;
2189 4825 2641 4897 quandoquidem
2688 4826 2886 4879 iterum
2943 4827 3180 4880 animum
3223 4836 3612 4897 suscepturum

334 4938 579 4992 sperem.
611 4923 705 4978 llla
745 4932 927 4978 autem
959 4920 1164 4985 dictio,
1184 4920 1460 4991 quoniam,
1509 4917 1795 4974 abundare
1842 4918 2065 4975 videtur
2120 4919 2225 4972 hoc
2297 4918 2352 4970 iu
2399 4916 2542 4982 loco,
2605 4916 3073 4987 quemadmodum
3126 4926 3182 4973 et
3234 4932 3379 4989 saepe
3456 4920 3608 4983 alibi,

328 5022 497 5092 juxta
549 5035 725 5076 sacra:
771 5018 1076 5088 Scripturae
1121 5027 1288 5086 atque
1336 5012 1590 5069 llebraici
1642 5012 1923 5068 idiomatis
1966 5012 2354 5084 proprietatem
2402 5026 2415 5061 :
2456 5022 2770 5079 quanquam
2830 5025 3217 5081 saepenumero
3280 5011 3447 5068 etiam
3494 5013 3611 5068 haec

333 5116 509 5172 dicziu
538 5114 681 5184 apud
713 5112 973 5169 Hebraeos
1010 5111 1153 5166 idem
1186 5108 1462 5179 signiﬁcat
1485 5105 1633 5177 quod
1674 5123 1809 5175 vere,
1863 5116 1920 5164 et
1962 5109 2189 5180 ponitur
2229 5120 2329 5177 pro
2360 5104 2622 5159 adverbio
2644 5104 3031 5163 conﬁrmandi.

486 5209 591 5273 Εἰς
611 5206 680 5261 τὸ
703 5205 898 5272 τέλος,
924 5203 1078 5272 ὑπὲρ
1099 5202 1213 5270 τῆς
1237 5199 1763 5270 κληρονομούσης.

930 5295 1225 5351 ΨΑΛΜΟΣ
1266 5290 1339 5346 E'.

416 5389 487 5443 Τί
517 5390 616 5463 μὲν
639 5389 972 5461 παρίστησιν
998 5390 1032 5457 ὴ
1062 5389 1149 5453 εις
1172 5386 1239 5439 τὸ
1260 5384 1438 5450 τέλος
1468 5385 1775 5458 ἐπιγραφὴ,
1794 5403 1924 5457 προ-

333 5483 583 5553 είρηται.
608 5481 750 5534 Φασὶ
776 5479 832 5532 δέ
862 5494 1009 5542 τινες
1037 5474 1272 5531 ἐνταῦθα
1320 5475 1417 5538 τὰς
1441 5476 1676 5546 ἐσχάτας
1705 5477 1922 5548 ἡμέρας

334 5572 772 5644 ὕποόηλοῦσθαι,
801 5571 922 5626 καθ’
951 5568 1018 5633 ἃς
1047 5568 1077 5621 ὁ
1116 5568 1323 5639 Κύριος
1354 5566 1746 5640 ἐνηνθρὼπησε
1778 5584 1795 5602 ο
1825 5585 1923 5638 τη-

354 5710 357 5711 7
397 5756 446 5789 “
474 5754 636 5812 Joan.
672 5771 784 5824 xxv,
812 5758 865 5813 9.
945 5754 990 5791 ”
1013 5753 1178 5813 Hebr.
1209 5772 1248 5827 l,
1278 5759 1332 5813 5-

2134 5199 2200 5255 ln
2222 5200 2383 5270 ﬁnem
2411 5212 2508 5264 pro
2533 5215 2593 5253 ea
2614 5214 2733 5269 qua
2756 5200 3121 5255 lawreditatem
3144 5200 3498 5271 consequitur.

2700 5287 3026 5348 PSALMUS
3044 5290 3113 5348 γ.

2099 5383 2257 5451 Quod
2276 5381 2376 5436 sibi
2396 5381 2521 5435 velit
2546 5381 2835 5452 inscriptio
2851 5384 2906 5437 in
2922 5384 3103 5451 ﬁnem,
3124 5381 3375 5451 superius
3396 5379 3604 5436 dictum

2028 5486 2113 5532 est
2146 5495 2160 5532 :
2200 5476 2306 5530 hoc
2343 5483 2525 5530 autent
2562 5473 2617 5529 itt
2655 5474 2776 5530 loco
2803 5476 3023 5545 quidam
3056 5488 3152 5542 per
3193 5486 3311 5524 eam
3344 5472 3498 5527 aiunt
3530 5473 3606 5528 si-

2028 5568 2278 5642 gniﬁcari
2321 5568 2443 5625 illos
2478 5569 2620 5637 dies,
2663 5566 2867 5639 quibus
2915 5562 3171 5620 Christus
3220 5562 3384 5619 homo
3423 5564 3600 5623 lactus
