4090 6212
484 310 560 374 93
1747 292 2133 354 EUTlIYMIl
2174 286 2538 348 ZIGABENI

3632 282 3733 352 100

488 435 595 489 est,
663 418 883 491 quando
918 416 1109 471 utnhra
1134 416 1271 485 legis
1304 409 1462 466 finem
1491 407 1721 478 accepit,
1774 416 1938 473 atque
1968 404 2071 457 hoc

2185 400 2406 454 νικαῦτα
2435 399 2546 470 γὰρ
2571 397 2717 461 τέλος
2750 396 2940 451 ἔλαϐεν
2976 399 3007 466 ἡ
3040 398 3165 450 σκιά
3192 393 3284 448 τοῦ
3317 395 3503 460 νόμον
3532 394 3628 447 καὶ
3656 413 3745 447 πι-

492 532 559 569 ex
607 510 1073 581 subsequentibus
1106 502 1453 573 comprobari
1486 517 1500 566 ;
1541 516 1604 553 ex
1644 509 1873 566 persona
1922 496 2066 547 enim

493 604 689 661 intnrze
733 602 971 656 lidelinm
1008 597 1265 652 Ecclesize
1296 593 1567 662 PrOpheta
1604 589 1874 658 psalmum
1923 587 2069 639 hunc

492 695 807 766 composuit
836 712 850 748 :
897 704 1209 761 quanquam
1249 696 1300 741 et
1337 685 1505 754 ipsius
1533 684 1696 737 etiam
1730 678 1870 733 beati
1902 677 2068 732 David

492 788 725 857 negotiis
759 801 819 838 ac
850 786 1014 839 rebus
1052 787 1316 848 congruat
1351 794 1364 842 ;
1396 779 1535 828 hanc
1559 772 1720 841 igitur
1748 769 2070 833 Ecelesiani,

494 897 612 934 eam
650 894 773 932 esse
813 876 1106 943 intelliges,
1138 886 1300 941 quam
1340 867 1609 936 Propheta
1654 863 1788 916 dicit
1836 860 2069 915 haeredi-

494 982 658 1023 tatem
705 966 965 1034 consequi
1017 983 1025 1014 :
1085 978 1146 1017 ea
1213 960 1469 1014 nimirum
1522 955 1757 1018 ratione,
1802 954 1929 1021 quia
1980 967 2073 1021 per

498 1060 754 1131 baptismi
796 1058 1259 1126 regenerationem
1297 1051 1552 1119 adoptata
1583 1056 1689 1108 est,
1736 1053 1788 1099 et
1824 1045 2072 1113 adoptio-

496 1156 582 1205 nis
636 1149 914 1218 pririlegia
975 1154 1290 1197 consecuta.
1350 1139 1648 1192 [hereditas
1682 1151 1810 1189 vero
1851 1151 1972 1205 qua:
2024 1134 2072 1187 ei

491 1245 741 1302 debetur,
776 1241 866 1291 illa
898 1246 985 1290 est
1018 1251 1181 1304 quam
1213 1249 1302 1285 nec
1338 1229 1520 1282 oculus
1552 1228 1703 1289 vidit,
1740 1224 1758 1297 [
1786 1242 1877 1279 nec
1924 1226 2071 1278 auris

494 1332 786 1401 audit-it“]
823 1342 930 1384 etc.
970 1329 1043 1381 De
1088 1328 1187 1378 hac
1224 1326 1387 1377 etiam
1422 1321 1660 1375 Ecclesia
1693 1328 1951 1389 tauquam
2006 1319 2074 1372 de

492 1437 695 1490 sponsa
744 1420 947 1472 Paulus
994 1415 1263 1469 dicebat:
1312 1413 1503 1480 Aptavi
1555 1412 1807 1479 virginem
1870 1422 2072 1463 castam

492 1515 709 1567 Christo
742 1516 1065 1568 constituere
1093 1516 1169 1579 ⁸⁷;
1197 1522 1248 1566 et
1286 1512 1546 1577 Joannes,
1590 1512 1696 1577 Qui
1733 1510 1886 1563 habet
1917 1525 2073 1576 spon-

495 1624 632 1667 s~.m,
673 1622 894 1674 sponsus
927 1616 1003 1660 est
1025 1607 1106 1671 ”;
1159 1615 1207 1659 et
1241 1606 1434 1659 beatus
1465 1603 1627 1656 David
1681 1602 1808 1655 alibi
1849 1620 1861 1657 :
1893 1601 2072 1655 Astitit

497 1696 695 1765 Regina
723 1714 753 1748 a
786 1697 988 1750 dextris
1030 1697 1132 1748 tuis
1161 1698 1228 1749 ⁸⁸.
1269 1694 1324 1748 In
1362 1695 1618 1764 praesenti
1656 1708 1786 1746 vero
1830 1700 2075 1758 tempore

2175 493 2433 549 στοῦνται
2458 491 2552 544 τὸν
2600 492 2757 559 λέγον
2788 492 2899 544 ἀπὸ
2923 489 3017 544 τοῦ
3049 489 3391 559 ἐπαγομένου
3414 504 3429 518 ο
3468 488 3747 558 προσώπῳ

2174 588 2282 653 γὰρ
2304 584 2400 653 τῆς
2419 583 2746 651 Ἐκκλησίας
2774 583 2881 636 τῶν
2910 582 3139 651 ὕστερον
3161 581 3373 635 πιστῶν
3393 582 3631 632 ποιεῖται
3654 582 3747 633 τὸν

2172 674 2385 744 ψαλμὸν
2429 676 2455 726 6
2499 676 2809 743 Προφήτης,
2840 676 2888 726 εἰ
2923 673 3015 725 καὶ
3046 674 3157 734 τοῖς
3193 671 3313 723 κατ’
3346 673 3559 724 ἐκεῖνον
3595 671 3750 723 οὐδὲν

2172 764 2333 838 ἧττον
2366 767 2594 837 ἁρμόζει
2628 767 2939 836 πράγμασι.
2968 763 3424 834 Κληρονομοῦσαν
3451 764 3507 815 δὲ
3544 764 3749 832 ταύτην

2175 859 2479 928 ὠνόμασεν,
2514 859 2587 920 ὼς
2617 859 2704 911 διὰ
2728 859 2825 927 τῆς
2858 858 3281 925 παλιγγενεσίας
3309 856 3402 908 τοῦ
3438 855 3751 925 βαπτίσμα-

2175 969 2264 1014 τος
2323 952 2762 1021 υἱοθετηθείσανσ
2802 951 3005 1019 κλῆρος
3060 951 3116 1003 δὲ
3144 949 3338 1016 αὐτῆς,
3377 947 3413 1001 Li
3442 950 3752 1016 ὀφθαλμρίς

2178 1050 2291 1101 οὐκ
2323 1044 2467 1106 εἶδε,
2508 1048 2600 1099 καὶ
2655 1048 2722 1098 τὰ
2769 1046 2915 1114 ἑξῆς.
2953 1046 3087 1114 Περὶ
3114 1044 3339 1112 ταύτης,
3401 1045 3477 1105 ὡς
3508 1042 3750 1111 νύμφης,

2177 1141 2270 1193 καὶ
2305 1139 2514 1201 Παῦλος
2548 1139 2752 1205 ἔλεγεν·
2781 1137 3171 1205 ἸΙρμοσάμην
3208 1136 3506 1203 παρθένον
3556 1135 3753 1203 ἁγνὴν

2176 1231 2569 1301 παραστῆσαι
2606 1231 2839 1298 Χριστῴ
2860 1248 2873 1263 ο
2900 1231 2993 1283 καὶ
3027 1230 3287 1297 Ἰωάννης
3309 1243 3322 1255 ·
3365 1227 3427 1280 '0
3456 1227 3612 1293 ἔχων
3638 1226 3755 1290 τὴν

2176 1327 2443 1393 νύμφην,
2478 1325 2739 1393 νυμφίος
2773 1324 2942 1376 ἐστι·
2986 1324 3080 1375 καὶ
3111 1320 3275 1382 αὐτὸς
3307 1315 3461 1381 οὗτος
3490 1320 3517 1369 6
3546 1316 3709 1369 Δαίὲίδ
3735 1332 3751 1347 ·

2177 1418 2437 1484 Πίίρεστι
2485 1416 2522 1481 ἠ
2563 1417 2917 1480 βασίλισσα
2955 1415 3023 1467 ἐκ
3054 1411 3270 1476 δεξιῶν
3300 1425 3436 1464 σου.
3479 1409 3754 1477 Κληρονο-

2182 1507 2387 1576 μοῦσαν
2412 1506 2491 1568 δὲ,
2517 1508 2607 1558 καὶ
2628 1506 2689 1557 οὐ
2721 1505 3228 1574 κληρονομήσασαν,
3258 1502 3290 1571 ἦ
3345 1498 3756 1569 κληρονομῆσαι

2182 1599 2484 1668 μέλλουσαν
2527 1598 2774 1668 εἴρηκεν,
2828 1599 2919 1654 διὰ
2972 1597 3033 1650 τὸ
3078 1597 3165 1650 ἀεὶ
3220 1596 3607 1665 κληρονομεῖν,
3660 1592 3755 1645 καὶ

2182 1690 2453 1761 μηδέποτε
2484 1690 2696 1759 λήγειν.

500 1792 660 1857 dixit,
721 1792 848 1856 Quae
886 1793 1249 1846 [nereditatem
1286 1793 1646 1862 consequitur,
1687 1797 1740 1845 et
1785 1804 1893 1843 non
1932 1790 2061 1856 Quae
2099 1800 2395 1842 consecuta
2431 1796 2533 1853 est,
2561 1796 2658 1841 aut
2710 1787 2845 1853 Quae
2880 1792 3249 1855 consequetur
3292 1799 3306 1838 :
3344 1782 3469 1852 quia
3509 1778 3754 1835 Ecclesia

499 1902 718 1955 semper
751 1891 923 1942 [neres
953 1898 1059 1949 est,
1096 1888 1151 1940 ill
1179 1902 1353 1956 usque
1381 1887 1669 1941 haereditas
1701 1884 1862 1938 ﬁnem
1897 1883 2067 1937 ullum
2111 1884 2365 1937 habitura
2397 1897 2679 1952 nunquam
2716 1889 2822 1937 est.

577 1978 735 2031 Vsus.
763 1980 817 2033 ἓ.
856 1978 1020 2031 Verba
1060 1995 1173 2031 mea
1208 1980 1427 2031 naribus
1455 1981 1679 2045 percipe.
1718 1976 1974 2041 Domine;
2002 1979 2081 2028 in-

2262 1977 2337 2030 Τὰ
2362 1974 2603 2045 ῥήματά
2650 1992 2771 2043 μου
2802 1973 3100 2038 ἐνώτισαι,
3154 1972 3347 2040 Κύριε,
3400 1972 3590 2036 σύνες
3648 1968 3762 2038 τῆς

503 2066 674 2136 ιιίίὶῃε
705 2068 986 2119 clamorem
1022 2083 1217 2128 meum,
1253 2068 1464 2120 intende
1500 2068 1610 2120 voci
1643 2066 1900 2119 orationis
1927 2082 2076 2119 metu.

503 2158 762 2211 Euundem
812 2173 1035 2210 sensum
1090 2157 1211 2211 aliis
1261 2167 1424 2226 atque
1473 2157 1597 2211 aliis
1644 2156 1826 2210 verbis
1886 2156 2079 2224 repetit

501 2249 642 2301 idem
701 2249 1183 2317 :cquiralentibns,
1225 2250 1685 2318 quemadmodum
1738 2264 1857 2303 mos
1898 2259 1983 2303 est
2012 2249 2079 2302 iis

502 2342 593 2408 qui
629 2356 693 2392 ex
730 2340 896 2394 corde
934 2342 1273 2408 supplicant.
1304 2340 1399 2395 Vel
1432 2357 1528 2409 per
1560 2341 1737 2399 verba.
1776 2355 1967 2408 preces
1992 2344 2081 2394 in-

505 2432 709 2498 tellige,
762 2438 1023 2498 tanquam
1061 2447 1368 2485 sermones.
1423 2430 1722 2486 Clamorem
1778 2447 1908 2487 vero
1953 2433 2077 2487 ideo

507 2520 737 2581 addidit,
774 2529 825 2571 ut
858 2534 981 2573 cum
1019 2530 1148 2574 tono
1175 2529 1338 2588 atque
1364 2521 1674 2575 intensione
1700 2523 1924 2590 spir.tus
1960 2537 2083 2591 prec

509 2625 602 2663 crs
637 2624 695 2663 se
732 2607 939 2663 fudisse
975 2613 1291 2663 ostenderet
1323 2628 1337 2663 :
1376 2619 1431 2664 et
1466 2627 1638 2667 rocem
1673 2619 1733 2665 ea
1762 2613 1993 2674 ratione,
2025 2620 2085 2666 ut

506 2704 652 2754 ciare
685 2710 851 2769 atque
882 2711 1067 2770 aperte
1108 2718 1164 2755 se
1196 2704 1437 2756 locutum
1489 2705 1661 2759 fuisse
1703 2706 2034 2775 signiﬁcaret
2064 2723 2079 2760 :

505 2807 630 2843 eum
658 2792 900 2861 alioquin
932 2793 1141 2848 clamor
1166 2794 1405 2865 ignotam
1432 2796 1606 2849 soleat
1630 2811 1817 2850 vocem
1847 2796 2081 2851 eﬂicere.

506 2883 625 2935 Alia
655 2892 834 2936 autem
866 2887 1027 2939 verba
1060 2901 1181 2955 quae
1227 2887 1311 2941 his
1342 2888 1627 2942 commista
1668 2898 1819 2950 sunt,
1853 2889 1905 2942 in
1948 2904 2069 2958 pro-

509 2977 626 3044 pria
675 2993 772 3031 sua
809 2977 1211 3047 signiﬁcatione
1256 2988 1387 3034 sunt
1431 2981 1629 3051 posita.
1662 2981 1890 3035 Auribus
1935 2982 2080 3035 enim

506 3070 729 3136 percipe,
764 3071 959 3140 inquit,
986 3086 1091 3124 non
1124 3072 1446 3142 simpliciter
1475 3090 1489 3126 :
1518 3074 1608 3127 sed
1631 3074 1882 3143 intellige,
1921 3082 2085 3142 atque

512 3162 632 3229 ipso
661 3164 936 3217 intellectu
963 3165 1181 3233 percipe
1202 3164 1332 3232 quid
1360 3165 1463 3219 sibi
1490 3165 1676 3217 volunt
1704 3180 1896 3234 preces
1924 3182 2078 3222 meae:

2179 2066 2453 2135 κραυγῆς
2479 2083 2619 2135 μου,
2674 2066 2944 2133 πρόσχες
2980 2063 3052 2132 τῇ
3112 2063 3285 2133 φωνῇ
3336 2062 3446 2129 τῆς
3492 2062 3758 2129 δεήσεως

2177 2177 2314 2227 μου.
2353 2160 2422 2212 Ἣ
2455 2158 2520 2212 τὸ
2551 2158 2685 2212 αὐτὸ
2717 2158 2870 2227 δηλοῖ
2902 2157 2971 2209 δι’
3014 2157 3191 2209 ἄλλων
3226 2157 3320 2209 καὶ
3350 2154 3525 2208 ἄλλων
3552 2151 3757 2217 λέξεων

2182 2249 2644 2319 ἰσοδυναμουσῶν,
2678 2248 2751 2310 ὡς
2785 2248 2905 2311 ἔθος
2940 2250 3052 2310 τοῖς
3081 2246 3189 2299 ἀπὸ
3215 2245 3445 2317 καρδίας
3485 2242 3761 2296 ἱκετεύων

2182 2358 2266 2393 σιν
2287 2357 2301 2371 ·
2338 2342 2371 2411 ἢ
2399 2342 2644 2409 ῥήματα
2691 2341 2793 2409 μέν
2829 2357 2963 2410 φησι
2997 2340 3095 2409 τὴν
3126 2339 3346 2406 δέησιν,
3405 2335 3479 2399 ὡς
3521 2336 3712 2402 λόγους
3737 2350 3753 2365 ’

2184 2431 2457 2498 κραυγὴν
2480 2431 2559 2496 δὲ,
2589 2430 2665 2491 ὡς
2702 2430 2842 2500 μετὰ
2891 2430 3047 2482 τόνου
3101 2426 3415 2496 πνεύματος
3451 2440 3761 2496 προσφεροο

2188 2526 2388 2593 μένηνο
2423 2521 2635 2591 φωνὴν
2660 2521 2716 2575 δὲ
2746 2562 2760 2585 ,
2812 2521 2887 2583 ὡς
2920 2520 3161 2590 εὔσημον
3182 2533 3199 2551 ·
3228 2519 3433 2589 κυρίως
3481 2518 3590 2587 γὰρ
3622 2516 3763 2586 ἄσην

2190 2615 2287 2685 μός
2318 2617 2465 2668 ἐστίν
2497 2616 2530 2684 ἡ
2556 2616 2795 2685 κραυγή.
2858 2615 2965 2665 Καὶ
2992 2614 3058 2665 τὰ
3087 2611 3425 2679 ὑποκείμενα
3464 2610 3521 2662 δὲ
3547 2608 3763 2671 οἰκείως

2188 2707 2558 2776 απεδὸθησαν.
2607 2707 2921 2760 Ἐνώτισαι
2969 2706 3099 2775 γὰρ,
3152 2705 3248 2755 καὶ
3279 2703 3352 2773 μὴ
3386 2701 3593 2764 ἁπλῶς,
3627 2700 3765 2758 ἀλλὰ

2188 2800 2360 2866 γνῶθι
2384 2801 2437 2852 τί
2461 2798 2744 2869 βούλονται
2768 2815 2783 2829 σ
2822 2802 2915 2853 καὶ
2947 2799 3050 2864 ἔτι,
3083 2798 3158 2870 μὴ
3192 2801 3249 2851 ὲν
3272 2797 3542 2867 παρέργῳ
3573 2793 3765 2861 θήσεις

2189 2892 2287 2962 τὴν
2319 2892 2527 2961 δέησιν,
2576 2893 2687 2945 εἴτε
2720 2892 2807 2946 διὰ
2841 2894 3088 2963 χειλέων,
3146 2892 3259 2943 εἴτε
3311 2889 3596 2958 ἀλαλήτως
3633 2903 3769 2955 προ-

2192 2985 2445 3055 φέρεται.
2483 2987 2703 3055 Ἰδίωμα
2732 2986 2788 3039 δὲ
2830 2987 2926 3039 καὶ
2961 2988 3058 3054 τῆς
3087 2984 3334 3054 Γραφῆς,
3369 2983 3464 3037 καὶ
3488 2982 3549 3032 τὸ
3580 2977 3768 3035 καλεῖν

2193 3078 2291 3138 τὰς
2344 3076 2495 3140 θείας
2544 3076 2827 3147 ἐνεργείας
2879 3076 2987 3129 ἀπὸ
3034 3076 3144 3128 τῶν
3194 3072 3570 3146 ἀνθρωπίνων,
3606 3069 3681 3132 ὡς
3708 3067 3768 3124 τὸ

2143 3176 2146 3181 ’
2196 3171 2324 3239 περὶ
2357 3170 2565 3223 τούτων
2590 3171 2833 3223 διδάσκει
2870 3168 3179 3238 σύνταγμα.

510 3265 610 3304 nec
644 3252 867 3307 fortuito
899 3267 991 3306 eas
1021 3253 1113 3305 tibi
1154 3253 1320 3306 fuisse
1345 3253 1559 3307 oblatas
1610 3267 1761 3322 puta,
1827 3268 1922 3307 seu
1980 3254 2137 3311 labiis
2177 3274 2271 3312 seu
2332 3262 2447 3328 ipso
2498 3260 2589 3314 tibi
2648 3259 2810 3314 corde
2857 3258 3179 3315 offerantur.
3232 3258 3327 3314 Est
3379 3266 3559 3312 autem
3651 3265 3771 3309 mos

513 3357 686 3395 sat-ra:
749 3343 1069 3413 Scriptura',
1147 3355 1206 3397 ut
1270 3344 1537 3399 humanas
1578 3360 1956 3413 saepenumero
2002 3350 2351 3417 operationes
2408 3349 2520 3405 Deo
2565 3351 2845 3409 ascribat:
2876 3348 3333 3422 quemadmodum
3378 3348 3480 3402 hoc
3541 3346 3597 3400 in
3648 3343 3770 3397 loco

511 3438 625 3490 ﬁeri
670 3436 938 3489 videmus.

582 3529 693 3583 lica:
726 3545 869 3581 meus
896 3537 944 3581 et
979 3527 1115 3581 Deus
1156 3544 1322 3582 meus.
1354 3526 1430 3583 Te
1461 3528 1607 3582 enim
1648 3528 1849 3593 solum,
1882 3530 2080 3601 inquit,
2111 3537 2157 3598 ο

511 3620 687 3673 haheo
716 3620 769 3671 in
807 3617 1029 3688 Regem,
1066 3618 1232 3671 veluti
1295 3618 1387 3687 qui
1437 3619 1539 3672 mei
1573 3620 1745 3673 solius
1786 3622 2083 3689 providen-

511 3713 642 3765 tiam
685 3719 736 3765 et
765 3711 1212 3778 procurationem
1245 3710 1414 3765 habes
1454 3728 1468 3763 :
1502 3718 1554 3765 te
1575 3714 1751 3765 solum
1787 3714 1899 3780 pari
1923 3713 2084 3767 modo

513 3812 570 3857 ut
600 3804 763 3855 Deiun
798 3803 940 3863 colo,
964 3811 1223 3872 tanquam
1249 3818 1439 3857 verum
1465 3804 1711 3858 euntium
1738 3804 2080 3860 Creatorem.

512 3896 654 3950 ldnla
689 3895 834 3947 enim
875 3894 1055 3946 otnnia
1090 3894 1289 3962 ahjeci.

589 3986 751 4039 Vens.
792 3986 847 4050 ι,
882 3985 932 4039 5.
978 3984 1243 4053 Quoniam
1289 3984 1358 4039 ad
1391 3995 1440 4038 te
1467 3984 1649 4049 orabo,
1707 3985 1944 4040 Domine.
1978 3983 2085 4039 Ex-

513 4078 641 4131 audi
674 4094 779 4141 me,
811 4077 1013 4147 inquit,
1044 4079 1301 4146 quoniam
1332 4077 1591 4146 deinceps
1624 4076 1689 4129 ad
1721 4085 1773 4129 te
1809 4076 2009 4137 solum,
2031 4084 2088 4128 et

514 4190 624 4229 non
661 4174 726 4228 ad
757 4175 924 4228 alium
967 4176 1133 4229 Deum
1183 4180 1243 4227 ut
1294 4181 1454 4227 antea
1508 4186 1695 4241 preces
1729 4185 1878 4224 meas
1909 4168 2089 4222 etian-

512 4265 661 4318 dam.

504 4344 520 4359 ’
586 4360 742 4409 Mane
800 4354 1051 4410 cxaudies
1092 4368 1267 4407 vocem
1303 4368 1497 4415 meam,
1560 4369 1714 4407 mane
1759 4350 1943 4405 astabo
1993 4351 2090 4403 tibi

512 4458 560 4500 et
594 4449 789 4500 videbis
822 4462 921 4499 me.
958 4445 1049 4497 Illo
1096 4446 1315 4512 inquam
1351 4458 1532 4505 mane,
1570 4460 1680 4512 quo
1734 4443 1824 4496 Sol
1858 4442 2088 4510 justititn

515 4536 772 4591 Christus
804 4535 1121 4589 Imminibus
1153 4536 1381 4589 orietur.
1436 4534 1546 4603 Ego
1598 4534 1797 4587 etenim
1850 4543 1979 4585 tunc
2022 4547 2089 4585 ex

515 4630 741 4692 Judaris,
767 4639 930 4697 atque
960 4645 1021 4683 ex
1049 4628 1302 4698 gentibus
1328 4626 1722 4696 congregabor,
1750 4632 1803 4679 et
1826 4625 2090 4678 invocabo

519 4733 591 4775 te.
624 4737 684 4774 ac
714 4720 1007 4783 laudando,
1034 4720 1580 4789 appropinquationis
1614 4718 2088 4771 conversationem

516 4813 811 4867 exhibebo.
844 4811 999 4865 Tunc
1034 4814 1203 4882 igitur
1238 4811 1335 4865 tibi
1393 4826 1480 4864 me
1531 4811 2086 4880 appropinquantem,

2269 3534 2333 3585 Ὀ
2360 3533 2664 3598 ,βασιλεύς
2700 3552 2818 3603 μου
2865 3533 2961 3587 καὶ
3008 3537 3040 3587 ό
3073 3535 3217 3599 Θεός
3249 3550 3391 3601 μου.
3445 3531 3510 3584 Σὲ
3540 3533 3647 3603 γὰρ
3675 3532 3771 3587 καὶ

2188 3626 2346 3694 μόνον
2379 3624 2599 3691 βασιλέα
2633 3626 2850 3695 ἔχομεν,
2877 3626 2952 3688 ὼς
2999 3627 3310 3697 προνοητήν
3331 3642 3345 3657 ο
3400 3624 3531 3678 Θεὸν
3582 3624 3660 3689 δὲ,
3690 3623 3767 3688 ὡς

2189 3715 2454 3785 πλάστην,
2483 3715 2552 3767 τὰ
2574 3716 2767 3769 είδωλα
2802 3715 2913 3787 (26)
2955 3714 3143 3785 ῥίψας.

2267 3985 2393 4037 Ὀτι
2424 3984 2576 4052 πρὸς
2620 3983 2695 4039 σὲ
2740 3986 3167 4053 προσεύξομαι,
3208 3987 3405 4053 Κύριε.
3438 3986 3772 4041 Είσάκουσόν

2196 4093 2319 4144 μου,
2356 4078 2489 4132 διότι
2527 4079 2622 4129 τοῦ
2650 4077 2838 4131 λοιποῦ
2868 4079 3003 4146 πρὸς
3036 4078 3119 4142 σὲ,
3168 4078 3263 4130 καὶ
3290 4079 3351 4131 οὐ
3392 4080 3525 4149 πρὸς
3581 4079 3767 4148 ἕτερον

2193 4166 2348 4232 Θεὸν,
2378 4166 2451 4228 ὡς
2475 4169 2667 4232 πάλαι,
2695 4169 3088 4238 προσεύξομαι.

2268 4348 2338 4401 Τὸ
2366 4349 2514 4416 πρωῒ
2547 4350 2880 4417 είσακούσῃ
2932 4350 3045 4418 τῆς
3092 4351 3297 4418 φωνῆς
3330 4369 3471 4419 μου,
3518 4352 3583 4405 τὸ
3621 4353 3773 4419 πρωῒ

2194 4440 2657 4508 παραστήσομαι
2677 4456 2796 4503 σοι,
2831 4443 2929 4496 καί
2960 4443 3178 4511 suam;
3217 4460 3313 4512 με.
3342 4443 3477 4497 Τότε
3502 4445 3764 4514 δηλονότι,

2194 4536 2323 4589 ὅταν
2372 4537 2626 4605 Χριστὸς,
2678 4540 2705 4591 6
2728 4537 2827 4605 τῆς
2853 4538 3201 4608 δικαιοσύνης
3231 4538 3439 4603 ἼΙλιος,
3478 4541 3731 4609 ἀνατείλῃ
3750 4556 3764 4572 ο

2194 4627 2496 4697 τηνικαῦτα
2528 4629 2635 4700 γὰρ
2663 4630 2723 4693 ἐξ
2751 4629 2921 4683 ἐθνῶν
2959 4631 3053 4683 καὶ
3096 4630 3366 4683 Ἰουδαίων
3402 4633 3763 4698 συστήσομαι,

2197 4719 2290 4771 καὶ
2339 4720 2732 4790 ἐπικαλέσομαί
2777 4738 2856 4786 σε,
2898 4722 2992 4775 καὶ
3037 4721 3103 4774 δι’
3162 4721 3462 4790 ὲγγύτητος
3514 4722 3766 4789 ἐναρέτου

2195 4814 2618 4882 παραστήσομαι
2668 4813 2963 4879 πολιτείας,
3017 4813 3107 4866 καὶ
3162 4813 3305 4867 οὕτω
3364 4812 3769 4881 πλησιάζουσαν

521 4912 687 4971 atque
720 4906 1067 4960 assistentcm
1109 4906 1340 4958 videbis.
1374 4903 1529 4959 Oculi
1556 4905 1698 4956 enim
1738 4901 1968 4963 Domini,
1999 4902 2081 4955 in-

2194 4902 2307 4973 ἵδῃς
2358 4920 2445 4971 με.
2512 4904 2830 4971 Ὀφθαλμοί
2888 4904 3017 4974 γὰρ,
3072 4907 3227 4975 φησὶ,
3271 4907 3515 4973 Kvpt’ov,
3551 4905 3648 4958 ἐπί
3678 4904 3769 4957 δι-

520 4998 664 5065 quit,
691 5012 846 5061 super
869 4998 1048 5065 justas
1079 4999 1143 5050 ‘°.
1185 4997 1443 5062 Quaedam
1470 5010 1599 5049 vero
1623 4994 1955 5063 exemplaria
1993 4993 2089 5046 ba-

520 5089 672 5151 bent,
714 5086 773 5139 Et
802 5089 1036 5152 videbor,
1079 5090 1179 5143 hoc
1227 5098 1333 5152 est,
1393 5086 1713 5141 Manifestus
1750 5086 1897 5138 liam.
1932 5083 2085 5150 Quod

519 5180 564 5231 si
597 5179 748 5247 juxta
790 5182 1076 5233 historiam
1131 5182 1402 5245 psalmum
1435 5192 1774 5247 exponamus
1820 5176 1888 5230 de
1931 5176 2089 5229 beato

522 5270 715 5333 David,
747 5288 907 5325 mane
941 5287 1040 5340 pro
1086 5271 1359 5324 matutino
1412 5279 1657 5338 tempore
1714 5267 2087 5335 accipiendum

623 5425 669 5457 ⁵⁸
703 5426 870 5480 lCor.
906 5442 961 5485 ιι,
1004 5426 1055 5480 9.
1119 5426 1162 5457 ⁸⁷
1196 5424 1237 5478 ll
1263 5425 1387 5480 Cor.
1424 5442 1501 5490 ιι,
1533 5425 1587 5478 2.

2197 4995 2425 5058 κοίους.
2456 4995 2675 5048 Τινὲιδὲ
2710 4996 2817 5048 τῶν
2855 4996 3206 5065 ἀντιγράφων
3252 4996 3314 5049 τδ
3339 4998 3639 5065 ἐπόψομαι
3667 4996 3769 5063 φέ-

2200 5102 2409 5156 ρουσιν,
2433 5088 2555 5139 ἀντὶ
2589 5086 2682 5139 τοῦ
2708 5087 3210 5157 ὲμφανισθήσομαι.
3248 5089 3390 5157 Πρὸς
3438 5090 3616 5156 μέντοι
3670 5088 3770 5156 τὴν

2199 5175 2457 5228 ὑπόθεσιν
2488 5175 2583 5228 τοῦ
2615 5175 2799 5239 Δαὸὶδ,
2832 5176 3169 5243 ὑποληπτέον
3199 5179 3258 5230 τὸ
3287 5178 3431 5248 πρωῒ
3455 5177 3649 5244 δηλοῦν
3676 5177 3769 5227 τὸν

2200 5265 2446 5334 ὁρθρινὸν
2468 5266 2679 5337 χρόνον.
2708 5268 2819 5337 Πρὸ
2838 5266 2999 5337 ἔργου
3032 5270 3160 5340 γὰρ,
3194 5271 3347 5339 φησι,
3376 5272 3593 5333 παντὸς,
3617 5268 3768 5320 ἔσται

1670 5425 1714 5459 δ’
1745 5424 1904 5480 Joan.
1967 5439 2047 5483 ιιι,
2100 5421 2191 5475 29.
2270 5422 2314 5453 ⁵⁸
2349 5421 2495 5477 Psal.
2539 5438 2681 5490 κων,
2730 5424 2811 5480 10.
2867 5426 2910 5457 ⁸ο
2948 5426 3094 5482 Psal.
3134 5444 3327 5493 χχχιιι,
3360 5426 3445 5479 16.

1863 5536 2062 5596 Vat-ite
2096 5534 2425 5598 lectiones.

598 5664 705 5737 (96)
748 5665 1054 5737 Legendqu
1086 5670 1317 5724 fortasse
1349 5667 1577 5737 ῥίψασα,
1606 5682 1668 5720 ex
1712 5678 1938 5733 persona
1988 5660 2081 5715 Eu

2185 5662 2352 5731 iae,ut
2421 5665 2583 5735 paulo
2618 5672 2739 5736 post
2771 5682 2837 5722 ex
2892 5681 3124 5736 persona
3203 5666 3442 5737 ejusdem
3511 5664 3764 5719 Ecclesia

520 5733 674 5787 habet
708 5736 999 5802 πλησιάζον
1014 5757 1127 5793 ταν.
