4090 6212
342 317 439 383 13-1
1493 317 1892 377 COMMENT.
1938 315 2019 375 ΙΝ
2062 316 2414 380 PSALMOS.

3489 321 3591 386 102

339 452 430 504 μοι
451 435 510 486 τὸ
534 432 873 502 παρακαλεῖν
901 450 980 497 σε,
1004 433 1097 486 καὶ
1121 432 1185 485 τὰ
1208 432 1353 502 ἑξῆς,
1373 431 1402 485 δ
1432 433 1524 484 καὶ
1542 434 1705 501 ἡμεῖς
1738 431 1916 486 ποιοῦ-

2037 439 2122 494 ·ει,
2157 447 2222 487 ac
2245 432 2291 488 si
2321 433 2524 488 diceret
2553 451 2566 488 :
2591 433 2811 492 Gratius
2841 435 2972 491 mihi
3009 453 3072 493 ac
3099 437 3398 508 jucundius
3426 442 3595 495 rebus

340 543 462 596 μεν,
501 526 660 588 εὐθὺς
695 526 793 594 τῆς
827 528 1010 596 κοίτης
1042 526 1459 594 ἐξανιστάμενοι
1489 541 1504 556 ο
1559 525 1655 577 καὶ
1708 525 1807 593 οὐχ
1837 525 1918 578 ὅτι

337 619 460 671 κατ’
488 618 646 670 ἄλλον
672 618 732 670 οὐ
758 617 860 687 χρὴ
894 619 1288 688 προσεύχεσθαι
1321 617 1515 686 καιρόν
1540 633 1554 646 ο
1587 615 1920 685 [εὐλογήσω

339 711 470 779 γὰρ,
503 711 658 779 φησὶ,
691 709 796 762 τὸν
828 711 1066 776 Κύριον,
1099 709 1170 761 ἐν
1203 707 1383 761 παντὶ
1409 705 1611 773 καιρῷ.

2028 523 2291 578 omnibus
2355 523 2524 577 fuerit
2576 529 2846 582 matutino
2907 537 3150 598 tempore
3187 532 3261 584 ad
3296 541 3373 596 te,
3425 531 3593 595 Deus.

2028 615 2335 667 orationem
2372 630 2434 668 ac
2481 631 2666 684 preces
2695 634 2848 673 meas
2897 621 3180 689 proferre:
3213 623 3360 692 quod
3411 633 3464 677 et
3496 640 3596 678 nos

2029 703 2211 760 facere
2239 709 2632 763 consuevimus
2661 712 2845 765 statim
2875 713 2968 766 ubi
2996 729 3026 768 e
3057 714 3200 769 lecto
3231 719 3594 771 consurrexi-

341 815 502 865 mus;
535 818 634 856 nec
666 811 844 856 tamen
873 803 975 856 hoc
999 800 1146 868 dico,
1170 801 1325 870 quasi
1348 800 1453 854 alio
1478 807 1719 868 tempore
1743 797 2014 852 orandum
2048 813 2160 854 non
2194 801 2265 854 sit
2301 817 2314 855 :
2344 798 2682 867 Benedicam,
2743 804 2940 873 inquit,
2999 806 3282 861 Dominum
3346 810 3397 861 in
3457 815 3600 864 omni

343 904 572 958 tempore
606 895 672 947 ⁶¹.

414 992 545 1042 Ὀτι
580 987 713 1055 οὐχὶ
748 988 891 1054 Θεὸς
939 989 1127 1044 θέλων
1161 991 1418 1058 ἀνομίαν
1450 986 1530 1041 σὺ
1573 981 1647 1039 εἴ.
1687 985 1769 1037 Τὰ
1807 985 1915 1052 γὰρ

343 1081 541 1133 εἴδωλα
595 1081 693 1142 τὰς
726 1082 954 1149 ἀνομίας
1000 1083 1310 1151 ἀγαπῶσιν.
1373 1079 1643 1146 Ἀνομίαν
1671 1075 1728 1129 δὲ
1761 1075 1918 1129 καλεῖ

345 1173 531 1223 πᾶσαν
557 1171 853 1240 ἁμαρτίαν.

2100 979 2368 1047 Quoniam
2430 999 2532 1036 non
2592 981 2733 1038 Deus
2802 984 2978 1038 volens
3017 988 3343 1056 iniquitatem
3396 1001 3450 1042 tu
3510 1008 3586 1046 es.

2024 1071 2212 1141 Longe
2247 1073 2392 1126 enim
2441 1075 2567 1127 abes
2610 1075 2679 1128 ab
2741 1075 3011 1131 idolorum
3068 1084 3438 1146 perversitate,
3475 1099 3595 1151 qum

2032 1165 2352 1234 iniquitates
2407 1165 2661 1236 diligunt.
2725 1167 2826 1221 Per
2880 1171 3208 1239 iniquitatem
3263 1190 3392 1226 vero
3433 1190 3597 1228 mune

352 1264 560 1331 peccati
595 1279 770 1332 genus
811 1264 1066 1334 intelligit
1099 1263 1268 1334 [quod
1317 1269 1466 1316 extra
1501 1260 1770 1330 aequitatis
1825 1257 1899 1312 sit
1946 1271 2192 1310 normam
2233 1275 2248 1310 :
2282 1272 2405 1321 seu,
2441 1268 2498 1311 ut
2537 1260 2939 1328 signiﬁcantius
2969 1260 3155 1316 Graeca
3197 1264 3362 1318 dictio
3402 1265 3603 1333 ἀνομία

352 1354 628 1420 exprimit,
657 1352 803 1422 quod
830 1356 978 1408 omni
1013 1363 1196 1408 careat
1223 1353 1352 1422 legis
1383 1351 1616 1405 ratione.
1673 1350 1911 1418 Ἀνομος
1953 1349 2176 1417 quippe,
2213 1350 2354 1401 unde
2380 1351 2601 1416 ἀνομία,
2629 1367 2790 1420 quem
2847 1349 3078 1406 Latinus
3139 1354 3408 1424 interpres
3457 1359 3605 1412 assi‘

349 1446 457 1500 due
501 1447 739 1516 iniquum
805 1449 1056 1517 appellat,
1085 1449 1312 1519 exlegem
1346 1448 1555 1516 potius.
1591 1460 1753 1514 quam
1812 1444 2052 1512 iniquum
2121 1445 2442 1514 signiﬁcat;
2511 1445 2605 1498 sed
2644 1445 2892 1497 vocabuli
2936 1445 3117 1514 inopia
3188 1446 3420 1514 ἀνομίαν
3486 1453 3629 1501 ini--

343 1542 600 1609 quitatem
633 1539 1018 1612 appellamus.]

404 1637 488 1688 Οὐ
517 1636 867 1702 παροικήσει
911 1651 1006 1688 σοι
1028 1639 1535 1705 πονηρευόμενος.
1565 1635 1640 1688 Οὐ
1672 1636 1832 1705 μόνον
1855 1633 1913 1686 δέ
1955 1669 1996 1724 Β

340 1727 477 1780 εἰσιν
499 1726 762 1796 ἐμπαθεῖς
809 1729 860 1781 οἱ
893 1728 1003 1780 0εοῖ
1026 1728 1134 1780 τῶν
1167 1728 1356 1791 ἐθνῶν,
1379 1729 1455 1790 ὡς
1479 1729 1534 1781 αἱ
1565 1729 1688 1796 περὶ
1712 1729 1921 1779 τούτων

340 1815 508 1885 pasto:
533 1817 911 1871 διδὰσκουσιν·
954 1819 1091 1871 ἀλλὰ
1141 1820 1235 1872 καὶ
1265 1820 1394 1881 τοὺς
1445 1819 1556 1870 τῶν
1587 1818 1790 1886 ὁμοίων
1826 1818 1923 1887 ζη-

337 1908 511 1972 λωτὰς
542 1909 730 1963 παθῶν
757 1909 834 1972 ὠς
866 1910 1100 1972 οἰκείους
1135 1912 1482 1976 περιέπουσι,
1516 1911 1612 1962 καὶ
1641 1913 1766 1971 τοὺς
1799 1911 1925 1962 ἑαυ-

336 1999 446 2053 τῶν
493 2001 752 2070 βεϐήλους
777 2003 938 2064 ναοὺς
967 2003 1151 2063 αὐτοῖς
1192 2003 1566 2068 ὐπανοίγουσι.
1603 2003 1702 2053 Σοῦ
1732 2001 1788 2052 δὲ
1825 2002 1925 2069 τῆς

339 2091 642 2158 ὶγγῦτητος
672 2093 768 2144 καὶ
797 2089 1152 2152 οὶκειώσεως,
1180 2090 1337 2142 τοῦτο
1360 2091 1468 2159 γὰρ
1504 2091 1604 2159 τὴν
1632 2091 1929 2158 παροικίαν

344 2180 441 2230 ἐπὶ
469 2179 563 2230 τοῦ
600 2180 870 2248 παρόντος
903 2179 1266 2247 ὑποληπτέον,
1303 2180 1363 2231 οὐ
1393 2179 1639 2243 τεύξεται
1673 2181 1928 2250 πονηρός.

361 2265 580 2333 Ἐ’γτὺς
606 2267 736 2334 γὰρ,
784 2268 937 2336 φησὶ,
979 2272 1193 2336 Κύριος
1241 2271 1368 2334 τοῖς
1404 2269 1930 2338 συντετριμμένοις

350 2354 469 2420 τὴν
500 2356 770 2424 καρδίαν,
823 2360 933 2411 καὶ.
973 2358 1095 2423 τοῖς
1137 2358 1530 2427 φοϐουμένοις
1573 2361 1780 2412 αὐτόν.
1828 2359 1926 2412 Διά

348 2444 445 2498 τοῦ
471 2448 706 2516 πονηροῦ
737 2448 792 2500 δὲ
841 2452 1092 2501 παντοῖον
1133 2449 1454 2518 ἁμαρτωλὸν
1486 2449 1727 2522 ᾐνίξατο.

2094 1631 2262 1686 Vsus.
2315 1629 2367 1684 6.
2430 1627 2612 1694 Neque
2666 1631 2928 1685 habitabit
2968 1631 3131 1700 juxta
3189 1642 3238 1687 te
3297 1635 3592 1706 malignus.

2029 1724 2284 1778 Gentium
2313 1721 2411 1786 dii,
2449 1738 2555 1776 non
2594 1729 2801 1776 tantum
2855 1723 2958 1793 ipsi
2997 1722 3298 1781 sceleribus
3350 1743 3412 1782 ac
3448 1728 3596 1784 vitiis

2032 1816 2222 1886 repleti
2258 1823 2406 1878 sunt,
2455 1815 2915 1884 quemadmodum
2979 1831 3042 1870 ex
3094 1817 3340 1887 profanis
3404 1835 3595 1874 eorum

2031 1907 2189 1960 libris
2229 1906 2493 1959 docemur
2529 1923 2540 1958 :
2573 1905 2669 1958 sed
2717 1906 2967 1961 homines
3016 1923 3283 1976 quosque,
3338 1910 3599 1964 similium

2031 1997 2292 2049 vitiorum
2325 2001 2622 2054 amatores,
2655 1993 2817 2046 veluti
2850 2009 2982 2046 suos
3010 2009 3074 2047 ac
3103 1997 3354 2062 proprius
3392 1996 3600 2062 fovent,

2037 2099 2250 2152 suaque
2286 2083 2398 2135 illis
2432 2081 2667 2149 profana
2696 2084 2952 2150 aperiunt
3001 2083 3148 2136 fana.
3183 2083 3356 2138 Tuam
3388 2102 3542 2150 vero,
3572 2103 3606 2140 ο

2041 2175 2211 2240 Deus,
2247 2171 2707 2233 familiaritatem.
2765 2180 2860 2224 aut
2912 2171 2988 2224 tui
3023 2173 3608 2243 appropinquatiouem

2038 2266 2136 2336 (ita
2197 2267 2340 2320 enim
2397 2263 2704 2331 intelligere
2739 2262 3004 2319 debemus
3053 2265 3199 2334 quod
3256 2265 3378 2319 ait:
3430 2265 3613 2336 Neque

2032 2356 2292 2410 habitabit
2313 2356 2479 2424 juxta
2510 2365 2559 2408 te
2583 2353 2870 2423 malignus)
2897 2355 3062 2409 hmth
3112 2357 3301 2412 nullus
3366 2373 3608 2427 unquam

2031 2458 2420 2516 consequetur.
2457 2445 2626 2510 Prope
2651 2454 2729 2498 est
2781 2446 2920 2499 enim
2977 2445 3236 2501 Dominus
3277 2448 3342 2502 iis
3367 2450 3456 2518 qui
3482 2464 3610 2502 con-

349 2538 474 2592 trito
499 2549 618 2591 sunt
643 2542 795 2594 corde
825 2543 890 2592 θ’.
919 2542 1046 2596 Item
1079 2559 1094 2594 :
1131 2540 1500 2595 Verumtamen
1531 2555 1691 2610 pmpe
1742 2543 1982 2596 timentes
2036 2557 2155 2596 eunt
2196 2540 2434 2595 salutare
2515 2540 2677 2608 ipsius
2709 2537 2776 2592 “.
2848 2536 3140 2609 Malignum
3195 2539 3339 2594 enim
3419 2539 3608 2597 dicens

349 2632 640 2702 Propheta,
688 2635 1030 2690 omnifariutn
1069 2643 1409 2705 peccatdrem
1441 2639 1797 2709 subsiguavit.

415 2727 570 2780 οὐδὲ
631 2727 977 2797 διαμενοῦσι
1033 2729 1366 2799 παράνομοι
1423 2733 1737 2787 κατέναντι
1803 2731 1923 2786 τῶν

350 2819 676 2889 ὀφθαλμῶν
718 2837 854 2875 σου.
888 2821 1059 2875 Τοῦτο
1089 2823 1176 2876 διὰ
1209 2825 1337 2884 τοὺς
1385 2823 1670 2889 Ἰουδαίους
1704 2842 1923 2895 προφη-

348 2912 606 2982 τευοῆναι
647 2900 917 2982 λέγουσιν,
952 2915 1001 2967 οἳ
1039 2915 1197 2986 μέχρι
1228 2915 1330 2986 μὲν
1356 2916 1447 2970 τὸν
1495 2917 1659 2984 νόμον
1691 2919 1925 2986 ἐφύλατο

347 3021 467 3070 τον,
496 3006 801 3075 ἐπισκοπῆς
823 3007 1070 3076 ἠξιοῦντο
1091 3009 1238 3070 θείας
1257 3024 1272 3039 ’
1308 3009 1622 3080 παραϐάται
1650 3009 1706 3064 δὲ
1729 3009 1921 3063 τούτου

347 3094 655 3165 γενόμενοι,
688 3096 912 3161 δικαίως
937 3097 1278 3167 ἐξώσθησαν.

436 3280 768 3348 Ἐμίσησας
835 3279 1067 3346 πάντας
1124 3280 1267 3348 τοὺς
1324 3281 1747 3352 ἐργαζομένους
1814 3283 1932 3350 τὴν

345 3373 625 3439 ἀνομίαν.
656 3371 826 3426 Τοῦτο
855 3372 944 3424 διὰ
985 3373 1054 3425 τὰ
1082 3372 1207 3442 ἔθνη
1242 3375 1310 3426 τὰ
1339 3376 1563 3439 ἄπιστα,
1599 3376 1762 3443 νόμον
1793 3375 1928 3428 Θεοῦ

349 3464 433 3534 μὴ
451 3463 738 3531 δεξάμενα.
771 3465 990 3518 Νοεῖται
1022 3463 1076 3518 δὲ
1109 3466 1199 3519 καὶ
1226 3465 1401 3529 ἄλλως
1421 3484 1436 3500 ·
1464 3467 1784 3537 παράνομος
1807 3468 1929 3536 μὲν,

347 3557 464 3616 πᾶς
491 3557 518 3605 ὁ
554 3553 890 3625 μεμαθηκὼς
922 3554 1014 3608 τὸν
1039 3555 1204 3625 νόμον
1224 3596 1239 3619 ,
1283 3555 1642 3626 παραϐαίνων
1673 3556 1730 3609 δέ
1756 3569 1772 3587 ⁶
1803 3557 1928 3611 ἄνο-

351 3664 457 3717 μος
481 3645 557 3711 δὲ,
593 3647 620 3697 ὁ
673 3647 746 3716 μὴ
786 3649 976 3715 μαθεῖν
1010 3646 1399 3716 ἀνασχόμενος.
1435 3647 1701 3712 Πολλάκις
1731 3647 1787 3702 δὲ
1835 3649 1927 3704 τὸν

346 3737 669 3804 ⁸παράνομον
700 3734 972 3805 καλοῦμεν
1004 3739 1097 3789 καὶ
1129 3737 1351 3806 ἄνομον,
1386 3736 1460 3800 ὡς
1491 3738 1565 3807 μὴ
1598 3737 1748 3807 νόμῳ
1785 3735 1928 3807 χρώ-

349 3842 539 3894 μενον.
581 3827 763 3877 Εἰπὼν
787 3825 842 3878 δὲ
877 3823 1106 3879 καθόλου
1143 3829 1271 3894 περὶ
1305 3828 1415 3881 τῶν
1445 3829 1631 3891 ἁπλῶς
1661 3829 1929 3897 ἁμαρτω-

345 3917 484 3979 λῶν,
526 3916 797 3972 ἐκτίθεται
828 3919 920 3970 καὶ
954 3919 1098 3970 κατὰ
1129 3919 1293 3988 μέρος
1325 3919 1361 3971 ἃ.
1390 3920 1606 3972 ἐδόκουν
1659 3918 1808 3987 αὐτῷ
1837 3933 1934 3969 κε-

348 4005 798 4077 φαλαιωδέστερα
828 4015 948 4061 τότε
974 4008 1085 4062 τῶν
1117 4008 1558 4078 ἁμαρτημάτων.

2106 2731 2220 2803 Nec
2249 2727 2637 2799 permanebunt
2669 2738 3086 2796 transgressores
3115 2725 3242 2796 legis
3277 2736 3400 2782 ante
3425 2731 3607 2784 oculos

2033 2831 2172 2873 tuas.
2211 2821 2308 2872 His
2355 2818 2541 2872 verbis
2575 2817 2846 2870 contineri
2902 2815 3096 2870 dicunt
3148 2817 3490 2887 prophetiam
3539 2821 3608 2876 de

2030 2910 2259 2974 Iudaeis,
2301 2910 2394 2980 qui
2423 2910 2600 2962 donec
2645 2909 2818 2976 legem
2870 2917 3228 2962 servaverunt
3269 2913 3610 2978 protectione

2034 3012 2088 3059 et
2122 3004 2376 3058 custodia
2411 3002 2500 3055 Dei
2532 3000 2679 3069 digni
2725 3013 2851 3054 esse
2900 2998 3002 3052 visi
3056 3007 3185 3052 sunt
3222 3017 3237 3054 :
3270 3015 3456 3053 verum
3514 3002 3606 3054 ubi

2037 3096 2181 3150 illius
2200 3093 2504 3164 transgredi
2527 3101 2814 3162 coeperunt
2837 3089 3111 3154 mandata,
3147 3089 3296 3161 justo
3319 3106 3383 3146 ac
3411 3093 3608 3148 merito

2035 3189 2104 3243 ab
2133 3203 2198 3242 eo
2235 3187 2444 3256 expulsi
2478 3198 2626 3239 sunt.

2109 3277 2272 3335 Vens.
2310 3279 2360 3334 7.
2401 3276 2580 3333 Odisti
2611 3293 2788 3332 omnes
2826 3277 2918 3347 qui
2939 3286 3226 3345 operantur
3255 3276 3608 3347 iniquitatem.

2037 3371 2148 3427 lioc
2180 3379 2404 3443 propter
2435 3371 2677 3426 infideles
2708 3381 2898 3440 gentes
2924 3372 3130 3426 dictum
3154 3377 3256 3434 est,
3286 3385 3408 3439 qua:
3440 3370 3608 3440 legem

2037 3463 2131 3520 Dei
2179 3481 2285 3520 non
2319 3474 2644 3535 receperunt
2676 3481 2688 3519 :
2727 3463 2803 3536 [et
2855 3481 2996 3534 quos
3034 3464 3190 3533 juxta
3220 3464 3393 3518 Graeci
3435 3464 3611 3517 nomi-

2039 3555 2127 3612 nis
2181 3557 2446 3611 veriorem
2508 3557 2899 3625 signiﬁcatum,
2964 3565 3023 3610 ut
3081 3555 3344 3620 diximus,
3395 3555 3611 3624 etleges

2036 3649 2220 3717 potius
2284 3649 2468 3704 dicere
2534 3664 2850 3718 possumus,
2904 3663 3066 3718 quam
3123 3649 3363 3719 iniquos.
3424 3646 3612 3700 Diﬂert

2037 3746 2218 3792 autem
2249 3747 2622 3807 trausgressor
2681 3739 2816 3807 legis
2865 3741 2932 3791 ab
2987 3737 3224 3808 cxlcge],
3275 3737 3401 3806 quia
3453 3736 3612 3797 alter,

2037 3830 2210 3897 legem
2245 3827 2466 3895 quidem
2501 3827 2672 3889 novit,
2703 3828 2798 3881 sed
2829 3843 2937 3880 non
2972 3836 3154 3880 servat
3187 3843 3202 3882 :
3237 3827 3376 3878 alter
3406 3839 3534 3877 Vero
3566 3827 3613 3878 is

2040 3919 2242 3972 dicitur
2269 3917 2360 3988 qui
2395 3917 2570 3970 nullas
2599 3916 2823 3968 omnino
2868 3915 3065 3982 recipit
3095 3916 3273 3984 leges;
3307 3929 3619 3984 quanquam

2043 4023 2420 4078 saepenumero
2461 4008 2691 4061 alterum
2759 4005 2878 4058 loco
2933 4005 3160 4060 alterius
3210 4007 3429 4074 ponitur
3460 4005 3619 4076 (27‘).

350 4099 560 4156 Verum
601 4115 724 4155 cum
769 4103 822 4155 in
864 4103 1185 4158 universum
1222 4101 1422 4158 dixerit
1466 4103 1533 4158 de
1582 4103 1988 4174 peccatoribus,
2052 4104 2419 4175 particulatim
2473 4117 2622 4158 nunc
2660 4101 2823 4156 tradit
2861 4115 2982 4171 qua:
3015 4099 3118 4155 sibi
3149 4102 3263 4158 visa
3302 4109 3434 4159 sunt
3484 4119 3622 4174 pra:-

347 4199 518 4267 cipua
559 4205 900 4265 peccatorum
930 4199 1134 4268 capita.

438 4291 702 4356 Ἄπολεῖς
732 4289 962 4356 πάντας
989 4291 1130 4357 τοὺς
1176 4293 1522 4359 λαλοῦντας
1571 4290 1641 4346 τὸ
1681 4291 1926 4361 ψεῦδος.

2109 4290 2304 4347 Perdes
2333 4307 2391 4344 eo
2419 4292 2508 4360 qui
2541 4291 2829 4361 loquuntur
2868 4292 3216 4348 mendacium.
3261 4273 3375 4348 iloc
3416 4294 3656 4362 princi-_

347 4384 528 4438 Τοῦτο
556 4382 980 4451 προηγουμένως
1008 4382 1106 4453 μὲν
1127 4382 1216 4437 διὰ
1236 4384 1362 4448 τοὺς
1381 4383 1703 4450 δοξάζοντας
1746 4384 1932 4457 ἕτερον

351 4493 431 4526 πα
443 4474 510 4544 ρὰ
541 4474 632 4526 τὸν
659 4473 785 4527 ὄντα
811 4472 962 4539 Θεὸν,
993 4474 1090 4527 καὶ
1111 4475 1239 4537 τοὺς
1266 4475 1582 4547 αίρετικούς
1603 4491 1617 4506 ·
1651 4477 1934 4545 ἑπομένως

2047 4385 2244 4453 palitcr
2297 4393 2520 4453 propter
2574 4399 2669 4439 eos
2715 4385 2923 4441 dictqu
2977 4394 3084 4450 est,
3137 4387 3230 4455 qui
3277 4400 3382 4439 non
3431 4401 3619 4440 verum

2043 4479 2214 4534 Deum
2245 4479 2530 4538 colebant:
2564 4489 2618 4534 et
2655 4492 2877 4552 propter
2905 4482 3194 4534 haereticos
3227 4497 3240 4533 :
3274 4494 3621 4549 consequen-

349 4568 434 4629 δὲ,
467 4569 559 4619 καλ⁵
584 4566 673 4619 διὰ
698 4567 822 4629 τοὺς
873 4567 1022 4629 ὅπως
1064 4566 1263 4635 δήποτε
1312 4566 1698 4636 ψευδομένους,
1731 4569 1807 4631 ὡς
1840 4567 1932 4621 τοῦ

348 4653 604 4707 διαϐόλου
631 4655 933 4718 διακένους,
983 4654 1165 4724 πατὴρ
1189 4656 1298 4723 γὰρ
1325 4655 1420 4708 τοῦ
1449 4656 1678 4725 ψεύδους
1706 4658 1733 4710 ὁ
1762 4658 1937 4710 Σατα-

349 4747 476 4807 νᾶς,
503 4745 613 4797 εἴτε
641 4747 698 4813 ἐξ
745 4747 1016 4799 Ἰουδαίων
1049 4747 1208 4811 εἰσὶν,
1258 4748 1368 4800 εἶτε
1418 4747 1476 4812 tg
1505 4748 1700 4803 ἐθνῶν.
1754 4749 1853 4800 Διὰ
1884 4748 1942 4800 δὲ

351 4837 455 4889 τοῦ
489 4839 687 4903 εἰπεῖν,
751 4839 1047 4904 Ἀπολεῖς,
1079 4839 1391 4910 παρέστησε
1423 4839 1731 4910 βαρυτέραν
1768 4842 1946 4894 αὐτῶν

350 4929 460 4994 τὴν
489 4928 731 4986 κόλασιν.
777 4927 846 4981 "li
875 4932 966 4981 καὶ
995 4929 1234 4998 φοὸἦσαι
1269 4931 1394 4992 τοὺς
1421 4932 1743 5001 προχείρους
1773 4933 1854 4995 είς
1888 4932 1948 4984 τὸ

283 5027 288 5030 ’
349 5017 557 5085 ψεῦδος
595 5016 939 5088 βουλόμενος,
985 5018 1416 5082 ἐπιπολάζοντας
1450 5022 1544 5073 καὶ
1595 5022 1938 5091 ἀνειμένους,

348 5109 449 5162 διὰ
472 5108 534 5160 τὸ
555 5110 770 5178 ῥᾷστον·
795 5110 828 5180 ἢ
850 5111 944 5163 καὶ
957 5111 1036 5162 ὅτι
1055 5111 1130 5180 μὴ
1167 5113 1326 5180 μόνον
1353 5111 1544 5165 ἑαυτὸν
1567 5113 1678 5181 (27)
1703 5114 1938 5182 ἠχρείω-

356 5218 488 5263 σαν,
525 5200 661 5253 ἀλλὰ
690 5202 784 5255 καὶ
825 5203 1041 5264 πολλοῖς
1070 5201 1332 5265 ἁπολείας
1366 5203 1616 5273 πρόξενοι
1642 5204 1908 5272 γίνονται.

2048 4580 2134 4625 ter
2189 4581 2410 4641 propter
2458 4587 2653 4626 omnes
2691 4573 2827 4626 alios
2867 4574 3180 4636 mendaces,
3237 4588 3299 4627 ac
3354 4571 3619 4627 dzemonis

2047 4663 2359 4726 ministros,
2384 4664 2473 4735 qui
2500 4673 2652 4733 pater
2670 4665 2874 4719 dicitur
2893 4665 3188 4726 mendacii,
3209 4680 3302 4718 seu
3327 4678 3389 4719 es
3417 4662 3620 4720 Iudaeis

2046 4757 2178 4821 sint,
2204 4770 2297 4811 seu
2333 4772 2398 4810 es
2431 4757 2708 4826 gentibus.
2739 4757 2894 4820 Quod
2927 4771 3056 4809 vero
3085 4756 3182 4818 ait,
3234 4755 3451 4820 Perdes,
3489 4772 3619 4824 gra-

2047 4847 2270 4900 vissima
2298 4861 2487 4900 eorum
2523 4853 2795 4899 tormenta
2824 4845 3125 4900 denotavit.
3166 4844 3255 4900 Vel
3291 4845 3544 4900 fortassis
3567 4845 3618 4900 id

2051 4951 2079 4988 a
2111 4936 2382 5006 Propheta
2408 4936 2619 4991 dictqu
2648 4944 2754 5000 est,
2788 4943 2845 4989 ut
2870 4952 2964 4990 eos
2988 4938 3078 5006 qui
3104 4937 3365 4992 facilitate
3385 4939 3616 5007 quadam

2053 5027 2208 5097 proni
2242 5042 2305 5081 ac
2337 5028 2530 5082 labiles
2563 5035 2695 5082 sunt
2724 5027 2790 5081 ad
2849 5030 3157 5094 mendacia,
3199 5030 3302 5084 hoc
3342 5040 3498 5100 pacto
3528 5029 3624 5080 dc-

2051 5123 2304 5182 terreret,
2357 5120 2449 5185 qui
2485 5133 2594 5171 non
2625 5126 2836 5173 tantum
2869 5121 3081 5187 seipsos
3106 5120 3328 5187 laedunt,
3363 5119 3457 5176 sed
3485 5118 3623 5170 mul-

2049 5210 2121 5262 tis
2148 5208 2314 5262 etiam
2353 5208 2690 5279 perditionis
2724 5225 2891 5266 causa
2921 5212 3222 5268 exsistunt.

434 5356 479 5388 “
513 5355 658 5411 Psal.
690 5372 881 5422 sunt,
911 5357 967 5413 2.
1028 5359 1072 5390 "
1103 5358 1245 5414 Psal.
1277 5373 1456 5424 csuv,
1498 5359 1588 5416 i8.
1670 5361 1716 5392 ”
1744 5361 1890 5415 Psal.
1922 5376 2145 5427 Lxsstv,
2175 5363 2262 5418 10.

1696 5506 1895 5568 Varias
1926 5507 2256 5573 lectiones.

439 5650 719 5728 (iliceti.
756 5652 970 5728 ἑαυτόν,
999 5655 1278 5728 seipsum;
1316 5652 1408 5708 sed
1453 5654 1671 5716 melius,
1696 5657 1914 5726 Opinor,

2037 5657 2204 5722 πούς,
2233 5665 2292 5711 ιιι
2327 5659 2457 5728 legit
2495 5657 2722 5713 Latinus
2751 5659 3045 5725 interpres.

440 5722 577 5791 (ετ)
619 5720 876 5786 Quiuimo
914 5735 967 5782 et
999 5722 1226 5779 Latinus
1256 5727 1524 5795 interpres
1554 5720 1840 5794 utramque
1863 5720 2173 5784 dictionem
2197 5720 2408 5796 passio?
2431 5743 2528 5798 pro
2553 5729 2734 5794 iniquo
2761 5720 3003 5792 exponit.
