4082 6212
514 291 619 356 133

509 499 652 552 bitur
680 498 953 551 Dominus.
984 494 1119 550 Vide
1144 493 1423 564 quomodo
1467 490 1800 547 interfectori
1829 491 2078 545 dolosum

510 589 816 659 conjunxit.
848 587 980 640 Nam
1006 586 1098 656 qui
1130 587 1355 655 decipit,
1397 593 1449 639 et
1479 585 1532 638 in
1576 581 1817 652 pericula
1845 581 2079 652 aliquem

507 680 755 748 conjicit,
790 679 1044 732 ooridere
1080 678 1242 730 etiam
1279 675 1514 730 videtur.

580 771 690 840 Ego
731 781 907 823 autent
942 772 990 822 in
1028 767 1366 822 multitudine
1413 765 1790 820 misericordia:
1843 775 1946 819 tua:
1997 766 2082 818 in-

509 863 752 917 troiboiu
784 864 1001 916 domum
1047 872 1213 914 (uani.
1254 861 1386 930 Ego,
1445 859 1644 928 inquit,
1719 857 1956 912 Ecclesia
2013 859 2083 924 ob

508 971 780 1009 summam
844 952 1278 1007 misericordiam
1317 960 1466 1003 tuam
1523 949 1591 1002 ab
1621 949 1904 1004 erroribus
1959 939 2083 1003 libe-

507 1055 649 1108 rata,
704 1045 755 1097 in
822 1043 1042 1097 domum
1107 1051 1280 1108 tuam,
1336 1057 1500 1109 quam
1549 1041 1675 1094 olim
1709 1039 2084 1109 imprudenter

507 1136 890 1198 destruebant,
948 1133 1252 1204 ingrediar.
1323 1131 1420 1186 Vel
1481 1133 1688 1185 aliter:
1728 1130 1969 1184 Introibo
2028 1133 2082 1184 in

508 1228 721 1284 demum
771 1236 937 1290 tuam,
991 1227 1154 1296 digna
1211 1225 1470 1278 nimirum
1524 1222 1716 1278 ell'ecta
1770 1224 2082 1292 huiusmodi

513 1319 712 1373 [idm-ia
745 1318 888 1385 apud
925 1326 1000 1380 te,
1027 1332 1134 1370 non
1164 1317 1234 1371 ob
1257 1330 1406 1370 meas
1437 1317 1691 1378 virtutes,
1725 1317 1817 1369 sed
1847 1317 2080 1368 obtuam

508 1417 717 1462 tantum
748 1407 1205 1462 misericordiam.
1234 1405 1417 1475 Aliqui
1449 1421 1544 1475 per
1572 1404 1792 1458 dmnnm
1823 1404 1914 1458 Dci
1947 1419 2080 1458 con-

507 1502 875 1555 versationem
918 1514 981 1553 ac
1014 1499 1178 1551 vitam
1205 1497 1516 1564 intelligunt
1546 1496 1748 1550 virtute
1777 1495 2080 1564 praeditam.

507 1593 828 1663 “(‘(IlllCSCil
863 1593 1010 1648 enim
1068 1589 1212 1644 Deus
1269 1598 1436 1658 atque
1485 1587 1698 1643 habitat
1750 1587 1803 1639 in
1864 1587 1933 1642 iis
1991 1587 2082 1655 qui

509 1685 743 1736 virtutes
805 1689 1110 1744 sectantur,
1166 1676 1630 1748 quemadmodum
1680 1677 1733 1730 in
1791 1675 2082 1745 Evangelia

508 1775 582 1828 ait
618 1791 631 1825 :
670 1772 776 1842 Ego
806 1781 853 1824 et
891 1770 1052 1824 Pater
1089 1771 1158 1826 σει
1186 1787 1302 1824 eum
1336 1771 1619 1836 veniemus,
1672 1779 1718 1822 et
1759 1771 2081 1824 mansionem

508 1867 646 1934 apud
667 1883 783 1920 eum
816 1865 1072 1933 faciemus
1106 1865 1172 1917 “.

577 1959 826 2013 Adorabo
853 1957 921 2010 ad
945 1955 1193 2024 templum
1227 1965 1466 2010 sanctum
1507 1965 1652 2011 tuum
1685 1957 1739 2012 in
1763 1957 1950 2012 timore
1972 1965 2074 2013 tuo.

507 2050 789 2117 Ingressa,
817 2049 1020 2117 inquit,
1055 2048 1220 2100 multa
1255 2063 1380 2101 cum
1413 2049 1715 2102 reverentia
1757 2049 1995 2100 adorabo
2029 2050 2080 2099 in

511 2141 728 2194 timore.
776 2138 1063 2208 Templum
1091 2154 1219 2192 vero
1249 2147 1346 2192 aut
1379 2149 1657 2193 terrenum
1689 2139 1790 2193 huc
1820 2141 2082 2209 intellige,

508 2239 603 2284 aut
652 2231 876 2286 caeleste
910 2231 962 2284 in
997 2245 1107 2299 quo
1166 2230 1462 2284 adoratura
1508 2240 1612 2286 est.
1652 2229 1856 2285 Gentes
1889 2232 2089 2300 qiiippe

509 2321 739 2378 deorum
775 2339 1001 2378 suorum
1045 2321 1292 2376 delubris
1329 2323 2089 2392 intemperanterabuteban-

509 2421 621 2477 tur,
652 2422 817 2482 atque
845 2413 1160 2468 inhoneste.
1195 2413 1330 2466 Cum
1354 2421 1535 2467 autem
1562 2414 1825 2467 hactenus
1848 2413 2086 2467 Ecclesia

507 2505 766 2558 vitiorum
797 2520 1022 2575 genera,
1058 2519 1181 2574 quae
1206 2505 1272 2558 ad
1303 2505 1648 2574 propositum
1677 2519 1704 2556 a
1726 2520 1785 2560 se
1811 2516 2086 2573 sumptum

511 2597 883 2666 pertinebant,
942 2598 1248 2652 narraverit
1302 2613 1399 2667 per
1457 2598 1665 2667 capita,
1740 2614 1913 2667 eaque
1977 2597 2086 2652 Deo

508 2702 635 2760 esse
666 2687 972 2743 ostenderit
1007 2688 1419 2752 abominabilia,
1456 2704 1600 2744 nunc
1643 2688 1710 2744 ad
1735 2690 1969 2759 seipsam
2000 2705 2085 2745 re.

509 2779 768 2843 vertitur,
807 2794 870 2833 ac
909 2778 1199 2848 pollicetur
1254 2794 1380 2832 vere
1414 2794 1470 2833 sc
1506 2790 1670 2848 atque
1730 2781 1988 2849 ingenue,
2033 2787 2088 2836 et

510 2884 620 2924 non
659 2871 807 2939 pigre
845 2871 1029 2925 divino
1084 2870 1259 2926 culiui
1300 2872 1686 2926 inservituram
1720 2890 1733 2926 :
1769 2887 1869 2927 nec
1907 2883 2088 2927 tamen

512 2959 564 3015 id
600 2962 726 3016 dicit
766 2963 933 3018 veluti
979 2978 1100 3032 qua:
1133 2978 1228 3032 per
1267 2963 1503 3032 seipsam
1536 2963 1832 3031 iustificata
1867 2968 1961 3032 sit,
1995 2967 2088 3022 sed
2143 2972 2147 2976 ’

1745 287 2133 348 EUTHYMII
2159 291 2198 349 Ζ
2212 291 2226 348 l
2239 291 2334 350 ΟΛ
2347 291 2525 350 ΒΕΝΙ

579 403 745 463 Vens.
779 401 833 458 8.
879 400 1062 456 Virum
1087 401 1407 473 sanguinum
1439 406 1488 454 et
1514 399 1762 454 dolosam
1799 399 2076 454 abomma-
2111 409 2153 462 Α

3655 293 3756 357 1Ἶ4

2257 405 2320 457 ’Ἀ
2333 405 2480 470 νδρα
2530 403 2790 473 αἱμάτων
2823 405 2917 459 καὶ
2966 404 3175 459 δόλιον
3198 405 3611 469 βδευῑύσσεται
3643 410 3758 462 Κύ-

2176 512 2326 561 ριος.
2368 496 2508 564 Ὅρα
2541 496 2656 558 πῶς
2692 499 2768 564 τῷ
2803 500 2972 564 φωνεῖ
3016 499 3106 550 τὸν
3137 497 3354 568 δολερδν
3385 499 3717 568 προσέταξε)
3738 516 3754 534 ·

2185 587 2410 639 ἀπατῶν
2449 588 2556 656 γὰρ
2577 628 2591 651 ,
2626 591 2719 642 καί
2748 589 2954 659 ῥίπτων
2988 590 3068 654 εἰς
3095 589 3361 653 κίνδυνον,
3398 590 3642 657 φονεύειν
3666 592 3760 644 ὄσ-

2185 695 2290 732 κει.

2268 769 2414 839 Ἐγὼ
2443 770 2510 824 δὲ
2536 771 2606 823 ἑν
2629 771 2708 833 τῷ
2739 773 2954 839 πλήθει
2999 773 3105 824 τοῦ
3135 772 3313 824 ἐλέου
3349 788 3469 825 σου
3491 774 3762 826 εἰσελεύ-

2184 878 2366 929 σομαι
2395 863 2474 926 εὶς
2513 863 2617 914 τὸν
2643 857 2812 914 οἶκόν
2839 878 2977 914 σου.
3012 861 3155 927 Ἐγὼ
3197 862 3254 914 δὲ
3279 861 3367 912 διὰ
3399 861 3460 912 τὸ
3489 860 3622 913 πολύ
3661 878 3758 913 σου

2183 954 2330 1016 ἔλεος
2368 953 2745 1021 ἀπαλλαγεῖσα
2775 954 2871 1023 τῆς
2901 953 3131 1024 πλάνης,
3163 953 3541 1023 εἰσελεύσομαι
3565 957 3641 1016 εἰς
3667 955 3760 1008 τδν

2184 1042 2334 1099 οἷκὸν
2369 1063 2483 1111 σου,
2533 1046 2594 1099 ὃν
2638 1047 2768 1115 πρὶν
2821 1047 3072 1117 ἀφρὸιως
3105 1047 3512 1099 κατέσκαπτον.
3546 1047 3616 1098 ’Ἡ
3667 1047 3762 1100 καὶ

2185 1139 2359 1201 ἄλλως
2378 1155 2391 1168 ·
2425 1140 2860 1206 Εἱσελεύσομαι
2892 1141 2977 1202 εἱς
3012 1141 3115 1189 τὸν
3135 1133 3302 1190 οἶκόν
3327 1152 3468 1200 σου,
3493 1139 3592 1207 τῆς
3619 1141 3763 1210 παῤ-

2187 1230 2382 1299 ρησίας
2410 1230 2613 1297 ταύτης
2630 1229 2944 1295 ἀξιωθεῖσα,
2973 1229 3033 1279 ού
3070 1228 3156 1280 διὰ
3179 1229 3275 1298 τὴν
3305 1229 3511 1282 οἰκείαν
3531 1231 3757 1299 ἀρετὴν,

2185 1321 2321 1374 ἀλλά
2363 1321 2451 1374 διά
2507 1320 2568 1373 τὸ
2607 1320 2698 1374 σὺν
2738 1319 2900 1389 μόνον
2927 1319 3098 1381 ἔλεος.
3135 1318 3290 1381 Τινὲς
3314 1319 3369 1371 δὲ
3404 1319 3654 1386 λέγουσιν
3677 1315 3758 1373 οἷ-

2185 1430 2280 1466 κον
2323 1410 2459 1464 Θεοῦ
2491 1410 2584 1465 καὶ
2609 1411 2706 1480 τὴν
2737 1410 2987 1480 ἐνάρετον
3013 1406 3153 1463 εἶναι
3182 1409 3480 1462 πολιτείαν.
3524 1409 3762 1462 Ἐπανα-

2187 1503 2419 1556 παύεται
2447 1501 2558 1571 γὰρ
2592 1502 2684 1554 καὶ
2714 1505 2914 1554 ἐνοικεῖ
2947 1501 3076 1564 Θεὸς
3109 1503 3222 1564 τοῖς
3255 1499 3529 1569 μετιοῦσιν
3562 1501 3758 1571 αὐτὴν,

2185 1598 2256 1657 ὼ,
2283 1597 2378 1648 καὶ
2403 1597 2459 1648 ὲν
2482 1598 2594 1658 τοῖς
2629 1595 2976 1662 Εὐαγγελίοις
2999 1588 3152 1646 εἶπεν
3187 1596 3213 1646 ὁ
3233 1592 3421 1664 Σωτὴρ
3443 1592 3760 1644 ἐλεύσεσθαι

2190 1686 2326 1755 μετὰ
2352 1683 2446 1737 τοῦ
2479 1684 2711 1755 Πατρὶς,
2740 1685 2835 1738 καὶ
2878 1684 3044 1756 μονὴν
3077 1683 3410 1755 ποιήσασθαι
3459 1682 3609 1752 παρὰ
3644 1683 3762 1746 τοῖς

2187 1779 2378 1842 ἀξίοις.

2259 1959 2677 2029 Προσκυνήσω
2711 1959 2859 2026 πρὸς
2879 1958 3030 2011 ναὸν
3065 1957 3174 2012 τὸν
3205 1956 3377 2025 ἅγιόν
3403 1973 3518 2011 σου
3544 1973 3612 2009 εν
3649 1957 3762 2025 φό-

2189 2058 2268 2120 ί³ῳ
2301 2070 2438 2106 σου.
2485 2050 2815 2103 Εἰσελθοῦσα
2853 2051 2909 2102 δὲ
2963 2051 3100 2118 μετὰ
3151 2051 3331 2119 πάσης
3365 2047 3671 2113 εὐλαϐείας,
3703 2050 3760 2100 ὲν

2191 2147 2341 2216 φόϐῳ
2373 2147 2757 2215 προσκυνήσω,
2794 2143 2905 2196 εἴτε
2942 2144 3032 2196 τὸν
3059 2142 3300 2210 ἐπίγειόν
3334 2155 3426 2194 σου
3467 2141 3612 2206 ναὸν,
3650 2140 3761 2192 εἴτε

2187 2238 2276 2290 τὸν
2310 2237 2562 2306 οὐράνιον
2588 2252 2601 2266 ·
2645 2236 2714 2288 τὰ
2753 2235 2861 2306 γὰρ
2909 2235 3036 2304 ἔθνη
3087 2234 3405 2296 ἀκολάστως
3451 2234 3564 2293 τοῖς
3613 2235 3764 2294 ναοῖς

2185 2327 2294 2379 τῶν
2350 2326 2488 2379 θεῶν
2537 2325 2716 2380 αὐτῶν
2746 2322 3198 2394 ἐνασχημονοῦσι.
3254 2321 3395 2392 Πρὸς
3432 2321 3614 2391 μέντοι
3662 2321 3763 2388 τὴν

2189 2420 2322 2472 ἰδίαν
2355 2417 2614 2470 ὑπόθεσιν
2643 2419 2671 2470 ὀ
2707 2417 3000 2487 Προφήτης
3032 2414 3102 2467 τὰ
3139 2414 3252 2484 εῖδη
3289 2414 3387 2482 τῆς
3435 2412 3632 2474 κακίας
3669 2428 3760 2462 κε-

2187 2510 2656 2580 φαλαιωδέστερον
2680 2505 2942 2571 ἐπελθὼν,
2981 2507 3074 2559 καὶ
3111 2505 3295 2571 δείξας
3327 2503 3585 2573 βδελυκτὰ
3615 2499 3759 2568 Θεῷ,

2186 2602 2322 2673 πρὶς
2349 2601 2541 2654 ἑαυτὸν
2592 2598 2861 2660 ἐπάνεισι,
2899 2597 2994 2650 καὶ
3021 2594 3307 2666 λατρεύειν
3358 2591 3764 2660 ἐπαγγέλλεται

2184 2694 2423 2764 γνησίως
2464 2693 2557 2747 καὶ
2589 2689 2907 2762 προθύμως,
2929 2691 3026 2758 οὐχ
3065 2688 3140 2750 ὡς
3166 2687 3606 2754 δεδικαιωμένος,
3628 2682 3765 2736 ἀλλὰ

2187 2786 2262 2848 ὠς
2295 2777 2613 2854 ἠλεημένος.
2650 2783 2708 2834 Εἰ
2758 2781 2852 2834 καὶ
2881 2783 2937 2832 ἐν
2973 2774 3053 2843 οἷς
3081 2777 3329 2847 καταόοᾷ
3358 2775 3465 2828 τῶν
3499 2776 3763 2844 ἀμαρτω-

2187 2877 2316 2942 λῶν,
2394 2877 2488 2929 καὶ
2543 2876 2732 2929 ἑαυτὸν
2780 2873 2988 2941 εἰσάγει
3055 2871 3132 2941 τῷ
3219 2869 3346 2938 θεῖ-ρ
3403 2869 3536 2938 ναῷ,
3600 2867 3764 2922 τοῦτο

2189 2968 2427 3022 νοεῖσθαι
2455 2967 2660 3022 δίδωσι.

513 3066 773 3122 tauquam
835 3053 1270 3108 misericordiam
1337 3065 1634 3110 consecuta
1673 3059 1967 3128 :quamvis
2003 3059 2350 3115 iuclamando
2381 3060 2647 3116 adversus
2676 3069 3023 3128 peccatores,
3084 3062 3138 3111 et
3207 3053 3447 3123 seipsam
3514 3052 3568 3105 in
3621 3057 3766 3104 teni-

512 3143 660 3210 plum
695 3143 783 3197 Dei
816 3144 1148 3206 inducenda,
1174 3144 1426 3200 videatur
1455 3147 1856 3216 quodammodo
1888 3149 2032 3202 aliud
2073 3150 2188 3220 (28)
2219 3151 2547 3221 signiﬁcare.

590 3238 756 3297 Vsus.
791 3241 844 3295 9.
873 3239 1093 3294 Domine
1119 3242 1283 3296 deduc
1313 3258 1391 3296 me
1416 3244 1466 3297 in
1495 3242 1715 3311 justitia
1753 3255 1865 3297 tua.
1904 3243 2085 3298 Deduc

2259 3247 2454 3314 Κύριε,
2493 3244 2803 3313 ὀδιξγησόν
2815 3259 2888 3313 με
2919 3245 2988 3298 ἑν
3005 3240 3080 3310 τῇ
3104 3241 3463 3307 δικαιοσύνῃ
3484 3238 3770 3295 σου.Χει-

518 3350 627 3398 me,
661 3333 910 3399 Domine,
969 3349 1066 3402 per
1120 3349 1343 3389 manum
1405 3335 1528 3390 Filii
1581 3337 1698 3392 tui:
1737 3337 1852 3406 qui,
1904 3347 1964 3392 ut
2013 3338 2089 3392 ait

512 3424 834 3492 Apostolus,
896 3424 1110 3496 iustitia
1169 3433 1277 3491 est,
1333 3434 1386 3480 et
1441 3427 1834 3491 sanctiﬁcatio,
1900 3436 1954 3482 et
2004 3444 2087 3482 rc-

512 3516 755 3586 demptio
795 3518 839 3548 "
873 3534 886 3571 :
923 3518 1005 3572 vel
1039 3518 1093 3571 in
1133 3518 1248 3588 lege
1286 3527 1378 3572 tua
1421 3534 1543 3588 qua:
1577 3527 1664 3574 est
1711 3520 1948 3573 humana
1991 3518 2086 3587 ju-

513 3609 688 3666 Stitia.

584 3699 810 3769 Propter
844 3700 1083 3754 inimicos
1139 3717 1277 3754 meos
1335 3699 1505 3770 dirige
1563 3701 1614 3754 in
1665 3717 1941 3771 conspecm
2000 3713 2086 3756 tuo

513 3795 650 3847 riam
689 3811 882 3848 meam.
909 3793 1148 3864 Propter
1183 3793 1427 3848 visibiles
1474 3793 1727 3849 inimicos
1767 3811 1942 3860 meos,
1992 3795 2086 3866 qui

516 3889 568 3939 in
603 3887 815 3941 semitis
849 3887 984 3940 meis
1010 3886 1269 3940 scandala
1302 3885 1601 3950 seminant,
1630 3895 1684 3940 et
1720 3887 1945 3956 laqueos
1969 3897 2088 3941 ten-

513 3980 676 4044 dunt,
703 3979 960 4048 explana,
995 3993 1205 4048 quaso,
1233 3976 1483 4044 Domine,
1518 3981 1658 4032 viain
1684 3995 1858 4034 meam
1893 3980 1957 4034 ad
1991 3987 2042 4034 te
2072 3996 2087 4036 :

514 4072 588 4123 ita
630 4072 775 4124 enim
812 4069 1177 4140 Symmachus
1221 4069 1482 4124 reddidit.
1521 4069 1644 4135 Vel,
1685 4071 1864 4140 Dirige
1891 4086 1990 4135 me,
2022 4087 2090 4125 ne

513 4163 781 4217 declinem
815 4161 882 4215 ad
914 4162 1162 4215 dextram
1194 4171 1287 4215 aut
1316 4162 1593 4215 sinistram
1629 4173 1853 4230 propter
1896 4161 2088 4215 inimi-

513 4269 608 4309 cos
628 4268 798 4317 meos,
818 4253 909 4323 qui
935 4253 1169 4308 latenter
1190 4253 1242 4305 in
1272 4252 1484 4306 insidiis
1505 4267 1590 4306 me
1610 4253 1921 4306 observant.
1944 4251 2087 4305 Con-

513 4364 709 4416 gruere
740 4348 902 4400 ctiam
947 4351 1178 4415 possunt
1209 4342 1324 4398 haec
1368 4344 1534 4396 verba
1571 4343 1673 4412 ipsi
1709 4345 1864 4398 beato
1897 4343 2084 4398 David.

587 4440 750 4494 Vens.
785 4441 872 4492 10.
908 4437 1173 4502 Quoniam
1212 4450 1314 4489 non
1352 4444 1430 4488 est
1465 4435 1517 4488 in
1549 4451 1638 4488 ore
1665 4452 1842 4490 eorum
1874 4438 2086 4499 veritas,

514 4544 808 4582 eoi-eorum
841 4543 1033 4585 vanum
1079 4536 1179 4580 est.
1239 4525 1306 4581 Et
1363 4529 1704 4582 mentiuntur
1759 4530 1979 4585 assidue
2030 4537 2090 4583 ut

516 4619 735 4672 fallaces
774 4637 787 4672 :

516 4709 764 4777 maligni.

586 4799 754 4855 VERS.
793 4802 877 4856 il.
934 4801 1249 4871 Sepulcrum
1305 4813 1486 4872 patens
1542 4816 1618 4859 est
1669 4815 1850 4876 guttur
1885 4823 2087 4862 eorum.

517 4892 745 4963 Propter
777 4905 992 4949 mortua
1021 4895 1240 4950 illorum
1273 4897 1530 4966 dogmata
1578 4899 1684 4952 hoc
1721 4899 1878 4962 dicit,
1929 4909 1980 4953 et
2017 4899 2089 4954 ob

517 4985 737 5054 putidas
770 4985 1154 5042 hereticorum
1191 4989 1579 5058 blasphemias,
1608 4999 1662 5045 ct
1692 4991 1979 5046 inhonesta
2005 4991 2088 5044 iu-

515 5078 1108 5144 temperantiaiverba.
1142 5077 1235 5132 Vel
1267 5077 1428 5148 juxta
1460 5080 1768 5141 historiam,
1800 5081 1870 5135 oh
1901 5089 2087 5147 turpes

515 5169 903 5232 contumelias,
955 5178 1009 5223 et
1059 5169 1130 5224 ob
1159 5170 1365 5242 jurgia,
1431 5189 1552 5242 qua:
1604 5173 1656 5227 in
1710 5171 1880 5226 David
1941 5172 2087 5225 dicta

517 5259 671 5315 fuere
707 5262 774 5315 ab
801 5262 1060 5316 inimicis.
1088 5260 1359 5333 [Quorum
1393 5273 1728 5334 guttur,non
1751 5272 1902 5315 tecta:
1926 5269 2088 5330 atque

515 5363 721 5422 operta:
751 5355 1042 5426 sepulturae”
1074 5353 1435 5424 comparavit,
1496 5353 1590 5408 sed
1635 5363 1835 5422 aperta:
1911 5367 1974 5405 ac
2031 5351 2261 5420 patenti.

2192 3339 2516 3410 ραγώγησόν
2544 3355 2634 3408 με,
2666 3338 2753 3392 διὰ
2781 3337 2873 3389 τοῦ
2899 3335 3029 3390 Υἰοῦ
3059 3351 3174 3399 σου,
3198 3335 3256 3396 ὃς
3277 3335 3390 3386 ἐστι
3421 3331 3767 3399 δικαιοσύνη,

2192 3433 2284 3486 καί
2311 3431 2604 3500 ἁγιασμὸς,
2638 3429 2732 3481 καὶ
2763 3427 3161 3498 ἀπολύτρωσις,
3197 3425 3336 3478 κατά
3369 3425 3457 3477 τὸν
3503 3423 3766 3474 Ἀπόστοο

2189 3525 2300 3578 λον.
2337 3523 2443 3576 Καὶ
2495 3523 2552 3574 ὲν
2581 3519 2659 3590 τῷ
2720 3519 2796 3590 σῷ
2821 3519 3001 3589 νόμῳ·
3044 3517 3161 3570 ἔστι
3213 3513 3322 3585 γὰρ
3373 3516 3406 3584 ἡ
3444 3511 3765 3581 ἀνθρωπίνη

2189 3619 2526 3689 δικαιοσύνη.

2191 3704 2196 3710 ’
2263 3716 2482 3768 Ἕνεκα
2515 3711 2632 3765 τῶν
2665 3708 2894 3778 ἐχθρῶν
2924 3726 3070 3778 μου,
3103 3706 3476 3761 κατεύθυνον
3507 3702 3767 3756 ἐνώπιόν

2190 3819 2306 3858 σου
2331 3802 2444 3870 τὴν
2471 3801 2770 3867 ὀδόν-μου.
2803 3799 2901 3851 Διὰ
2928 3798 3056 3860 τοὺς
3087 3795 3318 3868 ὁρατοὺς
3365 3793 3461 3848 καὶ
3498 3792 3770 3862 ἀοράτους

2191 3895 2418 3967 ὲχθρούς
2449 3913 2570 3966 μου,
2603 3893 2727 3954 τοὺς
2758 3889 3228 3960 κατασπείροντας
3258 3889 3316 3941 ὲν
3362 3887 3428 3955 τῇ
3455 3885 3626 3954 τρίϐῳ
3658 3900 3766 3952 μου

2193 3987 2464 4041 σκάνδαλα
2493 3985 2586 4039 καὶ
2615 3984 2818 4051 πάγας,
2851 3982 3187 4052 ὲξομάλησον
3212 3980 3311 4050 τὴν
3349 3980 3468 4032 ὁδόν
3501 3994 3601 4047 μου
3627 3976 3771 4045 πρὸς

2193 4083 2252 4135 σέ
2277 4099 2289 4111 ο
2319 4079 2462 4133 οὕτω
2498 4080 2609 4146 γὰρ
2656 4078 2684 4128 ὁ
2717 4075 3011 4145 Σύμμαχος
3041 4074 3102 4127 τὸ
3154 4073 3538 4126 Κατεύθυνον
3577 4067 3773 4138 ἡρμή-

2191 4167 2483 4219 νευσεν.Ἢ
2507 4165 2644 4217 ὥστε
2674 4164 2749 4233 μὴ
2779 4162 3046 4217 ἐκκλίνειν
3073 4161 3164 4215 ὲπί
3180 4161 3374 4230 δεξιὰῆ
3397 4161 3482 4213 ἐπ’
3501 4156 3770 4228 ἀριστερᾶ

2190 4257 2277 4308 διὰ
2303 4257 2424 4318 τοὺς
2457 4253 2829 4323 ἐνεδρεύοντας
2849 4252 3186 4314 ἐπιϐούλους.
3224 4252 3484 4323 Ἀρμόζει
3510 4251 3565 4302 δὲ
3591 4246 3772 4302 ταῦτα

2191 4347 2283 4399 καὶ
2311 4345 2388 4414 τῷ
2416 4345 2599 4399 Δαδίδ.

2265 4439 2394 4490 Ὅτι
2423 4441 2532 4492 οὐκ
2566 4437 2738 4492 ἔστιν
2769 4439 2838 4492 ἐν
2869 4437 2946 4502 τῷ
2984 4440 3234 4506 στόματι
3274 4435 3472 4490 αὐτῶν
3492 4436 3772 4500 ἀλήθεια,

2192 4526 2287 4581 καὶ
2322 4531 2358 4594 ἠ
2391 4527 2605 4595 καρδία
2653 4526 2850 4582 αὐτῶν
2885 4529 3128 4596 ματαία.
3166 4527 3464 4580 Ψεύδονται
3510 4527 3638 4594 γὰρ,
3692 4525 3777 4588 ὡς

827 4626 881 4672 et
913 4617 1125 4671 inutilia
1161 4633 1376 4688 semper
1429 4635 1493 4673 ac
1547 4634 1686 4673 vana
1741 4622 1990 4690 cogitant
2030 4633 2088 4676 ut

2195 4619 2529 4684 ἀπατεῶνες,
2561 4621 2650 4673 καὶ
2679 4621 2914 4689 ἀνόνητα
2950 4619 3268 4688 μελετῶσιν,
3301 4618 3376 4682 ὡς
3407 4619 3655 4688 πονηροί.

2274 4802 2464 4871 Τάφος
2524 4799 2917 4870 ἀνεῳγμένος,
2955 4803 2988 4854 ό
3039 4799 3274 4868 λάρυγξ
3300 4797 3520 4852 αὐτῶν.
3569 4793 3777 4860 Τοῦτο,

2193 4893 2281 4948 διὰ
2305 4893 2373 4947 τὰ
2399 4892 2572 4960 νεκρά
2616 4892 2859 4961 δόγματα
2887 4892 2982 4943 καὶ
3007 4891 3102 4953 τὰς
3133 4888 3388 4952 δυσώδεις
3413 4888 3781 4958 βλασφημίας

2195 4988 2304 5038 τῶν
2347 4983 2659 5053 αἱρετικῶν,
2722 4982 2882 5051 ἧκαὶ
2910 4981 2977 5034 τὰ
3023 4980 3275 5050 μυδῶντα
3321 4980 3420 5051 τῆς
3469 4978 3784 5043 ἀκολασίας

2199 5077 2438 5145 ῥήματα,
2472 5074 2503 5144 ἧ
2545 5074 2637 5127 καὶ
2690 5072 2785 5136 τὰς
2811 5072 2953 5128 κατὰ
2984 5073 3078 5126 τοῦ
3102 5072 3267 5126 Δαδὶδ
3296 5071 3522 5140 αἰσχρὰς
3559 5069 3786 5139 ὕϐρεις.

2199 5167 2272 5218 Ού
2303 5167 2412 5236 γὰρ
2459 5165 2876 5236 κεκαλυμμένος
2917 5166 3097 5220 ἐστίν⁹
3148 5165 3291 5220 οῦτω
3318 5164 3428 5234 γὰρ
3464 5163 3574 5234 (29)
3599 5163 3794 5233 αὐτὴν

2197 5259 2493 5327 δυσοσμίαν
2524 5259 2847 5329 συνέκρυῆε.

2341 5359 2656 5418 tetruinque
2695 5351 2919 5405 odorem
2983 5349 3300 5423 eniittenti.]
3327 5351 3459 5406 Nam
3523 5349 3570 5406 si
3613 5364 3786 5420 Oper—

517 5455 629 5500 tutn
675 5458 822 5502 esset
859 5448 1200 5518 sepulcrum,
1239 5445 1622 5499 imtnunditias
1661 5459 1855 5499 omnes
1883 5454 1936 5500 et
1957 5458 2176 5514 gravem
2207 5441 2359 5496 illum
2392 5441 2649 5513 spiritum
2683 5443 2905 5499 celaret.

591 5564 636 5596 “
681 5563 841 5618 Juan.
877 5581 988 5627 xw,
1023 5565 1114 5618 ‘25.
1172 5564 1216 5594 ⁸⁸
1252 5563 1424 5617 lCor.
1456 5579 1492 5629 ι,
1534 5561 1624 5616 30.

1847 5627 2046 5690 Varite
2073 5627 2404 5690 lectiones.

589 5732 699 5802 (‘38)
728 5732 911 5788 Grmce
939 5733 1115 5798 τοῦτο,
1147 5735 1260 5788 hoc.

2279 5731 2386 5803 (9.9)
2427 5730 2748 5789 Addendum
2783 5741 2914 5803 puto
2950 5733 3036 5788 ἄν.
