4082 6212
324 322 418 387 105
929 340 931 342 ·
1478 321 1872 385 COMMENT.

1981 320 1986 381 Ι
2037 319 2400 383 PSALMOS.

3461 328 3560 398 106

383 430 521 498 Ταῖς
551 430 862 499 γλώσσαις
907 430 1106 485 αὐτῶν
1157 433 1543 492 ἐδολιοῦσαν.
1578 436 1647 490 El
1671 454 1755 500 τις
1785 435 1875 503 μὲι

2058 430 2281 503 Linguis
2311 434 2423 487 suis
2453 433 2632 489 dolose
2657 435 2903 506 agebant.
2959 436 3139 493 Dolosu
3192 452 3384 494 omnes
3414 457 3562 496 men-

311 520 499 585 δόλιος,
528 514 683 582 οὗτος
711 521 804 574 καὶ
832 521 1092 592 ψεύστης·
1127 523 1226 577 οὑκ
1249 526 1303 577 εἴ
1325 543 1407 592 τις
1423 527 1480 580 δὲ
1509 527 1772 600 ψεύστης,
1793 523 1886 582 οῦ-

309 628 398 672 τος
420 612 513 664 καὶ
546 610 742 674 δόλιος.
792 611 853 666 Ἡ
899 613 1007 682 γὰρ
1032 613 1124 666 τοῦ
1151 615 1326 669 δολίου
1353 619 1686 687 κακουργία,
1720 619 1884 690 χαλε-

307 696 546 768 πωτέρα.
565 697 728 766 Λέγει
761 699 940 754 τοίνυν
971 702 1052 755 ὅτι
1095 703 1424 770 Ἐπιὸούλως
1447 706 1567 761 κατ’
1597 706 1731 777 ἐμοῦ
1758 726 1883 762 συν-

306 789 602 858 εμελέτων,
640 789 737 844 καὶ
760 793 1209 850 συνεσκέπτοντο.

373 905 602 973 Κρῖνον
632 905 878 973 αὐτοὺς,
905 909 942 960 ὁ
986 908 1152 974 Θεός.
1201 908 1446 964 Τοιαῦτα
1471 911 1881 981 ἐργαζομένους

305 1000 628 1064 κατάκρινε,
659 998 687 1049 ό
717 995 894 1065 μισῶν
939 998 1149 1060 πάντας
1186 996 1464 1067 τοιούτους
1497 997 1572 1063 ὡς
1603 1001 1716 1069 (50)
1748 1018 1884 1071 προ-

303 1084 599 1154 εδήλωσεν.

387 1195 894 1251 Ἅποπεσάτωσαν
940 1197 1058 1252 ἀπὸ
1097 1197 1218 1252 τῶν
1257 1199 1619 1256 διαϐουλιων
1659 1201 1876 1257 αὐτῶν.

313 1286 731 1358 ’Δστοχήτωσαν
780 1288 888 1341 τῶν
924 1288 1328 1361 βουλευμάτων.

368 1402 534 1454 Κατὰ
568 1401 635 1453 τὸ
661 1399 898 1470 πλῆθος
927 1400 1044 1453 τῶν
1074 1402 1364 1457 ἀσεϐειῶν
1394 1405 1591 1459 αυτῶιν⁵
1645 1404 1883 1470 ἕξωσον

295 1491 544 1556 αὐτούς.
584 1491 681 1545 Διὰ
703 1491 798 1562 τὴν
821 1493 1076 1548 ἀσέϐειαν
1103 1495 1284 1548 αὐτῶν
1315 1496 1595 1560 Ἓξωσον
1624 1499 1875 1564 αὐτούς·

1994 522 2162 578 daces
2186 532 2340 590 sunt,
2374 539 2483 580 non
2515 526 2832 597 quicunque
2867 527 3099 584 mendax
3121 529 3286 584 etiam
3313 531 3561 588 dolosus.

1997 613 2115 670 Doli
2187 616 2392 669 etenim
2457 616 2646 672 vitium
2705 632 3001 688 perversos
3065 629 3170 676 est.
3226 622 3317 677 Ait
3373 622 3561 694 igitur,

1993 707 2140 775 quod
2173 706 2402 763 insidias
2429 716 2483 764 et
2511 707 2671 764 dolos
2703 725 2808 765 una
2839 713 3109 767 adversus
3138 728 3256 766 eam
3304 722 3564 770 contexe-

1994 796 2146 851 bant.

2061 909 2259 966 Judica
2291 913 2440 978 illos,
2476 913 2643 968 Deus.
2697 914 2803 980 'I‘u,
2859 915 3055 986 inquit,
3113 916 3206 986 qui
3248 917 3563 988 hujusmoili

1993 1001 2266 1065 homines,
2296 1019 2361 1058 ac
2389 1005 2519 1058 talia
2555 1014 2846 1075 Operantes
2867 1007 3055 1074 odisti,
3089 1019 3148 1064 ut
3175 1023 3340 1078 supra
3378 1018 3564 1064 osten-

1989 1091 2148 1157 disti,
2179 1107 2275 1149 eos
2299 1095 2466 1149 etiam
2496 1096 2820 1152 condemno.

2061 1205 2321 1260 Deeidant
2354 1224 2386 1260 a
2412 1208 2819 1277 cogitationibus
2848 1212 2980 1267 suis.
3019 1211 3131 1268 lloc
3160 1221 3245 1269 est
3293 1214 3564 1270 frustren-

1993 1306 2079 1351 tur
2109 1299 2347 1368 propriis
2378 1299 2648 1355 consiliis.

2062 1411 2363 1466 Secundum
2415 1411 2809 1469 multitudinem
2869 1416 3197 1485 impietatum
3246 1436 3424 1473 eorum
3473 1435 3563 1474 ex.

1989 1501 2122 1568 pelle
2147 1519 2256 1557 eos.
2295 1502 2526 1572 Propter
2556 1503 2779 1559 illorum
2836 1505 3172 1576 impietatem
3207 1524 3323 1574 eos,
3363 1511 3560 1579 inquit,

297 1583 359 1636 ού
399 1583 512 1653 γὰρ
533 1583 734 1652 τιμῶσί
759 1600 820 1636 σε
840 1599 854 1613 ⁶
885 1585 976 1639 καὶ
1008 1587 1084 1656 μὴ
1112 1587 1179 1641 δι’
1201 1588 1324 1659 ἐμὲ,
1361 1591 1408 1642 εί
1434 1592 1527 1643 καῖ⁹
1558 1591 1649 1654 σὸς
1679 1593 1875 1662 κλῆρος

1992 1593 2234 1663 Expelie,
2261 1596 2390 1665 quia
2420 1604 2472 1650 te
2495 1611 2604 1651 non
2635 1608 2990 1654 venerantur.
3042 1599 3230 1671 Neque
3261 1603 3404 1656 cnim
3430 1616 3561 1672 pro-

297 1674 430 1741 ἐγώ.
476 1675 547 1727 Ἢ
582 1676 678 1728 καὶ
730 1676 944 1742 ἄλλως·
1001 1678 1126 1733 ὅσον
1175 1682 1314 1734 εἰσὶν
1356 1682 1594 1751 ἀσεϐεῖς,
1627 1683 1875 1737 τοσοῦτον

1992 1695 2111 1756 pter
2139 1702 2224 1741 me
2245 1686 2297 1741 id
2333 1687 2619 1757 expostulo
2655 1707 2668 1742 :
2703 1691 2916 1746 tametsi
2945 1691 3214 1762 alioquin,
3248 1708 3370 1749 sors
3398 1703 3562 1765 atque

299 1767 500 1838 πόρρω
529 1767 630 1839 τῆς
673 1769 772 1840 σῆς
814 1771 1104 1841 εὐμενείας
1154 1771 1605 1844 ἀπελαθήτωσαν.
1652 1777 1875 1846 Ἀσεὸὴς

1991 1775 2281 1832 Ιιεενεᾶὶιιιε
2305 1784 2394 1830 tua
2416 1791 2518 1848 ego
2543 1792 2688 1833 sum.
2714 1776 2812 1834 Vel
2836 1780 3031 1835 aliter:
3059 1780 3277 1848 Quanto
3309 1783 3386 1838 illi
3407 1784 3561 1856 impii

295 1856 373 1921 δὲ,
409 1858 471 1909 οὐ
503 1859 663 1928 μόνον
694 1861 722 1913 ὁ
738 1859 917 1930 ἄθεος,
943 1861 1080 1916 ἀλλὰ
1107 1863 1202 1916 καὶ
1227 1863 1254 1914 ὁ
1281 1863 1354 1933 μὴ
1381 1867 1766 1936 προσηκόντως
1788 1871 1877 1920 τὸν

294 1947 430 2003 Θεὸν
465 1952 775 2020 σεϐόμενος.

365 2254 487 2307 Ὀτι
523 2254 973 2324 παρεπίκραναν
997 2272 1091 2324 σε,
1122 2259 1322 2327 Κύριε.
1355 2260 1430 2314 Οὐ
1460 2260 1615 2330 μέλει
1649 2278 1742 2333 μοι
1768 2263 1875 2333 γὰρ

293 2345 552 2400 τοσοῦτον
572 2345 714 2419 ὑπὲρ
742 2340 818 2401 ὧν
855 2348 934 2412 είς
968 2348 1069 2419 ἐμὲ
1095 2348 1363 2417 ποιοῦσιν,
1409 2351 1548 2406 ἀλλὰ
1595 2353 1736 2425 ὑπὲρ
1764 2354 1876 2408 τῶν

296 2437 410 2489 σῶν
457 2437 612 2506 ἀλγῶ
634 2454 648 2469 ο
685 2438 1108 2510 παρεπίκραναν
1133 2440 1242 2513 γάρ
1290 2458 1374 2505 σε,
1402 2442 1492 2496 διὰ
1530 2443 1600 2498 τὰ
1629 2446 1874 2517 προρῤη·

291 2527 459 2582 θέντα
495 2529 702 2583 τούτων
755 2530 1189 2605 ἐπιτηδεύματα.
1229 2532 1438 2597 Ἀλλως
1476 2550 1556 2588 τε·
1591 2536 1703 2590 Καὶ
1750 2539 1875 2607 ἐμοὶ

293 2621 681 2691 πολεμοῦντες,
717 2625 813 2686 τὰς
865 2624 966 2687 σὰς
1023 2625 1242 2688 ἐντολὰς
1290 2623 1634 2694 φυλάττοντι,
1679 2627 1740 2681 σὲ
1783 2629 1873 2682 τὸν

290 2713 428 2782 ἑμδν
460 2714 741 2786 Δεσπότην
765 2718 1290 2790 παραπικραίνουσι.

357 2915 472 2970 Καὶ
495 2917 1009 2986 εὐφρανθήτωσαν
1037 2919 1260 2988 πάντες
1289 2925 1344 2977 οι
1389 2923 1737 2988 ἐλπίζοντες
1775 2920 1874 2975 ἐπὶ

286 3006 387 3060 σέ.
423 3006 548 3059 Τῶν
576 3007 688 3060 σῶν
718 3007 830 3078 γὰρ
877 3009 1091 3079 ἐχθρῶν
1140 3011 1480 3082 ἁνιωμένων,
1535 3013 1584 3065 οἱ
1629 3012 1874 3078 εὐσεϐεῖς

1988 1871 2162 1942 magis
2198 1881 2348 1936 sunt,
2378 1881 2531 1928 tanto
2565 1888 2593 1926 a
2626 1883 2716 1927 tua
2752 1872 3134 1931 benevolentia
3169 1877 3386 1948 longius
3419 1878 3564 1947 abji-

1983 1962 2226 2017 cianlur.
2258 1963 2462 2033 Impius
2483 1978 2612 2019 vero
2638 1981 2746 2019 non
2777 1965 2868 2019 ille
2901 1975 3108 2020 tantum
3155 1979 3236 2025 est
3262 1971 3354 2040 qni
3390 1969 3561 2025 Deum

1985 2067 2094 2106 non
2121 2054 2274 2118 colit,
2312 2055 2406 2108 sed
2440 2063 2493 2108 et
2520 2055 2566 2111 is
2595 2055 2689 2123 qui
2726 2069 2836 2109 non
2867 2064 2927 2109 ut
2955 2058 3212 2126 congruit
3238 2075 3358 2114 eum
3391 2075 3560 2115 vene-

1983 2157 2155 2198 ratur.

2050 2259 2313 2324 Quoniam
2349 2263 2798 2318 exacerbaverunt
2836 2273 2908 2330 Ie,
2951 2265 3191 2319 Domine.
3245 2265 3362 2320 Non
3420 2265 3558 2320 adeo

1978 2351 2118 2404 mihi
2169 2365 2315 2406 cura:
2369 2361 2504 2407 sunt
2557 2368 2678 2424 qua:
2730 2355 3022 2411 adversum
3079 2371 3166 2411 me
3231 2367 3552 2428 operantur,

1973 2427 2238 2512 quantum
2271 2443 2432 2498 doleo
2452 2443 2522 2498 ob
2549 2460 2611 2500 ea
2641 2461 2761 2515 quae
2793 2456 2986 2502 contra
3011 2455 3062 2504 te
3099 2427 3291 2520 agunt.
3318 2449 3554 2503 Exacer-

1977 2534 2179 2589 barunt
2203 2534 2350 2590 enim
2376 2544 2426 2591 te
2445 2537 2500 2591 in
2521 2537 2746 2606 studiis,
2769 2550 2933 2609 atque
2955 2540 3011 2594 in
3034 2540 3552 2596 conversationibus

1976 2630 2115 2696 suis,
2146 2645 2283 2700 quas
2313 2631 2570 2701 superius
2597 2637 3173 2693 commemoravimus.
3213 2635 3308 2692 Vel
3338 2637 3500 2692 aliter
3533 2655 3548 2688 :

1976 2719 2114 2784 Quia
2177 2723 2650 2776 cxacerhaverunt
2707 2733 2758 2778 le
2809 2722 3100 2780 Dominum
3146 2742 3352 2794 meum,
3419 2727 3550 2782 dum

1976 2810 2113 2865 mihi
2145 2813 2402 2867 mandata
2432 2822 2522 2868 tua
2546 2814 2864 2870 observanti
2896 2816 3111 2872 molesti
3145 2828 3293 2875 sunt.

2048 2921 2214 2979 Vens.
2245 2924 2331 2979 12.
2379 2924 2446 2978 Et
2495 2931 2746 2982 twtentur
2794 2943 2970 2984 omnes
3008 2930 3098 3000 qui
3129 2943 3345 3000 sperant
3391 2932 3447 2984 in
3497 2942 3550 2987 te

1978 3014 2206 3082 Quoties
2231 3016 2440 3072 inimici
2476 3017 2570 3074 Dei
2610 3035 2846 3076 moerere
2881 3036 2944 3076 ac
2975 3023 3197 3078 tristitia
3220 3023 3550 3088 adiciuntur,

287 3092 593 3156 ἀντιθέτως
615 3093 922 3162 χαίρουσιν,
949 3097 1033 3150 ὅτι
1065 3098 1149 3152 col.
1176 3099 1324 3169 μόνῳ
1345 3099 1698 3172 θαρροῦντες,
1720 3119 1870 3174 περι-

1982 3106 2169 3165 lidcles
2198 3122 2262 3162 ac
2297 3109 2369 3180 pii
2402 3111 2722 3182 quicunque
2753 3121 2882 3167 sunt
2915 3126 2980 3167 ex
3009 3113 3236 3170 adverso
3267 3115 3506 3185 gaudent
3535 3134 3550 3170 :

289 3181 536 3250 γίνονται
558 3184 670 3238 τῶν
697 3185 970 3242 τοσούτων
1003 3189 1098 3242 καὶ
1118 3190 1474 3262 τηλικούτων.

364 3362 474 3429 Εἷς
505 3367 694 3418 αιωνα
727 3365 1228 3436 ἀγαλλιάσονται.
1263 3371 1409 3424 Ἀντὶ
1449 3370 1544 3426 τοῦ
1588 3373 1875 3444 διηνεκῶς,

287 3457 463 3525 ἔγγὺς
489 3456 580 3510 ἀεὶ
612 3457 713 3527 τὴν
743 3457 842 3528 σὴν
873 3460 1224 3533 παράκλησιν
1249 3461 1488 3534 ἔχοντες.

357 3637 474 3694 Καὶ
500 3640 993 3708 κατασκηνώσεις
1045 3643 1115 3696 ἐν
1145 3644 1373 3719 αὺςοῒς.
1419 3645 1876 3717 Ἐπαναπαυόμε-

290 3745 373 3783 vos
391 3731 462 3800 τῇ
496 3729 794 3802 ὡραιότητι
823 3732 932 3786 τῶν
952 3732 1140 3803 ψυχῶν
1167 3734 1370 3790 αὐτῶν.
1397 3736 1721 3804 Ἐνοικήσω
1744 3738 1874 3809 γὰρ,

291 3821 480 3888 φησὶν,
521 3819 592 3874 ἐν
613 3822 842 3887 αὐτοῖς,
871 3822 971 3877 καὶ
1003 3823 1488 3893 ἐμπεριπατήσω,
1524 3828 1622 3882 καί
1659 3829 1876 3898 ἔσομαι

291 3909 498 3966 αὐτῶν
527 3911 691 3981 Θεὸς,
723 3913 824 3969 καὶ
856 3915 1026 3970 αὐτοὶ
1050 3916 1299 3972 ἔσονταί
1320 3935 1425 3987 μοι
1446 3919 1616 3983 λαός.

364 4085 480 4138 Καὶ
501 4087 917 4156 καυχήσονται
955 4090 1026 4145 ἐν
1053 4093 1178 4160 σοι,
1209 4096 1264 4148 οἱ
1285 4093 1634 4163 ἀγαπῶντες
1657 4095 1722 4150 τὸ
1752 4096 1877 4152 ὄνο-

285 4172 374 4240 μά
403 4189 540 4228 σου.
568 4177 715 4230 Διότι
745 4178 898 4248 μόνοι
927 4181 1165 4251 συνῆκαν
1194 4183 1284 4235 τὸν
1316 4183 1570 4255 ἀληθινὸν
1594 4185 1748 4254 Θεὸν,
1779 4187 1876 4241 καὶ

291 4268 379 4327 εἰς
409 4266 602 4321 τοῦτον
628 4270 792 4339 μόνον
821 4271 920 4335 τὰς
945 4272 1165 4338 ἐλπίδας
1190 4275 1458 4330 ἐνέθεντο.
1486 4278 1597 4332 Καὶ
1617 4279 1793 4344 ἄλλως
1819 4279 1874 4333 δὲ

290 4362 339 4411 oi
369 4360 693 4432 Χριστιανοὶ
721 4363 978 4419 τοσοῦτον
1007 4368 1270 4435 ἀγαπῶσι
1291 4368 1392 4438 τὴν
1417 4368 1570 4422 θείαν
1605 4369 1700 4424 τοῦ
1729 4373 1870 4442 Χρι-

1985 3199 2131 3270 quod
2159 3201 2280 3256 solo
2307 3201 2428 3256 freti
2468 3203 2598 3268 Deo,
2639 3211 2824 3259 tantos
2855 3218 2920 3259 ac
2953 3204 3091 3261 tales
3137 3217 3397 3276 superent
3443 3207 3554 3262 inin

1984 3296 2178 3349 micos.

2055 3385 2120 3439 In
2168 3388 2419 3442 saeculum
2452 3388 2816 3445 exsultabant.
2845 3388 2958 3445 lloc
2987 3398 3312 3461 estsemper
3341 3400 3394 3447 et
3427 3407 3552 3462 per-

1981 3484 2169 3548 petuo,
2225 3494 2350 3533 cum
2412 3495 2582 3550 prope
2637 3491 2799 3551 atque
2849 3483 3072 3540 assidue
3123 3484 3550 3541 consolationem

1981 3579 2131 3626 tuam
2165 3573 2403 3628 habituri
2436 3574 2569 3629 sint.

2049 3661 2119 3717 Et
2157 3663 2426 3720 liabilabis
2486 3667 2540 3719 in
2592 3665 2688 3721 eis.
2745 3667 3120 3738 Requiescens
3179 3669 3436 3724 nimirum
3493 3672 3550 3724 in

1979 3753 2390 3824 pulchritudine
2422 3757 2600 3825 latque
2647 3757 2918 3828 elegantia
2970 3759 3275 3814 animarum
3305 3774 3494 3814 eorum
3534 3777 3550 3812 :

1979 3840 2300 3896 Inhabitabo
2327 3844 2467 3896 enim
2495 3845 2645 3909 alibi,
2690 3845 2890 3914 inquit,
2943 3847 2997 3899 in
3050 3848 3145 3910 eis,
3193 3857 3244 3902 et
3307 3848 3552 3902 inambu-

1979 3931 2118 3995 labo,
2149 3940 2198 3984 et
2231 3948 2319 3985 ero
2359 3932 2578 3987 illorum
2620 3934 2782 4000 Deus,
2812 3946 2861 3990 et
2891 3938 2994 4005 ipsi
3032 3948 3186 3992 erunt
3222 3939 3350 3993 mihi
3383 3953 3550 4009 ροριισι

1977 4022 2060 4076 lus
2087 4023 2154 4078 “.

2054 4114 2212 4171 Vens.
2252 4117 2341 4171 15.
2397 4120 2466 4172 Et
2525 4117 2902 4188 gloriabuntur
2946 4121 3001 4174 in
3059 4132 3128 4186 te,
3178 4125 3267 4191 qui
3320 4125 3549 4196 diligunt

1977 4221 2166 4260 nomen
2197 4215 2368 4261 tuum.
2401 4207 2538 4274 Quia
2576 4209 2784 4265 scilicet
2816 4211 2920 4282 ipsi
2966 4213 3068 4268 soli
3127 4213 3299 4269 Deum
3355 4231 3546 4272 verum

1978 4297 2392 4367 intellexerunt,
2426 4309 2592 4372 atque
2621 4301 2677 4356 in
2705 4302 2812 4358 hoc
2838 4304 2956 4359 solo
3003 4320 3154 4375 spem
3186 4321 3346 4361 suam
3378 4308 3550 4362 collo-

1977 4397 2197 4455 (:arunt,
2232 4389 2298 4444 Et
2331 4391 2494 4447 aliter
2543 4392 2845 4450 Christiani
2889 4396 2990 4451 viri
3044 4397 3289 4453 divinum
3337 4401 3546 4456 Christi

292 4452 422 4504 στοῦ
449 4451 660 4522 κλῆσιν,
691 4454 768 4546 ῶς
791 4455 900 4509 ἀπὸ
944 4457 1115 4528 μόνης
1141 4459 1347 4530 ταύτης
1379 4459 1556 4514 θέλειν
1603 4461 1868 4531 γνωρίζε-

1981 4495 2175 4536 nomen
2231 4482 2370 4538 adeo
2423 4484 2678 4555 diligunt,
2716 4495 2774 4541 ut
2830 4503 2894 4543 ex
2949 4490 3044 4546 illo
3101 4499 3312 4547 tantum
3374 4493 3549 4548 velint

293 4543 441 4608 σθαι,
489 4546 586 4596 καὶ
617 4547 678 4598 ὲν
711 4535 858 4617 μόνῳ
918 4548 1138 4619 Χριστῷ
1194 4549 1526 4620 καυχῶνται,
1581 4551 1726 4604 κατὰ
1775 4550 1868 4603 τὸν

304 4634 632 4688 Ἀπόστολον
651 4651 668 4668 ο
722 4636 886 4706 Ἐμοὶ
915 4640 1046 4709 γὰρ,
1080 4642 1235 4711 φησὶ,
1255 4639 1340 4708 μὴ
1382 4639 1613 4709 γένοιτο
1645 4638 1875 4710 καυχᾶ-

293 4729 458 4792 σθαι,
479 4730 532 4781 si
554 4729 641 4798 μὴ
670 4729 741 4782 ἐν
772 4729 852 4794 τῷ
883 4731 1124 4800 σταυρῷ
1164 4732 1269 4785 τοῦ
1291 4733 1516 4800 Κυρίου
1559 4731 1730 4801 ἡμῶν
1772 4732 1878 4801 Ἰη-

295 4817 410 4872 σοῦ
452 4820 712 4889 Χριστοῦ
738 4859 754 4884 ,
798 4822 1077 4890 τουτέστιν
1110 4825 1166 4876 ὲν
1215 4823 1293 4894 τῷ
1323 4825 1692 4894 σταυρωθέντι
1732 4825 1871 4894 Χριο

297 4923 429 4979 στῳ.

365 5000 497 5055 Ὀτι
524 5001 608 5056 σὺ
656 5003 1016 5074 εὺλογήσεις
1064 5007 1319 5071 δίκαιον,
1355 5006 1552 5074 Κύριε.
1605 5007 1677 5058 οὐ
1713 5007 1874 5076 μόνον

299 5091 439 5144 κατὰ
464 5092 556 5146 τὸν
586 5097 828 5166 παρόντα
855 5097 968 5167 βίον
999 5097 1393 5168 ἀνακηρύττων
1415 5095 1601 5160 αὑτὸν,
1626 5097 1760 5150 ἀλλά
1779 5100 1874 5152 καὶ

303 5185 440 5235 κατὰ
469 5185 560 5238 τὸν
585 5187 872 5257 μέλλοντα,
899 5189 1026 5242 ὅταν
1051 5191 1194 5258 ἐρεῖς
1215 5207 1230 5222 ο
1263 5190 1440 5246 Δεῦτε
1469 5192 1522 5244 οἱ
1540 5191 1872 5260 εὐλογημέ-

1976 4575 2264 4644 cognosci.
2294 4574 2350 4631 In
2383 4578 2501 4632 solo
2533 4578 2738 4633 etenim
2771 4579 2995 4637 Christo
3015 4583 3173 4652 juxta
3224 4585 3548 4655 Apostolum

1976 4665 2310 4734 gloriantur,
2373 4668 2653 4726 dicentem
2698 4687 2712 4724 :
2750 4670 2885 4725 Mihi
2945 4683 3125 4728 autem
3166 4676 3303 4730 absit
3342 4687 3400 4730 ut
3443 4679 3550 4748 glo-

1977 4755 2104 4820 rier,
2129 4758 2234 4810 nisi
2261 4759 2316 4812 in
2339 4775 2492 4813 cruce
2519 4759 2739 4814 Domini
2765 4763 2934 4816 nostri
2951 4761 3083 4818 Iesu
3110 4763 3308 4820 Christi
3336 4767 3380 4798 “’
3405 4784 3420 4833 ;
3448 4770 3550 4824 hoc

1991 4856 2076 4901 est
2108 4847 2213 4903 nisi
2249 4849 2302 4902 in
2327 4850 2547 4905 Christo
2580 4853 2702 4920 ipso
2736 4853 3022 4909 cruciﬂxo.

2048 5018 2314 5085 Quoniam
2345 5031 2400 5075 tu
2429 5023 2699 5080 benedices
2710 5027 2887 5094 justo,
2909 5027 3146 5084 Domine.
3184 5030 3302 5086 Non
3337 5041 3546 5088 tantum

1976 5111 2029 5164 in
2066 5113 2322 5180 praesenti
2356 5115 2574 5170 saeculo-
2603 5125 2662 5172 tu
2687 5118 2770 5175 eis
2801 5119 3116 5188 benedices,
3145 5123 3331 5179 laudes
3357 5140 3548 5178 eorum

1977 5204 2241 5262 omnibus
2279 5219 2437 5261 notas
2469 5207 2700 5273 iaciens,
2741 5213 2838 5267 sed
2875 5222 2930 5268 et
2977 5215 3031 5269 in
3065 5215 3253 5270 futuro
3285 5218 3550 5285 :quando

300 5290 393 5327 νοι
413 5276 518 5331 τοῦ
545 5279 781 5347 Πατρός
798 5297 940 5349 μου.
982 5281 1055 5335 Σὺ
1078 5281 1171 5338 οὖν
1201 5282 1522 5354 εὐλογήσεις
1556 5279 1740 5348 αὐτὸν,
1775 5282 1871 5337 καὶ

1981 5295 2191 5352 vocabis
2218 5299 2545 5366 eos,dicens
2576 5318 2592 5358 :
2631 5300 2828 5371 Venite,
2854 5305 3113 5362 benedicti
3139 5306 3325 5364 Patris
3356 5311 3457 5365 mei
3479 5312 3548 5366 ⁸³.

378 5473 422 5506 ⁸⁸
451 5474 632 5535 Levit.
677 5497 828 5550 xui,
855 5483 962 5550 I2;
995 5483 1014 5539 I
1044 5484 1177 5541 Cor.
1213 5503 1287 5552 vn,
1322 5489 1408 5545 I6.

1505 5493 1550 5526 ⁸⁷
1591 5490 1769 5547 Galat.
1797 5509 1869 5560 τι,
1907 5495 1996 5550 14.
2075 5495 2122 5529 ⁸⁸
2148 5497 2344 5559 Matth.
2399 5519 2524 5570 xxv,
2557 5503 2644 5560 54.

1637 5611 1836 5673 Variae
1886 5612 2187 5681 lectiones

377 5719 482 5790 (30)
515 5723 600 5776 ἵσ.
635 5725 1044 5796 προεδήλωσας.

617 5818 884 5887 Panos.
928 5824 1043 5885 Gn.
1077 5823 1399 5889 CXXVIII.
