4082 6212
494 337 620 404 ‘30?

1740 340 2135 403 EUTHYMII
2174 346 2540 409 ZIGABENI

3662 346 3764 412 1(8

515 449 595 503 'I‘u
634 448 816 518 itaque
850 445 1143 501 benedices
1189 446 1269 502 eis
1326 446 1544 502 tametsi
1598 447 1821 519 maligni
1867 459 2079 517 contra,

2190 458 2236 509 οί
2267 456 2497 530 πονηροὶ
2518 458 2704 515 τοῦτον
2727 460 3033 527 κακίζουσι.
3068 460 3385 532 Παρηγορεῖ
3417 458 3472 515 δὲ
3499 461 3557 515 ὲν
3587 462 3764 534 τούτῳ

501 538 594 591 eis
624 536 973 591 maledicam.
1006 534 1326 606 llujusmodi
1360 546 1540 591 autem
1570 536 1749 593 verbis
1770 553 1865 594 cos
1890 554 2083 597 conso-

502 632 658 684 latur
689 628 781 698 qui
815 636 1042 698 propter
1076 629 1345 685 virtutem
1378 629 1732 699 blasphemiis
1760 645 1823 685 ac
1857 631 2084 689 maledi-

501 722 790 777 ctionibus
828 722 1013 791 impeti
1042 723 1243 778 solent.
1459 789 1461 791 ι

580 812 655 867 Ut
694 823 843 867 scuto
871 814 1021 868 bonae
1050 814 1340 868 voluntatis
1375 815 1645 868 coronasti
1678 830 1795 870 nos.
1840 814 1946 880 Tu,
1984 815 2087 871 Do-

504 908 679 971 mine,
708 906 912 976 inquit,
946 906 1197 962 inuniisti
1228 920 1331 962 nos
1365 906 1545 973 valde,
1590 918 1644 963 et
1674 907 2083 965 circumdedisti

511 1014 677 1056 cruce
712 1008 826 1066 tua,
862 1016 986 1071 quae
1018 1010 1238 1056 scutum
1278 1009 1365 1056 est
1395 1000 1555 1056 bona:
1603 1001 1902 1057 voluntatis
1937 1021 1951 1057 :
1983 1003 2087 1059 hoc

494 1100 594 1147 est
626 1101 843 1148 scutum
888 1094 987 1147 tibi
1034 1100 1258 1163 gratum
1298 1107 1363 1147 ac
1394 1093 1680 1164 placitum.
1727 1094 2088 1150 Animadver-

500 1185 737 1239 tendum
768 1193 1070 1241 autemest
1121 1200 1243 1241 esse
1280 1185 1431 1241 hunc
1469 1185 1764 1257 quemdam
1825 1186 2085 1258 loquendi

513 1274 733 1328 modum
776 1276 919 1345 apud
955 1289 1169 1331 sacram
1204 1274 1571 1346 Scripturam,
1622 1292 1733 1346 quo
1788 1277 1960 1347 ﬁlium
1989 1293 2085 1345 po-

460 1427 475 1441 ,
496 1369 689 1421 κιειιιίιτ
710 1368 893 1422 dicere
921 1369 1058 1423 solet
1084 1382 1184 1438 pro
1214 1376 1491 1437 potentem
1517 1386 1532 1434 ;
1558 1380 1635 1433 et,
1668 1371 1836 1422 virum
1869 1369 2089 1438 sangui-

504 1474 635 1511 num
670 1474 771 1529 pro
799 1458 1254 1528 sanguinarium;
1298 1458 1563 1511 hominem
1594 1458 1758 1514 etiam
1790 1458 1937 1528 pacis
1985 1459 2087 1514 hoc

500 1552 594 1605 est
620 1550 907 1621 paciﬁcum
950 1569 965 1605 :
998 1552 1074 1605 ita
1128 1559 1181 1604 et
1216 1551 1323 1616 hic,
1361 1560 1572 1605 scutum
1608 1549 1760 1604 bona:
1803 1551 2085 1604 uoluntatis

503 1658 613 1711 pro
658 1652 873 1696 scutum
907 1641 1168 1711 placitum
1209 1650 1262 1696 et
1299 1641 1435 1696 bene
1464 1649 1701 1713 gratum.
1742 1639 1890 1696 Ordo
1920 1643 2083 1694 etiam

506 1734 603 1786 Iiat
632 1732 736 1787 hoc
769 1733 928 1787 modo
960 1751 973 1785 :
1012 1732 1256 1787 Muniisti
1286 1748 1408 1799 nos,
1447 1732 1700 1797 Domine,
1722 1732 1965 1803 potentia
1993 1741 2085 1786 tua

2185 548 2312 610 τοὺς
2332 548 2420 602 διὰ
2457 549 2558 619 τὴν
2591 549 2789 620 ἀρετὴν
2814 549 3360 621 βλασφημουμένους.

2269 812 2367 880 Ὠς
2412 813 2578 878 ὅπλῳ
2622 814 2904 881 εὐδοκίας
2954 814 3383 885 ἐστεφάνωσας
3413 816 3589 887 ἡμας.
3632 817 3769 871 Δίαν

2186 904 2504 969 ὲκύκλωσας
2535 910 2628 959 καὶ
2657 907 3064 976 περιετείχισας
3099 909 3248 976 ἡμᾶς
3277 907 3356 978 τῷ
3405 908 3647 980 σταυρῷ,
3684 909 3764 980 τῷ

2185 997 2336 1068 ὅπλῳ
2362 998 2460 1068 τῆς
2489 998 2759 1063 εὐδοκίας,
2778 1000 2902 1069 ,ἦτοι
2922 1000 3021 1070 τῆς
3049 1001 3289 1071 ἀρρήτου
3312 1001 3622 1071 οἰκονομίας
3646 1018 3765 1060 σου.

2188 1090 2261 1143 ’Ἡ
2305 1090 2399 1143 καὶ
2426 1091 2621 1145 ὅπλον
2649 1091 2950 1159 εὐδοκίας,
3011 1092 3073 1145 τὸ
3120 1093 3407 1162 εὐδόκιμον
3440 1094 3601 1146 ὅπλον
3629 1094 3769 1147 ὑπο-

2185 1182 2443 1254 ληπτέον.
2474 1184 2721 1255 Συνήθης
2750 1184 2860 1255 γὰρ
2896 1187 2962 1255 τῇ
2996 1185 3212 1255 Παλαιᾷ
3234 1187 3328 1239 καὶ
3371 1180 3530 1249 οὗτος
3560 1188 3587 1238 ὁ
3631 1203 3768 1256 σχη-

2190 1276 2493 1346 ματισμός·
2522 1276 2659 1329 υίὸν
2722 1277 2833 1346 γὰρ
2864 1276 3023 1330 καλεῖ
3052 1275 3364 1345 δυνάμεως
3396 1279 3484 1330 τὸν
3515 1277 3765 1343 δυνατὸν,

2186 1367 2280 1420 καὶ
2327 1367 2517 1437 ἄνδρα
2549 1367 2833 1436 αἱμάτων,
2865 1368 2958 1422 τὸν
3012 1370 3232 1437 φονικὸν
3256 1409 3270 1434 ,
3305 1371 3400 1422 καί
3451 1369 3770 1437 ἄνθρωπον

2186 1457 2453 1526 ειρήνης.
2480 1458 2568 1511 τὸν
2598 1458 2892 1528 εἰρηνικόν.
2932 1456 3037 1511 Καὶ
3068 1457 3393 1511 συντακτέον
3422 1456 3593 1521 οὕτως
3612 1475 3627 1488 ο
3658 1458 3766 1509 Πε-

2189 1548 2519 1620 ριετείχισας
2546 1549 2691 1618 ἡμᾶς
2715 1550 2785 1619 τῇ
2812 1547 3042 1617 δυνάμει
3090 1564 3206 1609 σου,
3236 1545 3486 1616 καθάπερ
3516 1548 3572 1599 ἐν
3615 1546 3767 1618 ὅπλῳ

2188 1640 2456 1709 εὐδοκίμῳ
2486 1638 2580 1691 καὶ
2611 1635 2875 1707 στερρεῷ.
2905 1636 3151 1705 Στεφάνη
3184 1634 3314 1704 γὰρ,
3342 1636 3369 1686 ὁ
3396 1634 3593 1696 κύκλος
3616 1650 3629 1665 ·
3663 1651 3763 1686 κυ-

2190 1728 2450 1798 κλοτερὴς
2478 1727 2557 1793 δὲ,
2588 1727 2681 1778 καὶ
2710 1727 2737 1778 ὁ
2770 1724 3068 1796 τειχισμός.

500 1827 671 1896 quasi
709 1837 865 1882 scuto
894 1825 1129 1898 quodam
1155 1828 1387 1897 probato
1419 1842 1482 1881 ac
1512 1826 1661 1882 forti.
1695 1827 1912 1882 Corona
1933 1826 2078 1883 enim
2122 1824 2412 1881 circularis
2435 1825 2626 1878 formae
2653 1830 2779 1886 est;
2812 1830 2865 1877 et
2895 1822 3229 1877 munitiones
3262 1823 3424 1877 etiam
3498 1837 3591 1892 per
3657 1821 3765 1876 cir-

494 1918 696 1972 culum
722 1926 883 1988 atque
912 1919 965 1972 in
992 1918 1229 1973 circuitu
1271 1917 1387 1972 ﬁeri
1423 1917 1622 1973 solent.

498 2011 578 2063 Ju
628 2009 785 2079 [mem
844 2010 896 2061 in
969 2010 1179 2078 hymnis
1248 2024 1342 2077 pro
1421 2018 1605 2062 octava
1678 2007 1915 2075 psalmus
1977 2009 2079 2077 ipsi

2182 2008 2283 2072 Εὶς
2317 2006 2382 2058 τὸ
2412 2002 2585 2068 τέλος
2609 2002 2923 2072 ἐηῦμνοις,
2952 2001 3105 2069 ὑπὲρ
3132 2000 3241 2069 τῆς
3258 2000 3493 2069 ὀγδόης,
3518 2001 3768 2071 Ψαλμὸς

1201 2100 1388 2154 David.

1056 2189 1378 2244 PSALMUS
1434 2190 1521 2244 Vl.

580 2282 724 2347 Quid
752 2282 1025 2351 signiﬁcet
1070 2281 1137 2335 In
1188 2284 1344 2347 ﬁnem
1399 2283 1607 2338 dictum
1662 2293 1746 2339 est
1786 2302 1798 2336 :
1832 2287 2083 2353 praesenti

496 2388 641 2426 vero
680 2373 893 2441 psalmo
926 2374 1109 2426 laudat
1142 2388 1203 2427 ac
1237 2374 1551 2444 magnilicat
1580 2374 1744 2430 Deum
1771 2375 2039 2447 Propheta
2066 2390 2084 2432 :

512 2473 777 2532 rogatque
806 2473 862 2519 et
895 2478 1089 2532 preces
1121 2462 1301 2518 fundit
1337 2481 1436 2534 pro
1475 2474 1693 2531 octava,
1728 2466 1832 2521 hoc
1866 2474 1948 2522 est
1984 2482 2085 2537 pro

498 2554 700 2607 'ifuturo
726 2554 949 2608 saeculo.
984 2552 1233 2610 Praesens
1265 2556 1410 2609 enim
1458 2556 1719 2610 saeculum
1779 2558 2085 2612 revolutum

496 2661 576 2701 .ae
607 2646 955 2713 completum,
990 2656 1044 2701 et
1090 2648 1247 2717 quasi
1280 2647 1632 2702 hebdomadas
1672 2661 2088 2704 commcnsura-

498 2746 650 2803 tum,
685 2739 996 2806 septenario
1025 2740 1278 2808 signatur
1310 2754 1563 2802 numero,
1596 2750 1648 2795 et
1677 2740 1966 2809 septimum
2001 2740 2086 2795 di-

508 2828 685 2893 citur;
725 2828 967 2882 futurum
994 2844 1124 2884 vero
1146 2830 1409 2884 saeculum
1460 2839 1717 2884 octavum
1750 2832 2083 2902 appellatur,

504 2918 677 2972 veluti
709 2918 854 2988 quod
879 2919 1176 2988 septimum
1225 2921 1496 2990 sequitur.
1537 2922 1595 2974 ln
1634 2936 1866 2990 persona
1901 2930 2081 2977 autem

509 3024 619 3064 non
644 3023 741 3064 sua
776 3018 987 3063 tantum
1018 3008 1316 3078 Pr0pheta,
1353 3012 1446 3065 sed
1471 3020 1525 3065 et
1558 3011 1806 3065 omnium
1835 3024 2081 3067 nostrum

511 3100 689 3155 fundit
726 3117 914 3171 preces
951 3101 1017 3156 ad
1065 3100 1258 3165 Deum,
1293 3102 1385 3171 qui
1432 3103 1488 3157 in
1519 3102 1704 3157 futuro
1737 3105 1832 3159 illo
1885 3105 2085 3160 saeculo

502 3208 700 3248 omnes
720 3193 1067 3262 iudicaturus
1099 3205 1202 3248 est.
1239 3192 1395 3249 llunc
1422 3203 1603 3251 autem
1634 3196 1907 3265 psalmum
1938 3212 2083 3252 com-

2819 2093 2899 2159 τῷ
2933 2093 3129 2147 Δαϐίδ.

2783 2185 3075 2238 ΨΑΛΜΟΣ
3111 2185 3203 2250 ς’.

2262 2280 2327 2333 Τί
2359 2278 2457 2350 μὲν
2473 2278 2622 2349 δηλοῖ
2645 2277 2708 2330 τὸ
2738 2278 2840 2343 Είς
2865 2276 2933 2329 τὸ
2964 2274 3163 2341 τέλος,
3185 2274 3531 2346 προείρηται.
3549 2274 3769 2347 ’Υμνῶν

2191 2364 2249 2421 δὲ
2280 2371 2371 2420 καὶ
2417 2369 2738 2439 μεγαλύνων
2788 2367 2879 2421 τὸν
2918 2367 3049 2420 Θεὸν
3085 2369 3113 2420 ὁ
3144 2368 3456 2438 προφήτης,
3486 2366 3627 2438 ὑπὲρ
3667 2369 3769 2438 τῆς

2191 2459 2384 2530 ὀγδόης
2416 2460 2741 2530 παρακαλεῖ,
2787 2459 3088 2524 τουτέστιν,
3145 2461 3288 2530 ὑπὲρ
3336 2460 3431 2513 τοῦ
3483 2460 3772 2530 μέλλοντος

2188 2553 2404 2615 αἰῶνος.
2433 2553 2701 2623 ’Ἕϐδομος
2734 2554 2891 2623 γὰρὸ
2921 2552 3132 2622 παρὼν,
3188 2554 3337 2614 ὅστις
3371 2552 3625 2622 ἐδδομάδι
3675 2569 3772 2621 με-

2187 2645 2510 2715 τρούμενος,
2546 2646 2640 2698 καὶ
2690 2645 3183 2715 ἀνακυκλούμενος,
3213 2645 3307 2697 καὶ
3347 2644 3774 2715 συμπληρούμε-

2187 2751 2305 2798 νοςο
2334 2734 2517 2803 ὄγδοος
2542 2735 2601 2789 δὲ
2632 2738 2858 2802 ἐκεῖνος,
2893 2735 2969 2798 ὡς
3004 2734 3143 2805 μετὰ
3172 2735 3263 2788 τὸν
3299 2734 3527 2803 ἕϐδομον
3554 2733 3772 2789 τοῦτον.

2188 2826 2264 2883 Οὐ
2297 2826 2577 2897 προσώπῳ
2602 2826 2658 2878 δὲ
2689 2826 2849 2895 μόνον
2888 2825 3023 2895 ίδίῳ,
3063 2824 3197 2879 ἀλλὰ
3223 2825 3315 2878 καὶ
3357 2824 3573 2877 πάντων
3604 2825 3767 2894 ἡμῶν

2187 2920 2453 2992 προσάγει
2475 2916 2553 2987 τῷ
2594 2919 2778 2987 κρῖναι
2821 2917 3121 2986 τηνικαῦτα
3156 2917 3404 2987 μέλλοντι
3445 2917 3635 2989 Κυρίῳ
3669 2921 3770 2985 τχν

2187 3012 2395 3083 δέησιν.
2437 3009 2682 3073 Ἐξέθετο
2721 3008 2779 3062 δὲ
2811 3007 2904 3061 τὸν
2955 3008 3191 3078 ψαλμὸν,
3249 3012 3577 3079 πειρασμοῖς
3611 3025 3771 3076 περι-

2191 3104 2425 3175 σχεθεὶς,
2497 3101 2869 3170 ἑπενεχθεῖσιν
2934 3100 3085 3171 αὑτῷ
3139 3100 3230 3154 διά
3271 3116 3397 3153 τινα
3438 3101 3768 3171 πλημμελή-

2192 3213 2360 3266 ματα.

498 3284 692 3355 rposuit
725 3284 916 3340 beatus
946 3283 1111 3339 David
1138 3294 1428 3353 postquam
1456 3285 1511 3339 in
1545 3285 1836 3355 angustias
1870 3295 2034 3357 atque
2074 3286 2129 3341 in
2178 3286 2504 3341 alllictiones
2540 3285 2768 3351 decidit,
2810 3300 2933 3355 qua:
2966 3284 3018 3339 ei
3087 3285 3157 3337 ob
3194 3291 3417 3351 peccata
3493 3282 3615 3353 ejus
3665 3284 3769 3338 ob-

503 3383 792 3430 ueneram.

583 3467 743 3523 Vitas.
774 3467 829 3521 2.
863 3466 1106 3532 Domine,
1140 3485 1202 3520 ne
1234 3469 1285 3519 in
1311 3467 1491 3535 furore
1515 3476 1604 3519 tuo
1633 3481 1828 3536 arguas
1862 3483 1961 3532 me,
1991 3482 2079 3521 ne-

2256 3464 2455 3531 Κύριε,
2482 3461 2568 3531 μὴ
2600 3460 2679 3526 τῷ
2726 3459 2889 3530 θυμῷ
2921 3472 3039 3513 σου
3073 3459 3330 3528 ἐλέγξῃς
3353 3475 3450 3527 με,
3502 3460 3658 3527 μηδὲ
3691 3458 3766 3526 τῇ

495 3578 606 3628 que
632 3563 686 3615 in
713 3562 795 3614 ira
829 3570 919 3613 tua
953 3562 1217 3628 corripias
1251 3575 1349 3612 me.
1384 3558 1492 3614 Sed
1536 3559 1812 3629 quomodo
1852 3557 2080 3629 legimus

502 3654 649 3723 apud
696 3655 912 3707 beatum
936 3650 1040 3707 Job
1085 3668 1099 3705 :
1144 3651 1343 3705 Beatus
1397 3651 1553 3705 homo
1603 3666 1756 3721 quem
1810 3651 2079 3721 redarguit

511 3747 768 3801 Dominus
806 3749 861 3799 in
916 3755 1057 3800 terra
1088 3746 1175 3812 6’;
1212 3755 1268 3800 et
1311 3745 1588 3814 quomodo
1621 3744 1742 3815 ipse
1780 3745 1945 3799 etiam
1972 3744 2079 3799 Da-

498 3842 594 3893 uid
625 3840 750 3893 alibi
790 3839 970 3893 dixit:
1008 3837 1197 3891 Beatus
1238 3837 1390 3890 homo
1442 3853 1594 3906 quem
1643 3846 1700 3890 tu
1728 3836 2075 3904 corripuerit,

2188 3553 2336 3624 ὀργῇ
2357 3568 2473 3608 σου
2494 3552 2827 3621 παιδεύσῃς
2856 3568 2952 3621 με.
2984 3553 3093 3604 Καὶ
3127 3550 3233 3622 μὴν
3270 3552 3327 3604 ὲν
3366 3554 3431 3621 τῇ
3461 3551 3624 3622 βίϐλῳ
3668 3553 3766 3604 τοῦ

2200 3644 2317 3698 Ἰὼϐ
2346 3645 2675 3714 γέγραπταν
2733 3641 3040 3711 Μακάριος
3069 3641 3379 3711 ἄνθρωπος
3429 3641 3503 3695 ὃν
3544 3642 3767 3711 ἤλεγξε

2186 3738 2400 3806 Κύριος
2428 3736 2527 3790 ἐπὶ
2560 3735 2670 3803 τῆς
2718 3735 2900 3804 ὀργῆς
2922 3753 2934 3766 ’
2976 3737 3071 3789 καὶ
3096 3736 3259 3798 αὐτὸς
3291 3735 3347 3787 δέ
3376 3752 3541 3805 φησιν
3567 3737 3624 3788 ἐν
3670 3737 3765 3789 ἄλ-

2185 3829 2325 3894 λοις⁶
2361 3827 2662 3896 Μακάριος
2714 3828 3027 3895 ἄνθρωπος
3055 3828 3127 3881 ὃν
3157 3827 3234 3881 ἂν
3262 3826 3618 3895 παιδεύσῃς.
3648 3830 3766 3881 Κύ-

500 3932 727 3985 Domine
748 3930 840 3984 77°?
868 3929 1061 3984 Verum
1084 3929 1192 3983 hoc
1232 3930 1283 3983 in
1316 3928 1437 3983 loco
1462 3928 1727 4000 Propheta
1756 3943 1865 3983 non
1890 3943 2079 3998 repre-

2182 3938 2290 3993 ριε.
2332 3922 2407 3974 Οὐ
2446 3921 2637 3990 φεύγει
2670 3919 2800 3989 γοῦν
2825 3920 2916 3972 τὸν
2945 3920 3188 3989 ἔλεγχον,
3228 3920 3351 3973 οὐδὲ
3376 3920 3477 3990 τὴν
3512 3919 3765 3973 παιδείαν

506 4024 668 4077 luendi
697 4024 879 4076 renuit
912 4033 1006 4075 aut
1056 4021 1315 4091 castigari
1349 4035 1377 4074 a
1408 4019 1539 4085 Deo,
1574 4020 1668 4074 sed
1703 4020 1847 4089 quod
1901 4018 2079 4088 poscit

500 4117 559 4173 id
592 4126 801 4171 tantum
834 4126 942 4180 est,
983 4130 1053 4169 ne
1114 4131 1237 4170 cum
1296 4113 1674 4184 indignatione
1711 4114 2076 4182 redarguatur

507 4218 595 4263 aut
629 4223 752 4263 cum
780 4208 879 4263 ira.
912 4207 1046 4261 Nam
1075 4221 1199 4260 cum
1237 4203 1643 4258 intolerabilem
1678 4216 1807 4258 esse
1861 4202 2076 4258 noverit

494 4301 643 4353 iram
676 4297 791 4365 Dei,
837 4299 993 4353 timet
1017 4313 1085 4351 ne
1114 4298 1182 4349 ah
1221 4310 1285 4349 ea
1318 4306 1549 4363 prorsus
1606 4294 1871 4363 perdatur
1903 4308 1917 4347 :
1960 4309 2077 4348 mo-

498 4391 632 4444 dice
679 4399 861 4443 tamen
895 4386 1099 4455 corripi
1149 4390 1322 4453 optat,
1386 4392 1444 4437 ut
1499 4383 1780 4453 probatior
1824 4384 2073 4451 eifectus,

500 4482 686 4536 :l‘uturi
716 4479 908 4550 judicii
937 4491 1126 4546 patinas
1159 4475 1356 4531 melius
1382 4472 1626 4545 eﬂugiat.
1666 4474 2075 4544 Consequenter

487 4574 667 4627 etiam
709 4578 838 4641 post
870 4567 1343 4638 redargutionem,
1372 4567 1790 4636 correptionein
1842 4567 2073 4636 subjun-

489 4664 587 4717 ~xit
615 4679 628 4716 :
670 4671 724 4717 et
754 4676 1069 4732 quanquam
1098 4660 1242 4714 Deus
1270 4674 1299 4713 a
1338 4659 1522 4715 furore
1544 4670 1595 4715 et
1619 4660 1698 4713 ira
1728 4668 1783 4715 et
1819 4661 1889 4714 ab
1919 4659 2070 4714 omni

491 4770 733 4825 prorsus
778 4754 1034 4824 passione
1070 4752 1206 4807 liber
1240 4752 1335 4818 sit,
1359 4753 1642 4822 prophetae
1679 4761 1859 4807 tamen
1904 4768 2073 4822 saepe-

2184 4013 2403 4077 ἁπλῶς·
2437 4013 2571 4067 ἀλλὰ
2604 4014 2694 4067 τὸν
2740 4012 2880 4083 μετὰ
2914 4012 3108 4083 θυμοῦ,
3139 4012 3233 4065 καὶ
3280 4012 3369 4064 τὸν
3404 4014 3521 4081 μετ’
3563 4012 3761 4082 ὀργῆς,

2184 4106 2272 4160 ἵνα
2303 4106 2378 4177 μὴ
2412 4106 2489 4177 τῷ
2520 4104 2831 4175 ἀνυποίστῳ
2864 4104 3195 4175 διαφθαρείη
3216 4120 3230 4135 ο
3266 4104 3401 4157 ἀλλᾶ
3433 4105 3511 4174 τῷ
3549 4109 3765 4176 μετρίῳ

2185 4195 2408 4267 βελτίων
2435 4198 2745 4267 γενόμενος,
2778 4195 2994 4267 ἐκφύγῃ
3023 4196 3123 4258 τὰς
3156 4196 3216 4247 ὲν
3236 4197 3300 4264 τῇ
3340 4194 3609 4267 μελλούσῃ
3645 4196 3765 4265 κρί-

2182 4304 2267 4341 σει
2299 4288 2567 4350 κολάσεις.
2617 4288 2949 4351 Ἀκολούθως
2978 4289 3033 4341 δὲ
3066 4287 3144 4356 τῷ
3172 4289 3379 4359 ἐλέγχῳ
3399 4289 3498 4360 τὴν
3536 4290 3764 4342 παίδευ-

2144 4402 2151 4405 ’
2183 4397 2265 4432 σιν
2309 4379 2384 4442 ὡς
2413 4379 2687 4449 ἑπομένην
2733 4379 2984 4443 ἐπέταξε.
3014 4380 3087 4433 Τὸ
3118 4379 3274 4432 Θεῖον
3301 4379 3377 4440 δὲ,
3429 4381 3522 4433 καὶ
3552 4379 3757 4450 θυμοῦ,

2180 4467 2273 4519 καὶ
2303 4467 2501 4530 παντὸς
2558 4468 2764 4532 πάθους
2793 4468 3099 4539 ἐλεύθερον.
3152 4469 3214 4522 Οί
3252 4469 3533 4539 προφῆται
3568 4470 3623 4522 δὲ
3656 4470 3761 4534 τὰς

2179 4559 2430 4623 τοιαύτας
2462 4560 2640 4625 θέσεις
2688 4562 2975 4633 προσ-ἧψαν
3013 4562 3183 4631 αὐτῷ,
3222 4561 3537 4632 βουλόμενοι
3570 4564 3759 4615 πεῖσαι

2176 4653 2287 4715 τοῖς
2313 4652 2640 4722 ἀνθρώποις,
2676 4654 2759 4707 ὅτι
2813 4655 3124 4723 προνοεῖται
3156 4653 3252 4707 τοῦ
3284 4654 3488 4716 παντὸς
3535 4657 3562 4707 ὁ
3594 4653 3752 4717 Θεὸς,

2178 4745 2274 4798 καὶ
2293 4746 2413 4816 ὁρᾷ,
2446 4747 2537 4798 καὶ
2571 4747 2782 4812 ἀκούει,
2818 4746 2910 4799 καὶ
2959 4746 3165 4816 ἥδεται,
3222 4748 3317 4800 καὶ
3350 4746 3621 4813 λυπεῖται,
3660 4749 3759 4799 καὶ

488 4860 735 4899 .numero
787 4844 1103 4914 hujusmodi
1136 4842 1476 4898 affectionem
1518 4844 1567 4898 ei
1594 4842 1929 4908 tribuerunt,
1962 4859 2079 4914 per-

2187 4836 2379 4905 κρίνει,
2418 4838 2511 4889 καὶ
2543 4836 2827 4906 θυμοῦται,
2862 4837 2954 4889 καὶ
2989 4837 3293 4907 ὀργίζεται,
3322 4840 3416 4892 καὶ
3437 4839 3540 4892 ὅσα
3573 4836 3757 4890 τοιαῦ-

498 4935 732 4990 suadere
762 4936 1046 4991 studentes
1094 4935 1396 4988 lectoribus
1440 4948 1455 4987 :
1488 4933 1631 5002 quod
1666 4934 1914 4988 omnium
1970 4934 2071 4987 lio-

504 5029 710 5080 minuin
747 5028 889 5081 Deus
920 5040 1107 5081 curam
1144 5027 1342 5093 habet;
1396 5025 1544 5094 quod
1594 5025 1780 5079 omnia
1821 5025 1967 5079 videt
2012 5036 2069 5080 et

498 5121 687 5188 audit;
720 5120 866 5191 quod
889 5120 1132 5184 laetatur,
1184 5128 1239 5174 et
1267 5120 1541 5183 tristatur,
1570 5126 1623 5171 et
1650 5118 1880 5187 jndicat,
1915 5116 2069 5183 furit,

2171 4942 2262 4991 τα,
2293 4926 2361 4979 ἵν’
2397 4927 2538 4979 οὕτω
2597 4928 2943 4999 φοϐηθέντες,
2976 4933 3075 4999 τῆς
3120 4931 3318 4994 κακίας
3378 4932 3752 5007 ἀπόσχωνται.

2174 5016 2383 5081 Ἀλλως
2408 5035 2464 5070 τε
2493 5019 2551 5071 δὲ
2583 5018 2690 5073 ἀπὸ
2720 5019 2827 5072 τῶν
2855 5020 3211 5090 ἀνθρωπίνων
3236 5022 3527 5092 ἐνεργειῶν
3552 5023 3756 5092 ὲμφαίυ

2172 5128 2321 5163 νουσι
2350 5111 2448 5175 τὰς
2479 5112 2649 5177 Θείας,
2691 5114 2774 5165 ὃτι
2803 5115 2893 5165 καὶ
2934 5115 2983 5166 οί
3004 5113 3256 5183 λέγοντες
3294 5116 3389 5168 καὶ
3427 5112 3479 5167 oi
3520 5114 3755 5173 dxoﬁovs

498 5222 553 5268 et
582 5214 882 5279 irascitur;
927 5222 980 5265 et
1021 5224 1364 5280 quascunque
1410 5208 1515 5261 alia
1570 5207 1888 5276 huiusmodi
1943 5222 2068 5262 eum

2182 5219 2282 5263 τες,
2314 5202 2627 5271 ἄνθρωποι·
2673 5207 2768 5255 καὶ
2805 5204 2839 5273 ἡ
2868 5204 3187 5273 ἀπόκρισις,
3240 5204 3582 5276 ἀνθρωπίνη.
3641 5207 3753 5258 Καὶ

497 5301 680 5358 facere
704 5303 916 5365 dicunt,
952 5310 1012 5356 ut
1041 5301 1239 5356 saltem
1273 5300 1376 5353 hoc
1405 5305 1566 5366 pacto
1599 5298 1800 5352 timore
1828 5299 2065 5366 correpti

498 5394 750 5449 homines
787 5393 1175 5448 dcsisterenta
1213 5389 1385 5442 vitiis.
1420 5386 1486 5441 Et
1520 5388 1722 5442 aliter:
1751 5387 1832 5442 Ab
1870 5388 2066 5441 Imma-

496 5483 586 5537 nis
624 5483 1046 5552 operationibus
1080 5480 1359 5551 prophetae
1412 5477 1601 5532 divina
1652 5478 1937 5533 declarant
1969 5496 1982 5533 :
2014 5488 2068 5533 et

496 5575 625 5642 quia
657 5576 750 5628 aui
777 5576 1073 5645 loquuntur
1104 5578 1158 5626 et
1189 5571 1282 5641 qui
1334 5568 1567 5623 audiunt
1616 5570 1865 5628 homines
1911 5583 2060 5638 sunt,

512 5734 515 5737 ’
567 5750 611 5779 ιθ
646 5745 755 5803 Job
793 5763 843 5812 ν,
888 5747 974 5801 I7.
1011 5748 1057 5779 το
1089 5744 1234 5801 Psal.
1268 5758 1423 5815 xerit.
1459 5742 1546 5799 12.

2176 5294 2345 5359 ἄλλως
2381 5296 2480 5348 οὐκ
2509 5297 2751 5366 ἐγχειρεῖ
2780 5295 3124 5364 διαλέγεσθαι
3176 5298 3303 5359 τοὺς
3340 5298 3401 5351 ἐν
3433 5295 3668 5366 σώματι,
3703 5298 3752 5348 εί

2180 5387 2253 5458 μὴ
2306 5388 2632 5456 σωματικῶς
2653 5404 2666 5417 ·
2699 5390 2793 5441 καὶ
2821 5391 2930 5461 γὰρ
2962 5391 3056 5442 καὶ
3091 5390 3401 5459 Βαρΰὰροις
3430 5389 3752 5458 διαλεγὸμεέ

2174 5497 2275 5541 νοι.
2308 5482 2373 5549 τῇ
2404 5479 2606 5533 τούτων
2628 5481 2889 5551 χρώμεθα
2917 5482 3182 5553 διαλέκτῳ
3202 5501 3213 5513 ⁸
3246 5484 3338 5536 καὶ⁵
3355 5482 3556 5553 παιδίῳ
3583 5497 3753 5550 προς-

2174 5548 2476 5637 λαλοῦντες,
2526 5548 2955 5646 ὑπἰιίκελλίζομεν
2982 5591 2995 5607 ο
3047 5548 3164 5628 καὶ-
3197 5575 3244 5627 εί
3303 5548 3562 5647 μυριάκις
3595 5548 3751 5642 ὦμεν
