4090 6212
395 357 496 420 109

1549 358 1946 421 ΟΟΜΜΕΝΤ.
1993 356 2072 418 [Ν
2115 356 2491 418 PSALMOS.

3554 355 3654 423 lli?

391 474 562 543 σοφοὶ,
591 475 729 545 πρὸς
759 474 857 546 τὴν
887 476 1108 530 ἐκείνων
1135 476 1540 546 καταϐαίνομεν
1563 478 1958 547 ταπεινότητα.

2069 474 2319 527 humana
2351 473 2534 544 lingua
2567 474 2885 545 exprimunt
2924 474 3070 545 quod
3099 474 3423 543 loquuntur.
3459 472 3648 545 Neque

391 566 498 619 Καὶ
536 566 714 620 ταῦτά
761 584 841 620 σοι
870 567 1132 640 καθολική
1156 585 1238 630 τις
1271 570 1414 624 ἔστω
1446 568 1583 639 πρὸς
1611 567 1784 622 ταῦτα
1817 568 1964 622 διδα-

389 657 607 708 σκαλία.
637 658 680 709 Τ
683 657 711 709 ὸ
733 657 880 725 γοῦν,
905 659 999 726 Μὴ
1023 659 1103 724 τῷ
1133 659 1298 728 θυμῷ
1347 676 1464 712 σου
1503 660 1841 728 παιδεύσῃς
1867 677 1964 729 με,

387 745 538 813 μηδὲ
566 745 643 815 τῇ
663 747 808 815 ὀργῇ
837 764 975 815 σου,
998 750 1120 803 ἀντὶ
1143 748 1262 811 τοῦ,
1285 749 1377 819 Μὴ
1396 748 1561 813 ἀξίως
1593 749 1968 819 καταδικᾶισῃς

390 854 481 906 με,
522 837 596 909 μὴ
627 839 785 904 ἀξίαν
808 840 1119 912 ἀπαιτήσῃς
1154 859 1221 913 με
1251 839 1429 912 δίκην.

388 927 763 997 balbutimus;
793 945 845 986 et
876 949 1192 1004 quanquam
1239 934 1399 989 valde
1463 935 1742 1004 sapientes
1800 933 1992 996 simus,

2071 564 2222 619 enim
2246 565 2514 634 possibile
2536 575 2621 620 est
2654 575 2712 620 ut
2738 566 2850 623 alio
2876 566 3042 620 modo
3091 566 3409 634 loquantur.
3458 565 3550 635 qui
3596 567 3651 620 in

2075 669 2306 724 corpore
2336 663 2466 711 sunt
2516 670 2678 726 quam
2724 657 3111 727 corporaliter.
3139 655 3274 712 Nam
3322 666 3381 713 et
3439 657 3654 728 quoties

2073 747 2354 802 Barbaros
2407 747 2760 817 alloquimur,
2795 748 3014 803 illorum
3077 748 3260 818 lingua
3308 747 3556 805 utimur:
3592 755 3646 802 et

2075 853 2196 892 cum
2230 838 2417 908 pueris
2463 837 2675 908 aliquid
2707 839 2889 894 dicere
2920 840 3192 903 volumus,
3250 855 3441 896 eorum
3496 842 3648 901 more

2078 931 2146 985 ad
2206 931 2432 987 illorum
2479 940 2662 988 tamen
2720 932 3082 988 humilitatem
3137 931 3647 989 condescendimus.

389 1022 516 1078 Haec
573 1025 738 1095 igitur
782 1027 881 1081 tibi
928 1032 998 1084 sit
1055 1044 1247 1083 norma
1305 1028 1548 1100 quaedam
1585 1027 1938 1083 universalis.
1979 1025 2134 1093 Quod
2170 1028 2336 1097 igitur
2364 1027 2440 1080 ait
2472 1045 2486 1080 :
2515 1025 2598 1082 Ne
2621 1029 2676 1081 in
2715 1028 2899 1095 furore
2935 1035 3024 1080 tuo
3082 1044 3277 1098 arguas
3341 1043 3444 1092 nte,
3507 1027 3650 1082 idem

386 1112 494 1166 sibi
531 1115 668 1180 vult,
702 1115 847 1184 quod
883 1116 1035 1174 Nolis
1072 1134 1159 1174 me
1202 1119 1360 1189 juxta
1411 1131 1527 1172 mea
1578 1116 1769 1173 merita
1821 1113 2214 1179 condemnare,
2248 1130 2423 1184 neque
2445 1114 2658 1171 debitas
2694 1129 2724 1168 a
2756 1129 2842 1170 me
2876 1128 3068 1184 poenas
3099 1116 3338 1188 exigere.

461 1226 760 1294 Ἐλέησόν
794 1247 886 1296 με,
914 1233 1108 1301 Κύριε,
1136 1233 1226 1287 ὅτι
1271 1231 1536 1300 ἀσθενὴς
1571 1232 1706 1300 εἰμί.
1761 1230 1824 1284 El
1886 1229 1963 1300 μὴ

396 1317 509 1389 γὰρ
535 1321 880 1392 ἠσθένησενό
907 1324 1055 1388 νοῦς,
1098 1326 1197 1379 οὐκ
1217 1327 1284 1379 ἂν
1315 1326 1382 1378 τὰ
1407 1324 1549 1394 πάθη
1578 1322 1768 1377 τούτου
1805 1339 1965 1392 περι-

387 1409 662 1475 εγένοντο.
706 1414 776 1467 Ἣ
804 1417 900 1468 καὶ
924 1416 1007 1469 ὅτι
1028 1416 1261 1488 ἀσθενής
1289 1417 1430 1487 εἰμι,
1464 1417 1598 1486 πρὸς
1621 1416 1712 1468 τὸν
1730 1414 1963 1484 ἀόρατον

385 1499 604 1571 ἐχθρὸν,
646 1503 736 1556 τὸν
781 1506 1029 1575 φανερῶς
1070 1509 1162 1561 καὶ
1206 1508 1451 1577 κρύὅδην
1514 1504 1957 1560 ἐπιϐουλεύοντα.

389 1590 459 1642 Ἣ
501 1594 597 1645 καὶ
629 1593 709 1646 ὅτι
762 1595 1094 1666 συντριϐεὶς,
1143 1593 1508 1669 ἐξησθένησα.
1602 1595 1960 1662 ’Υπολόγισαι

380 1679 476 1735 οὖν
501 1680 600 1751 τὴν
646 1683 785 1755 ὲμὴν
814 1685 1127 1751 ἀσθένειαν,
1183 1691 1281 1742 xal
1325 1689 1401 1757 μὴ
1459 1687 1831 1756 καταδικάσῃς
1891 1703 1960 1756 με

379 1771 582 1837 τέλεον,
618 1775 693 1839 ὡς
714 1777 979 1841 ἑκουσίως
1012 1779 1376 1850 νενικημένον
1407 1794 1420 1810 ·
1445 1783 1543 1848 τῆς
1571 1778 1628 1831 δὲ
1664 1777 1756 1832 τοῦ
1799 1776 1961 1832 Ἐλέ-

376 1867 539 1930 ησόύ
560 1883 636 1934 με
661 1869 866 1939 φωνῆς,
899 1871 1104 1930 πάντες
1142 1871 1380 1925 πάντοτε
1418 1868 1652 1940 δεόμεθα
1690 1887 1701 1898 ·
1749 1867 1959 1939 προῖὼν

2148 1229 2312 1285 Vsus.
2349 1231 2404 1285 5.
2443 1228 2697 1284 Miserere
2752 1230 2876 1294 mei,
2936 1229 3183 1291 Domine,
3212 1231 3462 1297 quoniam
3503 1230 3656 1299 infir-

2069 1339 2182 1376 mus
2208 1338 2347 1377 sum.
2379 1321 2438 1377 Si
2463 1323 2810 1388 intellectus,
2869 1321 3073 1391 inquit,
3135 1336 3289 1376 meus
3320 1321 3514 1376 debilis
3547 1337 3654 1376 non

2074 1413 2294 1478 luisset,
2343 1415 2630 1483 passiones
2697 1422 2848 1470 certe
2910 1414 3066 1468 illum
3125 1429 3233 1468 non
3271 1425 3647 1483 superassent,

2077 1505 2158 1559 vel
2188 1505 2322 1574 quia
2351 1505 2604 1561 iulirmus
2630 1520 2754 1561 sum
2781 1505 3049 1560 adversus
3092 1505 3428 1560 invisibilcm
3469 1506 3653 1560 inimi-

2067 1611 2216 1662 cum,
2244 1597 2337 1666 qui
2369 1604 2423 1652 et
2457 1596 2635 1665 palam
2661 1619 2667 1622 ·
2689 1604 2744 1651 et
2801 1596 2940 1650 clam
2978 1596 3213 1652 insidias
3240 1595 3484 1666 disponit
3513 1617 3526 1652 :
3564 1599 3652 1652 vel

2067 1688 2197 1758 quia
2236 1688 2471 1743 assiduis
2524 1688 2913 1744 alllictionibus
2960 1688 3282 1744 debilitatus
3318 1706 3467 1746 sum.
3503 1690 3648 1745 Con-

2066 1780 2248 1835 sidera
2278 1780 2442 1850 igitur
2463 1788 2518 1836 et
2551 1788 2631 1846 ta,
2662 1777 2828 1844 Deus,
2860 1778 3202 1836 debilitatem
3233 1795 3431 1843 meam,
3460 1788 3514 1834 et
3535 1781 3650 1835 noli

2067 1887 2155 1927 me
2193 1873 2411 1940 penitus
2458 1871 2868 1927 condemnare:
2906 1871 3064 1941 quasi
3136 1880 3330 1939 sponte
3398 1886 3518 1925 mea
3551 1887 3650 1926 su-

377 1956 486 2026 γᾶρ
517 1973 716 2028 φησιν’
757 1959 892 2013 Ἐὰν
938 1960 1197 2029 ἀνομίας
1239 1962 1694 2029 παρατηρήσῃς,
1759 1962 1962 2028 Κύριε,

2069 1969 2292 2029 pcratus
2353 1962 2479 2017 sint.
2542 1962 2655 2016 llac
2722 1971 2900 2016 autem
2964 1976 3137 2023 voce,
3196 1960 3447 2016 Miserere
3525 1964 3648 2024 mei,

377 2045 463 2108 τίς
518 2046 967 2113 ὑποστήσεται;
1017 2046 1114 2100 καὶ
1142 2088 1157 2115 ,
1217 2047 1351 2100 Ὀτι
1395 2047 1468 2100 οὐ
1514 2045 1972 2106 δικαιωθήσεται

382 2133 644 2187 ἐνώπιόν
664 2152 782 2189 σου
823 2134 942 2200 πᾶς
978 2134 1113 2196 ζῶν.
1155 2137 1268 2189 Καὶ
1299 2135 1460 2190 πάλιν
1491 2135 1686 2202 ἔτερος
1739 2132 1931 2203 εἴρηκε
1957 2148 1970 2162 ο

391 2223 486 2286 Τίς
517 2223 888 2292 καυχήσεται
915 2226 1113 2294 ἁγνὴν
1143 2224 1309 2295 ἔχειν
1334 2223 1446 2291 τὴν
1474 2221 1762 2292 scapo/ar;
1814 2220 1853 2288 ἢ
1884 2220 1962 2286 τίς

2071 2228 2396 2282 stinebit"?
2432 2228 2562 2282 Item
2595 2227 2723 2281 alibi
2764 2247 2776 2283 :

390 2313 872 2381 παρῤησιάσεται
903 2315 1160 2384 καθαρὸς
1199 2311 1355 2369 εἷναι
1394 2314 1510 2370 ἀπὸ
1543 2314 1784 2381 ῥύπου;
1830 2310 1973 2364 Πάν-

384 2419 480 2465 τες
501 2403 600 2472 μὲν
618 2399 712 2457 οὖν
746 2405 930 2467 ἐλέους
979 2405 1216 2474 δεόμεθα
1249 2421 1264 2436 ο
1286 2405 1347 2456 οὐ
1379 2404 1584 2466 πάντες
1613 2403 1670 2456 δὲ
1713 2400 1969 2471 ἐλεούμε-

382 2492 451 2546 Θα
473 2511 486 2523 ’
515 2494 544 2546 ὀ
573 2493 682 2566 γὰρ
709 2494 851 2559 θεῖος
875 2496 1025 2560 ἔλεος
1047 2497 1138 2550 τὸν
1163 2495 1314 2562 ἄξιον
1344 2494 1613 2564 ἐπιζητεῖ.
1656 2495 1765 2548 Καὶ
1797 2492 1961 2546 tiabe-

379 2588 491 2646 νεῖς
521 2584 576 2638 δὲ
607 2586 810 2651 πάντες
844 2586 969 2640 καθ’
993 2588 1222 2651 ἑαυτοὺς
1277 2587 1463 2658 ἐσμέν.
1531 2587 1675 2641 Ἐὰν
1719 2585 1828 2656 γὰρ
1871 2583 1960 2652 μὴ

379 2677 594 2742 Κύριος
617 2674 988 2746 οὶκοδομήσῃ
1011 2673 1202 2743 οἶκον,
1235 2680 1321 2744 εις
1367 2675 1568 2747 μάτην
1621 2676 1963 2730 ἐκοπίασαν

377 2769 432 2820 oi
456 2763 932 2837 οἰκοδομοῦντες.
980 2769 1116 2822 Ἐὰν
1138 2768 1223 2839 μὴ
1249 2770 1463 2838 Κύριος
1496 2767 1740 2838 φυλάξῃ
1763 2766 1965 2828 πόλιν,

378 2859 467 2940 εἷς
494 2858 694 2927 μάτην
733 2860 1132 2929 ἠγρύπνησεν
1173 2864 1205 2915 ὀ
1230 2859 1590 2930 φυλάσσων.

2069 2065 2264 2104 omnes
2295 2064 2397 2102 nos
2429 2058 2695 2117 perpetuo
2723 2049 3050 2117 indigemus.
3085 2049 3220 2104 Nam
3251 2059 3305 2105 et
3353 2052 3482 2106 alibi
3516 2053 3594 2106 ait
3631 2068 3646 2104 :

2073 2137 2136 2192 Si
2166 2139 2468 2208 iniquitates
2492 2137 2863 2197 observaveris.
2888 2137 3391 2205 Domine,'_Domiue,
3422 2143 3537 2210 quis
3563 2159 3656 2194 suo

2827 2227 2950 2282 Non
3007 2227 3408 2298 justi/imbitur
3445 2231 3500 2284 in
3536 2248 3660 2286 con-

2068 2330 2250 2386 spectu
2307 2329 2397 2372 tuo
2449 2321 2621 2374 omnis
2678 2321 2844 2373 vivens
2871 2321 2962 2374 "‘.
3019 2320 3084 2374 Et
3151 2334 3348 2376 rursus
3393 2320 3656 2392 propheta

2066 2411 2209 2464 alius
2239 2427 2252 2463 :
2285 2409 2414 2477 Quis
2435 2410 2781 2480 gloriabitur,
2809 2409 3008 2478 inquit,
3045 2411 3299 2463 mundum
3325 2426 3414 2464 cor
3442 2411 3654 2477 habere,

2068 2512 2162 2555 aut
2194 2501 2312 2572 quis
2339 2500 2567 2569 conﬁdet
2593 2501 2818 2554 trandus
2849 2516 2964 2554 esse
2993 2518 3026 2553 a
3062 2500 3308 2556 sordibus
3331 2502 3376 2532 "
3401 2501 3425 2556 ἵ
3453 2499 3656 2558 Otnnrs

2064 2593 2252 2662 itaque
2309 2591 2621 2663 indigemus
2679 2590 2867 2645 divina
2932 2592 3312 2648 misericordia
3358 2607 3374 2648 :
3432 2596 3652 2651 tametsi

2066 2696 2176 2737 non
2210 2696 2400 2736 omnes
2426 2681 2573 2736 illam
2600 2695 3012 2751 consequamur
3038 2723 3052 2747 ,
3095 2697 3222 2738 cum
3255 2684 3396 2740 Deus
3426 2693 3642 2756 quaerat

2069 2778 2283 2827 tantum
2312 2773 2506 2844 dignos
2561 2787 2642 2828 se.
2709 2771 2914 2829 Omnes
2974 2774 3142 2830 etiam
3179 2791 3281 2832 nos
3315 2777 3517 2833 inﬁrmi
3553 2794 3652 2834 su-

2074 2877 2196 2918 mus
2231 2881 2244 2918 :
2276 2863 2404 2933 quia
2443 2861 2566 2918 Nisi
2614 2863 2875 2920 Dominus
2933 2865 3274 2934 mdi/icaverit
3325 2868 3560 2934 domum,
3596 2869 3651 2920 in

381 2963 571 3004 vanum
605 2951 854 3007 laborant
879 2953 970 3024 qui
993 2952 1261 3022 wdiﬁcant
1283 2968 1401 3007 eaut
1423 2953 1492 3005 ⁷³.
1541 2949 1607 3004 Et
1643 2965 1660 3004 :
1696 2949 1818 3004 Nisi
1850 2948 2108 3007 Dominus
2166 2956 2478 3009 custodierit
2543 2957 2830 3013 civitatem.
2903 2956 3110 3026 frustra
3171 2959 3353 3026 vigilat
3402 2963 3491 3029 qui
3555 2979 3652 3016 cv-

379 3042 544 3101 stadit
585 3060 706 3100 eam
720 3044 784 3098 ".

453 3135 646 3191 Ἰασαί
667 3153 764 3206 με,
807 3136 1004 3206 Κύριε,
1037 3136 1124 3192 ὅτι
1161 3135 1459 3206 ἐταράχθη
1509 3136 1578 3191 τὰ
1615 3137 1769 3194 ὀστᾶ
1811 3155 1950 3208 μου.

2132 3131 2279 3186 Sana
2315 3149 2414 3198 me,
2479 3149 2700 3196 .omme,
2737 3149 2987 3202 quamam
3024 3135 3340 3188 conturbata
3376 3146 3497 3189 sunt
3521 3153 3647 3191 ossa

384 3226 459 3278 Τὸ
495 3227 602 3279 ἀπὸ
633 3226 744 3279 τῶν
771 3226 1096 3298 πειρασμῶν
1132 3225 1320 3296 ἄλγος,
1347 3229 1441 3282 καὶ
1464 3226 1646 3281 αὐτῶν
1679 3227 1951 3297 καθῆκε-το

2067 3242 2197 3280 mea.
2264 3224 2428 3280 Dolor
2489 3224 2584 3294 qui
2643 3240 2896 3280 summus
2949 3225 3083 3280 mihi
3127 3227 3268 3282 inest
3311 3228 3382 3282 ab
3411 3230 3649 3286 assiduis

385 3317 491 3372 ’ῶν
523 3317 868 3388 ἀναισθήτων
893 3317 1100 3372 ὀστέων
1127 3336 1253 3389 μου,
1294 3319 1390 3374 καὶ
1450 3318 1743 3388 ὲκλόνησεν
1790 3317 1951 3374 αὐτὰ.

2067 3314 2478 3380 aﬂlictionibus,
2539 3315 2606 3370 ad
2663 3331 2838 3387 usque
2888 3331 3015 3373 ossa
3059 3316 3171 3387 ipsa
3199 3334 3366 3374 sensu
3398 3323 3647 3375 carentia

383 3407 484 3460 Διὰ
510 3409 671 3461 τοῦτο
703 3407 761 3461 δὲ
789 3408 1136 3479 παρέστησεν
1186 3409 1286 3480 τὴν
1337 3410 1646 3482 ὑπερϐολὴν
1699 3411 1792 3464 τοῦ
1856 3412 1961 3465 πά-

384 3497 534 3562 Θους.
567 3499 638 3552 Ἦ
678 3500 772 3553 καὶ
796 3500 936 3556 ὀστᾶ
967 3501 1205 3572 νοητέον,
1249 3504 1347 3566 τὰς
1403 3503 1498 3557 τοῦ
1538 3504 1630 3556 νοῦ
1681 3504 1956 3574 δυνάμεις,

385 3587 474 3656 αἷς
501 3587 656 3657 οὗτος
689 3595 1054 3666 ἐπερείδεται.

455 3772 565 3826 Καὶ
586 3773 625 3841 ἠ
655 3773 825 3843 ψυχή
845 3793 967 3845 μου
998 3775 1298 3847 ἐταράχθη
1325 3776 1582 3848 σφόδρα.
1634 3778 1728 3848 Μὴ
1757 3777 1956 3848 φέρου-

384 3883 456 3920 σα
476 3865 575 3937 τὴν
605 3865 727 3937 βίαν
755 3867 1043 3935 ἀλγεινῶν.
1075 3871 1394 3940 Προσφορον
1416 3870 1474 3924 δὲ
1505 3869 1568 3922 τὸ
1622 3869 1804 3939 ῥητὸν,
1853 3869 1961 3918 καὶ

380 3959 509 4010 ὅταν
529 3957 614 4021 τὶς
639 3959 900 4030 οἱστρηθῇ
935 3959 1072 4028 πρὸς
1099 3959 1272 4028 θυμὸν
1310 3959 1529 4026 ἄλογον,
1560 3960 1595 4029 ἢ
1624 3958 1759 4026 πρὸς
1827 3959 1955 4008 tm-

383 4046 588 4117 θυμεαν
615 4049 866 4120 αἰσχράν.
903 4049 1042 4101 Τότε
1074 4048 1184 4118 γὰρ
1215 4046 1454 4109 πνεύσας
1485 4047 1654 4109 πολὺς
1700 4047 1728 4098 ὁ
1775 4044 1958 4098 διάϐο-

383 4139 497 4203 λος,
533 4141 764 4212 ἐτάραξε
784 4142 879 4195 καὶ
905 4141 968 4194 τὸ
993 4140 1176 4210 σῶμα,
1219 4141 1312 4194 καὶ
1353 4139 1454 4210 τὴν
1483 4138 1683 4207 ψυχὴν,
1741 4137 1814 4199 ὡς
1838 4136 1961 4190 ἄνε-

384 4249 488 4300 μος
521 4231 845 4298 θαλάσσας,
880 4230 1136 4302 ἐμπεσών
1159 4248 1172 4260 ·
1208 4231 1484 4286 κυκῶνται
1512 4231 1622 4302 γὰρ
1643 4231 1831 4300 ἄμφω,
1865 4229 1958 4282 καὶ

383 4322 767 4392 κυμαίνονται,
797 4323 893 4377 καὶ
916 4324 979 4375 οὺ
1019 4323 1350 4392 φυλάττουσι
1378 4323 1478 4392 τὴν
1509 4322 1720 4375 ἑαυτῶν
1775 4319 1951 4385 τάξιν,

379 4413 476 4466 καὶ
525 4415 877 4470 κατάστασιν.

455 4592 562 4646 Kal
589 4592 694 4657 σὺ,
712 4592 907 4660 Κύριε,
934 4591 1046 4656 ἕως
1074 4592 1239 4644 πότε.
1262 4589 1567 4652 Τοῦτο,οὑκ
1599 4588 1958 4656 ἐγκαλοῦντός

2065 3405 2333 3475 pervenit,
2398 3414 2562 3475 atque
2611 3420 2673 3461 ea
2741 3407 3046 3463 concussit.
3108 3408 3202 3464 llis
3231 3417 3414 3465 autem
3459 3412 3645 3468 verbis

2063 3498 2334 3569 passionis
2366 3512 2480 3554 sua:
2508 3497 2906 3555 vehementiam
2950 3500 3368 3556 demonstravit.
3422 3500 3519 3557 Vel
3545 3517 3644 3574 per

2060 3604 2184 3646 ossa
2219 3589 2528 3660 intelligere
2557 3605 2851 3659 possumus
2884 3591 3026 3648 vires
3068 3606 3131 3646 ac
3168 3594 3467 3662 potentias,
3525 3595 3642 3663 qui.

2060 3681 2163 3735 bus
2195 3697 2351 3736 utens
2385 3681 2503 3751 ipsa
2539 3681 2862 3737 sustinetur.

2133 3769 2300 3823 Vens.
2337 3771 2390 3824 4.
2433 3770 2497 3823 Et
2556 3771 2738 3823 anima
2774 3788 2890 3824 mea
2939 3773 3157 3825 turbata
3189 3783 3268 3826 est
3324 3773 3498 3826 valde.
3528 3771 3644 3828 Non

2063 3861 2342 3915 sustinens
2416 3861 2627 3915 scilicet
2691 3862 2944 3915 dolorum
2998 3865 3130 3916 vim.
3185 3865 3647 3920 Commodisslme

2065 3955 2244 4000 autem
2299 3946 2502 3999 dicitur
2557 3945 2647 4000 hic
2726 3948 3059 4013 versiculus,
3119 3951 3334 4018 quoties
3391 3951 3518 4019 quis
3579 3954 3646 4006 ad

2065 4037 2471 4108 iram'aliquam
2533 4038 2998 4104 irrationabilem,
3055 4051 3151 4096 aut
3204 4055 3404 4110 pravas
3433 4056 3645 4096 concu-

2063 4131 2363 4204 pisceutias
2421 4130 2587 4185 fuerit
2634 4128 2972 4186 stimulatus.
3007 4129 3166 4187 Tunc
3197 4132 3342 4187 enim
3377 4133 3645 4189 diabolus

2063 4227 2352 4281 immodice
2399 4225 2616 4295 spirans
2663 4223 2902 4278 animam
2932 4225 3070 4280 solet
3103 4233 3154 4279 et
3194 4241 3394 4295 corpus
3423 4235 3643 4296 pertur-

2063 4316 2212 4383 bare,
2241 4332 2346 4369 non
2383 4328 2547 4370 secus
2581 4329 2645 4370 ac
2667 4312 2884 4370 validus
2914 4325 3109 4371 ventus
3142 4315 3195 4369 in
3228 4331 3376 4371 mare
3398 4315 3640 4372 irruens.

2063 4407 2363 4463 Miscentur
2393 4410 2540 4464 enim
2575 4423 2681 4462 una
2717 4408 2878 4463 ambo
2906 4416 3070 4476 atque
3095 4416 3351 4470 aestuant,
3381 4422 3482 4462 nec
3515 4423 3641 4476 pro~

2063 4502 2241 4569 prium
2268 4499 2500 4570 aliquem
2543 4499 2746 4565 locum,
2775 4507 2869 4553 aut
2899 4500 3147 4556 ordinem
3181 4507 3425 4554 servant.

2136 4589 2199 4643 Et
2227 4600 2302 4653 tu,
2349 4590 2587 4657 Domine,
2619 4606 2907 4660 usqueqvo.
2947 4591 3118 4644 Verba
3162 4590 3278 4645 liter.
3325 4603 3433 4646 non
3475 4607 3641 4647 accu-

380 4684 551 4748 ἐστιν,
606 4683 721 4737 ἀλλ’
779 4683 990 4747 ὀδύναις
1054 4681 1530 4751 κατατεινομένου.
1585 4682 1790 4751 Μακρά
1840 4700 1951 4751 μοι,

2067 4683 2236 4734 santis
2289 4690 2444 4745 sunt,
2479 4681 2575 4735 sed
2626 4679 2869 4734 hominis
2902 4679 2955 4732 in
3009 4679 3290 4736 doloribus
3327 4681 3638 4737 constituti.

384 4776 543 4846 φησὶ,
577 4775 852 4848 γέγονενή
889 4776 998 4829 ἀπὸ
1049 4775 1144 4829 σοῦ
1178 4776 1504 4846 παρόρασις,
1540 4771 1715 4836 οὕτως
1755 4773 1952 4844 ἔχοντι.

382 4867 509 4928 Τοῖς
544 4867 643 4935 μὲν
665 4865 760 4920 οῦν
793 4865 1209 4936 πειραζομένοις
1250 4865 1312 4929 ἐξ
1335 4864 1630 4936 ἁμαρτίας,
1659 4863 1760 4918 οὐκ
1794 4865 1956 4927 εὐῦὺς

381 4960 668 5029 ἐπικουρεῖ
699 4960 822 5013 κατ’
844 4957 1179 5030 οἰκονομίαν.
1212 4954 1406 5027 Καιρῷ
1432 4955 1562 5026 γὰρ,
1592 4955 1745 5026 φησὶ,
1771 4955 1959 5020 δεκτῷ

381 5048 708 5116 ἐπήκουσά
735 5066 852 5106 σου
873 5066 887 5082 ⁸
916 5052 1031 5114 τοῖς
1057 5049 1115 5104 δὲ
1150 5050 1212 5117 ἐξ
1249 5049 1514 5120 ἐπηρείας
1567 5047 1660 5100 τοῦ
1696 5045 1957 5117 πονηροῦ,

381 5141 476 5193 καὶ
501 5141 648 5210 μάλα
674 5157 690 5172 ·
727 5143 848 5196 Ἔτι
879 5145 1008 5212 γὰρ,
1046 5143 1204 5212 φησὶ,
1236 5140 1579 5202 λαλοῦντός
1631 5155 1770 5201 σου,
1806 5137 1920 5206 ἐρῶ
1943 5154 1957 5168 ο

390 5231 541 5286 Ἰδοὺ
564 5231 818 5304 πάρειμι.

467 5497 891 5567 Ἐπίστροφον,
945 5499 1152 5566 Κύριε,
1185 5496 1374 5566 ῥῦσαι
1420 5495 1775 5566 τήν-ψυχήν
1809 5513 1948 5566 μου.

457 5740 500 5773 ἰ
538 5738 682 5794 Psal.
745 5755 928 5808 cun,
973 5741 1029 5796 δι
1085 5740 1179 5816 Τί*
1229 5739 1374 5797 Psal.
1451 5739 1699 5806 cxt.u,2.
1765 5740 1808 5773 τί
1849 5738 1985 5795 ibid.

2069 4773 2190 4837 Diu,
2250 4774 2450 4843 inquit,
2484 4783 2592 4826 ate
2617 4785 2719 4841 ego
2764 4771 3046 4839 neglectus
3098 4787 3241 4834 sum,
3296 4787 3418 4825 cum
3455 4781 3638 4829 tamen

2065 4863 2268 4917 auxilio
2293 4871 2386 4917 tuo
2421 4863 2741 4932 indigerem.
2782 4861 2929 4916 Deus
2953 4861 3100 4915 enim
3153 4861 3220 4917 iis
3280 4862 3370 4932 qui
3412 4873 3638 4934 propter

2067 4955 2282 5025 propria
2322 4962 2540 5024 peccata
2594 4953 2926 5009 tentatioues
2982 4954 3282 5018 sustinent,
3337 4969 3444 5009 non
3499 4955 3641 5011 solet

2067 5047 2248 5100 statim
2281 5047 2533 5100 auxiliari
2580 5064 2594 5099 :
2640 5055 2802 5118 atque
2834 5046 2936 5100 hoc
2968 5061 3160 5117 magna
3183 5061 3307 5100 cum
3349 5047 3640 5116 dispensa-

2070 5138 2218 5191 tione
2242 5137 2372 5206 agit.
2411 5137 2662 5206 Tempore
2691 5140 2833 5193 enim
2866 5149 3104 5209 accepto,
3161 5138 3360 5208 inquit,
3393 5135 3642 5190 exaudiri

2067 5235 2136 5279 te.
2173 5225 2246 5281 lis
2277 5241 2404 5281 vero
2443 5229 2535 5296 qui
2595 5229 2665 5283 ob
2696 5229 2962 5283 daemonis
3002 5230 3311 5283 calumnias
3340 5227 3390 5280 itl
3421 5223 3642 5293 patiun-

2061 5325 2170 5382 tur,
2212 5317 2394 5372 statim
2431 5319 2582 5375 atlest
2621 5339 2632 5374 :
2671 5320 2849 5374 Art/mc
2889 5321 3056 5384 enim,
3092 5320 3289 5388 inquit,
3325 5315 3560 5382 loquente
3589 5321 3640 5365 te

2058 5409 2252 5474 dicant,
2283 5407 2413 5464 Ecce
2439 5410 2650 5465 adsum.

2131 5496 2297 5554 Vens.
2326 5500 2720 5567 5.Convertere,
2751 5502 2986 5568 Domine,
3017 5500 3158 5569 eripe
3181 5495 3413 5551 animam
3443 5508 3637 5562 uacant,

2065 5740 2109 5772 "
2151 5741 2294 5799 Psal.
2327 5755 2512 5809 cum,
2542 5740 2591 5796 l.
2662 5739 2715 5808 “_
2745 5737 2882 5795 liud.
