4090 6212
480 330 521 391 ’1
541 331 599 393 1‘1

1761 327 2079 388 EUTHYM
2087 326 2145 387 il
2194 325 2556 387 ZIGABENI

3647 317 3750 382 112

485 451 827 501 tlunvertere
879 444 944 499 ad
1004 459 1111 511 me,
1172 443 1371 514 inquit,
1429 444 1650 497 tametsi
1699 442 1968 497 hactenus
1997 442 2062 497 ob

2174 441 2455 512 Στράφηθι
2492 442 2628 511 πρός
2651 458 2738 511 με,
2770 440 2819 494 εί
2848 439 2941 494 καὶ
2966 438 3323 511 ἀπεστράφῃς
3375 435 3444 491 δι’
3472 434 3509 490 ἃ
3566 436 3749 505 ἡμαρ-

496 549 717 608 peccata
747 552 867 591 mea
899 551 1123 592 aversus
1163 536 1334 592 fueris
1360 550 1391 589 a
1430 550 1515 591 me
1544 553 1558 590 :
1590 545 1645 590 et
1698 535 1852 606 eripe
1884 550 1969 590 me
2001 550 2066 590 ex

494 630 905 684 amictionibus.

562 717 781 772 Salvum
815 733 896 771 me
929 717 1017 789 fac
1037 729 1249 787 propter
1297 717 1717 771 misericordiam
1754 727 1921 772 tuam.
1946 716 2067 772 Non

489 811 563 865 ob
584 810 813 865 virtutes
847 825 1019 875 meas,
1053 810 1254 880 inquit,
1288 807 1343 863 id
1368 818 1531 879 peto;
1559 810 1740 864 nullas
1789 810 1933 865 enim
1964 810 2065 864 ha-

486 904 598 957 -beo
633 902 834 972 quibus
864 902 916 956 id
943 918 1176 957 merear.

565 991 730 1047 Vens.
765 992 820 1047 6.
857 992 1121 1059 Quoniam
1170 1009 1273 1048 non
1326 1001 1403 1047 est
1445 993 1500 1047 in
1558 1003 1724 1047 morte
1752 996 1841 1063 qui
1870 1010 2070 1048 memor

492 1082 559 1136 sit
595 1083 693 1137 tui.
757 1082 858 1137 Per
918 1092 1186 1150 mortem,
1232 1095 1516 1152 peccatum
1570 1084 1825 1153 intelligit
1874 1086 2068 1138 mortis

492 1175 805 1229 ministrum
840 1192 854 1239 ;
884 1175 950 1228 ab
989 1174 1145 1229 initio
1209 1175 1356 1229 enim
1416 1183 1705 1244 peccatum
1762 1175 2066 1228 introduxit

492 1271 758 1328 mortem;
789 1265 865 1319 ait
924 1265 1112 1334 igitur,
1166 1265 1311 1335 quod
1339 1264 1432 1334 qui
1461 1273 1744 1333 peccatum
1770 1264 1920 1330 facit,
1954 1280 2064 1319 non

488 1364 575 1410 est
598 1363 724 1409 tunc
779 1354 870 1409 Dei
930 1370 1157 1409 memor.
1219 1354 1316 1408 Est
1361 1356 1507 1408 enim
1541 1354 1688 1409 velut
1740 1354 1933 1411 ebrius
1971 1364 2066 1409 aut

477 1446 819 1509 obcmcalus,
851 1445 943 1514 qui
975 1454 1185 1515 peccat.
1222 1443 1319 1500 Vel
1378 1455 1611 1500 mortem
1668 1446 1905 1516 appellat
1932 1456 2068 1501 tem-

488 1552 590 1604 pus
618 1537 831 1600 mortis,
860 1539 990 1606 quia
1027 1537 1120 1590 ubi
1170 1536 1293 1606 quis
1325 1545 1576 1591 mortuus
1607 1539 1793 1602 fuerit,
1824 1539 2063 1594 ablatum

487 1629 535 1682 ei
569 1636 674 1691 est,
712 1638 770 1682 ut
817 1629 987 1695 possit
1018 1628 1252 1698 amplius
1290 1627 1382 1683 Dei
1425 1628 1725 1693 reminisci,
1764 1639 1859 1685 aut
1893 1629 2064 1687 Deum

487 1735 700 1788 rogare.
738 1720 963 1775 inutiles
987 1720 1134 1774 enim
1163 1728 1293 1773 tunc
1314 1727 1504 1775 essent
1539 1735 1732 1776 omnes
1769 1736 1987 1791 preces.

552 1787 626 1862 1η
680 1810 898 1878 inferno
934 1822 1114 1864 autent
1176 1812 1294 1881 quis
1331 1811 1673 1878 conﬁtebitur
1722 1787 1876 1865 tibi?
1918 1814 2063 1866 Ante
2094 1787 2137 1845 Β

488 1914 716 1955 mortem
749 1904 1010 1971 pnuitere
1043 1919 1201 1972 quem
1233 1904 1446 1972 potest?
1500 1910 1630 1973 post
1659 1910 1888 1958 mortem
1936 1919 2063 1961 vero

488 1992 870 2045 retributionis
903 1993 1277 2046 tantummodo
1323 2000 1539 2061 tempus
1578 2000 1663 2046 est
1696 1990 1831 2062 (51).

558 2082 718 2136 Vens.
757 2082 804 2135 7.
848 2081 1116 2137 Laboravi
1166 2084 1219 2135 in
1277 2084 1475 2154 gemitu
1532 2100 1667 2149 meo,
1728 2085 1915 2138 lavabo
1968 2101 2063 2153 per

483 2173 721 2241 singulas
770 2183 945 2226 noctes
1003 2172 1195 2227 lectum
1253 2190 1443 2240 meum,
1475 2175 1727 2245 lacrymis
1761 2177 1888 2229 meis
1919 2187 2063 2231 stra-

476 2273 598 2316 Jum
629 2279 799 2316 meum
825 2265 1030 2333 rigabo.
1070 2264 1191 2318 Non
1217 2265 1542 2332 simpliciter
1570 2266 1831 2332 laboravi,
1859 2267 2061 2336 inquit,

486 2356 581 2409 sed
607 2370 730 2409 cum
755 2354 1094 2423 gemitibus;
1127 2369 1250 2422 qua:
1303 2370 1389 2407 res
1429 2356 1795 2411 iutensionem
1836 2357 2064 2412 denotat

488 2444 710 2498 laboris.
739 2441 849 2498 Nec
908 2443 1235 2513 simpliciter
1284 2445 1449 2498 etiam
1504 2446 1645 2500 dixit
1689 2464 1705 2501 :
1773 2446 2058 2502 Eﬂundam

488 2537 783 2604 lacrytnas,
802 2537 894 2589 sed
927 2533 1139 2588 Lavabo
1191 2535 1383 2589 lectum
1418 2553 1592 2591 meum
1625 2554 1642 2591 :
1675 2554 1855 2609 neque
1895 2540 1951 2593 id
1979 2556 2063 2595 se-

485 2625 596 2680 mel
627 2631 838 2677 tantum
876 2623 1101 2688 faciam,
1133 2624 1334 2694 inquit,
1369 2636 1461 2680 aut
1496 2626 1763 2693 secundo,
1815 2628 1909 2684 sed
1957 2628 2063 2684 Per

476 2716 948 2786 singulasnoctes.
985 2715 1053 2770 Et
1079 2716 1207 2785 quia
1237 2716 1288 2769 in
1319 2717 1409 2771 die
1439 2717 1604 2772 varia:
1638 2734 1725 2774 me
1770 2721 2063 2792 cogitatio-

477 2823 586 2863 nes
625 2807 962 2872 distrahunt,
998 2807 1194 2861 faciam
1245 2808 1447 2878 quietis
1496 2818 1709 2880 tempus
1757 2811 2060 2866 confessio-

481 2903 575 2957 nis
601 2916 742 2967 esse,
810 2901 1028 2978 nemine
1092 2901 1302 2955 scilicet
1374 2916 1460 2955 me
1492 2910 1625 2957 tunc
1660 2903 2058 2972 perturbante;

484 2991 989 3050 commodissimum
1029 2993 1172 3046 enim
1205 3000 1288 3046 est
1322 2992 1387 3045 ad
1419 2991 1797 3061 paenitentiam
1825 2993 1878 3047 id
1914 2999 2059 3047 tem-

485 3101 607 3155 pus.
647 3083 800 3151 Quod
834 3098 961 3138 vero
993 3083 1068 3137 ait
1098 3099 1118 3138 ε
1157 3081 1431 3153 Lacrymis
1466 3084 1596 3137 meis
1625 3092 1855 3137 stratum
1884 3101 2056 3138 meum

2174 550 2267 587 τον
2302 549 2315 563 ·
2347 534 2445 587 καὶ
2472 533 2661 599 ἐξελοῦ
2707 550 2774 604 με
2798 533 2906 587 τῶν
2938 532 3192 601 θλίψεων.

2242 710 2454 766 Σῶσόν
2504 729 2581 781 με
2608 712 2822 767 ἕνεκεν
2876 712 2983 766 τοῦ
3040 711 3218 767 ἐλέου
3257 727 3397 765 σου.
3430 710 3506 763 Οὐ
3536 709 3622 764 διὰ
3650 710 3750 773 τὰς

2168 803 2307 873 ἐμὰς
2336 804 2536 874 ἀρετάς
2558 821 2572 835 ·
2608 805 2707 856 οὐκ
2745 802 2854 874 ἔχω
2882 803 3011 877 γάρ.

2239 982 2359 1034 Ὅτι
2418 983 2529 1035 οὐκ
2587 980 2759 1034 ἔστιν
2794 982 2865 1035 ἐν
2914 980 2993 1047 τῷ
3031 980 3266 1045 θανάτῳ
3291 982 3324 1034 ό
3345 980 3747 1049 μνημονεύων

2166 1087 2303 1127 σου.
2365 1072 2611 1125 Θάνατον
2664 1072 2821 1126 καλεῖ
2876 1074 2973 1143 τὴν
3029 1073 3328 1143 ἁμαρτίαν,
3369 1072 3445 1135 ὡς
3510 1072 3743 1125 Θανάτου

2166 1164 2458 1234 πρόξενονο
2505 1165 2786 1237 καταρχὰς
2826 1166 2933 1236 γὰρ
2978 1165 3011 1234 ή
3052 1163 3321 1234 ἁμαρτία,
3376 1163 3466 1217 τὸν
3512 1162 3742 1216 θάνατον

2166 1257 2559 1326 ἐπεισήγαγεν.
2613 1258 2750 1325 Φησὶ
2784 1256 2936 1325 γοῦν,
2975 1258 3052 1321 ὼς
3085 1256 3113 1307 ὁ
3138 1256 3238 1326 τὴν
3272 1254 3545 1326 ἁμαρτίαν
3572 1256 3743 1324 πράτ-

2164 1366 2295 1412 των,
2328 1351 2388 1403 οὐ
2424 1350 2759 1419 μνημονεύει
2792 1348 3096 1419 τηνικαῦτα
3136 1347 3294 1413 Θεοῦ,
3330 1346 3548 1417 μεθύων
3578 1348 3735 1416 αὐτῇ,

2164 1442 2259 1494 κα)⁵
2282 1440 2715 1509 πεπωρωμένος.
2767 1441 2839 1492 Ἢ
2877 1437 3105 1491 θάνατον
3145 1437 3294 1506 λέγει
3339 1437 3429 1490 τὸν
3481 1436 3590 1490 ἀπὸ
3640 1436 3739 1503 τῆς

2162 1528 2421 1596 τελευτῆς
2450 1527 2671 1597 καιρόνο
2708 1527 2827 1597 μεθ’
2857 1526 2885 1579 ὃ
2933 1526 3043 1597 γὰρ
3073 1525 3389 1595 τελευτήσει
3435 1542 3537 1588 τις,
3572 1524 3738 1593 ἀφαι-

2166 1625 2341 1692 ρεῖται
2371 1622 2431 1674 τὸ
2462 1620 2847 1691 μνημονεύειν,
2877 1620 2996 1691 ﬁrm.
3039 1619 3380 1687 παρακαλεῖν
3429 1618 3520 1672 τὸν
3558 1617 3690 1670 Θεόν
3720 1632 3736 1649 ·

2163 1714 2397 1783 ἀνόνητα
2418 1714 2546 1784 γάρ.

2247 1807 2344 1860 Ἐν
2373 1805 2442 1858 δὲ
2480 1805 2560 1871 τῷ
2590 1805 2724 1874 ἅδῃ,
2759 1805 2849 1870 τίς
2887 1804 3404 1876 ἐξομολογήσεται
3436 1818 3535 1857 σοι
3556 1819 3576 1867 ;
3628 1803 3739 1875 Πρὸ

2165 1896 2258 1950 τοῦ
2292 1897 2523 1951 Θανάτου
2554 1898 2662 1967 γὰρ
2696 1899 2729 1968 ἡ
2764 1898 3024 1968 μετάνοια
3067 1898 3314 1966 γίνεται·
3372 1895 3430 1948 τὸ
3488 1894 3738 1948 ἐντεῦθεν

2162 1988 2242 2054 δὲ,
2273 1989 2462 2059 καιρὸς
2504 1990 2663 2058 μόνον
2690 1990 3120 2053 ἀνταποδόσεως.

2246 2080 2578 2135 Ἐκοπίασα
2591 2080 2661 2135 ἐν
2681 2079 2761 2147 τῷ
2793 2079 3111 2151 στεναγμῷ
3160 2097 3302 2150 μου,
3354 2080 3561 2135 λούσω
3607 2076 3738 2133 καθ’

2161 2173 2431 2244 ἑκάστην
2458 2176 2649 2230 νῡκτα
2678 2175 2793 2243 τὴν
2821 2176 3041 2242 κλίνην
3060 2191 3203 2244 μου,
3234 2174 3303 2227 ἐν
3335 2173 3598 2241 δάκρυσί
3618 2189 3738 2240 μου

2162 2265 2278 2335 τὴν
2314 2267 2638 2337 στρωμνήν
2661 2285 2781 2338 μου
2814 2267 3039 2336 βρέξω.
3090 2267 3208 2337 Οὐχ
3266 2266 3452 2329 ἁπλῶς
3505 2264 3734 2334 ἔκαμον,

2162 2357 2299 2411 ἀλλὰ
2354 2358 2448 2412 καὶ
2479 2358 2770 2424 ἐκοπίασα,
2806 2358 3081 2422 στενάζων
3114 2374 3128 2387 ο
3164 2357 3325 2411 τοῦτο
3377 2358 3486 2426 γὰρ
3537 2355 3733 2409 ἐπίτα-

2166 2458 2279 2510 σις·
2310 2447 2406 2501 καὶ
2447 2448 2548 2518 οὐχ
2576 2448 2768 2512 ἁπλῶς
2795 2449 3071 2519 δακρύσω,
3106 2447 3246 2503 ἀλλὰ
3277 2450 3371 2501 καὶ
3419 2446 3597 2500 λούσω
3638 2445 3738 2515 τὴν

2162 2537 2351 2608 κλίνην
2391 2554 2517 2608 μου,
2546 2538 2643 2593 καὶ
2663 2540 2761 2610 οὐχ
2785 2539 2931 2606 ἅπαξ
2969 2541 3002 2611 ἢ
3051 2541 3155 2606 δὶς,
3180 2540 3317 2593 ἀλλὰ
3347 2539 3469 2594 καθ’
3498 2540 3737 2609 ἑκάστην

2161 2630 2354 2685 νύκτα.
2406 2631 2561 2684 Ἐπεὶ
2588 2631 2697 2703 γάρ
2732 2634 2794 2685 ὲν
2824 2633 3062 2704 ἡμέραις
3085 2633 3424 2703 περισπῶσιν
3472 2632 3528 2685 αἱ
3568 2647 3735 2700 φρον-

2160 2719 2325 2784 τίδες,
2351 2718 2443 2774 τὸν
2467 2723 2567 2791 τῆς
2621 2721 2985 2786 ἀναπαύσεως
3039 2723 3251 2793 καιρὸν,
3291 2721 3735 2792 ὲξομολογήσεως

2162 2810 2356 2881 καιρὸν
2394 2811 2505 2880 ἐγὼ
2537 2812 2861 2884 ποιήσομαι,
2886 2813 3118 2884 μηδενὸς
3144 2814 3493 2884 ἐνοχλοῦντος
3518 2829 3531 2845 ·
3579 2812 3731 2865 £505-

2160 2918 2252 2964 τος
2303 2901 2413 2971 γὰρ
2458 2904 2487 2955 ὁ
2535 2903 2728 2974 καιρὸς
2784 2896 2940 2968 οὗτος
3002 2906 3085 2969 εἰς
3146 2896 3455 2974 μετάνοιαν.
3510 2905 3616 2958 Τοῦ
3675 2904 3732 2958 δὲ

2160 2993 2395 3059 Λούσω,
2425 2994 2518 3049 καὶ
2548 2994 2656 3048 τῶν
2687 2996 2846 3067 ἑξῆς,
2875 2995 2953 3062 τὸ,
3023 2999 3125 3051 Ἐν
3156 2998 3417 3066 δάκρυσί
3456 3015 3600 3068 μου,
3638 2998 3734 3050 καὶ

2160 3084 2230 3138 τὰ
2250 3085 2399 3156 ἑξῆς,
2422 3088 2866 3159 ὲφερμηνευτικά
2889 3089 3055 3156 ἐστιν,
3074 3091 3151 3154 ὠς
3178 3090 3506 3162 σαφέστερα.
3547 3089 3737 3143 Ἀκού-

486 3175 690 3247 rigabo,
745 3172 1051 3244 expositive
1111 3174 1316 3227 dictum
1355 3180 1441 3228 est
1489 3173 1554 3227 ad
1584 3173 1972 3244 praecedentia,
2004 3183 2060 3227 et

2168 3191 2350 3245 σωμεν
2414 3179 2467 3231 oi
2523 3177 2732 3232 ἰδιῶται
2771 3179 3034 3249 βασιλέως
3077 3180 3390 3252 μετάνοιαν,
3419 3182 3512 3234 καὶ
3559 3180 3736 3251 ζηλώ-

485 3265 554 3318 ad
585 3265 874 3319 clariorem
931 3279 1153 3318 sensum
1204 3264 1423 3317 illorum
1472 3264 1765 3319 verborum
1799 3278 1814 3315 :
1845 3262 2057 3317 Lavabo

2167 3283 2371 3338 σωμεν.
2412 3269 2782 3339 Προὸάλλεται
2807 3271 2864 3323 δὲ
2883 3271 3078 3325 *ταῦτα
3102 3276 3183 3337 εἰς
3217 3273 3473 3345 ἀφορμὴν
3529 3273 3731 3337 ἐλέους,

481 3371 576 3426 per
602 3356 841 3423 singulas
872 3362 1049 3407 nocte:
1095 3354 1288 3407 lectum
1350 3370 1541 3408 meum.
1602 3354 1906 3410 Audiamus
1929 3370 2060 3411 vero

2166 3357 2254 3412 ἵνα
2293 3359 2616 3430 καὶμᾶλλον
2646 3362 2843 3434 κάμψῃ
2874 3363 2964 3417 τὸν
3006 3363 3405 3435 εὖσπλαγχνον,
3470 3365 3544 3435 μή
3602 3368 3730 3417 ποτε

480 3458 586 3499 nos
648 3441 967 3496 homunculi
1011 3441 1143 3495 tanti
1196 3441 1341 3511 regis
1374 3442 1780 3511 paenitentiam,
1824 3457 2056 3514 eamque

484 3536 783 3589 imitemur.
811 3531 1047 3586 Protulit
1075 3540 1254 3585 autem
1288 3531 1403 3585 hinc
1433 3532 1602 3587 verba
1634 3533 1828 3589 beatus
1860 3533 2053 3601 David,

483 3628 550 3682 ad
573 3626 917 3681 excitandam
953 3626 1009 3679 in
1041 3639 1099 3679 se
1133 3624 1569 3679 misericordiam
1600 3625 1716 3692 Dei,
1750 3634 1918 3697 utque
1963 3630 2030 3684 ad
2065 3645 2186 3687 eam
2220 3632 2388 3691 Deum
2421 3640 2594 3711 magis
2617 3639 2859 3697 flecteret

2165 3449 2225 3501 τὸ
2253 3449 2353 3518 τῆς
2388 3449 2760 3522 ταλαιπωρίας
2807 3454 3145 3527 ὑπερϐάλλον
3185 3454 3501 3527 καταδάλλῃ
3531 3456 3629 3525 τὴν
3673 3455 3733 3506 ὲν

2163 3540 2312 3610 αὐτῷ
2340 3540 2591 3612 δύναμιν,
2625 3546 2720 3599 καὶ
2743 3546 3015 3618 ἄχρηστον
3043 3549 3447 3619 ἀπεργάσηται.

2911 3661 2926 3697 :
2983 3659 3053 3698 ne
3112 3644 3407 3714 aliquando
3476 3642 3729 3698 fortassis

482 3720 709 3788 grandis
756 3718 1135 3772 calamitatum
1169 3717 1425 3772 cumulus
1472 3717 1618 3773 vires
1643 3734 1773 3776 suas
1805 3731 2201 3795 prosterneret,
2225 3736 2389 3799 atque
2420 3746 2545 3787 eum
2579 3733 2826 3790 inutilem
2856 3735 3131 3793 redderet.

556 3812 721 3869 Vens.
754 3814 809 3869 8.
839 3810 1106 3867 Turbatus
1122 3822 1202 3866 est
1225 3828 1257 3865 a
1280 3811 1462 3880 furore
1489 3814 1675 3869 oculus
1711 3831 1874 3871 meus.
1911 3816 2059 3873 0cu~

480 3905 566 3959 lus
599 3904 796 3959 animae
848 3903 1086 3970 scilicet,
1151 3903 1253 3957 hoc
1300 3912 1384 3957 est
1414 3917 1569 3960 mens
1598 3920 1742 3961 mea.
1784 3906 2058 3966 Conside-

479 4009 608 4049 rans
634 3995 777 4049 enim
802 4007 924 4064 ego,
957 3993 1157 4064 inquit,
1207 3992 1450 4049 furorem
1503 3993 1771 4051 adversus
1798 4008 2055 4066 peccato-

480 4102 590 4152 res,
628 4087 681 4141 in
713 4086 801 4141 die
853 4085 1071 4156 judicii,
1104 4087 1459 4142 vehementer
1507 4088 1868 4157 perturbatus
1898 4104 2050 4144 sum.

374 4170 393 4183 “
456 4178 729 4247 .tlongrue
773 4192 899 4232 vero
970 4187 1206 4247 mentem
1266 4180 1443 4247 ipsam
1472 4179 1694 4234 oculum
1734 4180 2050 4249 appellavit,

458 4270 645 4324 ;veluti
710 4270 803 4340 qui
851 4270 1145 4325 itineribus
1203 4268 1457 4326 omnibus
1526 4269 1637 4325 dux
1685 4278 1789 4329 est,
1838 4269 1972 4325 Nam
2000 4281 2053 4325 et

478 4379 635 4420 tuens
666 4364 819 4417 videt
878 4370 935 4416 et
966 4361 1140 4415 audit.
1196 4360 1376 4429 Aliqui
1411 4363 1576 4416 etiam
1608 4363 1798 4419 dicunt
1824 4365 2047 4420 oculum

479 4456 730 4525 corporis
755 4455 900 4508 beati
938 4452 1105 4505 David
1141 4452 1518 4521 perturbatum
1543 4451 1736 4519 fuisse,
1780 4471 1906 4509 cum
1936 4461 2050 4512 ira-
2080 4425 2132 4484 Β

481 4556 571 4601 tus
602 4551 751 4599 esset
776 4541 1059 4610 .adversus
1118 4541 1396 4595 inimicos.
1440 4539 1734 4610 Proprium
1794 4546 1940 4599 enim
1991 4561 2056 4603 ac

474 4632 980 4703 peculiarecstiis
1002 4632 1106 4703 qui
1158 4632 1497 4699 irascuntur,
1528 4642 1586 4687 ut
1615 4633 1763 4705 oculi
1804 4636 1885 4691 eis
1940 4644 2054 4691 tur-

476 4725 697 4781 bentur.
1782 4796 1786 4799 ἱ

549 4815 880 4871 Iuvetcratus
918 4832 1033 4870 sum
1070 4819 1204 4872 inter
1224 4833 1411 4874 omnes
1456 4818 1699 4874 inimicos
1750 4834 1913 4874 meos.
1946 4820 2051 4876 Ve-

448 4907 866 4963 ..tcrascentium
897 4909 1349 4964 veSIimentorum
1383 4911 1558 4967 instar
1607 4911 1888 4982 neglectus
1925 4928 2047 4969 sum

475 5012 541 5053 ac
566 4997 865 5067 vilipensus
911 4998 1268 5056 abiuimicis
1304 5001 1441 5056 meis
1490 5018 1504 5057 :
1564 5003 1657 5073 qui
1707 5011 1885 5059 tamen
1924 5014 2049 5060 ante

456 5088 820 5144 commissae
863 5106 948 5145 me
973 5090 1191 5155 delicta,
1225 5092 1490 5147 timebant
1523 5109 1632 5151 me.
1681 5093 1778 5148 Vel
1835 5094 2042 5151 Iuren-

452 5190 621 5235 ratus
653 5180 929 5244 sum,.boc
970 5190 1055 5236 est
1098 5182 1331 5237 debilior
1374 5182 1623 5242 effectus.
1680 5183 1848 5242 Senes
1893 5188 2039 5241 enim

470 5273 1001 5330 debilioresviribus
1034 5272 1172 5329 effici
1204 5275 1403 5329 solent.

541 5362 708 5420 Vens.
760 5366 814 5421 9.
855 5364 1119 5419 Discedite
1170 5382 1203 5419 a
1260 5382 1339 5420 me
1379 5382 1557 5422 omnes
1612 5369 1702 5437 qui
1730 5372 2035 5439 operamini

2249 3824 2572 3897 Ἐταρὰχθη
2596 3828 2720 3883 ἀπὸ
2745 3830 2933 3900 θυμοῦ
2958 3834 2990 3885 ὀ
3017 3832 3325 3904 ὀφθαλμός
3345 3851 3486 3904 μου.
3541 3834 3599 3888 '0
3634 3836 3733 3905 τῆς

2160 3913 2340 3985 ψυχῆς
2372 3917 2596 3990 δηλαδὴ,
2628 3921 2907 3976 τουτέστιν
2952 3924 2980 3976 ὁ
3012 3923 3137 3988 νοῦς
3163 3941 3178 3956 ·
3229 3926 3429 3980 ἐννοῶν
3487 3928 3595 3998 γὰρ
3638 3928 3730 3983 τὸν

2161 4005 2333 4077 θυμόν
2366 4026 2487 4077 σου,
2526 4010 2617 4065 τὸν
2656 4014 2914 4085 ἐνήμέρᾳ
2942 4016 3179 4087 κρίσεως
3207 4017 3346 4070 κατὰ
3392 4017 3499 4073 τῶν
3542 4018 3728 4090 ἀμαρ-

2130 4097 2368 4166 ⁸τωλῶν,
2426 4101 2546 4155 λίαν
2587 4103 2969 4177 τεθορύϐηται.
3029 4107 3331 4178 Προσφυῶς
3389 4109 3446 4164 δὲ
3484 4111 3573 4165 τὸν
3601 4110 3725 4165 νοῦν

2159 4186 2438 4260 ὀφθαλμὸν
2476 4193 2755 4262 ἐκάλεσεν,
2789 4186 2866 4262 ὡς
2923 4198 3223 4269 ὀδηγοῦντα
3279 4201 3374 4254 τὸν
3418 4202 3727 4273 ἄνθρωπον.

2161 4279 2309 4344 Νοῦς
2340 4283 2449 4353 γὰρ
2476 4286 2597 4356 ὁρᾷ,
2635 4289 2727 4340 καὶ
2754 4289 2878 4352 νοῦς
2910 4290 3120 4347 ἀκούει.
3182 4293 3339 4357 Τινὲς
3386 4294 3444 4348 δὲ
3488 4295 3579 4347 καὶ
3632 4295 3724 4349 τὸν

2157 4370 2253 4422 τοῦ
2287 4370 2538 4441 σώματος
2564 4376 2843 4445 ὀφθαλμὸν
2876 4381 3043 4435 αὑτοῦ
3075 4384 3208 4452 φασὶ
3233 4385 3585 4455 τεταράχθαι,
3628 4385 3726 4437 θυ-

2163 4463 2436 4532 μουμένου
2472 4467 2616 4520 κατὰ
2645 4468 2754 4520 τῶν
2777 4469 2988 4541 ἐχθρῶν
3022 4489 3036 4505 ·
3073 4473 3203 4528 ῐδιον
3250 4474 3359 4545 γὰρ
3411 4474 3564 4528 τουτὶ
3618 4475 3725 4527 τῶν

2157 4553 2298 4622 ἄγαν
2328 4554 2718 4628 ὀργιζομένων.

2236 4822 2650 4895 Ἐπαλαιώθην
2674 4827 2746 4882 ἐν
2782 4827 2934 4886 πᾶσι
2959 4831 3083 4899 τοῖς
3104 4832 3341 4903 ἐχθροῖς
3373 4852 3514 4906 μου.
3558 4834 3721 4905 Δίκην

2149 4914 2259 4967 τῶν
2289 4915 2761 4989 πεπαλαιωμένων
2794 4922 3025 4992 ἱματίων
3054 4925 3360 4997 ήτιμώθην,
3404 4930 3502 4982 καὶ
3556 4945 3722 4982 κατε-

2150 5006 2429 5078 φρονήθην
2471 5009 2576 5061 ὑπὸ
2604 5010 2712 5063 τῶν
2736 5012 2970 5083 ἐχθρῶν,
2992 5017 3101 5070 τῶν
3131 5018 3484 5089 φοϐουμένων
3511 5037 3578 5090 με
3614 5020 3721 5091 πρὸ

2151 5097 2249 5166 τῆς
2280 5098 2576 5169 ἁμαρτίας.
2610 5102 2680 5155 Ἦ
2709 5101 3117 5177 ἐπαλαιώθην,
3144 5110 3267 5165 ἀντὶ
3311 5111 3405 5165 τοῦ
3458 5113 3722 5184 Ἠσθένη-

2154 5201 2221 5239 σα
2253 5204 2266 5218 ·
2297 5191 2345 5242 οἱ
2378 5193 2600 5263 γηραιοὶ
2631 5194 2762 5266 γὰρ,
2794 5196 3059 5263 ἀσθενεῖς.

2230 5366 2562 5438 Ἀπόστητε
2595 5372 2698 5427 ἀπ’
2737 5374 2884 5444 ἐμοῦ
2903 5416 2919 5442 ,
2973 5379 3198 5447 πάντες
3242 5382 3298 5436 οι
3346 5380 3718 5451 ἐργαζόμενοι

468 5454 822 5525 iniquitatem.
852 5455 1109 5512 Sentieus
1130 5456 1246 5527 jam
1292 5472 1355 5512 ac
1396 5471 1733 5528 cognoscens
1788 5460 2031 5517 divinum

2160 5459 2260 5530 τὴν
2295 5462 2575 5533 ἀνομίαν.
2613 5467 2944 5542 Αίσθόμενος
2979 5472 3079 5543 ἢδη
3100 5472 3201 5545 τῆς
3228 5474 3382 5548 παρὰ
3404 5474 3540 5531 Θεοῦ
3571 5492 3716 5548 συμ-

1785 5633 1984 5695 Variae
2012 5636 2343 5703 lectiones.

520 5723 652 5794 (51)
704 5728 896 5786 Graeca
941 5734 1101 5791 verba
1150 5733 1234 5790 sic
1270 5751 1284 5792 :
1324 5733 1463 5790 Ante
1512 5742 1730 5790 mortem
1768 5736 1916 5791 enim
1953 5740 2025 5807 ﬁt
2065 5742 2386 5800 paenitentia.
