4090 6212
389 327 489 391 ῙῙ3

1543 315 1932 381 COMMENT.
1971 315 2052 376 ΙΝ
2090 313 2449 372 PSALMOS.

3541 303 3640 367 ιιι

386 442 606 512 μαχίας,
648 441 968 511 ἀναθαρρεῖ,
1005 439 1100 492 καὶ
1125 438 1250 501 τοὺς
1282 436 1512 508 ἐχθροὺς
1550 432 1805 490 ἐντεῦθεν
1863 431 1952 498 φοι

2063 427 2168 482 sibi
2204 435 2399 497 praesto
2435 441 2554 480 esse
2590 423 2852 478 auxilium
2883 461 2898 486 ,
2939 420 3194 474 ﬁduciam
3251 418 3529 474 ostendit:
3586 428 3640 472 et

379 535 485 596 δεῖ,
517 532 612 584 καὶ
645 530 866 599 φεύγειν
896 529 1266 599 ἐγκελεύεται,
1297 527 1407 580 είτε
1437 524 1625 596 ὁρατοὶ
1673 518 1803 584 εἷεν,
1845 518 1954 572 εἴτε

378 627 626 694 ἀόρατοι.

454 716 584 768 Ὀτι
646 716 1018 782 είσήκουσεν
1067 713 1184 779 τὴν
1243 711 1458 782 φωνὴν
1484 709 1590 763 τοῦ
1641 702 1954 773 κλαυθμοῦ

378 824 517 874 μου,
547 805 777 873 ἤκουσε
807 808 1021 874 Κύριος
1081 805 1191 873 τῆς
1237 803 1504 872 δεήσεὼς
1545 817 1684 870 μου,
1743 798 1956 864 Κύριος

379 897 494 963 τὴν
529 896 883 966 προσευχήν
925 915 1038 966 μου
1066 893 1496 966 προσεδέξατο.
1527 889 1718 944 Ταῦτα
1744 887 1958 956 τίθησιν

379 990 529 1041 αῖτια
558 986 654 1039 τοῦ
689 987 893 1040 οἰκείου
930 987 1196 1056 θάρσους,
1229 988 1325 1039 καὶ
1357 982 1457 1052 τῆς
1492 981 1720 1036 ἐκείνων
1750 975 1952 1047 φυγῆς.

383 1079 454 1130 'il
485 1075 617 1144 γοῦν
644 1075 716 1128 τὰ
760 1077 887 1146 τρία
940 1075 1116 1129 ταῦτα
1149 1073 1504 1144 σημαίνουσιν
1535 1071 1611 1133 ὡς
1664 1069 1722 1120 ὲν
1778 1065 1956 1124 ἄλλοις

384 1167 716 1234 εἰρήκαμεν.
746 1165 819 1218 Ἢ
850 1165 1040 1228 ἐπειδὴ
1075 1164 1252 1218 κλαίει
1278 1181 1360 1227 τις
1390 1163 1484 1216 καὶ
1521 1162 1613 1213 ἐπὶ
1652 1155 1830 1226 πενίᾳ,
1860 1157 1955 1207 καί.

384 1255 652 1318 τοιούτοις
680 1257 813 1322 τισὶ,
848 1255 940 1310 διὰ
962 1256 1063 1326 τῆς
1095 1257 1330 1327 δεήσεως
1359 1250 1617 1307 διέστειλε
1643 1247 1736 1302 τοῦ
1783 1246 1953 1300 κλαυ-

384 1347 522 1417 θμοῦ
545 1348 645 1420 τὴν
676 1353 1028 1421 ὁμωνυμίαν,
1064 1351 1121 1413 ὃς
1155 1350 1246 1402 ἐπὶ
1297 1349 1477 1417 δεήσει
1505 1343 1759 1415 βοηθείας
1792 1339 1954 1408 γέγο-

380 1457 488 1495 νεν.
541 1442 606 1495 'H
637 1441 694 1496 δὲ
724 1444 996 1514 προσευχὴ
1030 1441 1188 1497 πάλιν
1220 1439 1402 1509 ἐτέθη,
1430 1435 1668 1506 δηλοῦσα
1702 1435 1802 1503 τὴν
1834 1430 1958 1484 sxt-

374 1547 531 1585 τασιν
559 1532 660 1602 τῆς
681 1533 938 1604 δεήσεως.

2067 518 2318 572 inimicos
2357 522 2664 585 perterrens
2693 557 2708 580 ,
2761 529 2858 570 seu
2901 513 3144 568 visibiles
3199 526 3296 566 seu
3336 509 3642 566 invisibiles

2066 606 2141 661 illi
2174 606 2306 670 sint,
2333 604 2593 675 aufugere
2616 619 2710 659 eus
2735 604 2914 674 jubet.

2139 697 2303 752 Vnus.
2337 698 2424 752 10.
2453 697 2710 764 Quoniam
2735 698 3001 750 exauditit
3021 696 3276 750 Dominus
3300 712 3468 749 vocem
3488 697 3640 764 [ictus

2066 789 2166 842 mei
2199 831 2214 854 ,
2253 787 2527 842 exaudivit
2559 786 2810 840 Dominus
2854 785 3271 853 deprecationem
3310 803 3501 849 meam,
3538 785 3642 839 Da-

2066 881 2242 934 minus
2272 880 2568 933 orationem
2593 895 2761 931 meam
2792 881 3036 946 suscepit.
3058 877 3183 933 “me
3203 880 3386 933 omnia
3413 893 3637 933 causam

2064 988 2187 1029 esse
2215 972 2347 1027 dicit
2387 971 2600 1026 fiducia:
2629 986 2742 1026 sua:
2782 970 3103 1040 timorisque
3153 971 3358 1042 pariter
3392 984 3457 1024 ac
3501 969 3641 1039 fugae

2064 1064 2440 1120 inimicorum.
2472 1063 2600 1119 Tria
2639 1078 2768 1119 vero
2815 1063 2928 1116 lucc
2959 1063 3015 1116 in
3060 1063 3315 1132 prmsenti
3366 1063 3640 1118 versiculo

2062 1154 2228 1218 dicta,
2264 1155 2513 1211 eumdem
2548 1155 2716 1210 babet
2741 1169 2992 1219 sensum,
3049 1167 3106 1209 ut
3142 1155 3269 1209 alibi
3299 1156 3462 1210 etiam
3487 1156 3642 1215 dixi-

2062 1261 2206 1303 mus.
2244 1245 2336 1302 Vel
2389 1247 2570 1312 aliter,
2625 1246 2757 1315 quia
2788 1246 2859 1301 ob
2909 1255 3330 1318 paupertatem,
3367 1254 3460 1300 aut
3503 1245 3639 1299 alias

2062 1337 2328 1406 ejusmodi
2357 1337 2630 1402 miserias,
2665 1352 3043 1408 saepenumero
3100 1337 3258 1392 multi
3310 1337 3508 1392 deﬂere
3552 1352 3644 1392 so-

2062 1425 2173 1482 lent
2197 1468 2213 1494 ,
2243 1428 2664 1499 supplicationis
2687 1427 2983 1493 vocabulo,
3016 1429 3508 1498 aequivocatiuuem
3544 1429 3640 1483 lle-

2063 1527 2152 1574 tus
2183 1519 2438 1573 distinxit
2465 1561 2480 1585 ,
2505 1520 2600 1590 qui
2624 1517 2691 1572 ad
2715 1519 3151 1589 coadjuvandam
3177 1521 3638 1591 supplicationem

375 1624 748 1689 interfuit,et
780 1625 845 1679 ad
885 1627 1018 1694 haec,
1085 1625 1354 1684 orationis
1414 1625 1584 1683 etiam
1641 1631 1842 1675 nomen
1900 1609 2193 1678 adiunxit,
2267 1620 2326 1666 ut
2377 1611 2638 1683 majorem
2691 1627 2910 1682 precum
2991 1629 3213 1669 suarum
3268 1614 3636 1668 inteusionem

366 1721 666 1774 denotaret.

423 1809 918 1878 Αἱσχυνθείησαν
963 1811 1065 1866 καὶ
1116 1811 1568 1883 ταραχθείησαν
1611 1807 1836 1871 πάντες
1897 1801 1952 1856 οι

2131 1794 2294 1852 Vens.
2331 1798 2416 1853 ll.
2444 1797 2772 1854 Erubescaut
2800 1811 2850 1855 et
2886 1801 3266 1855 conturbentur
3311 1815 3487 1852 omnes
3528 1798 3635 1850 ini'

366 1899 564 1968 ἐχθροί
613 1919 750 1968 μου.
805 1904 880 1954 Τὸ
926 1904 1228 1974 γνωρισθεν
1294 1904 1443 1973 αὺτῷ
1507 1902 1818 1972 παρακαλεῖ
1853 1917 1949 1953 τα-

369 1993 431 2061 xi"
469 1992 643 2063 πέρας
693 1993 882 2048 λαθεῖν
917 2012 932 2027 ⁸
967 1995 1066 2048 καὶ
1115 1996 1233 2056 πῶς
1331 1996 1442 2065 γὰρ
1494 1996 1596 2048 οὐκ
1656 1997 1954 2064 αἰσχυνθή-

372 2101 560 2137 σονται
587 2125 602 2148 ,
647 2087 884 2154 ματαίας
937 2088 1140 2149 ἰδόντες
1172 2087 1271 2150 τὰς
1330 2087 1542 2140 ἑαυτῶν
1578 2086 1825 2150 ἐλπίδας,
1879 2088 1955 2150 ὡς

375 2171 703 2240 εὐχείρωτος
748 2172 902 2225 ἔσται
972 2175 1204 2238 τούτοις,
1259 2174 1572 2242 γυμνωθεὶς
1610 2175 1711 2244 τῆς
1751 2173 1961 2229 ἄνωθεν

379 2261 692 2329 εὐμενείας,
733 2265 828 2318 καὶ
860 2264 1240 2336 αίσχυνθὲντες
1267 2308 1283 2333 ,
1349 2265 1466 2332 πῶς
1510 2266 1573 2320 οὐ
1615 2266 1958 2339 φοὸηθήσον-

379 2369 470 2408 ται
503 2371 518 2411 ἶ

455 2611 1024 2680 Ἀποστραφείησαν
1045 2612 1142 2666 καί
1173 2615 1771 2682 καταισχυνθείησαν
1801 2617 1950 2684 σφό-

371 2703 480 2771 δρα
506 2703 604 2756 διὰ
634 2704 881 2774 τάχους.
907 2705 1093 2770 Οὕτως
1140 2706 1197 2759 δὲ
1233 2706 1470 2776 ἔχοντες,
1520 2709 1602 2772 είς
1658 2707 1725 2759 τὰ
1771 2708 1950 2761 ὀπίσω

371 2798 716 2867 χωρήσουσιν
746 2812 761 2827 °
793 2798 856 2850 τὸ
889 2799 945 2852 δὲ
977 2801 1605 2868 Καταισχυνθείησαν,
1631 2800 1732 2870 τῆς
1751 2799 1950 2870 αἰσχύ-

372 2905 471 2958 νης
502 2890 652 2943 ἔστὶν
678 2889 952 2952 ἐπίτασις.
984 2891 1058 2944 Τὸ
1099 2891 1283 2962 μέντοι
1313 2893 1551 2962 σφόδρα
1580 2894 1679 2948 διὰ
1701 2894 1947 2963 τάχους,

371 2981 486 3043 τοῖς
525 2982 804 3046 εὐκτικοῖς
851 2983 1065 3047 τούτοις
1128 2985 1263 3037 πᾶσι
1314 2986 1661 3051 συντακτὲον,
1719 2987 1814 3041 τοῦ
1859 2988 1949 3042 εὐ-

375 3073 605 3142 χομένου
637 3073 928 3143 ζητοῦντος
954 3075 1140 3146 τάχιον
1173 3077 1371 3140 αὐτοὺς
1394 3077 1584 3131 παθεῖν
1609 3078 1678 3131 τὰ
1698 3078 1943 3135 τοιαῦτα.

376 3162 534 3227 τινὲς
566 3165 622 3217 δέ
656 3183 839 3234 φασιν,
870 3165 1133 3231 εὔξασθαι
1177 3168 1396 3237 μᾶλλον,
1439 3169 1579 3223 ἀλλὰ
1623 3171 1698 3240 μὴ
1755 3171 1953 3225 κατεύ-

377 3250 574 3318 ξασθαι
595 3253 692 3308 νῦν
723 3254 819 3309 τὸν
845 3255 1097 3325 λέγοντα,
1129 3258 1383 3328 δεόμενον
1411 3259 1554 3330 ὑπὲρ
1580 3259 1689 3314 τῶν
1739 3261 1953 3332 ἐχθρῶν

375 3347 755 3416 αίσχυνθῆναι,
799 3349 1009 3419 πονηρὲ
1046 3349 1488 3420 βουλευομένους,
1522 3352 1618 3406 καὶ
1646 3353 1951 3425 φοϐηθῆναι

371 3438 465 3489 «by
487 3437 880 3508 συμμαχοῦντα
907 3438 1082 3511 τούτῳ
1100 3441 1251 3505 Θεὸν,
1284 3443 1381 3496 καὶ
1401 3441 1823 3517 ἀποστραφῆναι
1853 3446 1950 3517 τὴν

377 3530 705 3602 μοχθηρίαν,
735 3533 828 3584 καί⁸
851 3530 997 3585 οὕτω
1025 3531 1403 3604 βελτιωθῆναι.

381 3711 626 3780 Ἶ·ἀλμύς
673 3709 753 3776 τῷ
805 3710 980 3766 Δαόὶδ
1023 3713 1095 3768 ὃν
1132 3709 1250 3785 ᾖσε
1299 3713 1379 3780 τῷ
1408 3717 1603 3783 Κυρίῳ
1647 3718 1794 3787 ὑπὲρ
1835 3716 1948 3773 τῶν

733 3807 931 3876 λόγων
949 3793 1138 3862 Χουσὶ
1174 3806 1307 3863 υἱοῦ
1345 3807 1596 3877 Ἱεμενεῖ.

954 3899 1250 3979 mattea
1292 3899 1369 3956 z'.

451 3995 610 4047 Δοκεῖ
657 4011 770 4057 πως
812 3991 1072 4053 ἐναντίως
1101 3989 1248 4060 ἔχειν
1284 3992 1320 4060 ἠ
1351 3991 1634 4061 ἐπιγραφὴ
1664 3991 1802 4061 πρὸς
1857 3990 1958 4063 τὴν

377 4084 436 4136 ὲν
467 4087 585 4146 ταῖς
613 4083 923 4146 Βασιλείαις
947 4080 1213 4151 ίστορίαν,
1241 4079 1376 4134 ἔνθα
1416 4081 1485 4134 τὰ
1516 4081 1663 4135 κατὰ
1709 4082 1802 4135 τὸν
1851 4084 1954 4136 Δα-

375 4175 466 4227 ϐὶδ
526 4176 961 4246 ἀναγέγραπται.
1021 4173 1136 4229 Καὶ
1185 4172 1315 4242 γὰρ,
1381 4173 1552 4227 ἐκεῖὸ
1607 4175 1802 4240 Χουσὶ,
1839 4176 1953 4240 υίὸς

387 4267 603 4335 Ἀραχὶ,
634 4266 770 4320 ἀλλὰ
796 4267 896 4320 οὐκ
941 4265 1190 4336 ἰεμενεὶ,
1219 4265 1522 4336 ἱστόρηται.
1577 4266 1953 4338 Συμόισάζον‹

373 4375 466 4411 ται
503 4358 558 4411 δὲ
579 4357 746 4410 ταῦτα
779 4357 978 4428 τρόπον
1007 4356 1066 4409 ὃν
1096 4355 1350 4429 ἐροῦμεν,
1378 4357 1411 4427 ἦ
1454 4357 1535 4411 ὅτι
1573 4357 1840 4429 διώνυμος
1885 4355 1954 4431 ἦν

2055 1891 2180 1944 mici
2210 1893 2331 1946 mei.
2378 1894 2554 1964 Rogat
2605 1905 2663 1948 ut
2720 1910 2841 1962 qua:
2890 1894 2992 1948 sibi
3049 1893 3272 1947 fuerunt
3323 1891 3634 1961 signiﬁcata

2055 1999 2220 2052 quam
2247 1985 2590 2038 celerrimum
2645 1985 2806 2039 linem
2835 1993 3269 2053 consequantur.
3300 1981 3636 2036 Erubescant

2058 2083 2241 2126 autem
2275 2072 2396 2141 ejus
2418 2074 2624 2126 inimici
2649 2116 2662 2135 ,
2711 2081 3000 2126 cernentes
3035 2080 3331 2140 conceptas
3362 2085 3392 2124 a
3420 2087 3477 2125 se
3511 2086 3640 2140 spes

2061 2163 2257 2218 inanes
2291 2162 2459 2217 fuisse
2483 2162 2620 2233 (δε).
2657 2162 3021 2231 Speraverant
3073 2161 3219 2215 enim
3259 2174 3418 2226 posse
3475 2174 3534 2212 se
3571 2161 3638 2211 de

2063 2255 2205 2308 facili
2225 2255 2276 2308 iu
2306 2253 2519 2323 propria
2539 2260 2809 2322 potestate
2836 2252 3032 2305 habere
3057 2253 3272 2304 beatum
3299 2248 3490 2310 David,
3521 2249 3631 2303 vel-

2059 2347 2137 2399 uti
2203 2344 2385 2399 divina
2431 2343 2702 2412 privatum
2730 2341 3102 2396 benevolentia
3129 2357 3142 2394 :
3171 2341 3314 2410 quod
3331 2340 3374 2395 si
3397 2339 3636 2394 erubue-

2056 2436 2165 2491 rint
2187 2444 2239 2490 et
2275 2435 2482 2504 pudore
2519 2433 2736 2490 confusi
2767 2433 2992 2499 fuerint,
3026 2432 3300 2505 quomodo
3323 2446 3434 2487 non
3469 2432 3634 2488 etiam

2052 2525 2365 2580 thnebunt?

2120 2614 2506 2672 Convertuntur
2543 2627 2592 2670 et
2624 2614 3026 2685 confundantur
3053 2615 3204 2669 valde
3241 2617 3504 2669 velociter.
3549 2616 3630 2671 Illi

2051 2706 2133 2761 sic
2159 2707 2458 2762 sentientes
2500 2716 2648 2761 retro
2676 2707 2894 2761 abeant.
2920 2706 2984 2760 Et
3035 2707 3198 2776 (quod
3235 2708 3352 2778 ait)
3383 2708 3626 2773 Confun-

2049 2799 2252 2852 dautur
2275 2836 2292 2863 ,
2329 2807 2683 2867 augmentum
2718 2808 2883 2868 atque
2927 2798 3294 2852 intensionem
3353 2798 3631 2868 signiﬁcat

2051 2891 2297 2960 pudoris.
2329 2891 2506 2945 Dictio
2533 2899 2714 2946 autem
2749 2930 2765 2954 ,
2820 2888 2985 2943 Valde
3028 2890 3276 2943 velociter
3298 2929 3313 2952 ,
3371 2889 3629 2943 omnibus

2055 2985 2140 3040 bis
2178 2983 2360 3039 verbis
2391 2983 2737 3054 adiungenda
2795 2993 2902 3039 est.
2956 2981 3120 3050 Optat
3175 2995 3413 3050 namque
3465 2989 3629 3048 atque

2057 3077 2392 3147 imprecetur
2424 3076 2546 3132 illos
2585 3091 2750 3146 quam
2792 3075 3056 3130 citissime
3115 3073 3226 3128 haec
3261 3072 3444 3126 omnia
3493 3072 3627 3141 pati.

2056 3167 2289 3234 Quidam
2331 3167 2497 3222 verba
2535 3167 2650 3223 haec
2682 3168 2872 3222 dicunt
2909 3181 3129 3236 precum
3165 3165 3343 3234 potius
3368 3163 3626 3219 similitu-

2056 3258 2239 3313 dinem
2294 3256 2514 3320 babere,
2573 3272 2736 3327 quam
2777 3253 3184 3326 imprecationis
3226 3293 3242 3321 ,
3306 3261 3360 3310 et
3417 3254 3627 3324 precari

2056 3350 2377 3420 PrOphetam
2431 3367 2526 3421 pro
2569 3351 2829 3414 inimicis,
2862 3360 2923 3403 ut
2977 3364 3069 3404 eos
3091 3349 3290 3419 pudeat
3337 3365 3628 3419 pravorum

2057 3444 2440 3509 consiliorum,
2495 3453 2553 3498 ut
2617 3443 2846 3497 timeant
2877 3440 3045 3495 Deum
3080 3441 3170 3510 qui
3217 3441 3319 3510 ipsi
3350 3439 3633 3509 Propheta:

2056 3535 2270 3606 adiutor
2337 3545 2441 3599 est,
2510 3543 2569 3590 ut
2634 3551 2662 3589 a
2715 3537 2933 3607 propria
2982 3538 3252 3608 pravitate
3301 3533 3640 3598 discedant,

2053 3635 2219 3698 atque
2251 3627 2354 3682 hoc
2386 3635 2545 3696 pacto
2586 3627 2838 3683 meliores
2869 3627 3020 3682 liam.

2053 3719 2301 3774 Psalinus
2327 3720 2428 3787 ipsi
2459 3704 2633 3774 David
2665 3738 2816 3789 quem
2845 3720 3030 3774 cecinit
3057 3720 3286 3775 Domino
3330 3735 3426 3787 pro
3466 3715 3631 3771 verbis

2567 3808 2732 3862 Chusi
2769 3809 2870 3875 lilii
2896 3808 3122 3862 Jemeni.

2546 3897 2952 3953 PSALMUS
3000 3898 3143 3954 VII.

2129 3985 2378 4042 Prmsens
2421 3988 2709 4057 inscriptio
2735 3988 2951 4044 videtur
3004 3989 3115 4046 fere
3159 3992 3458 4064 pugnantia
3501 4008 3631 4046 con-

2061 4081 2235 4135 tinere
2274 4077 2360 4143 iis,
2393 4094 2514 4150 qua:
2537 4079 2589 4132 in
2625 4079 2852 4133 historia
2910 4079 3116 4150 Regum
3173 4083 3444 4140 habentur
3477 4123 3492 4147 ,
3539 4085 3631 4139 ubi

2059 4185 2206 4249 gesta
2236 4174 2380 4231 beati
2414 4173 2582 4229 David
2612 4188 2716 4230 suo
2745 4173 2940 4228 ordine
2967 4174 3278 4242 conscripta
3328 4185 3478 4232 sunt.
3516 4175 3632 4231 illic

2056 4267 2202 4324 enim
2232 4267 2402 4322 Chusi
2439 4281 2549 4321 non
2575 4265 2786 4321 Jcmeni
2822 4264 2992 4318 lilium
3038 4262 3209 4318 fuisse
3237 4265 3465 4335 legimus
3491 4309 3506 4332 ,
3537 4269 3634 4323 sed

2058 4358 2282 4415 Aracbi.
2317 4359 2705 4414 Verumtamen
2735 4368 2883 4413 recte
2923 4355 3259 4414 conveniunt
3283 4356 3432 4417 haec.
3461 4366 3521 4411 ut
3551 4359 3635 4411 diu

374 4451 402 4502 ὁ
429 4449 612 4520 πατὴρ
631 4447 819 4513 αὐτοῦ,
851 4449 884 4519 ἢ
914 4448 1146 4520 ἐπείπερ
1167 4449 1197 4501 ὁ
1228 4448 1401 4502 Χουσὶ
1429 4449 1715 4519 τυγχάνων
1746 4452 1944 4521 ὰρχι...

2061 4466 2252 4508 ceruus
2285 4465 2298 4502 :
2329 4450 2412 4505 vel
2442 4450 2570 4521 quia
2603 4448 2800 4519 duplex
2838 4449 3002 4504 fuerit
3033 4462 3230 4504 nomen
3266 4446 3407 4518 patri
3440 4447 3632 4512 Chusi,

373 4539 473 4593 τοῦ
497 4539 685 4602 Δαϐιδ,
708 4540 1116 4610 ὲσχηματίσατο
1143 4539 1246 4614 τὴν
1278 4540 1419 4614 πρδς
1474 4543 1567 4595 τὸν
1626 4541 1951 4612 Ἀὄεσαλὼμ

378 4631 733 4699 αὐτομολίαν,
763 4633 856 4684 καὶ
872 4631 971 4694 τὰς
1006 4630 1098 4684 τοῦ
1121 4632 1636 4702 στρατηγικωτάτου
1671 4632 1956 4702 Ἀχιτόερελ

375 4723 594 4776 διέλυσε
636 4723 882 4795 γνώμας,
911 4723 1010 4778 καὶ
1039 4722 1116 4793 τῷ
1146 4725 1454 4796 πατραλοίᾳ
1512 4725 1630 4795 μὲν.
1686 4725 1955 4789 ἀναϐολὰς

376 4815 640 4883 ἐποίησεν
659 4829 672 4842 ·
706 4813 783 4883 τῷ
809 4814 1061 4883 φεύγοντι
1099 4813 1155 4867 δὲ
1180 4814 1362 4877 Δαῆὶδ,
1403 4815 1594 4884 καιρὸν
1616 4815 1819 4868 ἔδωκεν
1872 4817 1955 4880 εἰς

375 4908 438 4959 τι,
466 4909 660 4976 φυγεῖν
692 4907 1040 4979 πορρωτέρω,
1073 4905 1170 4959 καὶ
1201 4905 1448 4970 συλλέξαι
1475 4905 1756 4975 δυνάμεις,
1786 4906 1861 4970 ὡς
1893 4905 1952 4958 ἐν

377 5003 448 5071 τῇ
511 5001 677 5071 βίϐλῳ
726 5001 835 5053 τῶν
898 4999 1196 5052 Βασιλειῶν
1245 4999 1552 5069 εὑρήσομεν
1592 4999 1950 5070 πλατύτερον.

391 5091 531 5144 Ἀπὸ
560 5092 657 5156 τῆς
700 5091 1073 5159 ἀνδραγαθίας
1123 5089 1388 5159 τετύχηκε
1440 5091 1540 5159 τῆς
1577 5090 1953 5160 προσηγορίας

378 5182 587 5252 ταύτης
619 5197 636 5213 ⁶
679 5184 849 5236 Χουσὶ
875 5183 1001 5253 γὰρ,
1037 5183 1169 5248 υίὸς
1197 5180 1402 5247 δεξιᾶς
1430 5180 1816 5252 ἑρμηνεύεται.
1842 5181 1956 5236 Καὶ

379 5276 492 5345 γὰρ
526 5275 646 5338 ἔθος
675 5279 741 5347 τῇ
773 5276 966 5348 Γραφῇ
994 5274 1258 5337 πολλάκις
1285 5273 1392 5327 ἀπὸ
1435 5273 1546 5327 τῶν
1576 5274 1956 5342 ἐπιτηδευμά-

376 5380 512 5427 των,
545 5363 577 5434 ἢ
601 5364 709 5418 ἀπὸ
741 5364 852 5417 τῶν
883 5366 1102 5434 πατρῶν
1136 5365 1262 5426 τοὺς
1285 5363 1438 5427 υίοὺς
1459 5362 1749 5433 ὀνομάζειν
1776 5380 1788 5394 ·
1811 5359 1945 5430 οἷον,

378 5455 518 5510 υἱὸν
536 5456 802 5525 εἰρήνης,
842 5457 935 5510 καὶ
972 5455 1150 5510 τέκνα
1179 5455 1424 5525 σοφίας,
1468 5456 1563 5508 καὶ
1614 5456 1751 5510 υΙὸν
1788 5456 1950 5510 dna)-

2058 4543 2143 4598 vel
2174 4541 2301 4613 quia
2321 4541 2465 4615 [ipse
2488 4542 2835 4612 postmodum
2892 4541 3054 4610 hujus
3095 4541 3630 4610 cognominalionent

2054 4633 2282 4689 sortitus
2315 4634 2424 4696 sit,
2458 4640 2518 4686 ut
2548 4631 2755 4687 Jemeni
2783 4633 2924 4688 illius
2953 4632 3245 4687 diceretur.
3294 4633 3392 4686 llic
3430 4635 3630 4690 etenim

2054 4725 2248 4789 Chusi,
2277 4725 2480 4780 Aracbi
2517 4726 2684 4789 ﬁlius,
2713 4734 2765 4779 et
2788 4727 2974 4780 socius
3012 4725 3151 4778 beati
3181 4725 3344 4779 David
3368 4767 3383 4790 ,
3421 4743 3632 4783 memor

2051 4816 2258 4872 veteris
2298 4816 2573 4883 amicitiae,
2606 4832 2730 4872 eum
2765 4816 3002 4872 Absalon
3031 4816 3177 4872 lilius.
3219 4817 3360 4871 beati
3415 4817 3581 4874 David
3611 4859 3627 4883 ,

2053 4909 2318 4965 adversus
2349 4918 2559 4980 patrem
2596 4908 2992 4964 insurrexisset
3020 4906 3062 4979 ],
3099 4907 3253 4963 finxit
3300 4925 3358 4964 se
3398 4909 3632 4967 deficere

2050 5003 2120 5058 ab
2166 5019 2292 5072 rege
2328 5011 2383 5060 et
2412 5003 2479 5059 ad
2510 5003 2836 5059 Absalonem
2871 5002 3237 5072 transfugere,
3272 5018 3338 5057 eo
3369 5001 3625 5064 consilio,

2052 5104 2111 5150 ut
2145 5096 2474 5166 Acbitopbcl
2534 5095 2690 5152 ducis
2732 5097 2971 5152 Absalon
3002 5095 3624 5152 consiliadiSsolveret:

2053 5187 2517 5258 quemadmodum
2579 5197 2632 5243 et
2682 5189 2931 5258 perfecit.
2991 5189 3254 5243 Morando
3312 5185 3513 5254 quippe
3575 5187 3628 5233 ct

2053 5276 2363 5332 cunctando
2415 5276 2746 5333 Absalonem
2777 5287 2966 5333 contra
3011 5274 3384 5345 Aclnilopbelis
3443 5267 3630 5325 consi-

2053 5367 2187 5422 lium
2227 5369 2298 5422 ita
2349 5368 2604 5432 detimtit,
2645 5379 2703 5424 ut
2742 5371 3085 5426 occasionem
3123 5375 3178 5423 et
3231 5373 3449 5432 tempus
3490 5375 3632 5428 pra:-

2063 5457 2263 5511 stiterit
2291 5457 2448 5513 beato
2480 5456 2670 5523 David,
2705 5465 2760 5514 ct
2788 5458 3004 5529 longius
3033 5452 3295 5524 fugiendi,
3318 5457 3372 5505 et
3393 5448 3635 5519 majores

1696 5628 1895 5691 Varim
1927 5628 2257 5693 lectiones.

455 5733 568 5800 (32)
590 5733 776 5789 Grzcce
805 5749 898 5802 per
923 5732 1434 5802 interrogationem:
1466 5733 1739 5800 Quomodo
1769 5743 1941 5790 autem
1971 5752 2073 5790 non
2104 5731 2574 5791 erubescenti’ctc.
