4090 6212
500 255 601 319 115
1760 257 2142 318 EUTHYMII
2190 260 2547 321 ZIGABENI
3654 261 3752 324 ii‘i

500 370 687 439 copias
720 368 1005 439 colligendi
1035 388 1048 424 :
1083 378 1141 423 ut
1168 370 1231 423 in
1274 368 1429 425 libris
1474 368 1678 439 Regum
1727 366 1890 420 latius
1943 367 2074 421 scri-
2105 396 2115 426 λ

2137 402 2144 425 ι
2172 370 2363 435 λείας.
2393 368 2577 433 Οὕτως
2611 369 2703 423 οὖν
2734 372 2827 423 καὶ
2861 372 2988 438 υίὸς
3017 371 3241 438 δεξιᾶς,
3272 374 3299 425 6
3338 374 3508 440 δεξιός
3557 391 3617 427 τε
3660 377 3752 427 καὶ

498 470 650 533 ptum
676 462 963 530 reperitur.
989 461 1070 515 Ab
1096 460 1409 528 ltujusmodi
1445 459 1608 529 igi'ur
1634 466 1859 513 strenuo
1887 472 2073 525 opere,

2179 461 2635 531 ἐπιτηδειότατος.
2680 463 2816 515 Ἀλλ’
2848 466 2879 531 ἡ
2915 465 3013 534 μὲν
3053 465 3357 535 ἐπιγραφὴ.
3409 467 3563 533 ὑπὲρ
3631 467 3750 520 τῶν

499 552 921 623 appellationem
950 551 1090 606 banc
1115 551 1280 606 Chusi
1300 560 1628 607 consecutus
1645 558 1750 616 est,
1779 558 1838 602 ut
1862 547 2073 603 Jemeni

2178 553 2376 621 λόγων
2406 555 2539 622 φησὶ
2570 554 2757 608 Χουσί
2788 573 2803 588 ο
2827 556 2959 626 παρ’
2985 557 3104 609 ὅλον
3129 557 3184 609 δὲ
3214 558 3305 609 τὸν
3342 558 3594 627 Ψαλμὸν,
3649 560 3748 612 οὐκ

499 647 644 700 filius
662 646 954 701 diceretur.
992 644 1049 700 Si
1078 645 1297 715 quidem
1339 643 2073 712 Jemenidexterainterpre-

2178 641 2590 711 ἐμνημόνευσεν
2621 645 2648 696 6
2680 644 2845 698 Δαϐὶδ
2874 648 2967 697 τοῦ
3004 647 3192 712 Χουσὶ,
3243 646 3338 699 καὶ
3384 646 3533 699 δοκεῖ
3584 648 3746 701 πάλιν

496 737 776 809 tatut(55).
806 738 920 794 Mos
939 753 1068 793 vero
1084 752 1167 793 est
1189 738 1481 809 Scripturze
1502 752 1690 801 sacrae,
1716 737 1783 789 ab
1800 733 2075 789 exercitiis

2176 731 2403 802 ἄπορον.
2442 734 2583 787 Ἀλλ’
2607 736 2738 805 ἡμῖν
2759 736 2816 789 δὲ
2846 735 2905 789 τὸ
2929 736 3325 807 διεγνωσμένον
3353 736 3451 790 οὐκ
3507 739 3753 808 ἀποκρυ-

497 831 773 899 aliquibus
805 846 902 886 seu
938 829 1162 896 studiis,
1196 838 1452 899 tanquam
1506 844 1535 882 a
1561 828 1878 898 parentibus
1931 826 2073 881 filios

2178 824 2345 877 πτέον
2368 840 2382 855 ·
2421 827 2724 895 μεταγνοὺς
2751 828 2859 896 γὰρ
2894 830 2921 881 6
2952 828 3241 897 προφήτης
3286 827 3372 895 ἐφ’
3398 822 3478 891 οἷς
3518 829 3751 899 ἡλπισεν

498 921 875 987 denominare,
910 923 1074 977 veluti
1106 922 1279 990 ﬁlium
1310 922 1453 990 pacis
1479 960 1494 987 ,
1530 921 1701 990 ﬁlium
1752 919 2023 988 sapientia:
2055 958 2071 984 ,

2175 917 2268 969 ἐπὶ
2292 921 2356 985 τῇ
2388 918 2602 971 συνέσει
2655 919 2845 977 Χουσὶ.
2897 918 3237 989 ὑποθεμένου
3285 919 3452 972 αὐτοῦ
3492 919 3561 971 τὰ
3623 922 3750 989 περὶ

495 1019 549 1065 et
598 1012 767 1080 ﬁlium
817 1012 1175 1081 perditionis;
1232 1013 1304 1065 ita
1354 1012 1515 1066 etiam
1562 1019 1617 1065 et
1658 1010 1801 1079 ﬁlius
1846 1013 2073 1064 dexterae

2172 1010 2271 1078 τῆς
2303 1010 2519 1079 ἀπάτης
2560 1009 2899 1081 Ἀϐεσαλὼμ,
2933 1014 3029 1064 καὶ
3056 1012 3124 1063 τὰ
3157 1012 3286 1081 περὶ
3319 1009 3413 1062 τοῦ
3458 1011 3745 1063 διασκεδά-

495 1102 585 1157 ille
614 1104 835 1166 dicitur,
870 1106 962 1174 qui
1003 1104 1196 1159 dexter
1236 1112 1289 1159 et
1340 1102 1661 1158 commodus
1702 1103 1878 1155 amico
1909 1099 2072 1156 fuerit

2174 1118 2263 1153 σαι
2294 1100 2391 1170 τὴν
2422 1100 2617 1172 βουλὴν
2655 1101 2962 1173 Ἀχιτόφελ,
3000 1101 3092 1153 τὸν
3136 1100 3351 1170 ψαλμὸν
3409 1100 3597 1152 τοῦτον
3637 1100 3750 1171 ᾅδει

492 1193 729 1264 adjutor.
770 1195 905 1250 illud
941 1197 1106 1251 etiam
1154 1194 1698 1250 animadvertendum
1735 1203 1816 1249 est
1844 1234 1859 1257 ,
1914 1193 2063 1263 quod

2171 1194 2250 1259 τῷ
2309 1194 2448 1264 Θεῷ,
2494 1195 2592 1265 οὐχ
2651 1196 2796 1266 ὑπὲρ
2842 1189 2915 1248 ὧν
2961 1195 3120 1265 ἔτυχε
3156 1194 3307 1265 παρᾶ
3336 1194 3437 1263 τῆς
3461 1194 3552 1246 τοῦ
3583 1195 3752 1246 Χουσὶ

491 1287 778 1357 inscriptio
820 1288 951 1342 dicit
982 1304 1082 1358 pro
1110 1288 1279 1343 verbis
1310 1286 1474 1341 Chusi
1501 1300 1519 1340 :
1553 1298 1603 1339 et
1631 1294 1816 1339 tamen
1867 1286 1918 1340 in
1957 1294 2071 1341 toto

2177 1287 2470 1352 συνέσεως,
2528 1287 2642 1340 ἀλλ’
2701 1287 2843 1358 ὑπὲρ
2879 1282 2953 1340 ὧν
2996 1287 3096 1357 τῆς
3152 1286 3288 1357 πρὸς
3345 1286 3483 1339 Θεὸν
3539 1285 3751 1344 ἐλπίδος

488 1380 722 1447 psalmo,
763 1378 1036 1451 Propheta
1080 1379 1284 1434 nullam
1314 1377 1483 1432 Chusi
1530 1378 1844 1432 memoriam
1904 1377 2065 1444 fecit;

2172 1378 2467 1447 ἀφέμενος,
2531 1378 2841 1451 τεθάρῤηκε
2897 1379 3009 1442 τοῖς
3073 1378 3275 1445 λόγοις,
3315 1374 3395 1440 οἷς
3449 1378 3670 1447 εἴρηκεν
3726 1378 3752 1428 6

490 1467 633 1531 unde
659 1470 766 1523 alia
798 1470 974 1523 oritur
1007 1468 1281 1524 dubitatio
1314 1486 1327 1522 :
1362 1467 1641 1537 quomodo
1672 1468 1881 1523 scilicet
1942 1482 2068 1537 per-

2174 1471 2343 1523 Χουσὶ
2394 1470 2530 1539 πρὸς
2571 1469 2919 1541 Ἀϐεσαλὼμ,
2981 1470 3309 1532 ἀποσταλεὶς
3374 1469 3526 1536 παρὰ
3565 1468 3750 1522 αὐτοῦ.

487 1559 657 1615 tineat
684 1560 750 1615 ad
785 1560 1051 1630 psalmum
1100 1559 1404 1630 inscriptio.
1442 1558 1550 1615 Nos
1581 1569 1758 1614 tamen
1805 1560 1948 1626 quod
1977 1574 2071 1615 eo-

2177 1563 2334 1617 ’Έστι
2367 1562 2459 1617 οὖν
2488 1562 2801 1635 ἱλαστήριος
2827 1565 2860 1634 ἡ
2887 1562 3021 1635 ᾠδὴ,
3066 1562 3159 1615 τὸν
3204 1562 3337 1616 Θεὸν
3376 1560 3756 1631 ἐξευμενίζου-

488 1650 777 1718 gnovimus
814 1666 918 1704 non
951 1651 1273 1706 celabimus.
1307 1650 1441 1706 Cum
1478 1652 1766 1721 paeniteret
1825 1652 2067 1721 Prophe-

1618 1652 1766 1706 iteret
1825 1652 2067 1721 Prophe‘
2176 1643 2267 1717 σα,
2301 1653 2394 1705 καὶ
2425 1652 2825 1723 παρακαλοῦσα
2852 1653 2931 1716 είς
2956 1652 3233 1723 βοήθειαν.

489 1748 621 1805 tam,
654 1742 800 1810 quod
868 1758 1018 1813 spem
1059 1742 1294 1812 aliquam
1340 1743 1615 1813 posuisset
1664 1744 1718 1797 in
1775 1743 2062 1813 prudentia
2104 1752 2159 1800 et
2184 1745 2429 1802 consiliis
2462 1744 2653 1810 Chusi,
2720 1746 2812 1815 qui
2866 1747 2913 1801 ei
2965 1752 3216 1802 suaserat
3279 1745 3633 1811 deceptorum
3694 1755 3753 1796 se

487 1831 818 1887 Absalonem
847 1871 863 1898 ,
914 1842 969 1888 et
1014 1835 1409 1901 dissipaturum
1437 1835 1667 1890 consilia
1692 1834 2019 1904 Acbitophcl
2042 1876 2057 1902 ,
2101 1835 2417 1905 bujusmodi
2446 1838 2714 1907 psalmum
2756 1838 3066 1910 composuit
3098 1846 3149 1894 et
3181 1837 3382 1892 cecinit
3442 1836 3574 1899 Deo,
3640 1846 3753 1889 non

487 1938 583 1994 pro
614 1923 891 1979 beneﬁciis
918 1941 1038 1996 quae
1066 1934 1395 1982 consecutus
1425 1925 1601 1981 fuerat
1665 1942 1694 1980 a
1751 1926 2043 1997 prudentia
2072 1936 2126 1983 et
2167 1928 2400 1984 consilio
2423 1927 2593 1985 Chusi
2627 1945 2640 1980 :
2684 1928 2777 1985 sed
2812 1930 2943 2001 quia
2980 1931 3096 2001 ipse
3128 1931 3329 1984 amissa
3359 1928 3447 1983 illa
3478 1943 3597 1997 spe,
3621 1942 3745 1997 quae

487 2015 840 2086 praecipuein
868 2018 1037 2072 Deum
1074 2018 1322 2073 habenda
1351 2027 1511 2084 erat,
1542 2014 1717 2089 magis
1776 2019 1947 2077 fretus
1986 2021 2059 2076 sit
2101 2021 2155 2076 in
2189 2022 2369 2079 verbis
2446 2022 2658 2088 Chusi,
2730 2039 2759 2077 a
2816 2038 2876 2079 se
2935 2023 3001 2079 ad
3050 2023 3374 2079 Absalonem
3428 2021 3603 2076 missi.
3660 2019 3753 2073 Est

485 2104 653 2176 igitur
713 2109 803 2164 bic
875 2111 1123 2179 psalmus
1179 2112 1642 2183 propitiatorius,
1697 2113 1987 2184 placatque
2036 2126 2091 2171 et
2129 2116 2452 2172 benevolum
2495 2116 2671 2172 reddit
2706 2115 2878 2172 Deum
2948 2116 3019 2171 ob
3092 2114 3446 2170 commissum
3511 2127 3754 2169 errorem

485 2200 747 2269 illumque
767 2201 822 2256 in
851 2202 1111 2256 auxilium
1146 2219 1307 2259 suum
1351 2204 1603 2259 advocat.

554 2289 723 2347 Vsus.
753 2292 808 2349 2.
829 2292 1051 2346 Domine
1068 2292 1209 2346 Deus
1234 2309 1401 2357 meus,
1446 2296 1499 2347 in
1529 2302 1576 2346 te
1608 2294 1835 2360 speravi,
1867 2295 2072 2348 salvum
2106 2302 2147 2356 Β

2137 2307 2147 2353 t
2248 2291 2423 2357 Κύριε
2461 2291 2494 2342 ὀ
2517 2290 2658 2353 Θεός
2685 2304 2825 2356 μου,
2853 2286 2952 2341 ἐπὶ
2999 2285 3100 2340 σοί
3131 2285 3369 2354 ἤλπισα
3404 2300 3418 2314 ⁸
3448 2283 3659 2339 σῶσιῗν
3679 2300 3752 2354 με

484 2400 565 2439 me
588 2383 674 2453 [ac
708 2398 773 2437 ea:
816 2384 1058 2437 omnibus
1105 2384 1531 2451 persequentibus
1570 2399 1672 2448 me,
1695 2390 1743 2437 et
1769 2384 1933 2437 libera
1962 2368 2071 2438 me.

2168 2384 2235 2436 ἐκ
2267 2380 2511 2435 πάντων
2540 2378 2659 2432 τῶν
2681 2378 3023 2433 διωκόντων
3048 2395 3146 2448 με,
3179 2379 3277 2432 καὶ
3321 2378 3511 2445 ρύσιιι
3543 2394 3633 2445 με.
3689 2377 3751 2430 El

483 2470 636 2525 Licet
664 2510 679 2534 ,
711 2469 890 2539 inquit
921 2511 938 2537 ,
968 2471 1041 2525 ob
1076 2471 1419 2540 prudentiam
1454 2470 1620 2526 Chusi
1655 2470 1879 2541 adjutus
1914 2473 2015 2528 sim
2047 2512 2062 2537 ,

2168 2472 2263 2527 καὶ
2292 2472 2445 2542 παρὰ
2474 2472 2572 2540 τῆς
2596 2471 2690 2524 τοῦ
2717 2471 2909 2537 Χουσὶ,
2930 2470 3118 2543 φησὶν,
3137 2468 3429 2539 ὠφέλημαι
3458 2469 3748 2534 συνέσεως,

483 2573 536 2618 et
568 2560 847 2631 paululum
911 2560 1296 2630 reSpiraverim
1326 2601 1340 2625 ,
1385 2568 1712 2632 tempusque
1762 2565 2063 2632 acceperim

2169 2564 2523 2626 ἀναπνεύσας
2552 2562 2768 2633 μικρὸν,
2792 2563 2888 2615 καὶ
2915 2560 3098 2615 λαϐὼν
3128 2560 3321 2629 καιρὸν
3368 2562 3448 2623 εἰς
3499 2559 3751 2630 παράτα-

482 2653 548 2709 ad
577 2652 1021 2723 congregandum
1058 2653 1404 2715 exercitum,
1456 2669 1602 2707 nunc
1663 2660 1845 2709 tamen
1880 2655 1931 2708 in
1974 2655 2065 2709 illo

2169 2658 2251 2723 ξιν
2281 2674 2293 2687 ·
2330 2656 2468 2710 ἀλλά
2498 2654 2594 2709 νῦν
2636 2656 2738 2708 οὐκ
2770 2653 2859 2708 ἐπ’
2914 2654 3108 2722 ἐκείνῳ
3167 2653 3406 2723 θαρῤῶν,
3451 2652 3750 2720 ἀνταγωνί-

483 2744 720 2813 amplius
772 2759 877 2798 non
931 2742 1146 2797 confido
1180 2761 1193 2796 :
1226 2752 1279 2797 et
1333 2759 1457 2799 cum
1520 2745 1834 2814 propediem
1866 2761 2063 2817 pugnae

2167 2749 2355 2814 ζεσθαι
2390 2746 2570 2817 μέλλω
2598 2761 2610 2774 ·
2641 2747 2810 2817 μόνης
2847 2745 2903 2799 δὲ
2924 2746 3024 2815 τῆς
3052 2745 3151 2816 σῆς
3200 2745 3416 2808 ἐλπίδος
3465 2744 3746 2813 ἐκκρέμα-

481 2835 599 2891 dies
625 2835 753 2889 mibi
789 2836 991 2899 instet,
1026 2850 1054 2887 a
1085 2842 1139 2889 te
1176 2849 1284 2888 uno
1318 2835 1528 2904 pendeo
1554 2876 1569 2900 ,
1604 2836 1657 2890 in
1694 2852 1856 2906 quem
1894 2853 2060 2892 unum

2169 2861 2290 2915 μαι,
2324 2842 2554 2913 δεύτερα
2571 2839 2619 2893 τ’
2648 2839 2785 2895 ἄλλα
2817 2839 2994 2894 πάντα
3025 2837 3396 2907 λογιζόμενος,
3424 2836 3746 2904 καὶφίλους,

480 2941 672 2981 omnes
705 2941 830 2996 spes
861 2941 1013 2981 meas
1039 2925 1331 2980 collocavi.
1362 2927 1476 2980 Alia
1509 2927 1654 2981 enim
1691 2929 1893 2991 omnia,
1926 2931 2063 2983 aonio

2165 2936 2260 2990 καὶ
2295 2932 2642 3003 συμμάχους,
2686 2933 2784 2985 καὶ
2823 2928 3184 3002 στρατιώτας.
3228 2930 3544 3001 Γέγραπται
3586 2927 3698 2997 γάρ
3724 2943 3739 2958 ·

480 3032 576 3072 cos
605 3017 889 3082 nimirum,
917 3017 1099 3072 socios
1123 3058 1139 3084 ,
1169 3032 1232 3072 ac
1264 3019 1466 3073 milites
1495 3060 1509 3083 ,
1537 3019 1780 3073 secundo
1836 3021 1887 3074 in
1940 3021 2061 3076 loco

2176 3023 2647 3093 Ἐπικατάρατος
2685 3023 2994 3095 ἄνθρωπος,
3039 3022 3067 3075 6
3106 3022 3340 3086 ἐλπίζων
3397 3020 3485 3073 ἐπ’
3534 3020 3741 3091 ἄνθρω-

480 3122 689 3178 reputo.
719 3110 996 3179 Scriptum
1028 3117 1113 3164 est
1146 3109 1290 3165 enim
1320 3127 1335 3164 :
1392 3108 1715 3165 Malediclus
1771 3113 1923 3165 homo
1968 3117 2059 3184 qui

2164 3136 2284 3173 πον.
2323 3119 2435 3173 Καὶ
2453 3117 2642 3186 ὥσπερ
2668 3116 2729 3169 οὗ
2760 3113 2866 3186 χρὴ
2893 3115 3022 3171 ἄλλο
3072 3132 3125 3168 τι
3163 3114 3343 3167 σέϐειν
3388 3112 3541 3183 παρά
3584 3112 3738 3177 Θεὸν,

480 3218 622 3270 spem
656 3202 803 3270 ponit
882 3202 936 3256 in
961 3202 1169 3257 homine
1199 3204 1267 3258 ⁷⁸.
1305 3202 1440 3257 Item
1474 3223 1489 3259 :
1540 3203 1739 3257 Beatus
1780 3204 1935 3259 homo
1971 3206 2061 3275 qui

2162 3211 2336 3274 οὕτως
2367 3209 2491 3263 οὐδέ
2521 3210 2607 3262 ἐπ’
2652 3207 2812 3261 ἄλλον
2837 3206 3101 3271 ἐλπίζειν,
3138 3207 3171 3275 ἢ
3200 3206 3291 3259 ἐπὶ
3314 3205 3408 3258 τὸν
3439 3204 3595 3262 Θεόν,
3630 3205 3741 3256 Καὶ

478 3304 652 3361 sperat
690 3294 744 3347 in
795 3303 844 3349 te
887 3292 975 3359 '°;
1033 3303 1088 3348 et
1141 3294 1601 3363 quemadmodum
1655 3295 1819 3349 alium
1880 3296 2061 3352 colere

2165 3298 2397 3363 σώζεται
2435 3296 2536 3366 μὲν
2569 3313 2653 3360 τις
2682 3295 3116 3366 διατηρούμενος
3148 3297 3207 3348 ἐν
3245 3296 3506 3365 πολέμοις
3557 3294 3739 3364 ἄτρω-

478 3400 642 3456 quam
717 3385 881 3440 Deum
951 3401 1060 3439 non
1116 3384 1380 3440 debemus
1411 3423 1427 3450 ,
1476 3386 1556 3439 sic
1610 3384 1772 3440 etiam
1820 3385 1875 3439 in
1926 3386 2061 3441 alios

2161 3408 2255 3455 τος
2287 3406 2302 3422 ο
2336 3389 2526 3462 ῥύεται
2563 3389 2620 3443 δὲ
2651 3388 2853 3458 πάντη,
2884 3389 2992 3441 τῶν
3017 3387 3417 3457 ἐπιτιθεμένων
3464 3387 3741 3441 ἀπαλλατ-

480 3492 703 3547 sperare
732 3492 832 3532 nos
881 3492 987 3531 non
1037 3475 1193 3532 decet
1238 3492 1401 3546 quam
1436 3477 1490 3531 in
1540 3475 1673 3530 Deo.
1724 3474 1820 3532 Ille
1873 3487 2056 3533 autem

2161 3482 2407 3553 τὸμενος.
2444 3480 2695 3535 Πάντων
2721 3480 2791 3533 δὲ
2822 3478 2941 3534 τῶν
2965 3480 3302 3534 διωκόντων
3332 3476 3476 3544 εἷπε,
3502 3480 3589 3533 διὰ
3616 3479 3743 3542 τοὺς

481 3569 679 3623 salvari
700 3568 902 3624 dicitur
925 3569 1014 3639 qui
1047 3570 1100 3623 in
1123 3567 1267 3625 bello
1296 3573 1416 3624 sine
1434 3569 1660 3625 vulnere
1681 3582 2055 3639 conservatur,
2094 3641 2096 3643 ι

2124 3573 2239 3643 ,τῷ
2297 3572 2603 3643 πατραλοίαν
2658 3572 3222 3642 συναποστὴσαντας,
3279 3572 3557 3639 φονῶντας
3618 3569 3739 3623 κατ’

475 3668 529 3714 et
552 3659 688 3730 eripi
725 3660 772 3715 is
807 3659 900 3730 qui
943 3659 1012 3716 ab
1037 3660 1321 3715 invasione
1352 3668 1517 3730 atque
1547 3660 1753 3731 impetu
1806 3648 2090 3717 inimico-‘

2125 3652 2326 3717 ⁵ἀύτοῦ
2378 3664 2475 3717 καὶ
2535 3662 2809 3732 διψῶντας
2845 3664 2938 3716 τὸν
2977 3661 3171 3716 τούτου
3217 3662 3467 3718 θάνατον.
3533 3664 3602 3716 Ἦ
3647 3662 3740 3715 καὶ

478 3769 599 3808 rum
658 3753 950 3809 liberatur.
999 3751 1082 3807 Ex
1128 3754 1370 3807 omnibus
1418 3762 1592 3807 autem
1634 3754 2058 3824 persequentibus

2163 3754 2398 3819 σώζεται
2431 3753 2598 3824 μὲν,ὁ
2620 3753 2865 3807 ἀσθενῶν
2884 3770 2897 3785 ·
2926 3753 3117 3825 ῥύεται
3140 3753 3196 3808 δὲ
3223 3755 3251 3808 6
3278 3756 3334 3807 ἐν
3365 3754 3736 3825 αἰχμαλωσίᾳ.

478 3862 580 3911 me,
616 3845 775 3911 dixit,
807 3854 1032 3916 propter
1063 3860 1159 3901 eos
1198 3846 1291 3916 qui
1354 3845 1683 3917 parricidam
1746 3846 1914 3901 ﬁlium
1968 3863 2059 3902 se-

2158 3844 2339 3899 Σῶσόν
2377 3861 2446 3915 με
2474 3843 2588 3908 οὖν,
2610 3844 2686 3906 ὼς
2715 3844 2918 3915 ἀσθενῆ
2953 3861 2966 3873 ο
2995 3844 3160 3915 ῥῦσαι
3211 3862 3304 3916 με,
3332 3844 3405 3908 ὡς
3458 3844 3740 3915 αἰχμάλω-

478 3938 813 4007 quebantur,
838 3947 892 3993 et
917 3939 1039 4009 ejus
1077 3948 1304 3993 mortem
1338 3939 1685 4010 appetebant.
1730 3938 1829 3995 Vel
1866 3939 2054 3996 aliter:

2155 3955 2266 4001 τον,
2310 3938 2515 4001 ἐλπίζω
2565 3937 2700 4008 γὰρ,
2759 3937 2885 3991 ὅσον
2926 3936 3115 4002 οὔπω,
3162 3937 3571 4009 σαγηνευθῆναι
3624 3938 3736 3998 τοῖς

475 4029 569 4085 Ille
598 4030 796 4085 salvari
833 4030 1036 4086 dicitur
1072 4029 1165 4101 qui
1196 4030 1445 4085 infirmus
1476 4040 1601 4097 est;
1631 4029 1771 4101 eripi
1804 4046 1934 4086 vero
1958 4045 2054 4086 seu

2148 4030 2391 4102 ἐχθροῖς.
2426 4032 2493 4085 Ἥ
2520 4030 2634 4093 καὶ,
2661 4030 2842 4085 Σῶσόν
2868 4048 2965 4101 με,
2990 4030 3178 4102 φησὶν,
3208 4028 3316 4084 ἀπὸ
3359 4029 3470 4082 τῶν
3507 4028 3737 4083 ἐνταῦθα

476 4118 811 4177 liberariille
839 4122 929 4192 qui
965 4131 1048 4179 est
1083 4122 1356 4194 captivus.
1412 4120 1571 4175 Salva
1625 4136 1709 4175 me
1774 4122 1940 4190 igitur
1998 4129 2058 4175 ut

2164 4117 2614 4173 καταδιωκόντων
2645 4119 2712 4189 μὲ
2746 4118 3026 4189 πολεμίων
3055 4134 3069 4149 ’
3111 4117 3270 4191 ῥύσαι
3307 4136 3375 4188 με
3398 4117 3454 4171 δέ
3485 4119 3583 4171 καὶ
3630 4118 3737 4171 ἀπὸ

477 4212 754 4266 infirmum
795 4229 808 4266 :
865 4222 917 4268 et
958 4214 1127 4269 libera
1173 4228 1260 4269 me
1307 4212 1461 4283 quasi
1508 4212 1821 4282 captivum;
1887 4213 2053 4269 timeo

2160 4211 2270 4263 τῶν
2296 4210 2436 4281 μετά
2465 4208 2693 4263 θάνατον
2718 4209 2880 4273 εὐθὺς
2906 4209 3315 4281 ἐξερευνώντων
3363 4209 3433 4262 τά
3463 4209 3735 4278 στίγματα

475 4304 620 4359 enim
658 4320 727 4360 ne
766 4305 835 4361 ab
869 4305 1107 4360 inimicis
1133 4301 1587 4375 comprehendar.
1632 4301 1749 4369 Vel,
1778 4304 1929 4360 salva
1961 4319 2049 4359 me

2159 4302 2257 4373 τῆς
2288 4302 2465 4372 ψυχῆς
2494 4301 2747 4372 ἀοράτων
2786 4300 3022 4373 ἐχθρῶν,
3062 4304 3157 4356 ἐπὶ
3182 4302 3261 4373 τῷ
3300 4304 3618 4372 κατασχεῖν,
3661 4300 3733 4363 ὡς

474 4396 545 4450 ab
578 4396 820 4452 inimicis
856 4395 1148 4467 praesentis
1176 4396 1300 4450 vita:
1338 4404 1435 4450 :et
1463 4395 1631 4450 libera
1657 4411 1742 4452 me
1788 4397 1860 4451 ab
1905 4396 2052 4451 invi-

2159 4390 2300 4447 εἴναι
2338 4394 2438 4463 τὴν
2474 4392 2658 4462 δέησιν
2692 4393 2910 4465 διπλὴν,
2962 4394 3105 4464 ὑπὲρ
3143 4393 3244 4464 τῆς
3294 4393 3599 4464 παρούσης,
3642 4392 3734 4447 καὶ

475 4487 729 4563 sibilibtts
761 4485 1022 4549 inimicis,
1088 4487 1183 4556 qui
1219 4497 1340 4556 post
1376 4494 1606 4540 mortem
1637 4500 1811 4540 meam
1854 4487 2048 4543 anima:

1176 4487 1183 4538 i
1219 4497 1340 4556 post
1376 4494 1606 4540 mortem
1637 4500 1811 4540 meam
1854 4487 2048 4543 anima:
2158 4487 2256 4555 τῆς
2292 4484 2593 4555 μελλούσης
2624 4485 2791 4557 ζωῆς.

476 4593 610 4633 meae
643 4576 885 4632 maculas
924 4591 1115 4631 omnes
1212 4576 1608 4645 perscrutaturi
1659 4584 1831 4643 sunt,
1893 4577 1940 4633 si
2019 4593 2129 4647 quo
2168 4585 2329 4648 pacto
2388 4576 2623 4633 fortasse
2669 4592 2787 4633 eam
2841 4579 3120 4649 potuerint
3193 4576 3655 4650 comprehendere
3712 4600 3726 4637 :

474 4667 785 4735 duplexque
811 4675 917 4720 erit
940 4665 1097 4736 juxta
1122 4665 1265 4720 hunc
1289 4682 1511 4722 sensum
1533 4667 1744 4737 petitio,
1774 4683 1873 4737 pro
1902 4669 2153 4738 praesenti
2182 4669 2391 4724 scilicet
2418 4669 2549 4732 vita,
2584 4679 2635 4723 et
2659 4686 2758 4739 pro
2792 4668 2996 4723 futura.

544 4760 714 4816 Vens.
744 4760 799 4815 5.
834 4759 1133 4831 Nequando
1161 4762 1336 4829 rapiat
1372 4769 1429 4815 ut
1476 4760 1555 4817 leo
1589 4765 1822 4815 animam
1855 4778 2048 4815 meam.
2086 4765 2129 4819 D

2113 4767 2129 4818 λ
2230 4762 2475 4831 Μήποτε
2501 4762 2744 4833 ἁρπάσῃ
2777 4763 2855 4828 ὠς
2877 4762 3035 4817 λέων
3060 4764 3177 4833 τὴν
3204 4762 3417 4832 ψυχήν
3436 4780 3577 4830 μου.
3623 4762 3728 4813 Τὸν

474 4853 803 4908 Absalonem
883 4854 1054 4909 filium
1110 4854 1254 4911 leoni
1303 4862 1607 4924 comparat,
1662 4854 1733 4909 ob
1785 4869 2055 4909 summam

2167 4853 2491 4925 Ἀϐεσαλὼμ
2522 4853 2780 4924 ὀνομάζει
2808 4854 3020 4922 λέοντα,
3052 4856 3142 4909 διὰ
3178 4854 3277 4925 τὴν
3308 4854 3614 4924 ἀγριότητα
3636 4854 3728 4905 καὶ

475 4944 626 4999 illius
687 4948 1073 5014 temeritatem,
1156 4948 1435 5013 ferociam,
1496 4958 1662 5017 atque
1715 4948 2059 5019 impudentes

2155 4946 2499 5016 θρασύτητα,
2547 4947 2643 5000 καὶ
2700 4947 3061 5016 ἀναίσχυντον
3115 4947 3313 5018 ὁρμήν.
3350 4948 3421 5000 Ἦ
3489 4948 3581 5000 καὶ
3637 4945 3728 4997 τὸν

478 5054 671 5093 ausus.
711 5037 804 5093 Vel
839 5038 1090 5096 fortassis
1125 5039 1192 5095 de
1256 5040 1502 5095 daemone
1562 5054 1743 5094 sermo
1795 5050 1897 5105 est,
1960 5043 2054 5111 qui

2151 5036 2402 5092 διάϐολον
2448 5039 2780 5092 αἰνίττεται·
2839 5039 3073 5104 δυσῶδες
3128 5040 3239 5109 γὰρ
3290 5039 3350 5092 τὸ
3400 5038 3578 5106 στόμα
3630 5036 3724 5090 τοῦ

476 5132 621 5187 leoni
663 5132 1053 5188 convenienter
1087 5140 1474 5200 comparatur;
1513 5132 1639 5202 quia
1693 5133 1853 5189 sicuti
1912 5134 2056 5189 leoni

2152 5128 2365 5193 λεόντος
2387 5147 2400 5161 ·
2438 5128 2673 5191 δυσῶδες
2701 5129 2758 5183 δὲ
2782 5131 2875 5183 καὶ
2898 5129 2960 5184 τὸ
3005 5130 3099 5184 τοῦ
3152 5128 3421 5194 διαϐόλου,
3485 5127 3723 5197 βλασφη-

474 5241 537 5279 os
571 5239 636 5278 ac
690 5222 877 5278 fauces
917 5223 1057 5278 male
1088 5225 1255 5287 olent,
1315 5222 1388 5278 ita
1440 5223 1605 5279 etiam
1664 5239 1727 5280 os
1790 5224 2055 5281 daemonis

2154 5220 2285 5290 μίας
2317 5220 2763 5290 ἐξερευγόμενον.
2798 5222 2910 5275 Καὶ
2949 5222 3057 5292 γὰρ
3106 5222 3134 5275 ὁ
3183 5220 3385 5291 Κύριος
3442 5217 3582 5272 κατὰ
3634 5218 3725 5269 τὸν

477 5321 738 5369 eructans
770 5313 1141 5385 blasphemias
1182 5316 1320 5369 male
1354 5315 1484 5370 olet.
1527 5314 1721 5386 Figura
1781 5316 1941 5369 etiam
1972 5315 2055 5370 vi-

2152 5312 2345 5382 καιρὸν
2365 5313 2459 5366 τοῦ
2481 5314 2687 5378 πάθους
2727 5313 2916 5385 ἔλεγε·
2951 5315 3082 5371 Νῦν
3130 5317 3163 5370 ό
3220 5313 3422 5381 ἄρχων
3478 5308 3585 5365 τοῦ
3627 5306 3719 5360 κό-

553 5491 599 5522 "
626 5488 829 5546 Jerem.
874 5506 1008 5557 xvn,
1045 5491 1098 5545 5.
1182 5490 1239 5529 η⁷⁹
1269 5487 1417 5545 Psal.
1445 5504 1676 5556 Lxxxtn,
1706 5489 1791 5543 1⁸5.

1822 5576 2018 5638 νιιιηὶω
2053 5573 2380 5636 lectiones.

495 5663 505 5675 ’
545 5679 652 5739 (55)
701 5680 934 5736 Graece:
982 5682 1254 5755 Siquidem
1312 5680 1473 5739 Chusi
1507 5681 1651 5736 filius
1691 5682 1930 5738 dextera:
1986 5678 2388 5747 interpretatur.
