4082 6212
313 243 413 304 ll?

1466 251 1858 316 COMMENT.
1912 255 1993 314 IN
2038 256 2395 320 PSALMOS.

3482 261 3577 325 ΗΘ

303 371 468 420 σμου
488 355 708 408 τούτου
747 355 1006 422 ἔρχεται,
1055 358 1152 409 καί
1185 358 1255 410 ἑν
1312 357 1466 426 ἐμοιη
1503 360 1626 425 ἕξει
1686 362 1886 417 οὐδέν.

2003 365 2206 438 dentur
2232 369 2349 424 haec
2383 370 2546 426 verba
2573 386 2696 426 esse
2723 386 2936 436 eorum,
2960 388 3083 444 quae
3108 390 3138 427 a
3168 373 3400 430 Domino
3440 376 3572 432 Pas-

316 443 444 495 Ἐπὶ
476 445 663 511 μέντοι
686 442 782 496 τοῦ
828 443 1174 513 Ἀσεσαλὼμ,
1216 446 1560 518 ὑποληπτέον
1589 449 1689 520 τὴν
1721 449 1888 520 ζωὴν,

304 535 729 606 ἀςαιρουμένην
754 534 860 588 ὑπὸ
904 535 1000 588 τοῦ
1051 535 1445 606 ἀναιροῦντ⁰ἶ’
1501 540 1648 592 αἰτία
1699 540 1808 610 γὰρ
1858 544 1890 612 ἡ

304 625 460 695 ψυχὴ
493 627 643 696 ζωῆς
668 644 682 658 ο
717 629 814 681 καὶ
842 628 1105 691 πολλάκις
1137 632 1205 683 τὰ
1233 631 1455 686 αἱτιατὰ
1493 633 1764 701 καλοῦμεν
1778 636 1892 697 τοῖς

302 717 417 770 τῶν
451 718 647 771 αἰτίων
677 720 965 789 ὀνόμασιν,
1019 721 1210 791 ὥσπερ
1253 724 1450 795 εἰρήνη
1471 725 1569 792 μὲν
1603 726 1630 778 6
1660 725 1885 794 Κύριος,

304 807 406 862 καὶ
430 809 772 880 δικαιοσύνη,
815 811 912 865 καὶ
958 815 1028 867 τὰ
1073 817 1301 868 τοιαῦτα
1329 832 1344 847 ο
1394 817 1643 887 ἁμαρτία
1701 818 1757 871 δὲ
1790 818 1887 871 καὶ

305 899 578 966 ἀπώλεια,
613 903 642 954 6
670 903 938 966 διάϐολος.
970 907 1156 970 Αίτιος
1203 906 1312 976 γὰρ
1351 909 1378 960 6
1409 907 1530 978 μὲν,
1563 907 1791 962 ἐκείνων
1823 909 1890 962 ’ό

305 991 382 1055 δὲ,
412 992 630 1045 τούτων
661 995 992 1064 καθέστηκε.
1061 998 1650 1069 Καταχρηστικωτέρα
1693 999 1751 1053 δὲ
1789 1001 1888 1071 τῆς

308 1081 572 1152 ἁρπαγῆς
639 1085 672 1153 ὴ
732 1084 900 1152 λέξις,
955 1087 1210 1142 ἐντεῦθεν
1257 1089 1527 1160 δηλούσης
1573 1091 1885 1163 ἀφαίρεσιν.

320 1174 602 1244 Ἀρμώσει
623 1177 679 1231 δὲ
707 1179 803 1233 καὶ
835 1183 999 1236 παντὶ
1026 1182 1104 1253 τῷ
1129 1186 1187 1237 ὲν
1209 1186 1599 1253 περιστάσεσιν
1637 1188 1666 1241 6
1697 1187 1889 1257 παρὼν

301 1264 925 1336 ὼλμὸςβίδιώκοντας
959 1274 1254 1344 μὲννοήσει
1280 1275 1393 1346 (54)
1430 1278 1557 1342 τοὺς
1572 1278 1836 1349 δαίμονας
1870 1297 1882 1311 ·

303 1357 497 1412 λέοντα
533 1361 616 1424 δὲ,
649 1363 742 1417 τὸν
765 1364 1011 1435 ἄρχοντα
1035 1367 1266 1434 τούτων,
1300 1369 1361 1433 ὃς
1387 1369 1631 1442 ἁρπάζει
1663 1373 1760 1443 τὴν
1786 1371 1887 1442 ψυ-

302 1448 404 1518 χὴν
433 1452 512 1514 είς
537 1453 834 1524 ἁμαρτίαν,
857 1457 953 1510 καὶ
991 1461 1070 1522 είς
1094 1459 1425 1529 ἀπόγνωσιν,
1486 1462 1716 1516 ἐλθοῦσα
1768 1463 1881 1533 (55)

303 1543 398 1594 τοῦ
425 1543 700 1612 σώματος.

1995 457 2170 514 sionis
2202 468 2446 530 tempore
2495 460 2641 517 dicta
2670 473 2800 518 sunt
2829 484 2841 519 :
2875 462 3038 519 Nunc
3107 465 3352 534 princeps
3411 467 3574 530 huius

1992 551 2178 605 mundi
2207 552 2444 621 ej'icietur
2467 555 2634 623 foras,
2656 568 2704 611 et
2757 558 2812 611 t'n
2879 575 2959 612 me
3008 577 3112 613 non
3173 560 3380 614 habebit
3415 561 3568 629 quiri—

1990 658 2148 711 quam
2179 643 2249 696 ’⁷.
2287 643 2442 710 Quod
2476 643 2519 699 si
2549 645 2906 715 intelligimus
2960 649 3230 718 psalmum
3271 649 3341 705 de
3402 650 3572 704 Absa—

1991 735 2143 798 Ione,
2176 733 2438 804 animam,
2469 753 2704 808 expone,
2735 740 2786 794 id
2820 752 2902 794 est
2933 739 3122 806 vitam,
3145 755 3267 812 qum
3295 740 3364 795 ab
3397 739 3571 794 inter-

1989 820 2198 877 fectore
2232 823 2638 892 quodammodo
2668 827 2870 882 auferri
2907 829 3206 886 videretur.
3252 827 3346 884 Est
3371 829 3572 884 ctenim

1990 915 2174 970 anima
2206 917 2328 972 vitae
2355 932 2561 977 causa:
2606 929 2661 974 et
2722 935 3103 991 saepenumero
3169 930 3399 976 causata
3453 921 3572 990 ipsa

1988 1019 2277 1062 causarum
2306 1009 2627 1065 nominibus
2657 1012 2997 1081 appellamus
3041 1031 3054 1069 :
3106 1013 3572 1084 quemadmodum

1987 1105 2042 1151 et
2083 1097 2348 1156 Dominus
2384 1117 2485 1170 pax
2518 1103 2722 1159 dicitur
2755 1115 2808 1160 ct
2853 1105 3088 1173 justitia,
3124 1115 3179 1162 et.
3230 1106 3336 1161 alia
3375 1107 3568 1175 hujus-

1991 1190 2159 1255 modi,
2213 1193 2340 1261 quia
2378 1194 2530 1263 pacis
2583 1196 2880 1265 etjustitire
2913 1207 3105 1253 auctor
3138 1210 3241 1253 est.
3271 1197 3382 1251 Hae
3407 1198 3572 1252 etiam

1989 1283 2202 1338 ratione
2251 1283 2464 1340 daemon
2532 1299 2812 1355 peccatum
2855 1298 2908 1342 et
2941 1290 3177 1358 perditio
3240 1275 3573 1359 appella-tur,

1987 1372 2153 1427 veluti
2191 1373 2411 1428 illorum
2453 1389 2641 1431 causa.
2673 1378 2979 1446 lmproprie
3013 1389 3194 1430 autem
3255 1379 3433 1447 posita
3488 1388 3573 1431 est

1985 1462 2154 1518 dictio
2183 1462 2408 1533 Rapiat,
2439 1481 2538 1535 pro
2601 1467 2904 1523 interimat.
2951 1468 3219 1539 Congrnit
3260 1470 3424 1524 etiam
3481 1470 3570 1524 ltic

1985 1555 2229 1625 psalmus
2260 1559 2518 1616 omnibus
2554 1561 2640 1616 bis
2677 1562 2770 1632 qui
2819 1565 2873 1616 in
2913 1563 3312 1620 tentatiouibus
3346 1573 3397 1620 et
3430 1568 3578 1641 peri-

302 1633 443 1689 culis
473 1639 669 1693 animae
693 1643 976 1698 constituti
1004 1653 1154 1711 sunt,
1189 1645 1235 1700 si
1279 1661 1377 1716 per
1411 1656 1823 1719 persequentes,
1846 1645 2154 1702 datmonum
2224 1650 2412 1718 copias
2462 1652 2818 1719 intellexeris,
2859 1663 2912 1711 et
2965 1670 3060 1726 per
3129 1656 3340 1713 leonem
3400 1633 3578 1727 ipsum

304 1724 614 1784 daemonum
667 1733 971 1806 principem
1030 1735 1316 1806 Satanam,
1384 1740 1478 1812 qui
1535 1741 1748 1796 animas
1810 1739 1875 1793 ad
1916 1747 2137 1808 peccata
2192 1744 2840 1816 autmldesperationem
2872 1724 3065 1820 rapere
3126 1750 3285 1815 solet,
3337 1724 3434 1805 velt
3485 1756 3593 1820 qui

303 1831 400 1873 eas
430 1820 570 1887 rapit
604 1823 691 1878 uti
707 1826 976 1883 exiverint
1007 1842 1038 1883 e
1063 1844 1314 1902 corpore.
1384 1845 1386 1848 '

371 1911 472 2004 dii}
506 1913 685 2004 δντος
711 1921 1151 1990 λυτρουμένου,
1177 1926 1336 1996 μηδὲ
1354 1927 1667 1995 σώζοντος.
1694 1929 1886 1983 ῡὶκεῖα

2060 1926 2191 1982 Cum
2225 1943 2330 1982 non
2358 1930 2426 1983 sit
2453 1933 2542 1997 qui
2573 1931 2820 1998 redimat,
2850 1948 3013 2003 neque
3042 1933 3135 2004 qui
3156 1934 3362 1989 salvam
3383 1934 3575 2004 faciat:

305 2001 401 2052 καὶ
437 2003 612 2057 ταῦτα
632 2022 646 2036 ο
670 2007 731 2059 τὸ
765 2009 1170 2078 μὲνσώζοντος,
1209 2017 1348 2088 πρὸς
1383 2018 1465 2084 τὸ,
1497 2019 1730 2074 Σῶσον·
1757 2019 1885 2072 τὸδὲ

303 2091 698 2166 λυτρουμένου,
728 2103 864 2170 πρὸς
891 2105 974 2170 τὸ,
1019 2107 1208 2164 Ῥύσαι
1235 2127 1251 2142 ·
1285 2111 1381 2164 σοῦ
1412 2112 1524 2185 γὰρ
1569 2114 1644 2184 μὴ
1673 2114 1774 2167 ὲπσ
1787 2115 1888 2184 μύ-

306 2204 510 2253 νοντος,
541 2191 716 2257 οὐδεὶς
744 2195 901 2250 ἔσται
929 2197 1140 2264 σώζων,
1173 2201 1206 2272 ἢ
1249 2204 1532 2275 ῥυόμενος.

375 2279 559 2346 Κύριε
579 2282 613 2334 ὁ
648 2283 793 2350 Θεός
827 2303 970 2355 μου,
1001 2289 1056 2343 εί
1097 2289 1362 2361 ἐποίησα
1405 2294 1600 2360 τοῦτο,
1633 2298 1688 2349 ετ
1715 2297 1887 2351 ἐστιν·

316 2367 517 2424 ἀδικία
538 2372 608 2425 ἐν
639 2376 821 2443 χερσί
840 2395 983 2447 μου,
1014 2382 1069 2434 εί
1105 2383 1494 2440 ἀντιιπέδωκα
1528 2387 1651 2454 τοῖς
1701 2389 1882 2444 ἀντα-

305 2456 626 2552 ποδιδοῦσί
655 2483 756 2532 μοι
786 2467 960 2531 κακὰ,
995 2470 1356 2543 ἀποπέσοιμι
1380 2475 1495 2545 ἄρα
1515 2477 1634 2532 ἀπὸ
1658 2479 1777 2534 τῶν
1789 2481 1888 2552 ἐχ-

306 2547 468 2614 θρῶν
487 2569 606 2621 μου
644 2557 842 2623 κενός.
903 2559 1019 2614 Οὐκ
1076 2555 1198 2615 εῐπε
1226 2563 1287 2617 τὸ
1301 2565 1402 2636 τῆς
1427 2567 1698 2638 ἁμαρτίας
1725 2547 1880 2635 εἶδος,

305 2641 625 2713 φειδόμενος
653 2646 735 2701 ἐτι
751 2649 847 2704 τοῦ
871 2653 1062 2717 παιδός
1087 2668 1104 2686 ⁶
1133 2655 1253 2709 οὐδὲ
1279 2657 1386 2727 γὰρ
1415 2660 1671 2730 ὀνομαστὶ
1698 2663 1885 2717 τοῦτον

304 2733 602 2804 ἐδήλωσεν,
632 2738 1169 2817 ὑπεραισχυνόμενος
1187 2763 1203 2780 ⁸
1229 2747 1366 2802 ἀλλὰ
1387 2751 1761 2826 εὐφημότερον
1781 2773 1794 2787 ·
1824 2759 1886 2812 ΕΞ

303 2826 546 2922 εποίησα
570 2831 754 2922 τοῦτο,
813 2839 1002 2905 φησὶν,
1035 2839 1171 2911 ὅπερ
1201 2843 1229 2894 6
1259 2843 1282 2895 ὲ
1293 2841 1393 2912 μὺς
1440 2844 1666 2918 ἐποίησε
1736 2854 1886 2922 παῖς,

305 2917 532 2984 ἐγένετο
567 2921 678 2994 γὰρ
707 2927 1073 2997 πατραλοίας,
1129 2932 1224 2985 καὶ
1295 2935 1492 3006 μιαρός
1513 2955 1528 2970 ο
1562 2917 1656 2994 διαὶ
1690 2942 1738 2995 εί
1770 2917 1886 3014 nat;

311 3025 462 3079 κησα
490 3013 682 3070 τοῦτον
702 3018 842 3083 τέως
877 3023 1088 3092 χερσὶν,
1116 3024 1252 3096 ﬁsci"
1287 3035 1716 3101 πραγματικοῖς,
1762 3013 1890 3090 καί-

311 3117 398 3201 τοι
459 3106 632 3201 πάλαι
687 3110 791 3182 τῆς
849 3113 1020 3168 αὐτοῦ
1102 3119 1370 3191 πονηρίας
1431 3123 1794 3196 αἰσθόμενος·
1854 3130 1889 3201 ἢ

309 3194 524 3289 ἔϐλαψα
553 3201 682 3265 τοὺς
711 3207 1142 3278 συναιρομένους
1163 3211 1314 3284 αὑτῷ
1340 3213 1441 3284 τῆς
1472 3194 1672 3289 μάχὴς,
1693 3194 1890 3289 οἵτινεέ

1995 2017 2254 2088 Congrue
2286 2021 2399 2074 haec
2432 2032 2484 2075 et
2546 2037 2646 2077 suo
2679 2024 2872 2078 ordine
2914 2026 3348 2096 correspondent
3378 2027 3577 2096 prandi-

1993 2111 2098 2167 clis
2124 2111 2330 2177 verbis,
2361 2113 2527 2168 Salva
2552 2130 2633 2168 me
2666 2124 2718 2168 et
2749 2114 2918 2169 libera
2953 2132 3051 2172 me.
3094 2117 3194 2182 Te,
3230 2117 3428 2186 inquit.
3465 2133 3594 2171 nou-

1992 2200 2314 2271 adjuvante,
2349 2203 2530 2259 nullus
2553 2213 2636 2257 cst
2673 2205 2766 2272 qui
2820 2206 3014 2270 salvet,
3043 2215 3138 2260 aut
3191 2209 3283 2277 qui
3320 2207 3576 2261 redimat.

2066 2291 2230 2348 Vsus.
2255 2295 2309 2361 4,
2347 2297 2397 2350 5.
2429 2296 2646 2353 Domine
2680 2300 2819 2355 Deus
2852 2319 3018 2366 meus,
3048 2303 3095 2356 si
3119 2302 3218 2372 feci
3240 2302 3403 2370 istud,
3422 2305 3468 2357 si
3501 2315 3592 2358 ρει

1993 2382 2271 2450 injustitia
2303 2386 2356 2439 in
2390 2388 2637 2442 manibus
2664 2390 2812 2451 meis,
2838 2393 2885 2444 si
2919 2393 3143 2446 retribui
3172 2394 3584 2448 retribuentibu-s

1994 2475 2120 2528 mihi
2153 2475 2576 2542 mala,deeidam
2608 2496 2735 2534 sane
2769 2481 3081 2538 abinimicis
3101 2484 3226 2538 meis
3250 2483 3584 2539 iuauis.Nou

1994 2568 2173 2637 aperit
2237 2568 2512 2641 Propheta
2572 2573 2782 2650 peccati
2845 2559 3042 2644 genus,
3097 2573 3210 2628 tilio
3261 2574 3572 2644 ignoscetis-

1993 2659 2179 2731 Neque
2210 2662 2353 2717 enim
2394 2678 2495 2718 suo
2551 2663 2776 2719 nomine
2833 2664 2966 2720 illud
3025 2664 3348 2730 declaravit,
3404 2667 3592 2721 vicemv

1995 2753 2090 2807 lilii
2147 2753 2550 2823 quodammodo
2595 2758 2982 2812 erubescens:
3048 2757 3142 2813 sed
3194 2757 3575 2818 subobscure.

1997 2844 2056 2901 Si
2128 2845 2234 2902 feci
2299 2847 2448 2910 hoc,
2509 2848 2606 2913 ait,
2664 2847 2812 2919 quod
2872 2848 3014 2902 [ilius
3081 2864 3239 2903 meus
3302 2847 3582 2904 commisit

1997 2937 2284 2995 adversum
2336 2955 2421 2995 me
2479 2941 2768 3011 (scelestus
2817 2942 3015 3012 quippe
3047 2941 3092 2998 is
3150 2941 3406 2997 fueratet
3449 2957 3578 3011 par'

1996 3031 2214 3102 ricitla),
2248 3032 2293 3087 si
2345 3032 2603 3101 iniuriam
2650 3032 2948 3103 aliquando
3004 3033 3280 3096 manibus.
3341 3033 3444 3088 hoc
3494 3041 3580 3087 est

1998 3123 2185 3184 lactis.
2247 3123 2432 3190 intuli,
2500 3125 2715 3179 tametsi
2771 3125 2918 3179 illius
2965 3140 3108 3194 saepe
3174 3125 3381 3180 scelera
3439 3139 3576 3193 prat~

1996 3214 2260 3272 senserim
2326 3233 2341 3279 ;
2411 3215 2492 3270 vel
2560 3215 2607 3271 si
2676 3215 2786 3270 laesi
2850 3231 2951 3271 eos
3003 3215 3096 3284 qui
3147 3215 3432 3270 adversum
3491 3230 3577 3270 me

312 3288 434 3340 ἀνθ’
469 3283 545 3344 ὧν
573 3294 858 3364 παρ’ἐμοῦ
888 3301 1214 3369 πεπόνθασι,
1249 3280 1407 3360 κακά.
1726 3280 1888 3369 ἀντα.ζ

1994 3309 2255 3366 Absaloni
2287 3309 2343 3364 in
2371 3309 2518 3364 bello
2559 3324 2714 3380 opem
2761 3280 3034 3363 tulerunt-
3061 3309 3267 3380 quique
3328 3324 3426 3377 pro
3484 3308 3582 3362 bc-

311 3381 622 3438 n06z6éaot°
662 3386 737 3458 μὴ
759 3389 1052 3462 ἁπώσαιμι
1081 3394 1214 3459 τοὺς
1269 3395 1522 3470 ἐχθρούς.
1585 3401 1694 3456 Καὶ
1749 3404 1888 3472 πῶς,

310 3474 501 3542 φησὶν,
533 3477 632 3530 οὐκ
656 3479 951 3536 ἀποδίδωσι
979 3499 994 3548 ;
1038 3486 1174 3556 πρὸς
1225 3487 1326 3552 οὓς
1358 3489 1508 3545 ἐστιν
1570 3493 1768 3562 εἰπεῖν,
1807 3498 1890 3552 ὅτι

307 3568 440 3662 περὶ
464 3568 982 3662 τῶνπρολαὸόντων
1010 3579 1038 3630 6
1067 3577 1243 3648 λόγος.
1281 3581 1553 3649 Πολλάκις
1607 3589 1715 3656 γὰρ
1762 3590 1889 3662 ἄχρι

304 3659 432 3712 τότε
471 3661 705 3728 πολλοὺς
730 3668 1005 3738 πονηροὺς
1039 3669 1245 3742 εὑρὼν,
1271 3673 1372 3727 οὐκ
1419 3677 1688 3733 ἀπέδωκε.
1721 3659 1888 3752 Tipa-

306 3753 572 3850 ιιαῦταδέ
592 3759 920 3817 κινδυνεύων
958 3766 1086 3837 περὶ
1133 3767 1234 3838 τὴν
1295 3768 1463 3842 ζωὴν,
1505 3775 1770 3845 ἠμύνετο,
1813 3778 1890 3850 μὴ

305 3846 683 3941 ἀνασχόμενος
710 3853 804 3907 ἐπὶ
830 3856 994 3910 πλέον
1015 3859 1114 3930 τὴν
1178 3865 1532 3934 παρανομίαν
1567 3868 1677 3920 τῶν
1713 3846 1890 3941 πονηλ

308 3937 446 4004 ρῶν.
491 3942 648 3996 Ἔστι
685 3943 741 3999 δὲ
777 3947 943 4002 πάλιν
964 3951 1058 4004 καὶ
1077 3951 1283 4023 ἑτέρως
1347 3956 1546 4020 εἰπεῖν,
1575 3957 1650 4022 ὡς
1682 3937 1892 4014 ἀποπε-

310 4048 469 4096 σοιμι
505 4036 615 4088 ἀπὸ
645 4037 756 4094 τῶν
781 4041 992 4112 ἐχθρῶν
1061 4061 1164 4115 μου
1227 4046 1385 4112 κενδς
1437 4050 1548 4104 τῶν
1617 4051 1887 4107 ἐλπίδων·

306 4116 477 4176 αὗται
543 4126 600 4179 δέ
657 4131 820 4198 εἰσιν,
866 4134 928 4186 οὐ
996 4137 1421 4208 τιμωρήσασθαι
1472 4141 1720 4210 τούτους,
1775 4145 1890 4198 ἀλλ⁹

306 4216 567 4282 ἐπιόντας
590 4221 942 4290 ἀπώσασθαι,
975 4227 1146 4294 ετπως
1169 4230 1494 4302 ἀπόσχοιντο
1527 4235 1891 4290 καταδιώκειν

305 4308 414 4370 ἔτι,
447 4311 541 4363 καὶ
573 4308 758 4382 ζητεῖν
785 4317 1169 4390 ἀποστερῆσαί
1199 4340 1266 4394 με
1298 4325 1395 4377 καὶ
1423 4323 1523 4395 τῆς
1549 4325 1719 4396 ζωῆς.
1747 4327 1890 4400 Ὅρα

306 4401 422 4472 γὰρ
450 4405 535 4457 ὅτι
555 4407 651 4460 καὶ
684 4408 980 4477 φείσασθαι
1010 4412 1105 4466 τοῦ
1139 4415 1336 4474 παιδὸς
1359 4419 1474 4479 τοῖς
1523 4417 1891 4487 στρατιώταις

305 4496 678 4565 παρήγγειλε,
706 4502 799 4554 καὶ
831 4501 926 4555 τὸν
960 4502 1193 4559 θάνατον
1217 4507 1384 4562 αὑτοῦ
1427 4509 1639 4579 μαθὼν,
1673 4511 1891 4583 πικρῶς

1994 3405 2206 3459 neliciis
2234 3418 2261 3456 a
2292 3418 2377 3458 me
2410 3403 2465 3458 in
2507 3417 2604 3459 eos
2651 3402 2865 3458 collatis
2903 3403 3047 3456 mala
3089 3402 3220 3455 mihi
3277 3418 3426 3456 nunc
3485 3416 3577 3456 re-

1995 3496 2290 3563 tribuunt;
2328 3497 2371 3552 si
2420 3495 2616 3551 borum
2685 3495 3016 3566 quidquam,
3052 3494 3256 3566 inquit,
3297 3493 3576 3558 commisi,

1996 3607 2192 3661 precor
2222 3600 2282 3646 ut
2311 3591 2575 3666 adversus
2603 3589 2861 3644 inimicos
2893 3603 3045 3644 meos
3072 3603 3176 3642 non
3231 3587 3576 3657 praevaleant,

1995 3684 2092 3738 sed
2161 3698 2219 3738 re
2264 3683 2465 3737 inlecta
2527 3681 2705 3736 inanis
2759 3679 3027 3736 dccidam.
3092 3677 3344 3750 [Verum
3411 3677 3576 3746 aliqui

1996 3757 2372 3839 hujuscemodi
2409 3769 2769 3838 qumstioncm
2803 3775 3024 3824 movent
3054 3784 3066 3820 :
3102 3767 3158 3822 Si
3190 3783 3297 3822 non
3357 3767 3579 3822 decide-

1996 3863 2070 3917 rit
2103 3861 2283 3914 inanis
2321 3858 2514 3925 David,
2549 3873 2650 3914 nec
2683 3874 2742 3912 re
2790 3858 3329 3928 iniectareresserit,
3358 3857 3450 3912 sed
3480 3857 3579 3910 ad-

1992 3967 2187 4008 versus
2221 3949 2476 4005 inimicos
2508 3949 2881 4018 praevaluerit,
2932 3955 3083 4004 certe
3136 3949 3240 4002 hoc
3289 3957 3452 4017 pacto
3523 3947 3580 4002 in

1995 4045 2120 4101 illos
2144 4042 2568 4098 commissorum
2605 4040 2874 4096 scelerum
2907 4055 3122 4109 poenam
3159 4037 3402 4111 inferet.]
3434 4038 3581 4104 Quo-

1997 4136 2162 4191 modo
2191 4135 2358 4206 igitur
2389 4133 2526 4189 dicit
2554 4149 2614 4190 se
2647 4133 2758 4189 illis
2799 4133 2942 4186 mala
3000 4147 3110 4186 non
3151 4130 3380 4188 reddere
3412 4132 3436 4184 ’ἒ
3470 4129 3530 4184 Di

1997 4150 2162 4191 ωοαο
2191 4150 2358 4206 igitur
2389 4150 2526 4189 atcu
2554 4150 2614 4190 se
2647 4150 2758 4189 llllS
2799 4150 2942 4186 mata
3000 4150 3110 4186 non
3151 4150 3380 4188 renuere
3418 4150 3435 4184 ι
3470 4150 3530 4184 un

1995 4245 2124 4287 cere
2139 4243 2462 4299 possumus,
2483 4226 2759 4298 prteterita
2781 4225 2934 4280 illum
2959 4231 3206 4294 tempora
3239 4150 3577 4315 signiﬁcallz

1996 4322 2123 4394 quia
2148 4337 2274 4377 cum
2307 4321 2361 4374 in
2393 4319 2725 4389 praeteritum
2777 4315 3131 4372 occasionem
3177 4330 3321 4385 saepe
3383 4315 3580 4406 θρωπε

1997 4416 2252 4484 iniuriam
2303 4413 2514 4470 referre
2571 4411 2868 4482 potuisset,
2925 4408 3198 4464 abstinuit
3252 4411 3435 4466 tamen
3469 4423 3482 4459 :
3522 4407 3576 4459 in

1995 4509 2286 4581 praesentia
2321 4515 2527 4572 autem,
2569 4521 2692 4560 cum
2727 4505 3033 4574 periculum
3063 4503 3112 4559 ei
3146 4504 3272 4559 vita:
3306 4502 3577 4557 immine-

305 4587 661 4678 ᾠλοοφύρετο·
692 4593 766 4644 Ἦ
784 4594 880 4646 καὶ
907 4593 1107 4660 ἄλλως.
1150 4597 1416 4669 Ἐχθροὺς
1455 4600 1726 4672 ἀοράτους
1757 4604 1888 4658 ὑπο-

1995 4609 2098 4663 ret,
2139 4598 2202 4653 ad
2239 4597 2614 4652 defensionem
2655 4594 2740 4650 sui
2805 4594 3118 4655 accedebat,
3177 4601 3327 4647 tanta
3364 4591 3582 4660 iniquo-

305 4677 568 4745 ληπτέον,
591 4673 668 4736 ὧν
689 4682 1091 4742 ἀποπεσεῖσθαι
1114 4688 1263 4757 λέγει
1289 4693 1446 4746 κενὸν
1461 4693 1557 4746 καὶ
1585 4692 1892 4764 ἄπρακτον,

314 4771 392 4838 μὴ
419 4774 744 4842 νικήσαντα,
781 4777 916 4848 μηδὲ
942 4780 1381 4852 καταισχύναντα
1407 4783 1650 4850 τούτους,
1678 4785 1766 4840 διὰ
1795 4785 1897 4854 τῆς

312 4861 419 4913 τῶν
446 4863 658 4932 ἀρετῶν
695 4868 1202 4940 ἀντιπαρατάξεως.
1236 4874 1312 4927 Οὐ
1365 4874 1896 4948 μεγαλορῤημονῶνς

311 4953 391 5016 δὲ,
415 4954 596 5010 ταῦτά
622 4976 812 5027 φησιν,
839 4963 953 5016 ἀλλ’
981 4967 1062 5028 εἰς
1117 4969 1370 5038 ἀνάγκην
1431 4969 1712 5037 ἐμπεσὼν,
1770 4967 1892 5023 ἀνθ’

316 5046 600 5118 ἱκετηρίας
627 5051 766 5105 αὐτὰ
797 5053 1182 5123 προϐάλλεται.
1218 5057 1682 5128 Ἐκλαμὸἀνωμεν
1710 5057 1767 5111 δὲ
1795 5058 1892 5112 καὶ

315 5139 452 5206 πρῦς
477 5141 672 5207 ἄλλους
703 5145 853 5197 τουτὶ
880 5145 942 5198 τὺ
966 5146 1189 5218 χωρίον,
1223 5148 1300 5210 ὡς
1345 5150 1444 5202 οὐκ
1477 5147 1711 5217 ὴδῐκησά
1743 5163 1890 5213 τινα,

319 5231 409 5302 βίᾳ
433 5233 535 5304 τῆς
568 5234 850 5304 βασιλείας
906 5238 1210 5304 ἀπελάσας,
1257 5240 1376 5293 οὐδὲ
1414 5239 1507 5292 τὸν
1567 5238 1740 5292 Σαοὺλ
1779 5237 1900 5308 (36).

364 5374 407 5404 ⁷⁷
429 5373 590 5428 Joan.
613 5390 711 5436 xu,
739 5373 830 5428 51.

2002 4689 2122 4744 rum
2158 4687 2444 4743 hominum
2475 4685 2684 4740 scelera
2725 4683 2968 4754 amplius
3002 4697 3109 4736 non
3148 4682 3452 4738 sustinens.
3483 4681 3578 4736 Vel

2001 4781 2196 4836 aliter:
2235 4776 2488 4834 Occidam
2515 4776 2583 4830 ab
2633 4774 2876 4831 inimicis
2935 4775 3070 4829 meis
3139 4772 3350 4838 inanis,
3392 4772 3444 4826 id
3497 4781 3581 4826 est

2003 4869 2302 4926 frustratus
2320 4867 2466 4923 omni
2498 4879 2613 4934 spe.
2657 4863 2794 4934 Spes
2841 4872 3024 4918 autem
3105 4879 3214 4918 non
3275 4862 3577 4919 ulciscendi

2001 4968 2144 5027 erat,
2168 4960 2264 5015 sed
2319 4954 2620 5027 repellendi
2675 4953 3043 5012 invadentes:
3094 4965 3153 5010 ut
3211 4957 3406 5013 saltem
3475 4957 3578 5010 hoc

2001 5060 2162 5123 pacto
2192 5047 2449 5120 persequi
2486 5060 2612 5102 eum
2645 5043 2999 5101 desisterent.
3046 5046 3245 5101 Videre
3272 5047 3416 5102 enim
3451 5047 3578 5100 licet

2001 5141 2464 5215 quemadmodum
2501 5138 2772 5194 militibus
2796 5139 2912 5195 suis
2937 5138 3107 5211 jussit
3159 5146 3219 5194 ut
3279 5138 3390 5192 lilio
3448 5153 3578 5207 par-

2002 5241 2192 5291 cerent
2225 5252 2239 5287 :
2276 5239 2331 5285 et
2392 5230 2670 5301 quomodo
2717 5231 2866 5286 illius
2932 5236 3107 5286 morte
3159 5229 3459 5292 intellecta,
3522 5227 3575 5280 in

1633 5465 1826 5528 Varius
1851 5465 2175 5528 lectiones.

387 5571 498 5635 (3i)
531 5573 618 5625 ἷσ.
643 5570 879 5640 νοήσεις,
905 5580 963 5625 ut
981 5571 1180 5642 legisse
1219 5569 1431 5625 videtur
1454 5577 1506 5624 et
1529 5567 1773 5640 .Latinus
1804 5568 1888 5623 in-

325 5649 388 5693 te:
407 5658 549 5706 pres.

396 5711 506 5782 (35)
545 5711 634 5766 τσ.
679 5709 1020 5776 ἐξελθοῦσαν.

2008 5638 2034 5665 Υ
2074 5567 2186 5638 (36)
2255 5571 2338 5625 ἴσ.
2389 5569 2466 5641 τῷ
2498 5569 2699 5631 Σαοὺλ,
2748 5575 2800 5622 ct
2849 5565 3008 5636 paulo
3057 5572 3178 5634 post
3231 5563 3581 5616 κατασχευά’

2004 5656 2173 5704 gown.
