4082 6212
467 169 570 233 119

1673 176 2061 240 ΕΗΤΗΥΜΙΙ
2104 175 2463 239 ZIGABENI

3597 180 3702 247 120

463 295 691 349 magnos
757 280 961 337 decidit
1037 284 1237 339 luctus.
1297 285 1391 340 Vel
1464 289 1667 344 aliter:
1726 288 2031 345 Invisibiles

2141 290 2416 357 ἀπέδωκα,
2453 290 2571 345 ἀνθ’
2603 283 2680 348 ὧν
2707 290 3070 365 ευηργετήθη,
3102 292 3333 347 θάνατον
3378 293 3502 361 ἐμοὶ
3530 311 3708 348 κατα-

462 372 715 427 inimicos
740 372 842 428 hoc
878 374 1001 430 loco
1033 377 1338 449 intelligere
1384 394 1701 449 possumus.
1752 396 1783 435 a
1842 368 2039 451 quibus

2144 383 2480 445 σκευάζοντα
2507 384 2763 454 φανερὸν,
2792 384 2973 437 καίτοι
2993 383 3174 437 λαϐὼν
3200 384 3536 454 ὑποχείριον,
3561 386 3633 450 ῶς
3671 389 3706 457 ἡ

467 462 654 517 inanis
684 464 810 532 quis
846 464 1120 522 decidisse
1150 467 1365 524 dicetur
1392 480 1446 523 et
1472 485 1529 525 re
1561 470 1787 534 inlecta,
1840 470 1885 525 si
1919 469 2039 525 illos

2141 472 2262 525 κατ’
2310 472 2474 526 αὑτὸν
2531 473 2861 543 παρίστησιν
2916 474 3148 545 ἱστορία.
3211 475 3339 529 Εἴτε
3394 476 3577 529 τοίνυν
3629 479 3709 549 τῷ

462 569 573 609 non
606 557 972 623 superaverit,
1007 568 1061 613 et
1099 559 1363 615 virtutum
1402 576 1629 616 suarum
1656 562 1773 616 acie
1806 576 1900 617 eos
1927 576 2036 615 non

462 645 803 700 confuderit.
856 642 1218 705 Hmc’autem
1280 652 1446 706 verba
1498 668 1602 706 non
1662 650 2036 722 iactabundus

463 738 618 801 dicit,
656 739 748 794 sed
789 740 972 809 potius
1000 740 1102 796 sibi
1137 742 1526 797 conciliaturus
1556 743 1747 809 Deum,
1804 757 1929 796 cum
1980 743 2035 797 in

464 830 748 901 angustias
786 833 1093 889 incidisset.
1125 832 1209 898 Et,
1241 834 1286 889 si
1316 834 1383 889 ad
1427 835 1563 889 alias
1594 848 1859 904 personas
1885 833 2035 889 refe-

462 933 654 985 rantur
680 928 795 982 haec
830 929 1022 983 verba:
1056 927 1175 982 Non
1207 928 1359 983 affcci
1422 944 1545 1000 ego,
1595 929 1793 1000 inquit,
1854 928 2034 984 homi-

464 1034 597 1073 num
630 1019 866 1088 aliquem
901 1020 1125 1090 injuria,
1152 1035 1251 1074 nec
1278 1020 1428 1075 Sauli
1457 1022 1549 1089 qui
1596 1023 1725 1075 mihi
1758 1035 1856 1091 pro
1880 1034 2040 1076 acce-

463 1107 574 1176 ptis
605 1108 886 1164 beneliciis
918 1109 1208 1167 manifeste
1254 1120 1482 1166 mortem
1528 1111 1853 1176 intentabat,
1894 1111 2039 1181 inju.

462 1198 577 1254 rias
596 1200 778 1264 retuli,
810 1201 1029 1256 tametsi
1055 1202 1108 1256 in
1140 1210 1469 1274 potestatem
1501 1217 1675 1257 meam
1728 1202 2028 1265 devenerit,

463 1296 525 1343 ut
556 1289 613 1343 in
640 1290 888 1347 historiis
915 1292 1125 1363 Regum
1158 1296 1490 1349 continetur.
1548 1293 1672 1347 Sive
1732 1291 1897 1362 igitur
1923 1290 2034 1347 Ab-

464 1380 639 1439 saloni
686 1382 800 1437 haec
832 1386 1137 1454 aptaveris,
1167 1394 1223 1441 et
1255 1386 1321 1441 iis
1346 1387 1439 1456 qui
1466 1399 1589 1440 cum
1620 1400 1686 1439 eo
1716 1391 1893 1449 erant,
1919 1383 2035 1438 sive

2149 562 2493 632 ’Δὸεσαλὼμ,
2522 565 2619 618 καὶ
2643 567 2755 626 τοῖς
2793 566 2930 636 ἀμφ’
2961 566 3123 620 αὑτὸν
3179 568 3589 638 προσαρμόσειε
3616 571 3711 623 τὸν

2137 654 2319 723 λόγον,
2357 655 2468 708 εἴτε
2503 656 2599 708 καὶ
2626 655 2763 726 πρὸς
2791 656 2974 721 ἄλλον,
3007 657 3100 711 καὶ
3131 657 3223 711 τὸν
3253 659 3449 724 Σαοὺλ,
3474 661 3627 714 οὐδὲν
3642 664 3708 731 τῇ

2145 746 2377 819 ἀληθείᾳ
2415 746 2764 819 λυμαίνεται.
2821 749 2896 802 Τὸ
2928 747 2986 801 δὲ
3042 750 3258 820 πρῶτον
3301 752 3711 815 ἀνταποδόσεως

2133 842 2307 908 δνομα
2337 842 2815 909 καταχρηστικῶς,
2844 843 2965 896 ἀντὶ
3001 841 3100 912 τῆς
3145 840 3463 904 ἀποδόσεως
3504 843 3706 915 παρεί-

2132 932 2370 1001 ληπται·
2436 930 2578 995 δόσις
2610 934 2710 1003 μὲν
2753 932 2882 1005 γὰρ,
2936 934 2969 1003 ἡ
3014 933 3261 1005 καταρχὴ
3287 932 3397 1002 τῆς
3434 933 3700 1003 εὐποιίας,

2132 1026 2164 1095 ἢ
2196 1024 2491 1087 κακώσεως
2525 1041 2542 1058 ο
2568 1024 2821 1090 ἀπόδοσις
2857 1026 2936 1092 δὲ,
2960 1027 2992 1094 ή
3019 1024 3112 1079 τοῦ
3145 1028 3262 1079 ἴσου
3294 1025 3701 1097 ἀντιμέτρησι,·

2131 1118 2483 1182 ἀνταπόδοσις
2520 1118 2597 1183 δὲ,
2647 1117 2877 1189 δευτέρα
2917 1134 3006 1181 τις
3075 1116 3353 1187 καταϐολὴ
3405 1118 3617 1179 κακῶν,
3664 1118 3700 1190 ἢ

2132 1213 2317 1271 καὶῶν
2349 1212 2454 1267 ὑπὸ
2492 1213 2600 1266 τῶν
2654 1212 2853 1267 δόντων
2912 1211 2992 1274 είς
3020 1210 3148 1272 τοὺς
3190 1208 3514 1273 ἀποδόντας.
3569 1208 3706 1265 Σύν-

2131 1303 2267 1377 ηθες
2313 1304 2372 1357 δὲ
2420 1304 2516 1359 καὶ
2562 1302 2724 1358 τοῦτο
2766 1304 2834 1375 τῇ
2889 1303 3106 1373 Γραφῇ,
3162 1299 3261 1354 καὶ
3325 1300 3563 1369 μάλιστα
3622 1301 3705 1372 τῷ

2132 1394 2320 1448 Δαϐίδ.

464 1474 643 1540 alteri,
674 1475 789 1532 sive
823 1477 983 1532 etiam
1011 1479 1111 1549 ipsi
1148 1478 1325 1545 Sauli,
1362 1478 1560 1533 veritas
1595 1476 1731 1531 nihil
1779 1476 2026 1532 lucdetur.
2072 1473 2479 1532 Retributionis
2504 1488 2632 1530 vero
2658 1473 2880 1530 nomine
2913 1474 3001 1530 hic
3068 1474 3252 1546 primo
3311 1474 3439 1528 loco
3501 1470 3715 1539 impro-

465 1567 579 1634 prie
611 1583 741 1623 usus
772 1575 876 1633 est,
906 1584 1002 1637 pro
1046 1571 1277 1625 reddidi.
1342 1569 1480 1624 Nam
1530 1570 1623 1640 qui
1682 1570 1887 1623 bonum
1945 1574 2040 1620 aut
2080 1567 2284 1622 malum
2327 1568 2548 1639 aliquod
2578 1570 2785 1637 primus
2808 1565 2993 1633 infert,
3047 1568 3094 1621 is
3159 1567 3290 1621 dare
3346 1565 3567 1629 dicitur,
3594 1564 3720 1618 red-

464 1662 596 1715 dere
624 1674 752 1713 vero
777 1660 823 1715 is
846 1661 942 1731 qui
1007 1660 1150 1717 datis
1230 1678 1415 1732 parem
1479 1664 1655 1719 vicem
1729 1663 1964 1718 tribuit:
2018 1663 2322 1719 retribuere
2353 1673 2560 1729 autem,
2592 1665 2676 1719 vel
2701 1663 2884 1734 potius
2907 1664 2988 1734 (ut
3015 1661 3203 1719 Graeca
3257 1661 3426 1718 dictio
3479 1663 3720 1716 ἀνταποο

463 1753 651 1808 δοῦναι
683 1751 1086 1821 significantius
1138 1754 1415 1823 exprimit)
1468 1766 1659 1810 contra
1732 1756 2039 1811 retribuere
2075 1753 2123 1810 is
2152 1754 2375 1822 dicitur,
2403 1755 2495 1826 qui
2535 1754 2840 1811 secundum
2910 1754 3299 1810 beneficiorum
3333 1762 3428 1808 aut
3493 1754 3723 1822 injuria-

466 1857 586 1898 rum
611 1840 1045 1896 vicissitudinem
1073 1840 1274 1899 reddit.
1297 1843 1472 1913 Hujus
1500 1852 1685 1901 autem
1748 1844 1903 1901 verbi
1973 1858 2108 1901 usus
2151 1843 2416 1916 frequens
2469 1853 2555 1900 est
2623 1844 2768 1916 apud
2829 1842 3195 1914 Scripturam,
3243 1844 3515 1914 praecipue
3574 1844 3722 1914 apud

466 1934 687 1990 beatum
715 1933 907 1988 David.

536 2028 704 2086 Vens.
734 2030 789 2085 6.
827 2028 1187 2102 Persequatur
1237 2033 1480 2088 inimicus
1517 2033 1751 2088 animam
1798 2049 1967 2089 meam
1996 2042 2039 2087 et

2218 2028 2586 2094 Καταδιώξαι
2611 2030 2726 2097 ἄρα
2753 2031 2785 2083 ὀ
2810 2027 3024 2097 ἐχθρὸς
3045 1994 3161 2094 τὴν
3195 2026 3406 2095 ψυχήν
3440 2037 3588 2096 μου,·
3622 2028 3722 2084 καὶ

470 2124 898 2194 comprehendat.
937 2123 1330 2195 Persequatur,
1390 2125 1594 2196 inquit,
1623 2125 1862 2181 Absalon
1922 2124 2043 2181 ani-

469 2233 611 2272 mam
646 2233 853 2273 meam:
885 2218 991 2273 hoc
1022 2228 1107 2273 est
1140 2219 1407 2288 meipsum
1430 2217 1876 2290 (circumlocutio
1896 2215 2041 2273 enim

470 2308 601 2377 est),
643 2315 698 2361 et
721 2308 1179 2377 comprehendat.

541 2396 611 2451 Et
638 2397 904 2452 conculcet
928 2398 979 2450 in
1015 2406 1153 2451 terra
1180 2399 1342 2452 vitam
1374 2414 1573 2453 meam.
1602 2396 1707 2451 Per
1737 2398 1904 2452 vitam
1938 2397 2043 2453 hoc

470 2488 527 2541 in
561 2488 684 2541 loco
716 2488 1045 2559 sanguinem
1089 2489 1367 2557 intelligit,
1395 2490 1488 2559 qui
1532 2490 1654 2544 vita:
1708 2502 1874 2544 causa
1938 2498 2042 2552 est,

470 2576 638 2631 veluti
669 2576 1010 2647 praecipuum
1052 2578 1386 2633 elementum
1415 2579 1557 2632 inter
1587 2587 1781 2633 caetera
1818 2591 1937 2646 quae
1988 2576 2044 2631 in

471 2684 702 2738 corpore
722 2677 874 2734 sunt,
905 2678 961 2724 et
985 2685 1107 2740 quae
1144 2670 1277 2724 illud
1312 2678 1587 2740 coaptaut.

546 2762 614 2817 Et
647 2762 876 2833 gloriam
917 2779 1087 2816 meam
1142 2763 1196 2816 in
1249 2762 1509 2832 pulverem
1564 2762 1805 2816 habitare
1860 2761 2044 2830 faciat.

474 2853 575 2908 Per
605 2853 857 2923 gloriam,
884 2852 1181 2922 gloriosum
1217 2866 1280 2905 ac
1318 2851 1500 2906 uobile
1520 2866 1717 2921 corpus
1751 2866 1912 2905 suum
1961 2850 2046 2903 in-

472 2945 670 3016 telligit
701 2962 714 2999 :
745 2944 891 3014 quod
934 2952 1049 2998 tum
1085 2945 1155 2998 ob
1195 2943 1341 2997 vires
1393 2942 1512 3011 ejus
1577 2943 1865 3009 maximas,
1929 2950 2044 2996 tum

474 3037 543 3091 ob
570 3035 999 3106 magnitudinem
1026 3041 1079 3088 et
1131 3032 1385 3104 gloriam,
1423 3049 1545 3103 quae
1597 3034 1646 3088 ei
1702 3033 1770 3088 ab
1816 3032 2047 3103 imperio

475 3128 771 3182 obvenerat
795 3126 938 3198 apud
975 3141 1166 3181 omnes
1194 3126 1409 3181 celebre
1458 3134 1577 3181 erat
1624 3134 1678 3180 et
1726 3134 1939 3181 notum.
1970 3122 2045 3195 ,ιη

2145 2120 2490 2177 καταλάϐοι.
2532 2118 2900 2183 Καταδιὼξαι.
2949 2118 3137 2188 φησιν,
3171 2119 3199 2171 ὁ
3238 2117 3559 2187 Ἀϐεσαλὼμ
3622 2120 3722 2188 τὴν

2143 2213 2326 2282 ψυχήν
2380 2229 2505 2282 μου,
2568 2210 2874 2275 τουτέστιν,
2932 2207 3058 2280 ἐμὲ,
3104 2208 3579 2278 περιφραστικῶς,
3629 2211 3724 2264 καὶ

2147 2304 2391 2377 συλλήψει
2402 2321 2504 2357 ιτο.

2216 2398 2322 2452 Kal
2357 2396 2775 2462 καταπατήσοι
2804 2398 2889 2459 εις
2922 2394 3040 2464 γῆν
3065 2393 3181 2461 τὴν
3213 2394 3367 2462 ζωήν
3400 2411 3543 2463 μου.
3570 2393 3728 2461 Ζωὴν

2146 2488 2403 2553 ἐνταῦθα,
2436 2489 2495 2540 τὸ
2520 2482 2662 2557 αἷμα
2700 2486 2985 2555 λογιστέον
3018 2502 3035 2518 ο
3068 2486 3163 2538 καὶ
3195 2484 3353 2537 τοῦτο
3407 2484 3518 2553 γὰρ
3574 2484 3726 2552 ζωῆς

2146 2580 2342 2645 αἴτιον,
2373 2578 2449 2643 ὡς
2490 2579 2956 2650 σιδνεκτικώτερον
2979 2576 3089 2632 τῶν
3118 2577 3297 2632 ἄλλων
3350 2576 3521 2647 τριῶν
3576 2592 3724 2629 στοι-

2145 2669 2328 2739 χείων,
2357 2669 2393 2724 ἃ
2419 2670 2480 2723 τὸ
2506 2670 2645 2734 ζῶον
2672 2670 2976 2740 συνέχουσι.

2216 2762 2325 2816 Kal
2359 2761 2474 2830 τὴν
2494 2761 2685 2829 δόξαν
2732 2780 2853 2832 μου
2910 2764 2999 2828 είς
3043 2763 3197 2831 χοῦν
3238 2760 3727 2827 κατασκηνώσαι.

2147 2849 2317 2915 Δόξαν
2351 2851 2529 2919 λέγει,
2569 2851 2629 2904 τὸ
2648 2850 2857 2915 ἔνδοξον
2881 2850 3051 2904 αὑτοῦ
3084 2851 3265 2920 σῶμα,
3298 2850 3399 2904 καὶ
3458 2852 3595 2904 πᾶσι
3620 2866 3726 2902 πε-

2154 2943 2432 3016 ριϐόητον,
2469 2942 2559 2998 διά
2583 2960 2644 2996 τε
2669 2942 2767 3013 τὴν
2787 2943 3001 3015 ῥώμην,
3033 2942 3130 2997 καὶ
3160 2943 3255 2996 τὸν
3319 2944 3428 2996 ἀπὸ
3480 2942 3581 3012 τῆς
3624 2943 3729 3012 ἀρ-

2147 3038 2247 3108 χῆς
2277 3037 2782 3109 προσγεγενημένον
2808 3037 2993 3105 δγκον.
3022 3034 3456 3105 Κατασκηνὼσαι
3492 3034 3576 3096 δὲ,
3596 3034 3720 3087 ἀντὶ

2151 3128 2249 3183 τοῦ
2296 3129 2578 3200 ποιήσειαι
2647 3129 2729 3191 εἰς
2788 3128 2894 3197 γῆν
2956 3128 3195 3193 κεῖσθαι,
3245 3130 3343 3182 καὶ
3390 3125 3727 3181 διαλύεσθαι.

477 3219 758 3287 pulverem
792 3232 923 3272 vero
947 3217 1197 3272 habitare
1228 3217 1369 3273 idem
1403 3225 1486 3274 est
1536 3217 1683 3288 quod
1736 3216 1940 3287 jacere.
1996 3224 2039 3271 el

2154 3221 2312 3274 Ἐστι
2346 3220 2405 3273 δὲ
2430 3220 2525 3273 καὶ
2548 3220 2695 3289 πρὸς
2728 3219 2822 3273 τὸν
2852 3218 3084 3288 ἀόρατον
3116 3219 3313 3288 ὲχθρὺν
3376 3215 3725 3286 μετενεγκεῖν

480 3310 534 3363 in
608 3320 809 3363 terram
864 3308 1111 3364 dissolvi.
1173 3308 1473 3364 Possumus
1525 3311 1687 3364 etiam
1739 3323 2039 3364 sermonem

2150 3310 2242 3364 τὸν
2271 3310 2429 3377 λόγον
2481 3310 2877 3380 κατευχόμενον
2928 3309 3223 3379 διωχθῆναι
3259 3310 3389 3378 παρ’
3416 3306 3603 3371 αὐτοῦ,
3637 3306 3732 3360 καὶ

480 3402 628 3455 hunc
656 3400 722 3454 ad
758 3400 1095 3471 invisibilem
1131 3400 1413 3454 inimicum
1472 3400 1791 3466 transferre,
1858 3400 1932 3454 ita
1990 3407 2039 3453 ul

2153 3372 2588 3469 καταληφθῆναι,
2621 3372 2823 3469 μηκέτι
2873 3372 3173 3467 δυνάμενον
3237 3372 3572 3465 ἀποιρεύγειν
3628 3394 3732 3455 τὰς

480 3495 811 3561 imprecetur
870 3493 1309 3560 persecutionem
1360 3506 1419 3545 se
1463 3491 1529 3544 ab
1559 3506 1625 3545 eo
1655 3490 1948 3556 sustinere,
1990 3496 2039 3544 et

2156 3490 2431 3554 ἐπιθέσεις
2462 3488 2648 3552 αὑτοῦ,
2679 3488 2776 3543 καὶ
2806 3490 2885 3552 είς
2916 3490 3040 3560 γῆν,
3062 3489 3339 3542 τουτέστιν
3355 3490 3436 3551 είς
3462 3490 3530 3540 τὰ
3555 3486 3735 3556 γεηρὰ

480 3582 890 3650 comprehendi,
943 3598 1045 3637 nec
1077 3598 1241 3652 posse
1295 3581 1442 3635 illius
1512 3581 1743 3636 insidias
1796 3580 2039 3646 evadere,

2160 3583 2460 3652 πράγματα
2487 3580 2583 3651 τὴν
2606 3582 2750 3652 ζωὴν
2777 3581 2941 3634 αὐτοῦ
2962 3580 3372 3650 καταλυφθῆναι
3400 3594 3416 3610 ⁸
3445 3579 3600 3633 τοῦτο
3621 3576 3734 3647 γὰρ

480 3675 726 3740 quiuimo
780 3674 835 3729 in
893 3682 1117 3739 terram,
1182 3674 1286 3727 hoc
1326 3684 1411 3728 est
1464 3674 1515 3727 in
1566 3682 1784 3728 terrena
1840 3675 2039 3743 negoti:

2162 3676 2258 3729 καὶ
2293 3675 2325 3745 ἡ
2357 3673 2743 3742 καταπάτησις
2785 3672 3059 3742 βούλεται,
3081 3672 3323 3741 κειμένῳ
3344 3669 3529 3723 λοιπὸν
3562 3670 3737 3737 ἐπεμ-

481 3768 650 3821 vitam
703 3781 859 3821 suam
917 3767 1189 3837 immergi.
1232 3765 1347 3821 Hoc
1396 3766 1541 3819 cnim
1604 3765 1918 3835 significant
1966 3766 2039 3819 ill:

2165 3766 2464 3831 ϐαίνοντος,
2496 3766 2591 3818 καὶ
2618 3765 2862 3836 αἰσχρῶς
2895 3764 3257 3835 ἐναλλομένου
3285 3779 3299 3793 ’
3332 3763 3428 3815 καὶ
3470 3760 3546 3830 μὴ
3574 3760 3735 3828 μόνον

484 3861 646 3915 verba
684 3878 697 3914 :
740 3857 810 3913 Et
842 3859 1113 3914 conculces
1144 3859 1197 3911 in
1221 3866 1415 3913 terram
1452 3858 1613 3912 vitam
1657 3873 1849 3923 meam,
1912 3856 2039 3911 adec

2152 3859 2213 3911 τὸ
2251 3857 2413 3927 σῶμα
2446 3856 2613 3911 τοῦτο
2638 3857 2855 3923 παθεῖν,
2914 3856 3052 3910 ἀλλὰ
3112 3856 3204 3909 καὶ
3257 3854 3357 3925 τὴν
3383 3852 3561 3916 δόξαν,
3609 3850 3736 3921 ἢτοι

486 3960 544 4005 ιιι
568 3952 777 4022 jacenti
814 3951 891 4007 illi
925 3952 1424 4021 insurgatdremon,
1459 3965 1524 4005 ac
1552 3950 1783 4018 turpiter
1806 3948 2039 4004 insultet

2156 3948 2247 4001 τὸν
2279 3946 2427 4014 νοῦν,
2461 3947 2593 4011 δόξα
2618 3949 2728 4018 γὰρ
2756 3932 2910 4009 οὗτος
2937 3948 3032 4000 καὶ
3071 3945 3206 4015 τιμὴ
3239 3944 3341 4013 τῆς
3395 3942 3598 4012 ψυχῆς.
3653 3942 3736 4001 εις

483 4040 671 4112 Neque
701 4042 803 4097 hoc
835 4050 1073 4108 tantum,
1111 4042 1310 4111 inquit,
1346 4054 1547 4109 corpus
1599 4038 1909 4097 conculcet.
1959 4052 2039 4091 set

2161 4039 2267 4108 γῆν
2292 4039 2709 4109 κατενεχθῆναι,
2763 4041 2859 4092 καὶ
2918 4035 3346 4107 προσηλωθῆναι
3396 4034 3493 4087 καὶ
3547 4030 3740 4085 τοῦτον

485 4140 541 4187 ct
564 4133 795 4203 gloriam
823 4173 837 4199 ,
872 4132 976 4189 hoc
1009 4141 1095 4189 est
1120 4132 1299 4202 ipsum
1339 4132 1502 4185 etiam
1564 4128 1925 4189 intellectum,
1966 4143 2036 4195 qu

2165 4130 2275 4190 τοῖς
2314 4129 2544 4196 γηῖνοις,
2582 4128 2783 4197 μηκέτι
2822 4126 2902 4196 τῷ
2933 4124 3119 4195 πτερῷ
3161 4124 3259 4195 τῆς
3299 4122 3532 4195 θεωρίας
3563 4120 3738 4191 ἀρθῆ-

486 4225 683 4280 animae
703 4225 879 4280 honor
912 4234 994 4281 est
1025 4232 1080 4281 et
1108 4224 1305 4294 gloria,
1348 4222 1403 4275 in
1437 4227 1641 4274 terram
1707 4218 1909 4273 deferri
1958 4218 2039 4272 imi

2166 4235 2255 4272 ναι
2288 4217 2425 4283 ποὺς
2451 4218 2585 4271 Θεὸν
2613 4218 2935 4289 δυνάμενον.

490 4330 769 4390 precatur,
792 4330 848 4378 et
879 4321 1117 4377 terrenis
1189 4317 1358 4374 rebus
1414 4314 1699 4386 applicari,
1755 4315 1831 4370 ita
1908 4323 1968 4369 ut
2008 4314 2493 4386 contemplationis
2560 4315 2663 4375 alis
2726 4318 2794 4371 ad
2848 4315 3016 4374 Deum
3072 4314 3306 4387 amplius
3362 4312 3546 4371 extolli
3629 4327 3743 4368 non

491 4416 691 4484 possit.

568 4511 727 4565 Vens.
764 4510 813 4563 7.
843 4508 1099 4580 Exsurge,
1129 4509 1366 4573 Domine,
1401 4510 1453 4562 in
1489 4509 1571 4563 ira
1611 4516 1723 4559 tua.
1764 4506 2039 4574 Exsurger

2255 4508 2585 4573 Ἀνάστηθι,
2606 4505 2802 4571 Κύριε,
2822 4503 2892 4557 ὲν
2910 4500 3341 4573 ὀργῇσουοἝνι
3364 4500 3473 4569 γὰρ
3500 4499 3742 4569 ἀναστῆ·

492 4612 673 4673 potest
730 4602 899 4667 Deus,
957 4613 1009 4656 et
1054 4617 1161 4656 non
1202 4600 1255 4654 in
1304 4600 1384 4655 ira
1409 4600 1563 4668 juxta
1595 4597 1727 4652 illud
1762 4614 1775 4648 :
1816 4596 2036 4667 Exsurg

2172 4619 2279 4666 ναι,
2310 4600 2403 4653 καὶ
2425 4599 2525 4652 οὐκ
2547 4600 2606 4651 ὲν
2653 4598 2813 4668 ὀργῇ,
2846 4596 2922 4659 ὡς
2961 4597 3090 4649 ὃταν
3124 4592 3277 4663 λέγῃ·
3322 4592 3595 4656 Ἀνάστα,
3624 4593 3742 4645 Κύ-

496 4693 739 4760 Domine,
771 4693 977 4746 salvum
1012 4709 1091 4746 me
1117 4692 1247 4762 fac;
1282 4701 1337 4745 at
1384 4705 1529 4745 nunc
1566 4690 1633 4744 ad
1670 4689 1937 4760 supplicia
1982 4696 2036 4743 at

2160 4708 2271 4760 ριε,
2303 4690 2512 4747 σῶσόν
2542 4706 2642 4758 με,
2676 4688 2869 4752 ὸΘεός
2894 4703 3037 4754 μου.
3073 4684 3189 4738 Νῦν
3212 4686 3271 4738 δὲ
3304 4684 3441 4753 πρὸς
3470 4686 3748 4753 τιμωρίαν

496 4800 603 4854 que
643 4786 709 4839 ad
742 4799 933 4856 poenas
964 4800 1087 4839 eum
1121 4785 1373 4839 advocat.
1403 4782 1708 4853 Intelligere
1750 4793 1930 4835 autem
1963 4781 2039 4836 de

2170 4785 2330 4837 αὑτὸν
2354 4782 2691 4850 ἐγκαλεῖται.
2725 4780 2990 4848 Καθάπερ
3015 4778 3071 4830 δὲ
3093 4778 3154 4831 τὸ
3186 4776 3461 4847 καθῆσθαι
3489 4778 3581 4830 επὶ
3600 4775 3745 4829 Θεοῦ

496 4878 691 4932 bemus
720 4877 891 4931 Deum
924 4892 1146 4947 surgere
1196 4890 1303 4929 non
1336 4875 1715 4944 corporaliter,
1763 4872 1926 4928 sicuti
1968 4887 2039 4927 net

2168 4876 2229 4927 οὒ
2257 4873 2583 4942 σωματικῶς
2616 4870 3052 4941 ὲκλαμδάνομεν,
3082 4870 3257 4933 οὕτως
3281 4868 3404 4922 οὐδὲ
3436 4868 3496 4920 τὸ
3521 4866 3751 4921 ἀνίστα-

497 4969 839 5039 corporalem
907 4968 1093 5023 sedem
1158 4967 1550 5037 intelligimus,
1602 4966 1819 5035 quando
1879 4964 2035 5018 seder

2169 4965 2313 5017 σθαι⁹
2343 4964 2483 5018 ἀλλὰ
2509 4964 2571 5017 τὸ
2598 4963 2698 5033 μὲν
2732 4962 3028 5032 καθῆσθαι,
3056 4962 3205 5033 δηλοῖ
3226 4962 3288 5014 τὸ
3323 4958 3625 5029 βασιλικὸν,
3649 4958 3752 5010 καὶ

500 5059 652 5112 illum
687 5059 921 5129 legimus
958 5075 971 5111 :
1010 5058 1104 5113 sed
1159 5058 1360 5129 regiam
1391 5057 1511 5127 ejus
1543 5056 1861 5127 dignitatem
1895 5054 2038 5109 stubi

2168 5054 2499 5122 δικαστικὸν,
2527 5056 2620 5110 καὶ
2646 5056 2882 5125 ἑδραῖον·
2924 5054 3063 5108 τὸδὲ
3088 5052 3431 5117 ἀνίστασθαι,
3471 5050 3532 5102 τὸ
3569 5065 3752 5117 τιμω-

499 5149 822 5220 litatemque
851 5156 904 5204 et
928 5148 1208 5218 judicandi
1241 5149 1625 5203 auctoritatem
1652 5145 1889 5215 judicari
1922 5145 2039 5198 arbi

2174 5146 2395 5217 ρητικδν
2419 5148 2512 5199 καὶ
2531 5146 2941 5216 ἀντιληπτικόν.
2978 5145 3177 5216 Ὁργὴν
3199 5145 3257 5197 δὲ
3279 5144 3373 5197 ἐπὶ
3392 5140 3524 5195 Θεοῦ
3555 5138 3746 5203 πάλιν,

501 5249 735 5295 tramur.
790 5240 902 5294 Hoc
956 5248 1115 5309 pacto
1162 5240 1326 5295 etiam
1370 5254 1493 5293 cum
1540 5251 1837 5307 exsurgere
1900 5236 2039 5289 Deuu

2168 5236 2231 5288 οὐ
2292 5236 2463 5300 πάθος
2527 5236 2759 5308 οἰητέον,
2801 5237 2937 5291 ἀλλὰ
2982 5235 3255 5306 τιμωρίαν
3290 5233 3399 5287 τῶν
3440 5231 3608 5297 ἀξίων
3642 5229 3748 5284 αὑ-

503 5328 761 5393 dicimus,
787 5330 1045 5401 puniendi
1072 5338 1165 5383 aut
1187 5327 1515 5384 defendendi
1552 5327 1697 5381 illius
1730 5326 2070 5396 propositum
2182 5327 2308 5397 τῆς.

505 5421 851 5476 deuotamus.
885 5424 1023 5476 Iram
1053 5422 1107 5476 in
1136 5420 1247 5475 Deo
1275 5418 1391 5488 pari
1422 5415 1582 5471 modo
1613 5432 1721 5472 non
1756 5416 2069 5486 passionem
2110 5432 2234 5474 esse
2260 5418 2636 5489 intelligimus,
2687 5418 2782 5474 sed
2813 5416 3225 5488 castigationem
3288 5424 3343 5472 et
3406 5413 3747 5483 punitionem

506 5513 725 5570 illorum
758 5518 850 5585 qui
879 5516 1061 5572 divina
1094 5517 1172 5570 ira
1195 5513 1343 5582 digni
1373 5518 1525 5567 sunt.

576 5607 832 5663 Exaltare
899 5608 953 5661 in
1006 5605 1198 5674 ﬁnibus
1248 5603 1581 5659 inimicorum
1639 5611 1867 5660 tuorum,
1932 5602 2039 5658 Cum

2257 5600 2553 5673 ’Υψώθητι
2605 5601 2675 5654 ἐν
2728 5599 2852 5666 τοῖς
2896 5598 3113 5668 πέρασι
3168 5596 3284 5651 τῶν
3330 5592 3560 5664 ἐχθρῶν
3608 5608 3747 5647 σου.
