4082 6212
335 304 442 369 191

338 418 582 490 ’Υψηλδς
636 416 734 482 ὥν,
791 419 996 490 φάνηθι
1047 421 1209 475 τοῦτο
1260 421 1355 475 καὶ
1411 425 1528 486 τοῖς
1579 421 1912 492 ἀνθρώποις.

2022 425 2167 480 altus
2226 429 2304 484 sis
2364 437 2420 484 et
2478 429 2752 495 sublimis,
2806 429 2881 486 ita
2931 432 3096 488 etiam
3154 447 3377 503 appare,
3440 439 3606 504 atque
3696 435 3722 448 '

325 511 600 579 Φανήσεις
623 508 679 562 δὲ
703 507 864 563 τοῦτο
891 512 950 563 ὲν
979 513 1091 575 τοῖς
1113 511 1349 575 τέλεσιν,
1383 513 1504 583 ἦτοι
1527 515 1585 567 ὲν
1610 517 1730 576 ταῖς
1761 514 1918 566 ἀναι-

333 602 519 654 οέσισι
554 600 664 654 τῶν
684 601 894 671 ἐχθρῶν
917 617 1031 654 σου⁶
1055 603 1210 666 τέλος
1231 602 1339 674 γὰρ
1363 603 1464 672 τῆς
1484 604 1718 658 ἑκάστου
1744 604 1914 672 ζωῆς,

329 697 359 746 ὁ
394 693 650 756 θάνατος·
679 693 730 746 οἱ
751 693 808 745 δὲ
833 693 960 761 ἐμοὶ
991 695 1202 765 ἐχθροὶ,
1242 696 1339 750 καὶ
1371 695 1456 750 σοι
1501 696 1662 761 εἰσιν,
1693 689 1783 750 οἶα
1815 695 1918 758 τὰς

332 785 436 849 σὰς
459 784 689 848 ἐντολὰς
715 784 1194 856 παραϐεϐηκότες.

411 956 809 1027 Ἐξεγέρθητι,
861 959 1040 1028 Κύριε
1095 963 1129 1016 ό
1161 962 1306 1028 Θεός
1357 980 1495 1032 μου,
1532 963 1602 1018 ἐν
1656 962 1920 1031 προστά-

326 1067 502 1120 τματι
547 1045 597 1118 ᾧ
633 1051 928 1107 ἑνετειλω.
985 1053 1078 1123 Μὴ
1138 1056 1577 1127 μακροθυμήσῃς
1629 1055 1747 1111 ἔτι·
1797 1056 1914 1110 ἀλλ’

329 1144 542 1213 ἄμυνον
564 1143 657 1198 διὰ
685 1144 746 1198 τὸ
777 1147 1111 1216 πρόσταγμα
1143 1147 1172 1201 ὃ
1197 1147 1470 1213 ὲνετείλω,
1580 1149 1802 1219 ἐχρήσω
1829 1149 1918 1203 διὰ

327 1236 596 1302 Μωσέως,
626 1237 688 1291 τὸ
717 1237 866 1307 Τίμα
897 1239 1006 1293 τὸν
1025 1239 1249 1309 πατέρα
1264 1255 1404 1307 σου,
1438 1242 1534 1296 καὶ
1556 1242 1672 1308 τὴν
1687 1241 1918 1310 μητέρα

327 1342 468 1382 σου.
503 1328 619 1382 Νῦν
643 1329 699 1383 δὲ
721 1331 748 1382 ὁ
771 1330 906 1400 ὲμδς
937 1332 1092 1394 παῖς,
1115 1332 1376 1403 ὲλύττησε
1401 1335 1539 1386 κατὰ
1563 1333 1656 1386 τοῦ
1685 1335 1914 1404 πατρός.

331 1420 488 1475 Ἐστι
517 1420 574 1474 δὲ
603 1422 698 1475 καὶ
721 1422 898 1486 ἄλλως
925 1423 1178 1478 ²εκλαϐεῖν
1207 1423 1298 1476 τὸν
1322 1424 1497 1492 λόγον,
1527 1425 1611 1479 ὃτι
1644 1426 1776 1493 περί
1811 1425 1907 1478 τοῦ

332 1513 646 1584 μυστηρίου
701 1514 803 1584 τῆς
856 1515 1210 1578 ἀναστάσεως
1259 1517 1288 1570 ό
1337 1517 1625 1587 προφήτης
1674 1515 1914 1587 εὔχεται·

328 1609 524 1677 εἴρηκε
563 1607 671 1676 γὰρ
714 1607 773 1659 ἐν
799 1607 913 1670 τοῖς
944 1607 1302 1675 Εύαγγελίοις
1345 1611 1374 1663 ὁ
1421 1609 1628 1680 Κύριος
1658 1611 1788 1682 περὶ
1821 1609 1916 1664 τοῦ

330 1698 464 1752 ἰδίου
496 1700 750 1767 σώματος
783 1698 920 1770 πρὸς
958 1698 1283 1764 ’ῐουδαίουςο
1332 1701 1572 1756 Λύσατε
1616 1701 1722 1756 τὸν
1764 1702 1917 1756 ναὸν

1505 308 1894 371 COMMENT.
1928 309 2014 372 IN
2046 311 2415 376 PSALMOS.

3505 319 3606 383 122

2020 523 2250 578 ostende
2287 533 2342 579 te
2370 525 2688 582 hominibus
2719 544 2736 583 :
2766 528 3080 597 bujusmodi
3104 539 3283 584 autem
3311 533 3605 600 apparebis

2022 612 2076 666 in
2101 612 2322 679 ﬁnibus,
2349 614 2452 670 hoc
2497 624 2580 670 est
2624 616 2676 670 in
2733 625 2908 672 morte
2966 619 3314 672 inimicorum
3361 628 3600 674 tuorum.

2020 699 2172 756 Mors
2223 702 2425 771 quippe
2455 704 2893 775 uniuscuiusque
2927 707 3152 762 ﬁnisest
3200 725 3215 761 :
3277 723 3428 763 meos
3474 725 3603 763 vero

2024 791 2300 858 inimicos,
2358 794 2457 848 tibi
2508 796 2674 850 etiam
2725 797 2977 854 inimicos
3022 815 3144 854 esse
3195 814 3302 854 nou
3359 801 3600 870 ambigo,

2019 897 2142 938 cum
2175 884 2432 939 mandata
2458 897 2546 941 tua
2577 890 3073 956 transgrediantur.

2092 974 2353 1047 Exsurge,
2397 979 2618 1034 Domine
2672 981 2806 1035 Deus
2845 999 3012 1050 meus,
3054 985 3106 1038 in
3153 995 3409 1055 praecepto
3466 986 3602 1054 quod

2023 1069 2313 1124 mandasti.
2344 1069 2462 1125 Noli
2501 1073 2739 1142 amplius
2779 1090 2902 1129 esse
2951 1075 3300 1148 longanimis,
3336 1078 3428 1132 sed
3459 1079 3600 1132 uici-

2021 1173 2176 1214 scere
2223 1169 2448 1230 propter
2494 1173 2827 1231 praeceptum
2895 1167 3039 1232 quod
3111 1165 3400 1229 mandasti,
3457 1166 3602 1235 quod

2019 1250 2275 1305 videlicet
2325 1250 2602 1306 tradidisti
2652 1267 2749 1321 per
2779 1252 3026 1323 Moysem
3075 1254 3295 1321 jubens,
3347 1265 3604 1324 parentes

2019 1342 2380 1398 honorandos
2407 1357 2527 1398 esse
2556 1357 2585 1397 a
2625 1343 2776 1398 ﬁliis.
2812 1343 3014 1398 Verum
3041 1345 3097 1399 in
3126 1347 3416 1415 praesentia
3458 1347 3601 1402 ﬁlius

2019 1450 2176 1490 mens
2215 1434 2401 1490 f'urore
2426 1435 2479 1491 in
2513 1443 2720 1506 patrem
2759 1445 3047 1505 correptus
3079 1445 3184 1491 est.
3218 1437 3522 1493 Possumus
3549 1448 3604 1492 et

2021 1527 2180 1582 aliter
2203 1528 2533 1595 intelligere,
2565 1527 2711 1596 quod
2744 1527 3237 1596 Prophetaprcces
3273 1527 3467 1582 fundat
3501 1542 3600 1597 pro

2021 1619 2449 1675 resurrectionis
2488 1619 2772 1690 mysterio.
2825 1619 2970 1672 Dixit
3011 1619 3156 1674 enim
3216 1619 3480 1673 Dominus
3533 1618 3601 1672 ad

2020 1706 2264 1769 Iudaeos,
2319 1715 2380 1761 ut
2436 1708 2577 1777 apud
2646 1709 3014 1777 evangelistas
3078 1708 3350 1777 legimus:
3402 1707 3602 1760 Solvite

327 1787 437 1842 τοῦ
469 1787 644 1854 Θεοῦ,
673 1789 769 1843 καὶ
803 1790 874 1842 ἐν
903 1790 1103 1858 τρισὶν
1127 1791 1375 1860 ἡμέραις
1405 1791 1780 1862 οἰκοδομήσω
1809 1795 1910 1848 αὺ-

2023 1799 2276 1866 tempfum
2313 1798 2429 1862 Dei,
2463 1809 2513 1854 et
2549 1800 2604 1852 in
2641 1799 2808 1853 tribus
2836 1800 3022 1854 diebus
3053 1801 3327 1868 aediﬁcabo
3357 1797 3494 1852 illud
3532 1799 3598 1853 ⁷⁸.

327 1880 459 1932 τόν.
503 1878 859 1950 Ἐξεγέρθητι
887 1879 980 1933 οὖν
1011 1879 1100 1933 διὰ
1122 1880 1183 1934 τὸ
1215 1880 1566 1952 πρόσταγμα,
1591 1882 1619 1936 ὃ
1641 1882 1910 1937 ὲνετείλωο

327 1966 494 2032 εἶπας
528 1972 658 2041 γάρ’
689 1971 949 2034 Λύσατε.
983 1972 1080 2026 καὶ
1107 1971 1355 2030 λύσουσι.

398 2063 510 2116 Καὶ
542 2063 864 2132 συναγωγὴ
897 2062 1064 2118 λαῶν
1092 2068 1395 2123 κυκλώσει
1424 2084 1520 2124 σε.
1557 2071 1620 2124 Εἰ
1647 2071 1756 2143 γὰρ
1789 2075 1911 2126 ἐπι-

329 2156 623 2225 κουρήσεις
657 2173 766 2224 μοι,
799 2155 1024 2225 ὄψονται
1070 2158 1278 2223 πολλοὶ,
1327 2161 1424 2214 καὶ
1486 2163 1912 2234 φοϐηθήσονται,

330 2247 425 2300 καὶ
453 2244 852 2315 ἐπιστρέφουσι
897 2247 1035 2317 πρὸς
1071 2247 1302 2319 Κύριον.
1351 2252 1426 2306 Τὸ
1461 2253 1518 2305 δέ
1551 2272 1618 2322 γε
1669 2257 1912 2311 Κυκλώ-

328 2353 574 2403 σουσιν,
610 2337 732 2390 ἀντὶ
771 2337 888 2402 τοῦ,
921 2339 1108 2409 κύκλῳ
1138 2343 1462 2410 γενήσονται
1499 2347 1609 2400 τῶν
1637 2347 1745 2400 σῶν
1771 2350 1913 2402 ἐντο-

327 2428 459 2491 λῶν,
493 2429 569 2500 μὴ
588 2429 948 2500 ἀφιστάμενοι
969 2430 1195 2486 τούτων’
1221 2433 1249 2486 ὁ
1273 2434 1380 2505 γὰρ
1402 2435 1555 2502 Θεὸς,
1584 2439 1910 2508 ἀπέραντος.

334 2520 442 2574 Καὶ
470 2521 562 2572 ἐπὶ
583 2521 683 2591 τῆς
712 2523 1066 2588 ἀναστάσεως
1089 2525 1230 2579 δὲτὸ
1260 2529 1423 2597 ῥητὴν
1453 2527 1727 2599 δυνάμεθα
1753 2531 1914 2585 ἐκλα-

331 2613 481 2666 ϐεἶνο
513 2613 638 2666 τότε
687 2614 796 2685 γὰρ
848 2616 882 2687 ή
939 2614 1051 2669 τῶν
1101 2616 1270 2670 ἐθνῶν
1322 2619 1639 2688 συναγωγή,
1698 2622 1790 2675 ἐπὶ
1822 2622 1913 2677 τὸν

327 2707 570 2777 Χριστὸν
602 2707 879 2776 ἐγένοντο,
921 2709 1175 2780 καθάπερ
1205 2711 1262 2764 ὲν
1297 2710 1503 2781 κύκλῳ,
1553 2713 1663 2765 ἀπὸ
1694 2715 1913 2768 πάντων

325 2801 438 2853 τῶν
469 2800 726 2870 περάτων
762 2801 862 2871 τῆς
910 2803 1033 2872 γῆς.
1065 2802 1138 2856 Ἣ
1161 2801 1220 2855 τὸ
1271 2803 1576 2858 κυκλώσει
1611 2820 1686 2858 σε
1707 2845 1722 2868 ,
1755 2806 1908 2870 ἀντὶ,

332 2892 565 2963 ’ᾼσεται
597 2892 693 2946 καὶ
722 2892 956 2964 ὑμνήσει
983 2911 1065 2949 σε.
1105 2894 1326 2966 Ἐπειδὴ
1366 2895 1476 2968 γὰρ
1520 2898 1578 2949 ὲν
1611 2896 1760 2968 χορῷ
1787 2897 1913 2961 τοὺς

329 2983 536 3050 ὕμνους
567 2985 854 3056 ἀνέφερον,
888 2987 998 3040 ἀπὸ
1030 2986 1126 3040 τοῦ
1172 2988 1454 3060 σχήματος
1503 2987 1596 3042 τοῦ
1653 2989 1912 3060 πράγμα-

333 3094 448 3144 τος,
480 3077 617 3132 αὐτὸ
641 3078 704 3131 τὸ
733 3080 968 3150 πρᾶγμα
997 3079 1240 3152 ᾐνίξατο.

399 3367 507 3423 Καὶ
539 3367 694 3437 ὑπὲρ
724 3369 948 3438 ταύτης
977 3372 1068 3438 εἷς
1098 3372 1255 3442 ὕψος
1299 3374 1711 3446 ἀπόστρεψον.
1753 3380 1914 3434 Ἕνε-

326 3479 427 3514 κεν
453 3462 664 3534 ταύτης
685 3463 783 3531 τῆς
805 3465 1151 3534 συναγωγῆς,
1183 3467 1375 3521 ἄνελθε
1413 3469 1550 3539 πρὸς
1571 3471 1663 3524 τὸν
1694 3472 1913 3544 Πατέρα

332 3554 586 3625 μεσίτηςο
622 3553 952 3625 ὲπίστρεῷον
976 3557 1057 3620 εἰς
1078 3557 1138 3610 τδ
1172 3557 1304 3628 ὕψος
1328 3561 1428 3630 τῆς
1451 3561 1631 3632 δόξης,
1669 3557 1737 3634 ἦς
1768 3561 1915 3635 εἶχες

327 3647 437 3716 πρὸ
464 3645 562 3699 τοῦ
617 3645 822 3717 κόσμον
858 3647 1132 3716 γενέσθαι,
1189 3651 1251 3704 τὸ
1301 3651 1586 3725 ἁφραστον
1616 3657 1914 3729 πληρώσας

327 3738 432 3810 ἢδη
471 3739 797 3810 μυστήριον.

400 3851 620 3919 Κύριος
658 3850 853 3919 κρινεῖ
873 3853 1084 3920 λαούς.
1115 3853 1192 3908 Οὐ
1220 3855 1532 3928 παρόψεται
1553 3858 1664 3928 γὰρ
1691 3860 1759 3914 τὰ
1792 3861 1916 3914 κατ’

331 3941 465 4010 ῑμοῦ
495 3943 955 4014 μεμηχανημένα.
991 3947 1063 3999 Ἦ
1097 3948 1192 4000 καὶ
1219 3951 1418 4018 κρινεῖ,
1451 3951 1578 4013 τοὺς
1615 3951 1716 4020 μὲν
1743 3968 1913 4021 πονη-

333 4031 462 4100 ροὺς
489 4033 860 4105 κατακρίνων,
904 4036 1031 4100 τοὺς
1053 4036 1110 4091 δὲ
1137 4037 1378 4106 ἀγαθοὺς
1405 4039 1569 4094 ἱστῶν
1600 4043 1665 4095 ἐκ
1693 4042 1909 4108 δεξιῶν.

397 4232 618 4300 Κοῖνόν
635 4250 731 4302 με,
761 4235 959 4301 Κύριε,
991 4235 1140 4291 κατὰ
1167 4236 1285 4305 τὴν
1317 4237 1721 4307 δικαιοσύνην
1754 4257 1905 4309 μου,

331 4327 432 4380 καί
461 4327 614 4382 κατὰ
643 4327 761 4392 τὴν
789 4328 1007 4382 κακίαν
1043 4347 1164 4398 μου
1205 4329 1300 4383 ἐπ’
1330 4331 1484 4396 ἐμοί.
1533 4331 1752 4402 Ἐπειδὴ
1787 4332 1912 4404 κρί-

2020 1887 2269 1957 Exsurge
2329 1889 2517 1958 igitur,
2567 1891 2770 1958 inquit,
2807 1891 2966 1960 juxta
3027 1890 3161 1945 illud
3215 1890 3530 1945 mandatum
3581 1909 3595 1943 :

2017 1980 2205 2036 dixisti
2229 1980 2374 2034 enim
2400 1982 2618 2045 Solvite,
2645 1991 2698 2036 et
2723 1983 2954 2037 solvent.

2089 2073 2256 2130 Vens.
2277 2075 2329 2129 8.
2351 2073 2418 2127 Et
2440 2076 2775 2145 congregatio
2806 2075 3121 2144 populorum
3151 2075 3494 2128 circumdabit
3528 2082 3596 2127 te.

2019 2168 2072 2223 Si
2099 2170 2242 2224 enim
2271 2169 2400 2223 mihi
2422 2169 2639 2237 adjutor
2669 2167 2858 2232 fueris,
2898 2167 3160 2222 videbunt
3180 2167 3333 2221 multi
3360 2176 3412 2220 et
3442 2167 3600 2220 time—

2019 2259 2153 2313 bunt
2173 2269 2226 2312 et
2247 2269 2632 2314 convertentur
2647 2258 2713 2313 ad
2738 2257 3046 2314 Dominum.
3068 2257 3222 2324 Quod
3244 2273 3372 2314 vero
3393 2258 3467 2310 ait
3484 2258 3604 2312 Cir-

2019 2350 2292 2407 cumdabit
2335 2359 2402 2414 te,
2429 2351 2570 2404 idem
2603 2358 2686 2405 est
2711 2350 2879 2418 quod,
2903 2350 3060 2404 Circa
3082 2349 3335 2405 mandata
3366 2361 3456 2404 tua
3476 2364 3601 2405 ver-

2018 2443 2305 2502 sahuntur,
2324 2450 2377 2498 et
2391 2457 2670 2514 nunquam
2690 2443 2758 2496 ab
2780 2443 2860 2496 cis
2883 2441 3176 2506 recedent;
3201 2457 3322 2495 nam
3351 2443 3594 2510 alioquin

2017 2535 2163 2588 Dens
2200 2534 2500 2589 immensus
2540 2541 2649 2598 est,
2691 2540 2746 2588 et
2777 2533 3173 2603 comprehendi
3231 2547 3338 2590 non
3389 2542 3595 2602 potest.

2015 2623 2318 2680 Possumus
2353 2624 2520 2679 etiam
2567 2625 2671 2679 hoc
2715 2624 3020 2694 intelligere
3058 2623 3126 2679 de
3169 2623 3596 2678 resurrectionis

2017 2727 2297 2787 tempore;
2339 2718 2688 2788 congregatio
2719 2718 2864 2771 enim
2911 2717 3177 2787 gentium,
3213 2716 3366 2785 quasi
3395 2731 3597 2770 corona

2017 2804 2250 2873 quadam
2278 2803 2558 2860 Christum
2606 2805 2800 2869 cinxit,
2851 2820 2976 2860 cum
3031 2805 3099 2860 ab
3152 2806 3408 2860 omnibus
3441 2813 3599 2860 terra

2017 2897 2218 2952 ﬁnibus
2260 2906 2454 2966 gentes
2494 2896 2560 2951 ad
2597 2911 2720 2950 eum
2757 2896 3103 2951 accederent.
3154 2895 3245 2950 Vel
3291 2896 3597 2949 circumda-

2017 2988 2093 3042 bit
2131 2997 2202 3052 te,
2236 2987 2339 3044 hoc
2360 2996 2466 3055 est,
2502 2987 2673 3043 Canet
2704 2997 2757 3044 et
2780 2987 3129 3053 laudabitte;
3158 2987 3212 3041 in
3242 2987 3414 3042 choro
3452 2989 3598 3042 enim

2017 3093 2082 3132 ac
2112 3087 2280 3141 cmtu,
2332 3077 2570 3148 hymnos
2605 3094 2667 3134 ac
2692 3077 2880 3134 laudes
2928 3077 3038 3132 Deo
3075 3093 3275 3134 canere
3334 3080 3596 3135 solemus.

2015 3169 2060 3223 A
2096 3169 2268 3223 forma
2307 3168 2475 3237 igitur
2507 3185 2601 3224 seu
2629 3169 2802 3240 ﬁgura
2841 3180 3018 3224 castus
3060 3169 3368 3234 hominum,
3423 3167 3594 3224 Deum

2015 3260 2378 3326 laudantium,
2405 3259 2776 3314 laudationem
2799 3260 2970 3330 ipsam
3001 3259 3356 3330 significavit.

2087 3374 2158 3427 Et
2186 3381 2400 3444 propter
2428 3375 2564 3428 hanc
2595 3374 2649 3428 in
2673 3374 2841 3428 altum
2862 3374 3150 3445 regredere.
3169 3375 3398 3443 Propter
3424 3373 3588 3437 hanc,

2015 3463 2263 3532 inquam,
2310 3463 2787 3533 congregationem
2837 3464 3104 3532 gentium,
3164 3463 3398 3518 ascende
3447 3470 3527 3526 tn‘,
3561 3477 3596 3516 ο

2014 3556 2302 3622 Mcdiator,
2342 3555 2407 3610 ad
2441 3555 2679 3618 Patrem,
2725 3564 2778 3610 et
2815 3555 3102 3625 regredere
3142 3555 3197 3609 in
3247 3555 3591 3611 altitudinem
3703 3554 3721 3574 '

2015 3648 2204 3716 gloriae
2235 3655 2361 3711 tuae,
2407 3662 2570 3716 quam
2605 3647 2842 3703 habenas
2876 3649 3200 3718 priusquam
3227 3647 3462 3704 mundus
3510 3662 3571 3702 es

2015 3747 2122 3804 set,
2156 3747 2211 3794 et
2237 3737 2510 3792 ineffabile
2538 3738 2855 3810 mysterium
2881 3739 3099 3809 perfice.

2087 3850 2250 3906 Vens.
2298 3851 2353 3904 9.
2399 3851 2658 3905 Dominus
2683 3851 2957 3920 judicabit
2995 3852 3239 3906 uooulos.
3274 3851 3390 3906 Non
3423 3851 3597 3920 negli-

2017 3949 2106 4011 get
2131 3941 2398 3995 Dominus
2425 3955 2488 3995 ea
2523 3956 2644 4010 quae
2672 3941 2936 3996 adversus
2983 3956 3070 3997 me
3109 3943 3283 3997 moliti
3323 3952 3472 4005 sunt,
3501 3943 3598 3997 sed

2015 4032 2286 4101 disquiret
2307 4029 2512 4086 omnia.
2537 4029 2653 4094 Vel,
2678 4029 2944 4101 iudicabit
2970 4031 3198 4101 populos
3224 4033 3598 4088 condemnans

2015 4139 2237 4194 pravos,
2269 4123 2445 4179 bonos
2467 4138 2598 4179 vero
2631 4129 2881 4178 statuens
2911 4137 2941 4177 a
2980 4123 3210 4178 dextris.

2089 4237 2289 4291 Indica
2324 4237 2477 4302 mihi,
2501 4236 2744 4300 Domine,
2778 4238 3066 4291 secundum
3093 4238 3368 4307 justitiam
3401 4255 3594 4304 meam,

2017 4340 2067 4386 et
2119 4329 2410 4385 secundum
2460 4330 2817 4384 innocentiam
2854 4345 3026 4383 meam
3081 4344 3197 4400 qua:
3249 4330 3303 4384 in
3363 4346 3446 4383 me
3494 4339 3594 4384 est.

331 4435 472 4481 σεως
499 4418 770 4490 ἐμνήσθη,
803 4420 989 4484 Γενοῦ,
1011 4421 1168 4490 φησι,
1187 4421 1370 4491 κάμοῦ
1401 4424 1617 4494 κριτής,
1643 4425 1904 4492 ἐξετάσας

2019 4421 2313 4491 Postquam
2355 4420 2600 4474 meminit
2635 4419 2829 4490 judicii
2873 4437 2888 4475 :
2926 4419 3076 4486 Esto,
3115 4419 3314 4489 inquit,
3354 4428 3410 4474 et
3462 4421 3594 4475 mihi

330 4509 429 4581 τὴν
455 4511 808 4583 δικαιοσύνην
834 4530 934 4580 μου
961 4513 1027 4584 ῆν
1057 4515 1301 4585 ἐτήρησα
1332 4516 1471 4587 πρός
1497 4534 1556 4570 τε
1579 4516 1668 4570 τὸν
1698 4536 1913 4585 πατρα-

328 4600 506 4668 λοίαν,
538 4603 636 4656 καὶ
660 4604 786 4666 τοὺς
817 4604 956 4673 ἀμφ’
989 4606 1172 4671 αὐτὸν,
1198 4607 1279 4660 ἔτι
1304 4625 1367 4676 γε
1391 4609 1498 4680 μὴν
1530 4610 1622 4664 καὶ
1653 4614 1793 4665 κατὰ
1813 4613 1913 4680 τὴν

333 4692 616 4762 ἁπλότητά
647 4710 770 4763 μου,
808 4695 896 4747 ἐπ’
919 4696 1043 4760 ἐμοὶ
1077 4698 1340 4766 γενέσθω.
1395 4699 1518 4763 Πῶς
1551 4696 1645 4755 οὖν
1671 4701 1907 4773 ἀλλαχοῦ

333 4783 531 4851 λέγων,
559 4783 655 4851 Μὴ
678 4785 963 4854 εἰσέλθῃς
987 4789 1076 4852 εις
1105 4789 1309 4855 κρίσιν
1334 4792 1484 4858 μετὰ
1530 4791 1638 4846 τοῦ
1684 4793 1913 4849 δούλου

334 4889 473 4938 σου,
521 4874 755 4929 ἐνταῦθα
782 4876 984 4943 μᾶλλον
1037 4875 1255 4947 εΰχεται
1305 4881 1596 4950 κριθῆναι;
1630 4882 1755 4936 Ὀτι
1789 4885 1908 4936 ἐκεῖ

337 4963 460 5030 μὶν,
492 4964 585 5034 Μὴ
625 4965 843 5035 κριθῇς,
881 4966 1040 5036 φησὶ,
1069 4968 1204 5037 πρός
1237 4985 1306 5038 με
1351 4970 1437 5035 σὺ,
1475 4971 1609 5040 μηδὲ
1655 4971 1748 5024 τὸν
1778 4971 1911 5040 ὲμδν

337 5056 449 5123 βίον
480 5057 618 5126 πρὸς
650 5056 749 5120 τὰς
775 5058 876 5120 σὰς
901 5058 1283 5131 παρεξετάσῃς
1302 5062 1646 5132 εὐεργεσίας·
1677 5064 1913 5118 ἐνταῦθα

335 5146 412 5211 δὲ,
447 5148 587 5218 πρὸς
631 5148 851 5219 ἑτέρους
879 5149 979 5219 τὴν
1029 5150 1212 5220 κρίσιν
1246 5153 1518 5224 ἐπιζητεῖ,
1551 5155 1677 5220 τοὺς
1720 5156 1913 5228 ἀδικήε-

341 5255 558 5304 σαντας,
586 5239 684 5294 τοῦ
721 5241 930 5295 ἀντλεῖν
965 5243 1356 5313 ὲκζητοῦντας.

405 5438 876 5506 Συντελεσθήτω
919 5438 997 5508 δὴ
1051 5442 1308 5511 πονηρία
1363 5443 1750 5513 ἁμαρτωλῶν,
1815 5447 1913 5500 καὶ

342 5531 724 5597 κατευθυνεῒς
757 5532 1014 5586 δίκαιον.
1070 5532 1132 5585 El
1175 5532 1284 5604 γὰρ
1328 5535 1588 5606 στήσεταί
1633 5553 1763 5591 ποτε
1804 5539 1913 5592 τῶν

414 5708 646 5765 "Joan.
699 5724 758 5769 ιι.
801 5711 887 5767 19.
967 5711 1011 5743 ⁷⁸
1047 5705 1193 5765 Psal.
1234 5707 1482 5777 cxul,2.

2015 4513 2204 4584 judex,
2238 4513 2555 4583 disquirens
2597 4513 2868 4582 justitiam
2922 4529 3122 4575 meam,
3175 4527 3341 4582 quam
3374 4513 3590 4568 servavi

2017 4605 2288 4661 adversus
2329 4605 2663 4676 parricidam
2719 4603 2914 4668 ﬁlium,
2974 4612 3028 4658 et
3084 4605 3402 4673 complices.
3455 4605 3598 4659 Prax-

2015 4707 2158 4753 terea
2211 4698 2374 4752 etiam
2416 4697 2469 4752 id
2506 4705 2654 4767 peto,
2714 4703 2773 4750 ut
2821 4694 3127 4749 secundum
3189 4693 3596 4762 simplicitatem

2009 4805 2220 4856 meam,
2277 4789 2358 4844 sic
2412 4789 2505 4842 ﬁat
2560 4788 2714 4843 mihi.
2767 4787 2872 4841 Sed
2936 4786 3213 4856 quomodo
3245 4785 3372 4838 alibi
3434 4785 3589 4848 dicit,

2014 4881 2085 4934 Et
2147 4897 2248 4934 non
2293 4881 2457 4934 intres
2506 4880 2562 4932 in
2612 4878 2818 4946 judicio
2873 4894 2990 4932 cum
3030 4894 3177 4931 servo
3226 4887 3314 4929 tuo
3359 4876 3426 4940 "’,
3473 4890 3596 4929 cum

2018 4970 2107 5024 hic
2153 4969 2384 5040 judicari
2445 4969 2676 5037 cupiat?
2739 4968 2876 5034 Quia
2939 4969 3150 5024 scilicet
3222 4968 3296 5022 ibi
3363 4964 3594 5037 judicari

2019 5060 2219 5131 refugit
2246 5075 2371 5114 cum
2410 5058 2540 5122 Deo,
2582 5067 2636 5112 et
2672 5060 2837 5113 vitam
2867 5075 3024 5114 suam
3066 5074 3188 5112 cum
3225 5057 3371 5111 illius
3401 5055 3593 5108 beneﬁ-

2019 5151 2121 5206 ciis
2149 5149 2498 5220 comparari:
2539 5165 2684 5204 nunc
2715 5158 2895 5204 autem
2929 5166 2988 5206 se
3019 5149 3168 5221 [cum
3204 5145 3336 5217 filio]
3358 5145 3594 5216 judicari

2020 5241 2212 5310 quaerit
2243 5249 2298 5295 et
2331 5254 2454 5293 cum
2486 5240 2572 5294 his
2609 5240 2700 5305 qui
2728 5239 2958 5308 injurias
2987 5241 3036 5295 ci
3074 5240 3399 5298 intulerant,
3433 5244 3595 5304 atque

2020 5335 2335 5397 interimere
2374 5347 2497 5386 eum
2535 5333 2849 5403 cupiebant.

2090 5449 2257 5504 Vsus.
2295 5447 2382 5501 10.
2412 5447 2776 5503 Consumatur
2801 5447 3035 5517 nequitia
3047 5453 3404 5512 peccatorum,
3436 5451 3485 5496 et
3511 5443 3595 5495 di-

2020 5545 2153 5613 riges
2175 5542 2405 5612 justum.
2441 5539 2575 5597 Nam
2605 5543 2650 5600 si
2682 5540 2980 5613 aliquando
3027 5552 3218 5594 eorum
3279 5535 3593 5607 malignitas
