4090 6212
493 285 597 349 1°23
1683 291 2065 352 EUTHYMII
2109 295 2470 356 ZIGABENI
3473 273 3484 286 '
3648 292 3749 355 tat

490 399 809 471 cessaverit,
846 400 1151 471 dirigentur
1189 401 1357 471 justi;
1391 404 1496 458 hoc
1533 414 1619 460 est
1651 405 1859 474 absque
1892 407 2062 474 impe—

2183 409 2510 482 Ξιμαρτωλῶν
2539 411 2570 480 ὴ
2615 409 2866 479 πονηρία,
2895 409 3426 478 κατευθυνθήσονταί
3455 406 3504 459 οἰ
3526 407 3749 472 δίκαιοι,

493 491 735 546 dimcnto
766 492 816 544 in
851 501 995 546 recta
1027 493 1246 549 virtutis
1279 494 1363 549 via
1386 495 1765 551 ambulabunt.

564 667 819 722 Scrutans
871 670 1038 723 corda
1091 681 1139 724 et
1182 689 1328 726 renes
1367 673 1500 728 Deus
1538 677 1704 744 juste.
1768 676 1848 730 Tu
1898 677 2066 745 Deus,

489 761 686 830 inquit,
728 762 879 830 juste
932 763 1228 834 investigas
1285 777 1447 836 atque
1503 769 1747 836 exquiris
1795 786 1954 827 renes
2017 780 2070 826 et

490 868 610 916 cor,
645 855 748 908 hoc
783 865 888 920 est,
919 859 1101 912 omnia
1149 861 1240 913 irae
1287 869 1452 929 atque
1503 861 1902 930 indignationis
1949 881 2071 934 ger-

490 946 656 1006 mina,
684 962 804 1015 quae
837 949 888 1002 iu
921 949 1088 1003 corde
1131 963 1422 1007 versantur
1454 971 1466 1007 :
1499 962 1552 1008 et
1581 969 1770 1011 omnes
1802 957 2068 1026 concupi-

491 1036 713 1088 scentize
770 1037 1008 1103 radices,
1063 1056 1182 1108 quae
1244 1040 1298 1093 in
1352 1043 1580 1098 renibus
1627 1046 1812 1100 inesse
1867 1046 2067 1102 solent.

490 1127 566 1178 Ex
633 1127 716 1182 his
766 1144 998 1199 namque
1053 1133 1144 1185 ira:
1192 1133 1452 1189 nimirum
1502 1144 1555 1191 et
1614 1140 2072 1207 concupiscentia

490 1215 798 1284 aﬂ‘ectibus,
824 1231 1042 1289 peccata
1073 1224 1253 1277 omnia
1284 1233 1464 1278 ortum
1508 1226 1767 1282 habuere.
1796 1227 1862 1283 Et
1883 1229 2068 1284 aliter:

494 1306 636 1362 Dem
688 1322 960 1365 scrutatur
1015 1329 1111 1368 cor
1161 1321 1214 1367 et
1269 1330 1450 1371 renes.
1497 1318 1805 1373 Dictionem
1856 1331 2066 1386 autem,

490 1395 666 1462 Iuste.
707 1403 1066 1471 sequentibus
1119 1407 1389 1476 coniunge
1421 1407 1606 1478 legens
1635 1429 1646 1464 :
1673 1409 1824 1465 Juste
1855 1414 2069 1483 adjuto-

493 1490 630 1543 rium
663 1508 833 1546 meum
867 1511 899 1547 α
933 1494 1182 1553 Domino.

568 1685 735 1744 Vens.
768 1691 852 1744 Η.
887 1695 1229 1764 Adjutorium
1262 1717 1433 1755 meum
1461 1719 1494 1756 a
1525 1703 1751 1758 Domino
1777 1708 1866 1777 qui
1900 1709 2073 1766 salvos

2172 502 2450 556 τουτέστιν
2483 503 2894 572 ἀνεμποδίστως
2937 503 3220 556 ὀδεύσουσι
3263 499 3362 572 τὴν
3401 500 3502 570 τῆς
3546 500 3750 574 ἀρετῆς

2174 596 2317 649 ὀδόν.

2259 689 2505 750 Ἐτάζων
2529 689 2773 758 καρδίας
2819 689 2915 743 καὶ
2947 687 3205 757 νεφροὺς
3236 687 3269 740 ό
3300 683 3444 750 Θεὸς
3484 684 3751 749 δικαίως.

2188 786 2247 839 Ὀ
2305 784 2436 846 Θεὸς
2491 784 2738 850 δικαίως,
2798 801 2954 853 φησι,
3001 781 3453 850 πολυπραγμονεῖ
3503 779 3598 832 καὶ.
3652 778 3754 848 τὴν

2177 875 2403 946 καρδίαν
2432 878 2524 930 καὶ
2547 877 2673 938 τοὺς
2705 879 2958 946 νεφροὺς,
2987 876 3158 945 ἤγουν
3199 875 3300 926 ὅσα
3347 889 3404 925 τε
3443 871 3537 924 τοῦ
3577 870 3751 938 θυμοῦ

2176 968 2517 1038 γεννήματα,
2556 968 2686 1038 περί
2723 970 2824 1038 τὴν
2852 967 3082 1038 καρδίαν
3109 966 3216 1034 γὰρ
3244 967 3271 1017 ὁ
3300 963 3492 1033 θυμὸς,
3524 963 3618 1028 καί
3652 963 3752 1016 ὅσα

2177 1058 2278 1127 τῆς
2311 1058 2626 1128 ἐπιθυμίας,
2665 1057 2756 1111 καὶ
2787 1057 2923 1128 αὑτὴ
2971 1057 3079 1127 γὰρ
3127 1056 3257 1126 περὶ
3303 1056 3432 1118 τοὺς
3480 1054 3751 1124 νεφρούςο

2179 1151 2238 1217 ἐξ
2272 1147 2368 1215 ὧν,
2419 1150 2646 1204 ἐκείνων
2698 1167 2757 1204 τε
2807 1149 3008 1220 δηλαδὴ
3062 1151 3156 1202 καὶ
3214 1147 3443 1209 τούτων,
3507 1145 3751 1214 ἁμαρτία

2180 1235 2330 1294 πᾶσα
2361 1241 2828 1310 συγκαθέστηκεν.
2865 1242 2934 1293 Ἢ
2987 1240 3082 1292 καί
3112 1239 3286 1300 οὕτως
3311 1255 3324 1267 ο
3373 1238 3401 1289 ὁ
3431 1236 3563 1299 Θεὸς
3595 1237 3778 1300 ἐρευο’

2172 1333 2287 1387 -νῶν
2314 1334 2430 1387 ἐστι
2466 1333 2561 1386 καὶ
2608 1331 3085 1402 πολυπραγμονῶν
3120 1331 3215 1384 καὶ
3249 1329 3347 1400 τὴν
3400 1329 3628 1398 καρδίαν
3659 1327 3752 1379 καί

2178 1425 2305 1487 τοὺς
2337 1425 2569 1496 νεφρούς
2590 1441 2605 1454 ο
2635 1425 2746 1493 (57)
2780 1424 2838 1476 τὸ
2879 1425 2933 1476 δὲ
2964 1424 3209 1486 Aumle
3257 1421 3509 1489 συνάψεις
3543 1421 3580 1485 ἡ
3604 1419 3753 1483 βοή-

2182 1516 2309 1571 θειά
2359 1534 2478 1586 μου
2542 1516 2702 1585 παρὰ
2754 1516 2857 1570 τοῦ
2913 1515 3075 1577 Θεοῦ,
3124 1512 3417 1578 σώζοντος
3469 1511 3610 1577 τοὺς
3658 1514 3754 1564 εὑ-

2181 1608 2296 1674 θεῒς
2351 1607 2426 1678 τῇ
2457 1607 2690 1677 καρδίᾳ.
3281 1608 3286 1612 ”

2265 1717 2334 1773 Ἦ
2360 1718 2614 1784 ,ϐοήθειά
2632 1735 2750 1788 μου
2779 1715 2938 1786 παρὰ
2976 1717 3082 1771 τοῦ
3123 1717 3291 1782 Θεοῦ,
3329 1715 3436 1769 τοῦ
3467 1713 3754 1777 σώζοντος

495 1779 623 1848 facit
677 1794 846 1839 rectos
907 1791 1083 1844 corde.
1138 1790 1378 1864 Simplex
1413 1803 1469 1850 et
1519 1805 1702 1854 rectus
1733 1800 1898 1856 corde
1949 1817 2073 1858 cum

2183 1811 2321 1876 τοὺς
2347 1779 2540 1875 έὺθέῖς
2571 1779 2647 1878 τῇ
2679 1779 2913 1877 mpetu.
2957 1807 3132 1871 Εὐθὺς
3163 1808 3238 1860 ὢν
3272 1779 3374 1878 τὴν
3404 1805 3632 1877 καρδίαν
3661 1804 3755 1858 καὶ

495 1876 626 1939 sim,
682 1891 878 1945 meque
941 1881 1008 1934 ad
1067 1893 1276 1938 rectum
1309 1886 1540 1956 dirigam
1593 1890 1816 1948 virtutis
1855 1894 2071 1962 callem,

497 1965 764 2020 auvilium
811 1983 1072 2039 exspecto
1129 1990 1234 2029 non
1286 1976 1587 2033 humanum
1626 1983 1842 2052 (inutile
1875 1985 2074 2056 quippe

499 2053 633 2109 illud
653 2057 785 2127 est),
807 2061 902 2114 sed
936 2077 964 2113 a
1000 2060 1108 2118 Deo
1140 2067 1230 2134 qui
1263 2075 1458 2137 potens
1486 2081 1585 2126 est'
1605 2083 1662 2128 ut
1702 2075 1874 2130 salvet
1896 2053 2012 2134 ine.

468 2280 541 2350 σῃ
570 2253 737 2312 Vsus.
774 2259 857 2314 12.
892 2261 1034 2318 Deus
1061 2265 1230 2334 iudex
1251 2271 1426 2334 iustus
1460 2275 1616 2342 fortis
1654 2287 1702 2330 et
1731 2278 2070 2350 longanimis.

499 2343 765 2401 Videntur
797 2353 910 2405 haec
955 2356 1020 2408 ad
1047 2371 1141 2409 eos
1180 2359 1324 2414 dicta
1365 2376 1511 2425 esse,
1543 2366 1634 2433 qui
1667 2368 1734 2422 de
1776 2343 1864 2422 Dei
1900 2374 2080 2438 provi-

499 2437 682 2492 dentia
739 2457 873 2509 pene
917 2447 1269 2504 scandalizati
1321 2454 1555 2520 fuerant,
1605 2459 1748 2526 quod
1801 2437 2078 2529 permisis-

503 2538 584 2581 set
624 2531 790 2584 tilium
821 2533 1084 2591 adversus
1118 2549 1327 2608 patrem
1355 2544 1659 2617 insurgere.
1682 2548 1872 2606 Justus
1913 2555 2078 2623 igitur

499 2622 588 2668 est
633 2617 799 2672 veluti
826 2623 916 2686 qui
950 2625 1384 2700 uniuscujusque
1423 2637 1682 2704 operibus
1715 2656 1901 2710 aequas
1933 2617 2078 2702 vices

504 2711 791 2775 rependit;
840 2713 996 2782 fortis
1039 2733 1188 2784 vero,
1223 2724 1369 2778 velut
1401 2725 1448 2780 is
1485 2729 1573 2796 qui
1607 2742 1786 2798 petest
1820 2750 2081 2802 quaecun-

502 2813 613 2868 que
642 2803 756 2856 vult
783 2821 797 2870 ;
827 2813 881 2860 et
932 2807 1276 2880 longanimis,
1315 2826 1372 2870 ut
1414 2819 1506 2888 qui
1537 2836 1642 2874 non
1671 2825 1855 2878 statim
1888 2825 2081 2897 inﬂigit

505 2907 719 2960 poenas.

576 3016 644 3066 Et
678 3014 808 3069 iram
853 3035 955 3073 non
1008 3023 1228 3092 a/ferens
1263 3044 1356 3095 per
1384 3031 1618 3100 singulos
1659 3034 1792 3089 dies.
1845 3035 1959 3094 Hoc
2013 3040 2076 3094 ad

2179 1902 2471 1974 ἀπόνηρος,
2529 1902 2624 1954 καὶ
2674 1901 2810 1971 πρὸς
2860 1900 2960 1971 τὴν
3004 1899 3224 1952 εὐθεῖαν
3255 1900 3355 1969 τῆς
3388 1898 3589 1968 ἀρετῆς
3625 1894 3754 1961 ,ὁδὸν

2182 1994 2502 2048 ἀπευθύνων
2542 1993 2799 2064 ἐμαυτὸν,
2863 1992 3150 2063 προσδοκῶ
3198 1991 3474 2062 βοήθειαν,
3520 1990 3621 2042 οὐκ
3657 1988 3753 2040 ἀν-

2182 2087 2485 2158 θρωπίνην,
2517 2087 2790 2157 ἄχρηστος
2812 2085 2942 2156 γάρ,
2978 2085 3114 2139 ἀλλά
3148 2083 3300 2156 παρὰ
3327 2082 3485 2148 Θεοῦ,
3527 2081 3621 2135 τοῦ
3647 2079 3756 2134 σώ-

2183 2176 2297 2241 ζειν
2335 2176 2636 2247 ἰσχύοντος.

2264 2289 2328 2344 '0
2366 2289 2512 2354 Θεὸς
2557 2289 2767 2356 κριτὴς
2797 2288 3047 2355 δίκαιος,
3079 2286 3178 2340 καί
3212 2284 3482 2356 ίσχυρὸς,
3516 2283 3612 2338 καί
3639 2301 3754 2351 μαι

2183 2380 2502 2448 κρόθυμος.
2538 2380 2709 2431 Τοῦτο
2761 2379 2939 2448 λέγειν
2994 2378 3140 2431 ἔοικε
3190 2377 3330 2446 πρὸς
3364 2375 3488 2438 τοὺς
3523 2374 3754 2427 σκανδα-

2183 2466 2500 2538 λιζομένους
2533 2468 2627 2520 ἐπὶ
2659 2469 2726 2538 τῇ
2774 2467 3002 2537 προνοίᾳ
3039 2467 3134 2520 τοῦ
3167 2466 3324 2528 Θεοῦ,
3369 2467 3450 2519 ὄτι
3503 2463 3758 2534 παρεχώ-

2189 2576 2352 2632 ρησεν
2382 2560 2496 2613 υἱὸν
2524 2561 2894 2628 ὲπαναστῆναι
2927 2559 3008 2629 τῷ
3038 2559 3230 2630 πατρί·
3276 2559 3483 2618 δίκαιος
3513 2556 3632 2628 μὲν,
3675 2559 3756 2610 ὅτι

2187 2653 2528 2723 ἀντιμετρῶν
2559 2653 2792 2722 πράξεσι
2841 2651 2940 2715 τὰς
2990 2651 3247 2723 ἀμοιϐάςο
3290 2650 3508 2721 ἰσχυρὸς
3552 2649 3633 2714 δὲ,
3681 2648 3758 2711 ὡς

2184 2743 2480 2810 δυνάμενος
2518 2742 2616 2794 ὅσα
2659 2741 2937 2807 βούλεται·
3007 2740 3359 2812 μακρόθυμος
3408 2739 3484 2805 δὲ,
3544 2738 3619 2799 ὡς
3680 2736 3758 2808 μὴ

2186 2834 2337 2906 παρά
2378 2833 2542 2897 πόδας
2572 2833 2798 2902 ἐπάγων
2828 2832 2927 2904 τὴν
2958 2832 3207 2886 κόλασιν.

2256 3037 2363 3092 Καὶ
2392 3036 2478 3106 μὴ
2526 3034 2712 3106 ὀργὴν
2764 3033 3004 3105 ἐπάγων
3035 3037 3163 3090 καθ’
3195 3033 3464 3099 ἑκάστην
3511 3029 3754 3099 ἡμέραν.

508 3107 847 3172 probandam
875 3111 964 3166 Dei
1004 3115 1472 3185 longanimitatem
1496 3122 1701 3178 dictum
1730 3135 1834 3182 est.
1864 3128 2076 3184 Etenim

2188 3129 2359 3182 Τοῦτο
2375 3131 2473 3199 τῆς
2497 3126 2880 3198 μακροθυμίας
2901 3125 3372 3197 ὲφερμηνευτικόν
3395 3126 3534 3177 ἐστι.
3569 3121 3759 3192 Ἡμεῖς

510 3211 632 3252 cum
665 3201 882 3258 assidue
908 3205 1314 3276 delinquamus,
1348 3221 1400 3266 et
1427 3214 1548 3270 ideo
1581 3218 1775 3286 dignos
1818 3237 1914 3276 nos
1947 3239 2080 3292 sup-

512 3289 691 3357 pliciis
724 3292 1038 3361 reddamus,
1065 3299 1180 3369 ipse
1205 3311 1383 3358 tamen
1427 3315 1641 3376 tempus
1669 3310 1992 3379 paenitendi,
2019 3289 2080 3366 ut

511 3379 856 3448 longanimis,
905 3388 1114 3446 tribuit.
1171 3391 1276 3447 Per
1339 3396 1474 3451 iram
1537 3399 1700 3468 igitur
1753 3400 1842 3454 hic
1891 3419 2082 3470 pinnas

510 3470 770 3541 intelligo.
811 3477 1024 3534 Movent
1059 3484 1277 3552 quidam
1335 3488 1728 3547 dubitationem
1763 3511 1778 3549 :
1816 3493 1870 3548 Si
1901 3495 2084 3565 justus

510 3570 596 3619 est
649 3564 789 3623 Deus
838 3580 891 3626 et
937 3574 1238 3645 condignas
1307 3581 1499 3634 tribuit
1555 3599 1763 3652 poenis,
1811 3564 2084 3656 quomodo

509 3673 687 3732 potest
740 3667 846 3721 dici
900 3670 1259 3730 misericors?
1290 3676 1365 3729 Ad
1414 3680 1558 3748 quod
1606 3680 1896 3737 dicendum
1951 3697 2080 3752 est,

507 3754 716 3822 justum
765 3763 982 3830 quidem
1021 3762 1191 3820 Deum
1247 3784 1390 3830 esse.
1437 3772 1602 3827 veluti
1643 3774 1732 3841 qui
1787 3776 2086 3847 unicuique

510 3849 809 3919 condignas
851 3854 1025 3908 reddit
1076 3873 1264 3925 poenas
1300 3877 1316 3926 ;
1357 3861 1450 3917 sed
1506 3863 1914 3922 misericordem
1962 3883 2086 3924 esse

508 3943 673 3992 etiam
704 3983 719 4006 ,
759 3945 884 4011 quia
921 3961 1028 3999 non
1068 3951 1250 4002 statim
1291 3952 1546 4019 castigat,
1591 3956 1686 4010 sed
1731 3957 1987 4023 sustinet,
2033 3968 2086 4013 et

513 4032 845 4098 pmuitentize
872 4051 933 4089 ac
966 4042 1310 4095 conversioni
1335 4050 1554 4114 tempus
1592 4046 1804 4114 tribuit,
1839 4064 1938 4102 nec
1973 4047 2083 4104 da:-

513 4138 731 4178 nionem
778 4127 909 4180 sinit
969 4132 1150 4183 omnia
1186 4133 1468 4201 perﬁcere,
1504 4152 1623 4204 qua:
1657 4137 1746 4197 ille
1785 4147 1932 4208 optat
1970 4158 1982 4192 :
2033 4151 2087 4196 et

510 4215 638 4282 quia
669 4217 816 4272 omni
839 4219 1074 4289 denique
1102 4239 1163 4276 ex
1199 4224 1366 4279 latere
1397 4235 1640 4279 nostram
1673 4229 1790 4282 sitit
1829 4230 2082 4287 salutem.

586 4328 749 4387 Vens.
785 4333 870 4389 13.
928 4333 1052 4387 Nisi
1095 4337 1325 4389 conversi
1375 4337 1602 4405 fueritis,
1655 4339 1893 4410 gladium
1931 4351 2083 4397 suum

511 4427 782 4488 nitidabit.
833 4444 1015 4481 arcum
1069 4445 1221 4481 suum
1281 4431 1497 4485 tetendit
1548 4442 1596 4486 et
1649 4429 1858 4500 paravit
1902 4438 2082 4492 illum.

2188 3224 2309 3293 μὲν,
2345 3222 2467 3275 καθ’
2499 3222 2740 3289 ἑκάστην
2762 3221 2976 3292 ἡμέραν
3002 3219 3432 3289 ἁμαρτάνοντες,
3467 3216 3552 3268 ἀεὶ
3581 3231 3757 3284 τιμω-

2187 3316 2310 3388 ρίας
2358 3315 2528 3384 ὲσμὶν
2581 3314 2745 3379 agm-
2797 3314 2961 3376 αὐτὸς
3009 3313 3066 3368 δὲ
3127 3309 3523 3381 μακροθυμῶν,
3575 3306 3759 3360 δίδωσι

2184 3407 2373 3479 καιρὸν
2400 3409 2478 3470 εἰς
2501 3407 2807 3475 μετάνοιαν.
2840 3404 3038 3476 Ὀργὴν
3062 3403 3117 3456 δὲ
3141 3404 3238 3472 τὴν
3276 3401 3498 3454 κόλασιν
3529 3398 3758 3453 ἐνταῦθα

2185 3499 2471 3568 νοήσομεν.
2515 3497 2806 3568 ’Δποροῦσι
2842 3496 2897 3550 δέ
2940 3513 3105 3561 τινες,
3147 3495 3222 3558 ὡς
3254 3495 3302 3548 εἰ
3350 3493 3558 3555 δίκαιός
3610 3492 3759 3542 ἔστιν

2183 3593 2212 3644 ό
2256 3589 2410 3656 Θεὸς,
2467 3587 2634 3654 ἀξίως
2687 3590 2957 3654 κολάζων,
3013 3587 3130 3650 πῶς
3180 3589 3294 3639 ἐστι
3337 3583 3753 3654 φιλάνθρωποςς

2185 3681 2402 3743 Δίκαιος
2424 3681 2520 3751 μέν
2548 3683 2717 3744 ἐστιν,
2749 3679 2823 3744 ὡς
2852 3680 3016 3746 ἀξίως
3044 3676 3350 3739 ἀποδιδούς’
3381 3674 3760 3744 φιλάνθρωπος

2185 3778 2262 3840 δὲ,
2309 3776 2381 3836 ὡς
2416 3775 2489 3846 μὴ
2526 3775 2690 3837 εὐθὺς
2739 3772 3169 3843 τιμωρούμενος,
3230 3768 3348 3823 ἀλλ’
3387 3765 3758 3831 ἀνεξικακῶν,

2188 3869 2280 3922 καὶ
2313 3868 2564 3937 παρέχων
2599 3864 2853 3935 ἀφορμὰς
2884 3860 3248 3932 ἐπιστροφῆς,
3301 3862 3396 3913 καὶ
3430 3860 3503 3928 μὴ
3539 3858 3643 3911 ἐῶν
3669 3856 3761 3909 τὸν

2189 3960 2385 4032 ὲχθρδν
2421 3960 2521 4013 ὅσα
2559 3957 2808 4028 βούλεται
2854 3957 3050 4020 ποιεῖν,
3087 3953 3180 4006 καὶ
3206 3953 3382 4007 πάντα
3411 3951 3612 4021 τρόπον
3644 3948 3762 4000 ἤπια

2187 4051 2385 4122 θυμῶν·
2407 4051 2507 4121 τῆς
2540 4048 2813 4120 σωτηρίας
2845 4047 3028 4118 ἡμῶν.

2270 4342 2407 4396 Ἐὰν
2452 4343 2536 4412 μὴ
2587 4338 3016 4410 ἑπιστραςοῆτε,
3068 4337 3184 4404 τὴν
3217 4335 3524 4405 ῥομφαίαν
3576 4329 3762 4384 αὐτοῦ

2188 4435 2530 4514 στιλόώσει,
2557 4435 2622 4488 τὸ
2667 4432 2849 4498 τόξον
2870 4431 3052 4487 αὑτοῦ
3083 4431 3363 4490 ἐνέτεινε,
3396 4427 3491 4480 καί
3522 4426 3749 4492 ἡτοιμα-

512 4517 706 4572 Sciens
747 4518 935 4572 beatus
985 4519 1157 4574 David
1199 4528 1259 4574 ut
1305 4524 1591 4591 propheta.
1622 4528 1766 4596 quod
1818 4529 2077 4584 universae

2193 4545 2305 4582 σεν
2333 4510 2502 4584 αὐτό.
2531 4524 2702 4588 Εἰδὼς
2736 4523 2823 4579 οἷα
2858 4527 3144 4597 προφήτης
3179 4525 3206 4576 ό
3240 4519 3423 4584 Δασίδ,
3462 4519 3546 4572 ὅτι
3586 4516 3760 4569 πάντα

510 4618 704 4678 gentes
737 4607 857 4677 ejus
884 4608 1130 4668 Ps:ilmos
1167 4612 1220 4667 in
1255 4629 1350 4668 ore
1378 4625 1538 4684 atque
1573 4617 1625 4670 in
1659 4617 1908 4674 manibus
1940 4636 2077 4676 sem-

2192 4618 2260 4672 τὰ
2308 4618 2432 4688 ἔθνη
2483 4619 2607 4681 τοὺς
2650 4617 2900 4688 ψαλμοὺς
2953 4616 3119 4671 αὑτοῦ
3152 4613 3290 4684 μετά
3321 4613 3508 4682 χεῖρας
3537 4609 3720 4673 ἕξουσι
3745 4646 3758 4668 ,

514 4716 610 4770 per
643 4701 911 4758 habiturae
938 4712 1116 4767 erant,
1147 4705 1491 4772 disciplinam
1526 4707 1607 4764 eis
1633 4710 1934 4768 admiscet:
1969 4713 2077 4769 Nisi

2199 4713 2418 4783 μίγνυσι
2467 4713 2588 4774 ταῖς
2635 4710 2866 4773 οἰκείαις
2900 4708 3193 4762 ὑποθέσεσι
3246 4705 3338 4758 καί
3391 4699 3758 4760 διδασκαλίας.

508 4793 656 4847 enim
693 4785 809 4857 vos,
842 4795 1148 4866 inquit,qui
1185 4808 1384 4854 arecto
1410 4799 1544 4854 calle
1566 4800 1885 4858 declinastis
1909 4804 1962 4858 in
1993 4819 2077 4860 er-

2207 4803 2331 4857 Ἐἀν
2364 4801 2473 4872 γὰρ
2509 4802 2583 4873 μὴ
2608 4799 3020 4870 ἀποστραφῆτε,
3052 4798 3100 4850 οἰ
3128 4795 3230 4865 τῆς
3269 4792 3488 4895 εὐθείας
3520 4786 3764 4895 apertia-

515 4885 660 4942 roris
681 4888 819 4952 vias,
837 4897 891 4944 et
918 4890 1170 4946 conversi
1191 4893 1324 4949 estis
1342 4893 1408 4947 ad
1433 4893 1865 4959 materialesres,
1887 4896 2077 4952 iterum

2193 4890 2466 4962 νηθέντες,
2507 4893 2599 4943 καὶ
2650 4889 2787 4960 πρὸς
2820 4887 2919 4957 τὴν
2958 4887 3094 4956 ὕλην
3135 4884 3489 4962 στραφέντες,
3521 4879 3620 4932 οὐκ
3667 4877 3733 4929 ὲκ

485 4977 580 5032 -.ab
620 4977 708 5034 his
740 4951 1087 5035 revertamiui
1133 4983 1199 5037 ad
1233 4982 1401 5038 Deum
1430 5027 1445 5051 ,
1473 5001 1663 5055 ρωπος
1695 4987 1943 5056 proiecto
1977 5003 2077 5045 non

2193 4951 2402 5052 φάγητε
2432 4981 2531 5053 τὴν
2569 4951 2887 5052 τιμωρίαν.-
2909 4951 3314 5048 Ῥομιραίανμὲν
3354 4951 3469 5042 οὖν,
3506 4973 3535 5025 ὁ
3567 4968 3764 5039 πικρός

407 5087 428 5106 ν
464 5070 804 5142 ‘Leﬂ‘ugietis.
831 5071 935 5128 Per
974 5073 1214 5143 gladium
1245 5086 1452 5143 autem,
1487 5075 1862 5145 acerbitatem,
1895 5090 1949 5137 et
1990 5097 2077 5153 per

2193 5077 2442 5138 θάνατος·
2485 5074 2636 5142 τόξον
2665 5075 2747 5140 δὲ,
2787 5077 2814 5127 ό
2841 5072 3034 5143 ταχύς.
3068 5072 3177 5126 Καὶ
3227 5069 3384 5132 αὖθις
3415 5083 3430 5098 °
3467 5063 3765 5124 Στίλϐωσις

487 5151 723 5222 arcum.
759 5163 1099 5218 celeritatem
1126 5168 1317 5222 mortis
1357 5167 1581 5225 indicat.
1623 5170 1867 5227 Nitidare
1901 5151 2082 5228 autem

512 5260 569 5304 et
609 5255 853 5319 tendere,
884 5270 1168 5324 pt'enarum
1197 5269 1516 5328 apparatum
1551 5262 1860 5332 significant
1901 5255 2088 5334 longa-

2197 5170 2296 5239 μὲν
2334 5167 2429 5222 καὶ
2458 5167 2692 5232 ἔντασις,
2743 5168 2776 5237 ή
2824 5166 3147 5236 παρασκευὴ
3194 5163 3296 5233 τῆς
3332 5159 3640 5231 τιμωρίας,
3671 5154 3766 5208 καὶ

2194 5259 2331 5330 πρὸς
2363 5260 2552 5328 καιρὸν
2594 5258 2946 5330 μακροθυμία
2975 5275 2988 5288 ο
3025 5256 3313 5326 ἐτοιμασία
3345 5253 3424 5319 δὲ,
3465 5253 3498 5321 ἡ
3523 5248 3765 5317 ἒγγύτης

515 5345 930 5417 uimitatemquc
965 5349 1202 5404 divinam
1231 5367 1337 5406 non
1375 5364 1690 5421 perpetuam
1724 5356 1860 5420 fore,
1890 5357 1984 5412 Sed
2016 5357 2077 5410 ad

2191 5351 2290 5420 τῆς
2347 5350 2584 5421 πληγῆς,
2627 5351 2718 5403 διὰ
2782 5350 2883 5419 τῆς
2943 5348 3238 5403 ὅσονοῦπω
3267 5344 3511 5438 βολῆς,ῆ
3570 5341 3766 5438 ὀξύτης

513 5450 752 5506 tempus.
799 5437 1000 5494 Parare
1046 5455 1176 5495 vero
1223 5441 1404 5496 dicere
1443 5451 1596 5510 potes
1638 5442 1832 5514 ﬂagelli
1865 5444 2077 5515 propin-

2191 5443 2222 5510 ἡ
2263 5441 2560 5511 σφοδρότης
2592 5443 2689 5510 τῆς
2715 5442 3008 5511 τιμωρίαςο
3059 5440 3277 5504 ἔντασις
3291 5434 3449 5509 ίδὲγη
3485 5434 3723 5505 metu;
3745 5448 3762 5466 ‘

1875 5624 2072 5686 Varie)
2093 5623 2425 5688 lectiones.

590 5739 704 5808 (37)
733 5740 870 5811 Lege
896 5742 1008 5812 τῷ·
1045 5745 1123 5800 vel
1153 5753 1278 5814 post
1333 5743 1590 5814 συνάψεις
1631 5747 1808 5803 scribe
1849 5749 1930 5803 vcl
1957 5747 2077 5804 sub:

2183 5748 2287 5820 in?)
2334 5749 2480 5821 ἑξῆς,
2513 5749 2601 5804 vel
2627 5747 2776 5804 aliud
2810 5743 3144 5819 liujusmodi.
