4082 6212
295 274 435 351 ’125

1487 301 1877 366 COMMENT.
1927 307 2009 368 IN
2038 306 2399 371 PSALMOS.

317 398 607 495 ττοιμασία
639 402 721 470 δὲ,
757 406 819 458 τὸ
872 406 1073 474 πλῆξαι
1131 410 1369 480 πάντως,
1404 415 1456 467 ει
1514 415 1590 487 μὴ
1628 417 1892 486 μεταϐάλ-

2007 420 2300 490 quitatem,
2348 423 2421 479 ob
2451 415 2827 480 vehementem
2862 425 3093 495 jactum.
3128 424 3222 482 Vel
3265 424 3447 488 aliter,
3489 439 3587 492 per

316 493 516 548 λοιντο.

329 602 502 645 arcus
540 590 868 658 tensionem,
890 597 1475 669 appropinquationem
1492 617 1801 673 pinnarum,
1824 613 1880 661 et
1894 605 2114 662 demum

320 679 464 738 Deus
519 685 767 741 omnino-
805 701 1173 756 percussurus
1222 695 1297 748 sit
1355 694 1460 749 nisi
1519 696 1896 766 penitentiam
1935 700 2169 769 egerint.

329 897 338 907 '
406 827 509 880 Ἔν
557 826 719 892 αὐτῷ
774 829 1067 899 ἡτοίμασε
1115 834 1310 902 σκεύη
1365 835 1647 891 θανάτου.
1700 838 1789 890 Ἐν
1823 836 1902 907 τῷ

314 917 519 987 τοξικῷ
546 918 602 972 δὲ
632 918 735 989 τῆς
763 920 1039 985 κολάσεως
1072 922 1224 989 εῖδει,
1251 927 1485 980 ποικίλοι
1519 928 1711 998 τρόποι
1737 928 1901 984 θανά-

315 1028 434 1077 του,
457 1011 545 1065 διὰ
578 1013 815 1083 σφαγῆς,
848 1014 938 1068 διὰ
968 1017 1161 1087 πυρὸς,
1195 1018 1264 1072 δι’
1295 1018 1507 1086 ὓδατος,
1531 1019 1620 1074 διὰ
1647 1021 1897 1092 σεισμοῦ,

314 1102 405 1155 διὰ
438 1102 742 1172 χάσματος,
770 1106 866 1159 καὶ
889 1105 990 1161 ὅσα
1020 1107 1128 1161 τῶν
1148 1111 1473 1180 νοσημάτων
1496 1111 1613 1181 είδη
1641 1114 1902 1180 γινώσκο-

319 1210 441 1261 μεν,
470 1192 691 1248 ἅπαντα
716 1194 1123 1265 καθεστήκασιν
1148 1199 1411 1267 ἐργαλεῖα
1435 1200 1690 1266 Θανάτου,
1724 1202 1793 1256 δι’
1822 1196 1898 1258 ὧν

312 1279 472 1347 οὗτος
516 1285 885 1341 ύποτελεῖται.
918 1290 1037 1359 Χρὴ
1063 1291 1120 1342 δὲ
1149 1292 1441 1358 γινώσκειν
1459 1332 1476 1357 ,
1511 1294 1586 1359 ὼς
1606 1297 1655 1349 εί
1680 1298 1774 1349 καὶ
1804 1297 1902 1350 ἀν·-

314 1376 569 1445 θρώπινα
592 1378 659 1431 τὰ
683 1378 930 1450 ῥήματα.
950 1380 1087 1434 ἀλλὰ
1116 1381 1394 1455 θεοπρεπῆ
1416 1384 1484 1437 τὰ
1500 1387 1768 1456 νοήματα·
1804 1388 1901 1441 καὶ

313 1469 596 1537 παρέλαϐε
636 1469 735 1542 τὴν
773 1472 1063 1544 παχύτητα
1090 1475 1199 1529 τῶν
1240 1476 1461 1543 λέξεων,
1498 1475 1640 1531 ὥστε
1664 1480 1761 1548 τῆς
1790 1476 1900 1532 τῶν

314 1564 600 1635 ἀκροατῶν
636 1564 946 1635 παχύτητος
978 1567 1323 1625 καθικέσθαι.
1352 1570 1451 1624 Διὰ
1475 1570 1633 1625 τοῦτο
1654 1572 1764 1641 γὰρ
1804 1570 1899 1625 καὶ

2008 528 2198 568 arcum
2245 514 2382 585 (58),
2439 516 2836 573 vehementiam
2872 517 3452 589 pmnarumintellige;
3489 531 3586 584 per

2157 622 2254 679 per
2293 609 2541 680 ejusdem
2578 619 2925 682 apparatum,
2958 611 3232 684 quomodo
3270 620 3584 682 peccatores

2075 834 2238 889 Vens.
2274 835 2361 891 Μ.
2398 833 2463 887 Et
2501 835 2556 888 in
2581 850 2641 889 eo
2665 839 2874 905 paravit
2909 837 3257 892 instrumenta
3291 841 3497 896 mortis.
3522 842 3578 896 In

1999 912 2066 982 eo
2098 927 2358 982 nimirum
2390 928 2645 998 supplicii
2669 942 2889 997 genere,
2912 931 3054 997 quod
3089 931 3191 986 sub
3215 947 3376 988 arcus
3408 933 3579 1003 ﬁgura

2003 1019 2306 1074 denotavit.
2343 1017 2505 1075 Varia
2552 1031 2734 1075 autem
2773 1028 2901 1101 sunt
2949 1023 3140 1078 mortis
3174 1038 3372 1091 genera
3411 1042 3427 1080 :
3468 1027 3583 1097 gla-

1999 1110 2124 1168 dius
2143 1113 2411 1179 videlicet,
2439 1115 2601 1180 ignis,
2620 1130 2782 1184 aqua,
2800 1125 2960 1171 terrae
2977 1126 3178 1182 motus,
3194 1118 3374 1175 hiatus
3393 1126 3577 1186 terrai,

1998 1201 2316 1272 aegritudo:
2377 1219 2500 1273 quae
2543 1206 2725 1259 omnia
2756 1206 2952 1262 mortis
2995 1213 3124 1262 sunt
3168 1207 3576 1275 instrumenta,

1999 1312 2093 1365 per
2121 1311 2184 1351 ea
2225 1296 2368 1349 enim
2407 1312 2561 1351 mors
2615 1296 2773 1351 finem
2828 1314 2988 1353 suum
3030 1300 3412 1368 consequitur.
3443 1299 3576 1354 Illud

1999 1399 2179 1445 tamen
2216 1388 2768 1445 animadvertendum
2827 1398 2931 1456 est,
2977 1392 3123 1460 quod
3173 1393 3298 1447 licet
3337 1393 3579 1447 humano

1999 1498 2153 1537 more
2177 1482 2338 1537 verba
2374 1482 2483 1537 sint
2530 1483 2765 1551 prolata,
2798 1484 2983 1536 omnia
3030 1490 3213 1538 tamen
3263 1483 3427 1554 digne
3466 1484 3579 1540 Deo

2000 1578 2350 1650 intelligenda
2414 1586 2563 1635 sunt.
2621 1576 2944 1645 Huiusmodi
2997 1577 3143 1631 enim
3205 1575 3578 1632 crassioribus

315 1653 590 1742 ῥομφαίαν
611 1653 825 1722 εἰσάγει
845 1653 938 1708 τὸν
958 1653 1092 1708 Θεὸν
1114 1656 1328 1726 ἔχοντα,
1351 1657 1445 1712 καὶ
1460 1657 1638 1726 τόξον,
1654 1657 1751 1710 καὶ
1769 1656 1892 1728 βέλη

2003 1669 2187 1724 verbis
2222 1666 2493 1739 Propheta
2528 1682 2672 1738 saepe
2705 1668 2780 1724 uti
2813 1667 2974 1731 solet,
3005 1667 3319 1722 auditorum
3352 1666 3577 1722 hebetu-

313 1746 409 1801 καὶ
428 1747 598 1818 σκεύη
628 1746 923 1818 πολεμικά,
962 1750 1057 1802 καὶ
1078 1749 1418 1813 στιλϐοῦντα,
1438 1750 1533 1804 καὶ
1561 1749 1892 1812 ἐντείνοντα,

311 1838 398 1894 ἵνα
427 1841 522 1894 τὸν
545 1840 719 1916 φόϐον
749 1843 863 1904 τοῖς
885 1842 1181 1913 ἀκροαταῖς
1197 1842 1304 1896 ἀπὸ
1321 1842 1528 1896 τούτων
1544 1841 1778 1912 αὐξήσῃ,
1799 1843 1894 1894 καὶ

308 1932 396 1985 διὰ
430 1931 545 1985 τῶν
579 1932 898 2005 συντρόφων
927 1936 1209 2007 ὀνομάτων
1238 1936 1539 2006 κατασείσῃ
1558 1935 1656 2006 τὴν
1683 1935 1897 2008 λιθίνην

310 2022 495 2077 αὐτῶν
518 2022 780 2077 διάνοιαν
808 2024 871 2077 οὐ
901 2025 1009 2095 γὰρ
1032 2025 1203 2079 δεῖται
1220 2024 1425 2079 τούτων
1441 2026 1469 2078 δ
1495 2027 1653 2095 μόνος
1678 2025 1896 2078 ἐπιϐλέ-

312 2131 429 2167 πων
458 2113 555 2166 ὲπὶ
592 2112 693 2184 τὴν
716 2113 843 2185 γὴν,
869 2115 963 2168 καὶ
986 2114 1157 2169 ποιῶν
1187 2114 1356 2185 αὐτὴν
1391 2114 1633 2185 τρέμειν,
1663 2106 1723 2169 οῦ
1743 2117 1799 2168 ἐν
1822 2114 1891 2185 τῇ

310 2207 452 2276 χειρὶ
481 2206 634 2260 πᾶσα
671 2207 828 2277 πνοὴ,
860 2208 889 2261 δ
916 2205 1147 2259 διαλύων
1178 2206 1280 2275 ὅρη
1326 2207 1384 2259 ὲν
1414 2208 1479 2276 τῇ
1530 2204 1890 2275 κραταιότητι

228 2308 231 2309 ⁷
312 2298 499 2361 αὑτοῦ,
532 2299 628 2353 καὶ
661 2299 763 2354 ὅσα
787 2300 917 2369 περὶ
943 2299 1040 2370 τῆς
1066 2301 1310 2372 ἀρρήτου
1343 2297 1509 2353 αὐτοῦ
1530 2297 1814 2369 δυνάμεως
1841 2298 1893 2351 οἱ

313 2390 633 2462 ἱεροφάνται
667 2389 1116 2464 παραδεδώκασι.

384 2682 464 2736 Τὰ
507 2681 668 2749 ,ϐέλη
717 2678 908 2735 αὐτοῦ
947 2678 1073 2744 τοῖς
1100 2677 1441 2745 καιομένοις
1489 2675 1887 2745 ἐξηργάσατο.

318 2771 410 2824 Ἐν
436 2768 612 2840 τούτῳ
638 2767 1044 2839 παραμυθεῖται
1082 2767 1210 2830 τοὺς
1242 2762 1505 2834 ἀγαθούς·
1543 2764 1599 2817 αἱ
1629 2762 1892 2834 τιμωρίαι

306 2864 442 2933 γὰρ,
478 2862 636 2930 φησὶ,
657 2860 754 2915 τοῦ
778 2858 935 2924 Θεοῦ,
960 2858 1104 2912 κατὰ
1136 2859 1244 2912 τῶν
1275 2857 1509 2922 ἀναξίων
1528 2856 1888 2925 ἐποιήθησαν.

309 2953 656 3021 Καιομένους
712 2954 818 3022 γὰρ
875 2950 1109 3003 ἐκάλεσε
1168 2950 1297 3012 τοὺς
1360 2946 1634 3018 μηδεμίαν
1687 2945 1888 3016 ἀρετῆς

305 3048 533 3117 ἔχοντας
566 3044 788 3115 ἰκμάδα·
815 3042 1071 3096 τοσοῦτον
1097 3041 1155 3095 δὲ
1200 3038 1572 3112 ξηρανθέντας
1617 3039 1698 3102 εἰς
1746 3039 1886 3108 ἀγα-

307 3139 585 3210 θοεργίαν,
609 3138 686 3201 ὡς
720 3136 1056 3201 εὐεξάπτους
1080 3128 1222 3188 εἶναι
1257 3134 1395 3204 πρὸς
1423 3133 1484 3184 τὸ
1526 3129 1634 3201 πῦρ
1656 3131 1757 3200 τῆς
1788 3146 1888 3182 κο-

304 3232 537 3295 λάσεως,
562 3228 660 3284 καὶ
682 3228 786 3300 ἤδη
812 3231 876 3300 τῇ
927 3227 1228 3299 προσδοκίᾳ
1254 3225 1341 3278 κο)
1354 3222 1676 3295 αζομένους.
1702 3223 1772 3275 Ἦ
1798 3221 1895 3276 καὶ

305 3327 425 3386 τοῖς
463 3323 774 3392 καιομένοις
806 3319 942 3389 φησὶ
973 3317 1051 3389 τῷ
1097 3317 1234 3387 πυρὶ
1283 3316 1393 3370 τῶν
1427 3314 1639 3380 παθῶν,
1676 3313 1852 3381 θυμοῦ
1875 3353 1890 3376 ,

303 3415 525 3487 ἡδονῆς,
581 3410 1037 3484 φιλοχρηματίας,
1072 3410 1167 3463 καὶ
1195 3407 1452 3462 τοιούτων
1491 3406 1685 3461 ἄλλων.
1736 3404 1893 3459 Οὕτω

300 3508 767 3578 διαζωγραφήσας
813 3503 913 3576 τὴν
960 3501 1169 3556 ἄνωθεν
1222 3499 1655 3571 ποικιλόμορφον
1687 3499 1888 3569 ὁρμὴν,

304 3601 403 3654 καὶ
457 3598 665 3669 ταύτην
708 3599 823 3661 τοῖς
873 3595 1137 3664 πονηροῖς
1182 3592 1588 3661 ὲπικρεμάσας,
1640 3589 1888 3644 παιδεύει

303 3692 493 3746 λοιπον
516 3689 611 3745 καὶ
643 3688 753 3743 άπδ
780 3687 890 3741 τῶν
911 3684 1218 3758 τηνικαῦτα
1239 3683 1608 3754 πραγμάτων,
1632 3683 1728 3736 καὶ
1751 3681 1888 3753 πρὸς

301 3784 401 3840 τδν
435 3781 757 3853 ’Δϐεσαλὼμ
792 3780 1020 3853 μετάγει
1048 3777 1138 3832 τὸν
1162 3776 1347 3845 λόγον.

388 3985 534 4041 Ἰδοὺ
561 3983 864 4051 ὠδίνησεν
890 3980 1153 4038 ἀδικίαν.
1191 3977 1480 4049 Ἐγκύμων
1505 3977 1535 4029 ὁ
1563 3975 1884 4043 ἀποστάτης
1961 4027 1966 4031 ,

305 4074 462 4144 οὗτος
489 4079 714 4148 γέγονεν
762 4075 997 4142 ἀδικίας,
1046 4073 1251 4140 ὲξῶσαί
1293 4089 1365 4144 με
1407 4070 1509 4140 τῆς
1549 4068 1702 4137 παρὰ
1747 4068 1883 4121 Θεοῦ

305 4173 597 4242 δεδομένης
622 4170 802 4241 ἀρχῆς
832 4168 1143 4240 μελετήσας
1172 4166 1396 4229 ἀδίκως.
1436 4162 1511 4217 Τὸ
1539 4161 1597 4216 δὲ
1625 4161 1726 4229 τῆς
1755 4160 1881 4213 ὡδί-

308 4279 396 4326 νος
419 4262 591 4332 ὄνομα
640 4258 975 4331 παρέλαϐεν,
1021 4256 1361 4322 ἐνδείξασθαι
1404 4253 1730 4326 βουλόμενος
1760 4252 1880 4304 οἵαν

307 4354 499 4425 ὀδύνην
556 4353 652 4406 καὶ
677 4352 984 4422 δριμύτητα
1054 4349 1358 4419 πάσχουσιν
1411 4347 1462 4402 οἱ
1509 4345 1601 4400 τὸν
1649 4343 1879 4416 πλησίον

1993 4364 2091 4420 est,
2121 4353 2310 4410 volens
2354 4352 2650 4409 ostendere
2695 4351 2890 4423 quales
2922 4358 2980 4407 et
3011 4365 3175 4420 quam
3209 4349 3437 4406 acerbos
3464 4349 3565 4404 do-
3674 4343 3677 4346 ’

309 4451 563 4519 ἀδικῆσαι
588 4449 975 4519 σκεπτόμενον
1031 4446 1368 4518 πληροῦνται
1399 4447 1510 4516 γὰρ
1540 4444 1738 4515 θυμοῦ,
1764 4444 1883 4497 δια-

308 4545 601 4603 κόπτονται
650 4543 757 4596 ὑπὸ
803 4540 1000 4610 ὀργῆς,
1031 4540 1388 4612 λυμαίνονται
1434 4539 1548 4601 τοῖς
1576 4538 1883 4611 λογισμοϊς,

309 4634 458 4697 ὀδοὺς
506 4633 765 4704 ἔρχονται
814 4631 1038 4702 μυρίας,
1078 4629 1396 4699 φοϐοῦνται,
1434 4612 1755 4696 ’ἀγωνιῶσα
1789 4627 1885 4689 καὶ

311 4726 445 4788 ὅλως
472 4727 534 4779 οὐ
563 4725 791 4796 φέρουσι
823 4724 924 4788 τὰς
961 4722 1221 4786 τοιαύτας
1247 4723 1542 4792 μάστιγας,
1575 4719 1706 4790 πρὶν
1744 4719 1884 4787 ἀγά-

312 4835 478 4883 γωσιν
521 4819 601 4881 τίς
652 4817 814 4887 ἔργον
854 4816 1037 4887 μόνον,
1083 4814 1275 4869 είπκαὶ
1318 4811 1457 4883 μηδὲ
1516 4812 1657 4883 μετὰ
1689 4811 1886 4881 πρᾶξιν

311 4908 718 4979 ἐλευθεροῦνται
742 4908 842 4978 τῆς
864 4907 975 4960 άπὸ
1006 4904 1100 4959 τοῦ
1124 4903 1428 4967 συνειδότος
1461 4900 1882 4979 καταχνῴσεως.

309 5000 483 5053 Ὅπου
534 4999 720 5053 τοίνυν
775 5000 809 5068 ὴ
859 4992 1053 5070 Γραφὴ
1099 4980 1341 5068 βουληθῇ
1368 4992 1884 5066 ἀφόρητονρδύνην

308 5089 669 5154 ἐνδείξασθαι,
710 5087 789 5159 τῷ
825 5089 926 5158 τῆς
957 5087 1181 5156 ὀδύνης
1212 5082 1460 5157 ’ὀνόματι
1491 5072 1886 5165 «domum.

308 5180 526 5247 γράφει.
569 5179 780 5248 Ὀδύνη
805 5180 907 5251 μὲν
930 5177 1047 5246 οῦν,
1083 5181 1149 5233 ὲκ
1180 5176 1276 5232 τοῦ
1298 5165 1579 5242 οἰδαίνειν,
1606 5161 1886 5252 τουῆστιᾷο

307 5274 528 5336 αὔξειν·
560 5273 623 5326 τὸ
649 5271 761 5341 γὰρ
809 5271 1010 5343 βρέφος
1053 5268 1359 5334 τελειωθὲν,
1402 5267 1589 5345 οὐκέτι
1632 5257 1880 5341 φορητὸν

1998 1762 2113 1816 dini
2144 1761 2612 1817 condescendens.
2643 1761 2753 1815 Hac
2780 1762 2993 1816 ratione
3013 1759 3248 1831 gladium
3285 1758 3450 1815 Deum
3479 1759 3577 1812 lia-

1994 1851 2125 1908 bere
2152 1852 2303 1916 dicit,
2335 1867 2634 1921 arcumque
2658 1860 2713 1906 et
2749 1851 3006 1922 sagittas,
3040 1859 3205 1919 atque
3238 1850 3345 1903 alia
3383 1848 3575 1903 bellica

1994 1945 2360 1999 instrumenta
2393 1962 2407 1999 :
2445 1942 2790 2012 nitidareque
2812 1957 2936 1998 eum
2969 1951 3021 1997 et
3043 1940 3291 2004 tendere,
3325 1946 3383 1994 ut
3415 1939 3575 1994 audi-

1996 2036 2207 2089 tmibus
2232 2035 2485 2089 timorem
2525 2044 2770 2102 augeret,
2804 2041 2857 2087 et
2893 2047 2987 2103 per
3023 2042 3149 2086 nota
3197 2031 3280 2086 eis
3325 2031 3572 2090 nomina.

1996 2124 2261 2194 lapideam
2288 2139 2479 2179 eorum
2511 2134 2746 2178 mentem
2781 2130 3099 2177 concuteret
3129 2137 3142 2173 :
3176 2136 3358 2174 verum
3383 2120 3575 2187 hujus-

1998 2217 2143 2269 modi
2177 2216 2346 2270 armis
2376 2231 2485 2269 non
2520 2213 2749 2284 indiget,
2780 2214 2872 2283 qui
2899 2222 3119 2283 aspectu
3157 2212 3271 2267 solo
3304 2210 3433 2265 facit
3464 2219 3576 2264 ter-

1992 2324 2108 2361 ram
2156 2317 2416 2372 tremere,
2475 2308 2529 2360 in
2576 2322 2739 2360 manu
2776 2304 2937 2379 cuius
2983 2313 3066 2358 est
3110 2302 3291 2357 omnis
3321 2301 3572 2368 spiritus,

1995 2398 2087 2468 qui
2117 2397 2280 2452 etiam
2318 2405 2532 2453 montes
2561 2394 2812 2449 dissolvit
2847 2395 2900 2449 in
2940 2394 3258 2448 fortitudine
3284 2407 3406 2456 sua,
3448 2407 3571 2446 om-

1994 2489 2192 2559 niaque
2224 2487 2328 2541 alia
2361 2487 2486 2541 facit
2528 2502 2865 2556 quaecunque
2895 2488 2962 2542 de
2984 2487 3105 2557 ejus
3132 2485 3371 2554 potentia
3398 2483 3572 2539 divini

1994 2578 2459 2648 contemplatores
2488 2577 2857 2633 tradiderunt.

2064 2690 2306 2763 Sagitlas
2363 2708 2488 2745 sua:
2536 2689 2846 2746 ardentibus
2886 2691 3082 2760 eiecit.
3131 2689 3209 2744 Ετ
3254 2688 3344 2746 his
3392 2687 3575 2744 verbis

1992 2785 2195 2854 probos
2241 2784 2490 2839 homines
2541 2784 2881 2839 consolatur.
2914 2781 3117 2838 Pmnas
3150 2782 3320 2844 enim,
3370 2778 3571 2847 inquit,

1996 2874 2125 2931 fecit
2171 2874 2315 2930 Deus
2369 2882 2590 2944 prepter
2630 2889 2728 2929 eos
2782 2874 2874 2943 qui
2916 2873 3133 2930 scelesti
3175 2881 3303 2927 sunt
3349 2886 3417 2926 ac
3462 2869 3576 2926 Deo

1997 2966 2231 3037 indigni.
2260 2967 2544 3020 Ardentes
2582 2966 2726 3019 enim
2781 2963 3075 3033 appellavit
3115 2976 3233 3026 eos.
3277 2962 3372 3031 qui
3423 2960 3574 3016 omni

1999 3072 2230 3129 prorsus
2278 3066 2466 3111 carent
2511 3056 2733 3110 virtutis
2780 3055 3059 3109 humore:
3102 3054 3196 3124 qui
3248 3053 3385 3108 adeo
3434 3052 3571 3108 sicci

1998 3155 2127 3203 sunt
2171 3146 2235 3199 ad
2271 3145 2605 3215 operandam
2645 3144 2868 3215 aliquod
2912 3145 3140 3211 bonum,
3188 3152 3249 3197 ut
3305 3142 3466 3197 facile
3503 3141 3572 3198 ab

1997 3238 2122 3309 igne
2155 3251 2439 3307 poenarum
2475 3235 2840 3290 incendantur
2874 3253 2887 3289 :
2921 3234 3014 3305 qui
3040 3235 3205 3289 etiam
3229 3234 3340 3303 jam
3378 3232 3573 3287 ardere

1995 3327 2104 3383 dici
2159 3335 2410 3397 possunt,
2458 3343 2522 3381 ea
2578 3328 2810 3388 ratione.
2862 3328 2991 3397 quia
3023 3341 3181 3397 paena
3215 3326 3302 3379 illa
3325 3325 3437 3396 jam
3473 3340 3571 3381 eos

1995 3427 2204 3473 manet.
2237 3419 2303 3474 Et
2360 3419 2541 3485 aliter,
2590 3418 2927 3478 Ardentibus.
2958 3419 3080 3490 igne
3113 3417 3329 3473 scilicet
3360 3417 3572 3487 passio-

1994 3526 2147 3576 num,
2200 3511 2314 3575 irte,
2351 3510 2671 3580 voluptatis,
2701 3510 2966 3572 avaritiae.
3000 3519 3057 3564 et
3102 3509 3388 3566 similium.
3432 3507 3568 3562 Cum

1995 3611 2176 3656 autem
2210 3601 2597 3656 multiformem
2635 3599 2725 3656 Dei
2762 3602 2895 3656 iram
2922 3601 3298 3671 descripserit,
3337 3611 3570 3668 eamque

1992 3693 2175 3763 pravis
2198 3693 2513 3750 hominibus
2543 3694 2832 3750 imminere
2863 3693 3172 3755 tradiderit,
3205 3691 3385 3746 erudit
3418 3699 3571 3759 post-

1995 3784 2244 3849 modum,
2305 3792 2359 3837 et
2417 3786 2578 3840 docet
2627 3799 2787 3839 nosa
2836 3783 3196 3855 praesentibus
3250 3782 3458 3837 rebus:
3512 3790 3570 3838 et

1986 3889 2298 3930 St‘l‘lllOllem
2335 3875 2400 3927 ad
2435 3875 2765 3928 Absalonem
2799 3875 3095 3928 convertit.

2057 3983 2223 4040 Vens.
2263 3985 2347 4040 l5.
2385 3984 2516 4040 Ecce
2543 3985 2794 4055 parturiit
2821 3985 3163 4051 iniustitiam.
3186 3983 3358 4039 Filius
3388 3998 3563 4049 meus,

1987 4077 2190 4149 inquit,
2226 4077 2403 4133 factus
2435 4087 2519 4132 est
2563 4075 2849 4147 iujustitiae
2880 4075 3162 4147 gravidus,
3196 4091 3320 4130 cum
3355 4074 3562 4143 injuste

1986 4170 2314 4242 cogitaverit
2347 4185 2433 4224 me
2477 4167 2547 4225 de
2572 4183 2637 4223 eo
2665 4182 2835 4237 regno
2865 4166 3158 4237 expellere,
3182 4166 3332 4237 quod
3366 4165 3498 4221 mihi
3533 4181 3564 4221 a

1985 4261 2098 4317 Deo
2125 4262 2315 4317 datum
2370 4268 2477 4316 est.
2515 4259 2906 4315 Parturitionis
2939 4267 3118 4313 autem
3156 4258 3380 4314 nomine
3434 4272 3568 4314 usus

1985 4447 2133 4502 lores
2165 4447 2201 4501 ii
2238 4447 2538 4516 patiantur,
2585 4445 2680 4516 qui
2728 4446 3010 4515 proximos
3045 4456 3178 4497 suos
3220 4440 3419 4511 injuria
3448 4440 3562 4495 alli-

1984 4553 2112 4595 cere
2156 4538 2409 4605 student;
2470 4537 2765 4609 implentur
2818 4535 3088 4606 siquidem
3145 4534 3564 4603 indignatione,
3618 4571 3640 4591 .

1983 4628 2463 4707 interrumpuntut:
2495 4627 2564 4682 ab
2598 4629 2679 4682 ira
2710 4667 2727 4692 ,
2774 4626 3198 4695 cogitationibus
3248 4625 3565 4690 tabescunt,

1986 4732 2084 4788 per
2128 4717 2447 4773 innumeras
2496 4716 2781 4770 ambulant
2822 4716 2963 4780 vias,
3001 4715 3199 4770 timore
3231 4714 3573 4777 adiciuntur,

1987 4809 2046 4868 in
2087 4806 2359 4879 angustiis
2390 4817 2730 4876 permanent.
2770 4805 3095 4875 Huiusmodi
3140 4814 3321 4860 autem
3356 4805 3569 4875 ﬂagella

1989 4882 2518 4975 stltstinere‘omtiino
2544 4908 2847 4968 nequeunt,
2863 4898 3036 4953 donec
3060 4898 3419 4969 cogitationes
3439 4912 3568 4953 snas

1988 4989 2044 5044 in
2093 5005 2231 5060 opus
2262 5005 2369 5045 non
2394 4989 2719 5046 deduxerint
2755 5006 2771 5044 :
2810 4988 3029 5044 tametsi
3078 4996 3264 5059 postea
3296 5004 3404 5044 non
3428 4989 3571 5045 libe-

1985 5093 2177 5137 rentur
2216 5096 2247 5135 a
2275 5079 2564 5144 sententia,
2587 5089 2753 5150 atque
2781 5095 2812 5136 a
2842 5079 3302 5135 condemnatione
3329 5079 3566 5151 pr0pria:

1986 5172 2361 5230 conscientiae.
2388 5156 2810 5243 Quanddigitpr
2838 5169 3124 5243 Scriptura
3165 5168 3567 5225 intulerabilem

1986 5266 2224 5334 aliquem
2262 5262 2505 5319 dolorem
2527 5251 2662 5318 ‘vult
2693 5252 3024 5333 exprintere,
3056 5263 3206 5317 illum
3241 5261 3343 5317 sub
3369 5269 3565 5330 partu-

308 5362 534 5428 γίνεται.
563 5363 674 5418 Καὶ
697 5361 788 5416 διὰ
807 5360 969 5415 τοῦτο
997 5359 1236 5431 σφοδρὰς
1258 5359 1451 5422 ὀδύνας
1479 5356 1716 5428 ἐμποιεῖ,
1742 5357 1879 5426 πρὸς

1993 5354 2195 5410 ritionis
2253 5352 2475 5409 nomine
2537 5353 2809 5421 describit
2856 5352 3019 5426 [quo
3093 5350 3315 5406 nomine
3346 5356 3351 5363 ‘
3383 5347 3567 5404 Cra-ci

311 5449 481 5516 ἔξοδον
504 5452 890 5523 ἐπειγόμενον.
922 5450 1211 5504 Δείκνυται
1244 5448 1303 5503 δὲ
1353 5446 1615 5515 ἐνταῦθα,
1640 5441 1739 5532 ,ὅτι
1760 5445 1881 5532 ,ρὺὶς

1982 5445 2261 5534 praecipue
2288 5434 2657 5523 .l'requcptius.
2687 5453 2919 5507 utuntur
2959 5460 3056 5514 pro
3114 5441 3324 5510 dolore,
3373 5452 3572 5511 partu-

1650 5588 2209 5697 Var'ieé'lectiones.

383 5711 490 5777 (38)
546 5712 736 5771 Graece
795 5711 1015 5783 ὀξύτης,
1078 5725 1169 5780 per
1208 5707 1529 5765 celeritatem
1562 5744 1577 5774 ,
1635 5719 1735 5778 pro
1779 5710 1909 5778 quo
1936 5704 2382 5778 Satilu's'legis'sc
2418 5702 2630 5760 videtur
2658 5703 2828 5772 τόξον,
2855 5719 3062 5760 arcum.

3484 317 3586 382 126
3678 392 3690 403 ο
