4082 6212
484 279 584 345 127

480 400 721 451 ritionem
781 397 972 468 ὀδύνην
1004 400 1368 473 appellantes]
1398 416 1427 455 a
1470 401 1637 457 verbo
1663 402 1881 455 οἰδαίνω
1908 403 2047 457 idem

481 495 701 560 proprie
719 493 1057 561 significante
1081 492 1226 560 quod
1258 504 1430 548 tumea
1451 510 1545 549 seu
1575 510 1815 563 augesco.
1833 494 2048 548 Etenim

1664 288 1976 349 EUTIIYM
1992 289 2046 346 [ῐ
2086 282 2258 345 ZlG.~\
2272 287 2447 345 BENI

3629 282 3727 343 1‘23

2157 402 2395 473 ἔμφυτός
2430 404 2577 455 ἐστιν
2631 404 2663 471 ἡ
2708 398 2874 453 κακία
2898 440 2913 464 ,
2962 397 3075 451 ἀλλ’
3100 398 3296 463 ἔξωθεν
3326 399 3730 471 ἐμπειρομένη,

2158 496 2251 548 καὶ
2283 495 2577 565 αὐξομένη,
2606 496 2699 547 καί
2729 493 2881 546 ὠδῖσι
2918 491 3343 563 περιϐάλλουσα.

480 599 604 636 cum
636 583 817 637 infans
891 585 942 638 iu
1021 587 1212 641 matris
1253 599 1409 641 utero
1476 588 1752 657 perfectus
1802 595 1908 652 est,
1958 598 2013 643 et
2057 598 2275 654 auctus,
2333 592 2570 659 amplius
2627 590 2758 643 ferri
2810 606 2918 644 non
2974 596 3203 659 potest:
3268 588 3412 642 unde
3459 590 3729 644 maximus

483 672 643 724 efﬁcit
688 672 923 737 dolores,
961 691 1080 727 cum
1117 678 1180 729 ad
1226 679 1430 731 exitum
1481 677 1723 731 festinet.
1776 677 1880 731 Per
1937 680 2052 735 haec
2093 691 2275 736 autem
2322 685 2655 744 ostenditur,
2698 682 2826 734 vitia
2887 682 2939 734 in
2993 682 3153 736 nobis
3228 682 3551 735 naturaliter
3621 697 3731 734 uon

483 776 605 814 esse
630 765 1023 832 complantata,
1062 771 1155 823 sed
1180 769 1385 823 deforis
1408 770 1568 823 insita
1603 785 1747 837 esse,
1783 781 1837 825 et
1861 789 2051 840 graves
2092 781 2276 844 postea
2310 775 2526 831 dolores
2568 775 2886 845 producere.

559 854 806 923 Concepit
836 858 1063 911 laborem
1095 869 1145 913 et
1183 863 1376 930 peperit
1412 863 1760 929 iniquitatem.
1793 866 1954 935 Atqui
1993 866 2047 920 in

2222 869 2525 923 Συνέλαόε
2556 870 2767 931 πόνον,
2815 868 2911 921 καὶ
2941 868 3145 922 ἔτεκεν
3167 868 3442 936 ἀνομίαν.
3481 868 3589 921 Καὶ
3624 870 3732 939 μὴν

488 944 609 997 aliis
644 945 843 1001 fetibus
884 950 1121 1017 primum
1158 952 1447 1022 conceptio
1487 964 1591 1017 est,
1616 963 1671 1009 et
1701 954 1897 1009 deinde
1927 972 2054 1025 par-

487 1036 678 1089 turitio
730 1040 1104 1108 consequitur,
1167 1052 1331 1097 aucto
1374 1059 1435 1097 ac
1498 1046 1743 1115 perfecto
1798 1048 2051 1107 infante:

487 1144 671 1183 verum
727 1130 779 1184 id
817 1133 895 1187 sic
920 1147 979 1186 se
1020 1134 1200 1198 lrabet.
1242 1137 1460 1204 quando
1506 1138 1573 1193 de
1603 1142 1963 1210 conceptione
2002 1152 2056 1198 et

485 1221 852 1288 parturitione
900 1225 989 1279 illa
1024 1226 1323 1296 loquimur,
1362 1246 1483 1299 qua:
1522 1232 1575 1285 in
1620 1248 1730 1287 uno
1767 1246 1930 1301 atque
1959 1252 2056 1290 eo-

487 1312 605 1394 dem
633 1312 741 1367 fetu
766 1316 1031 1386 contingit
1061 1336 1073 1371 :
1101 1334 1245 1373 nunc
1270 1329 1452 1375 autem
1481 1322 1548 1377 de
1588 1324 1821 1381 diversis
1856 1327 2057 1383 fetibus

488 1410 571 1455 est
594 1419 795 1459 sermo.
822 1406 1006 1460 Primo
1029 1410 1170 1463 enim
1209 1412 1538 1469 Absalonem
1573 1415 1706 1469 dicit
1732 1420 2057 1485 parturiisse

489 1492 839 1562 injustitiam.
882 1499 1077 1554 deinde
1109 1516 1234 1556 cum
1265 1504 1333 1557 ab
1372 1520 1433 1559 ea
1463 1507 1602 1561 male
1632 1506 1855 1563 aﬂ‘ectus
1886 1521 2055 1575 esset,

490 1594 601 1638 tttm
631 1588 701 1641 ob
732 1589 969 1645 rationes
993 1591 1104 1660 jam
1157 1593 1354 1657 dictas,
1394 1606 1507 1651 tum
1550 1599 1713 1653 etiam
1768 1602 1896 1670 quia
1932 1602 2057 1656 ido-

490 1690 652 1730 neum
678 1686 894 1749 tempus
928 1683 990 1737 ad
1021 1687 1282 1752 patranda
1310 1689 1515 1743 scelera
1549 1690 1792 1745 nondum
1818 1693 2059 1748 invenis-

491 1776 592 1832 set,
623 1773 944 1840 concepisse
969 1788 1092 1829 eum
1141 1790 1326 1831 narrat
1357 1780 1619 1843 laborem,
1674 1783 1774 1835 hoc
1806 1794 1889 1836 est
1935 1800 2060 1838 cor-

491 1860 641 1927 poris
694 1860 973 1931 dolorem;
1038 1882 1160 1920 nam
1222 1869 1267 1923 si
1320 1870 1537 1925 animus
1591 1873 2059 1931 sollicitudinibus

493 1956 835 2019 torqueatur,
863 1957 993 2026 ipsa:
1012 1959 1172 2012 etiam
1206 1963 1452 2031 corporis
1482 1966 1920 2021 vircsdeflciunt.
1943 1968 2061 2023 Non

492 2051 702 2096 tantum
735 2047 901 2114 igitur
931 2050 1099 2103 animi
1150 2067 1386 2108 maerore
1428 2056 1664 2110 Ahsalon
1697 2058 2060 2125 detinebatur,

490 2136 585 2186 sed
621 2135 674 2188 in
699 2142 949 2207 corporis
984 2144 1148 2196 etiam
1176 2145 1396 2201 dolores
1433 2148 1722 2215 inciderat,
1748 2151 1919 2206 donec
1962 2153 2064 2207 ini-

2156 960 2249 1013 ἐπὶ
2287 960 2396 1012 τῶν
2455 960 2698 1030 έμὸρίων
2746 962 2965 1030 πρῶτον
3005 958 3286 1028 σύλληψις,
3338 960 3528 1012 ἔπειτα
3578 959 3729 1024 ὠδὶς,

2153 1050 2250 1103 τοῦ
2288 1050 2521 1120 βρέφους
2549 1051 2938 1121 αὐξανομένου·
2968 1051 3082 1104 ἀλλ’
3116 1052 3231 1103 ἐκεῖ
3268 1051 3387 1118 μὲν,
3426 1051 3561 1119 πρὸς
3599 1051 3732 1104 αὐτὸ

2155 1144 2215 1196 τὸ
2255 1143 2481 1213 ἔμϐριον
2508 1142 2770 1214 σύλληψις
2805 1143 3047 1210 λέγεται,
3078 1143 3170 1195 καὶ
3199 1142 3347 1204 ὠδίςθ
3375 1141 3610 1194 ἐνταῦθα
3648 1141 3729 1204 δὲ,

2156 1235 2292 1305 πρὸς
2323 1235 2450 1289 ἄλλο
2484 1236 2577 1288 καὶ
2610 1235 2756 1290 ἄλλο.
2807 1236 3090 1303 Ὀδινήσας
3119 1234 3352 1303 γὰρ.τὴν
3380 1234 3614 1295 ἀδικίαν,
3638 1236 3734 1286 καὶ

2156 1327 2411 1398 χαλεπῶς
2441 1328 2534 1380 ὑπ’
2561 1328 2731 1398 αὐτῆς
2772 1327 3061 1391 διατεθεὶς,
3094 1326 3184 1379 διά
3224 1344 3283 1378 τε
3331 1326 3427 1388 τὰς
3470 1343 3734 1396 προειρη-

2161 1419 2330 1489 μένας
2369 1421 2569 1482 αἰτίας,
2598 1419 2693 1472 καὶ
2728 1420 2789 1471 τὸ
2820 1419 2986 1489 μήπω
3018 1418 3209 1487 καιρὸν
3235 1416 3510 1486 εὑρίσκειν
3540 1420 3733 1486 ἐπιτή-

2157 1512 2320 1574 δειον,
2354 1510 2612 1563 συνέλαϐε
2657 1510 2841 1577 πόνον,
2877 1511 3044 1581 ἤγουν
3077 1509 3380 1579 προσέλαϐε
3420 1510 3732 1576 σωματικὸν

2158 1603 2343 1672 ἄλγος⁹
2376 1603 2836 1672 κατατεινομένης
2862 1603 2967 1672 γὰρ
2994 1601 3093 1671 τῆς
3124 1600 3324 1671 ψυχῆς,
3358 1602 3449 1653 καὶ
3478 1600 3585 1652 ’τοῦ
3625 1600 3735 1652 σώ-

2161 1712 2330 1763 ματος
2365 1693 2792 1747 καταϐάλλονται
2817 1693 3096 1763 δυνάμεις.
3139 1694 3215 1745 Ού
3253 1694 3413 1761 μόνον
3443 1692 3535 1744 οὖν
3570 1692 3737 1762 ὀδυνᾷ

2158 1789 2218 1841 τὸ
2269 1787 2411 1840 κατὰ
2458 1788 2657 1856 ψυχὴν,
2716 1785 2852 1839 ἀλλὰ
2903 1788 2997 1839 καὶ
3062 1786 3396 1853 σωματικοῖς
3453 1785 3735 1853 ἀλγήμασι

2163 1877 2542 1944 περιέπιπτεν,
2566 1876 2671 1939 ’έιυς
2705 1870 2764 1928 οὗ
2787 1874 2886 1943 τὴν
2906 1874 3136 1942 ἀνομίαν
3166 1874 3476 1943 ἐγέννησεν.
3504 1875 3735 1940 Ἀτιμον

2161 1965 2270 2034 γὰρ
2299 1966 2467 2029 ὅντως
2492 1968 2758 2034 ἀτιμάσαι
2791 1966 2881 2018 τὸν
2911 1965 3149 2036 πατέρι,
3177 1966 3269 2018 καὶ
3300 1965 3509 2029 διῶξαι,
3546 1968 3737 2035 μιᾶναι

2160 2057 2259 2119 τὰς
2286 2056 2451 2109 αὐτοῦ
2505 2056 2812 2120 παλλακάς.
2866 2058 3025 2119 Τινὲς
3074 2057 3130 2110 δὲ
3172 2057 3271 2126 τὴν
3320 2057 3737 2127 ἐπιτομωτέραν

2163 2146 2467 2218 ἑρμηνείαν
2522 2148 2932 2217 ἀποδεχόμενοι,
2989 2148 3153 2200 ὠδῖνα
3212 2147 3308 2217 μὲν
3367 2147 3599 2200 ἐνταῦθα
3650 2146 3738 2200 λέ-

491 2227 757 2292 qnitatem
788 2235 1015 2301 peperit.
1050 2234 1225 2293 Porro
1251 2239 1382 2293 illttd
1416 2240 1661 2311 iniquum
1691 2244 1789 2298 fuit
1829 2245 2063 2301 inhono-

2167 2258 2342 2309 γουσι,
2372 2241 2469 2308 τὴν
2499 2239 2729 2293 ἔννοιαν·
2771 2238 3032 2308 σύλληψιν
3060 2240 3136 2302 δὲ,
3161 2239 3258 2308 τὴν
3302 2238 3491 2292 στάσιν
3525 2239 3623 2306 τῆς
3652 2239 3740 2290 ὲν-

490 2331 616 2373 rare
646 2335 707 2374 ac
734 2327 985 2393 persequi
1024 2336 1261 2395 patrem,
1294 2339 1348 2383 et
1392 2332 1536 2387 illius
1569 2335 1797 2402 pellices
1831 2338 2054 2393 violare.

490 2407 719 2473 Quidam
758 2430 885 2468 vero
916 2417 1220 2473 breviorem
1260 2423 1659 2491 expositionem
1702 2427 1900 2492 secuti,
1930 2444 2055 2497 par-

492 2501 717 2557 turiisse
746 2519 1025 2575 exponunt
1051 2525 1149 2578 pro
1184 2514 1475 2581 cogitasse.
1512 2515 1615 2569 Per
1642 2520 2053 2588 conceptionem

495 2606 621 2645 vero
656 2600 1082 2653 constantiorem
1126 2602 1270 2657 illam
1309 2607 1614 2675 tyrannidis
1649 2610 2053 2665 meditationem

2165 2335 2313 2396 νοίας
2343 2333 2447 2401 τῆς
2469 2332 2798 2403 τυραννίδος.
2820 2335 2889 2385 Ἦ
2919 2334 3012 2385 καὶ
3034 2334 3115 2386 ὅτι
3142 2332 3424 2399 ὁδυνήσας,
3451 2334 3543 2383 καὶ
3568 2329 3739 2382 πολλά

2167 2424 2355 2478 παθὼν
2388 2425 2491 2478 ὑπὸ
2521 2424 2672 2477 τοῦδε
2708 2422 3005 2490 λογισμοῦ,
3042 2424 3138 2476 καὶ
3178 2424 3254 2493 μὴ
3291 2421 3551 2488 ἐνεγκὼν,
3588 2420 3739 2472 συνέο

2163 2517 2295 2571 λα6ε
2329 2516 2491 2569 πάλιν
2520 2517 2707 2585 ἕτερον
2740 2516 2854 2584 ('59)
2897 2517 3028 2584 περὶ
3054 2515 3145 2566 τοῦ
3178 2513 3341 2567 αὑτοῦ
3385 2514 3738 2583 πράγματος,

2162 2608 2221 2671 ὃς
2253 2608 2346 2661 καὶ
2376 2607 2539 2670 αὐτὸς
2570 2608 2791 2676 γέγονεν
2822 2606 3137 2669 αὒτὸπονος,
3176 2606 3269 2658 καὶ
3320 2604 3549 2673 δευτέρα
3584 2604 3738 2668 tas-1;,

492 2682 824 2753 intelligunt.
855 2688 949 2744 Vel
984 2693 1179 2750 aliter:
1228 2697 1364 2752 Cum
1400 2700 1639 2756 Absalon
1672 2706 1912 2773 graviter
1942 2704 2128 2758 animo
2154 2710 2469 2773 angeretur,
2494 2710 2547 2756 et
2576 2704 2744 2756 tnulta
2799 2715 2996 2771 passus
3062 2708 3211 2755 esset
3259 2708 3477 2769 prOpter
3545 2698 3740 2765 hujus-

496 2775 641 2828 tnodi
688 2781 1072 2848 cogitationes,
1124 2802 1225 2841 nec
1281 2793 1461 2844 tamen
1503 2795 1684 2849 adhuc
1724 2797 2057 2867 quiesceret,
2101 2795 2353 2866 concepit
2385 2810 2578 2850 rursus
2604 2795 2771 2848 alium
2800 2795 3042 2848 dolorem
3067 2794 3310 2846 eamdem
3365 2792 3436 2845 ob
3489 2806 3739 2844 causam.

493 2870 589 2938 qui
632 2873 772 2928 alius
799 2876 846 2929 ei
895 2879 995 2933 fuit
1033 2881 1206 2949 labor,
1240 2896 1293 2940 et
1325 2888 1461 2943 alius
1493 2891 1669 2955 dolor.
1700 2902 1753 2948 et
1788 2896 2060 2950 secundus
2101 2904 2309 2963 partus.

569 2964 734 3022 Vens.
771 2970 859 3025 16.
898 2971 1100 3028 Lacum
1143 2977 1276 3045 [odit
1306 2993 1350 3033 et
1387 2983 1577 3052 refodit
1612 3001 1751 3049 eum,
1788 2996 1836 3041 et
1876 2989 2064 3041 incidtt

495 3058 550 3109 in
578 3058 780 3126 foveam
817 3080 976 3128 quam
1009 3068 1151 3134 fecit.
1177 3068 1507 3139 Periculum,
1542 3075 1738 3146 inquit,
1772 3079 1901 3133 mihi
1931 3096 2067 3150 prae-

497 3153 727 3219 paravit,
759 3155 1094 3225 ctejusmodi
1119 3164 1442 3231 perieulum,
1472 3179 1530 3222 ut
1562 3169 1708 3224 abeo
1738 3171 1820 3224 vix
1850 3187 2063 3241 possem

503 3241 724 3296 liberari
762 3264 771 3296 :
833 3249 977 3316 quod
1014 3251 1177 3308 latius
1211 3257 1572 3315 similitudine
1617 3264 1914 3319 denotavit.
1964 3266 2069 3331 Qui

497 3335 642 3387 enim
680 3337 733 3390 in
766 3338 941 3394 lacum
980 3344 1192 3411 incidit,
1242 3349 1392 3405 illinc
1425 3354 1662 3423 amplius
1693 3354 1928 3425 eﬂugere
1959 3374 2064 3412 non

502 3434 679 3492 potest
715 3448 725 3481 :
764 3434 1038 3503 praecipue
1100 3439 1144 3493 si
1204 3441 1249 3494 is
1292 3442 1441 3498 lacus
1493 3461 1602 3499 non
1641 3448 1823 3502 fossus
1856 3457 2062 3502 tantum

503 3518 595 3580 sit,
628 3520 723 3573 sed
756 3524 1087 3592 refossus,et
1119 3531 1200 3586 his
1227 3543 1544 3598 evacuatus,
1573 3540 1642 3591 ita
1668 3548 1721 3589 ut
1746 3524 2066 3606 profundior

500 3610 592 3664 sit.
624 3612 943 3683 Httjusmodi
983 3627 1247 3681 adversus
1278 3644 1383 3693 me,
1435 3630 1625 3700 inquit.
1662 3634 1889 3689 insidias
1926 3635 2067 3690 filius

503 3715 657 3755 lucus
689 3708 907 3765 molitus
931 3723 1034 3777 est,
1063 3732 1182 3784 qua:
1214 3728 1380 3773 vastae
1412 3719 1571 3775 fossa:
1602 3725 1775 3776 instar
1799 3727 2066 3794 quoddam

504 3789 558 3842 in
611 3808 669 3848 se
711 3799 967 3853 vitiorum
1004 3805 1335 3871 profundum
1371 3809 1596 3875 habent,
1630 3820 1683 3865 et
1723 3789 2068 3868 mortiferum

2232 2985 2469 3040 Αιὶκκον
2500 2984 2710 3051 ὤρυξε,
2736 2983 2829 3035 καὶ
2855 2979 3204 3046 ἀνέσκαψεν
3223 2977 3427 3040 αὑτὸν,
3448 2977 3543 3030 καὶ
3559 2978 3740 3046 ἐμπε-

2165 3078 2356 3133 σεῖται
2374 3080 2461 3143 εις
2485 3076 2705 3144 βόθρον
2738 3074 2809 3128 ὃν
2826 3074 3163 3141 sim-derata.
3189 3072 3442 3135 Κίνδυνὸν
3460 3074 3555 3140 μοι
3578 3089 3737 3123 κατε-

2167 3171 2453 3229 σκεύασεν,
2481 3166 2574 3219 καλ.
2608 3166 2849 3218 κίνδυνον
2879 3163 3334 3216 δισαπάλλακτον.
3375 3162 3641 3231 Ἐδήλωσε
3677 3160 3733 3211 δὲ

2167 3262 2377 3323 τοῦτον,
2394 3259 2480 3311 διὰ
2508 3260 2605 3326 τῆς
2620 3256 2713 3310 τοῦ
2731 3257 2936 3309 λάκκου
2958 3256 3297 3326 ὁμοιότητος·
3314 3255 3387 3315 ὠς
3403 3253 3510 3320 γὰρ
3534 3255 3740 3313 ἐκεῖνος

2167 3354 2280 3404 τοῖς
2306 3350 2726 3419 ὲμπεπτωκόσιν
2757 3349 2995 3417 ἄφυκτος
3026 3350 3164 3411 ἐστι,
3204 3349 3297 3400 καὶ
3332 3344 3533 3415 μᾶλλον
3566 3343 3619 3395 εί
3656 3360 3741 3403 τις

2169 3445 2333 3497 αὑτὸν
2365 3441 2691 3510 ἀνασκάψει,
2746 3441 2992 3493 τουτέστι
3039 3440 3235 3503 δισσῶς
3259 3440 3439 3509 ὁρύξει
3488 3437 3622 3506 πρὸς
3679 3436 3741 3487 τὸ

2173 3537 2491 3608 βαθύτερον,
2524 3536 2694 3599 οὕτως
2741 3536 2832 3589 καὶ
2859 3534 2893 3588 ἃ
2926 3533 3045 3586 κατ’
3098 3533 3232 3601 ἐμοῦ
3263 3530 3667 3584 κατεσκεύασεν
3713 3529 3741 3579 ὁ

2172 3628 2545 3700 πατραλοίας,
2600 3628 2759 3697 βάθος
2818 3627 3082 3697 πονηρίας
3132 3624 3351 3695 έχουσι,
3402 3624 3495 3675 καὶ
3543 3621 3744 3673 κύκλον

2174 3718 2571 3787 Θανατηφόρον’
2613 3717 2728 3771 ἀλλ’
2768 3717 2928 3779 αὐτὸς
2980 3718 3302 3783 ἐμπεσεῖται
3353 3712 3429 3783 τῷ
3471 3711 3740 3780 κινδύνῳ,

2174 3816 2271 3867 καὶ
2302 3812 2419 3868 ἀνθ’
2452 3808 2527 3866 ὧν
2552 3814 2651 3882 ἐμὲ
2684 3810 2969 3864 συλλαϐεῖν
2997 3811 3282 3862 ἔσπευσεν.

504 3883 814 3947 circuitum.
888 3894 1085 3951 Verum
1165 3900 1256 3955 ille
1312 3900 1365 3955 in
1420 3903 1722 3971 periculum
1769 3905 1946 3973 ipsum
2004 3908 2135 3963 mihi
2177 3908 2511 3962 destinatum
2564 3905 2802 3969 decidet,
2842 3914 2895 3958 et
2941 3901 3459 3973 comprehendetur,
3499 3898 3553 3952 in
3608 3911 3747 3967 pra:-

506 3976 670 4031 mium
715 3997 903 4038 eormn
937 4004 1057 4057 quae
1110 3992 1371 4047 adversus
1410 4010 1497 4049 me
1545 3998 1721 4050 moliri
1772 4013 2051 4069 nunquam
2090 4001 2351 4055 cessavit.

580 4071 745 4129 Vens.
789 4079 876 4137 17.
925 4080 1266 4139 Convertetur
1302 4088 1455 4141 labor
1482 4092 1596 4157 ejus
1638 4091 1691 4144 in
1733 4101 1889 4158 caput
1930 4093 2069 4161 ejus.

507 4169 755 4237 Utraque
810 4172 923 4227 hmc
983 4177 1159 4245 reipsa
1218 4179 1292 4231 illi
1336 4182 1718 4249 contigerunt;
1774 4184 1889 4252 ipse
1929 4188 2073 4241 enim

509 4261 744 4317 Absalon
814 4266 865 4318 in
918 4268 1219 4334 periculum
1279 4270 1508 4337 incidit,
1562 4281 1617 4327 et
1663 4276 1781 4344 ejus
1835 4278 2074 4334 studium

507 4358 728 4410 tandem
756 4358 809 4410 in
842 4358 1013 4425 ipsius
1038 4369 1197 4428 caput
1231 4363 1534 4416 revolutum
1567 4376 1667 4420 est.
1698 4366 1832 4422 Nam
1860 4384 1983 4425 cum
2023 4374 2074 4427 in

509 4449 681 4501 aciem
743 4451 939 4505 milites
983 4453 1299 4509 hortaturus
1333 4455 1634 4520 festinaret,
1673 4459 1816 4515 inter
1849 4478 2074 4518 curren-

430 4566 435 4571 -
507 4537 638 4588 dum
695 4552 836 4605 equo
885 4550 1309 4610 prmtervectus,
1352 4548 1576 4602 caesarie
1646 4564 1798 4604 ramo
1862 4554 2076 4608 arboris

507 4627 834 4694 complicata
892 4646 1193 4701 suspensus
1244 4638 1548 4706 remansit;
1595 4657 1704 4710 quo
1743 4652 1899 4712 pacto
1922 4660 2078 4700 acer-

511 4716 630 4770 bam
662 4730 885 4776 mortem
914 4724 1191 4781 sustinuit.

583 4815 650 4867 Et
679 4817 733 4870 in
765 4820 1002 4874 verticem
1035 4823 1201 4891 ipsius
1231 4825 1494 4893 injustitia
1534 4826 1648 4893 ejus
1677 4828 1972 4884 descendet.
2013 4831 2070 4886 In

510 4922 632 4961 eum
667 4910 810 4964 enim
837 4912 1009 4967 irruet
1040 4914 1331 4982 injustitia,
1353 4933 1515 4986 quam
1542 4917 1595 4971 in
1622 4918 1758 4975 alios
1796 4920 2071 4977 tendebat.

511 5000 592 5053 Ab
624 5016 685 5055 ea
717 5011 897 5058 autem
926 5007 1171 5075 corporis
1192 5016 1342 5075 parte
1369 5024 1490 5077 qua:
1519 5019 1603 5063 est
1639 5012 1812 5081 magis
1834 5012 2074 5076 letltalis,

511 5100 687 5148 totum
770 5095 1043 5151 hominem
1115 5098 1464 5170 significavit,
1549 5102 1712 5156 veluti
1806 5111 1979 5157 totum
2045 5120 2076 5159 a

511 5197 683 5256 parte.
734 5187 799 5241 Et
844 5204 975 5243 sane
1016 5190 1090 5244 ita
1132 5202 1311 5247 actum
1357 5202 1475 5259 est;
1522 5210 1646 5249 nam
1699 5211 1822 5250 cum
1881 5196 2079 5250 bellant

510 5280 567 5334 in
608 5290 815 5348 patrem
846 5282 1161 5351 instrueret,
1189 5287 1301 5355 ipse
1333 5288 1385 5340 itt
1420 5302 1485 5341 eo
1520 5287 1619 5341 fuit
1644 5289 2023 5356 interemptus.

586 5372 749 5429 Vens.
791 5375 876 5431 18.
908 5377 1206 5444 Conﬁtebor
1233 5378 1455 5433 Domino
1486 5379 1768 5432 secundum
1809 5379 2081 5446 justitiam

513 5465 649 5531 ejus.
693 5463 828 5534 Ego,
862 5466 1065 5537 inquit,
1114 5477 1237 5535 post
1297 5466 1609 5536 ltujusmodi
1672 5466 1795 5521 belli
1847 5469 2078 5531 exitum,

514 5556 717 5624 gratias
750 5558 859 5613 Deo
884 5575 1039 5627 agam
1072 5561 1137 5614 de
1164 5560 1312 5628 justo
1346 5558 1465 5627 ejus
1496 5558 1725 5627 judicio.

2254 4096 2636 4163 Ἐπιστρέψει
2668 4097 2701 4149 δ
2740 4094 2929 4157 πόνος
2969 4089 3155 4144 αὐτοῦ
3184 4091 3271 4153 εις
3310 4084 3589 4155 κεφαλὴν
3635 4086 3749 4137 αὐ-

2171 4188 2298 4243 τοῦ.
2342 4190 2453 4241 Καὶ
2496 4188 2663 4257 ἄμφω
2700 4186 3077 4255 ἀποϐεϐήκασι
3103 4198 3117 4213 ⁸
3166 4181 3397 4249 κινδύνῳ
3424 4196 3483 4231 τε
3507 4178 3619 4247 γὶιρ
3650 4176 3750 4244 ἑμ-

2173 4281 2450 4342 πέπτωκε,
2481 4282 2573 4333 καὶ
2607 4279 2744 4333 κατὰ
2772 4277 3019 4343 κεφαλῆς
3040 4275 3207 4329 αὐτοῦ
3245 4273 3449 4334 καινῶς
3478 4273 3510 4337 ἠ
3546 4268 3749 4335 σπουδὴ

2175 4371 2340 4424 αὐτοῦ
2392 4371 2761 4442 περιετράπη.
2815 4368 3071 4422 Σπεύδων
3130 4368 3237 4437 γὰρ
3304 4361 3749 4433 παραθαρρύνειν

2175 4465 2266 4518 τὸν
2299 4465 2499 4517 οἰκεῖον
2533 4464 2590 4516 ὲν
2620 4463 2699 4532 τῷ
2729 4462 2952 4532 πολέμῳ
2980 4462 3131 4526 λαὸν,
3157 4460 3386 4520 κλάδους
3425 4455 3595 4524 φυτοῦ
3632 4452 3751 4503 δια-

2176 4558 2316 4610 θέων
2370 4557 2627 4626 ἕφιππος,
2678 4557 2776 4625 τὴν
2817 4557 2919 4626 τῆς
2962 4553 3207 4622 κεφαλῆς
3239 4550 3515 4615 ἐνεπλάκη
3547 4545 3747 4613 κόμην»

2180 4652 2275 4703 καὶ
2298 4650 2637 4721 κρεμασοεὶς
2665 4648 2773 4703 ἀπὸ
2806 4647 3008 4716 ταύτης
3038 4642 3273 4716 ἀνῃρέθη
3301 4640 3536 4711 πικρῶς.

2254 4824 2359 4878 Καὶ
2392 4822 2489 4877 ἐπὶ
2522 4820 2794 4890 κορυφὴν
2844 4819 3029 4873 αὐτοῦ
3059 4818 3097 4884 ἠ
3122 4816 3326 4871 ἀδικία
3353 4813 3542 4869 αὐτοῦ
3573 4828 3753 4866 κατα-

2183 4916 2457 4981 ϐήσεται.
2504 4914 2568 4967 'H
2600 4914 2785 4969 ἀδικία
2812 4908 2880 4984 ἧς
2920 4910 3251 4981 κατήρξατο,
3283 4909 3371 4962 ἐπ’
3393 4908 3555 4961 αὑτὸν
3581 4921 3753 4957 κατα-

2185 5007 2403 5075 σκήψει·
2434 5006 2540 5056 ἁπδ
2570 5004 2679 5075 γὰρ
2721 5002 2816 5057 τοῦ
2858 5006 3227 5076 καιριωτάτου
3265 5001 3465 5070 μέρους
3505 4996 3597 5050 τοῦ
3648 4994 3756 5048 ctis-

2189 5113 2379 5166 ματος,
2421 5097 2628 5149 ἐκεῖνον
2648 5095 2951 5165 ξὲδήλωσεν.
3002 5096 3109 5148 Καὶ
3149 5094 3331 5164 μέντοι
3367 5092 3462 5145 καὶ
3484 5089 3627 5142 οὕτω
3659 5089 3755 5156 γέ-

2184 5202 2333 5256 γονεο
2365 5188 2604 5255 πόλεμον
2652 5189 2762 5259 γὰρ
2799 5190 3179 5259 συγκροτήσας
3211 5185 3353 5240 κατὰ
3396 5183 3490 5238 τοῦ
3546 5180 3755 5252 πατρὸς

2184 5277 2371 5343 αὑτοῦ,
2404 5278 2645 5349 ἀνῃρέθη
2682 5279 2882 5349 μᾶλλον
2915 5281 3099 5343 αὐτός.

2263 5371 2809 5444 Ἐξομολογήσομαι
2838 5373 2917 5440 τῷ
2940 5376 3131 5442 Κυρίῳ
3147 5390 3295 5427 κατα
3314 5389 3430 5440 την
3446 5368 3756 5424 anatomi—

2182 5483 2299 5533 νην
2317 5465 2524 5522 αὑτοῦ.
2557 5466 2699 5535 Ἐγὼ
2713 5467 2790 5531 δὲ,
2811 5467 3052 5520 τοιοῦτον
3072 5466 3225 5529 τέλος
3236 5464 3507 5532 λαϐούσης
3529 5462 3630 5530 τῆς
3652 5459 3760 5528 μά-

2188 5556 2789 5629 χης,εὖχαριστήσω,τῷ
2807 5558 2925 5629 Θεῷ
2946 5560 3037 5613 ἐπὶ
3051 5560 3116 5629 τῇ
3145 5555 3331 5626 δικαία
3359 5554 3539 5627 κρίσει
3562 5550 3758 5607 αὑτοῦ.

1844 5651 2039 5713 Vat-ite
2073 5650 2403 5718 lectiones.

588 5747 702 5813 (59)
736 5750 977 5807 Sttbaudi
1008 5750 1189 5806 πόνον.
