4082 6212
309 353 408 421 ιξρ

377 465 484 522 Kal
533 464 715 534 ψαλῶ
759 463 843 531 τῷ
889 464 1140 534 ὀνόματι
1174 464 1400 532 Κυρίου
1444 463 1554 518 τοῦ
1594 463 1889 532 ὑψίστου.

1456 349 1851 413 COMMENT.
1882 351 1966 414 ΙΝ
2004 352 2371 416 PSALMOS.

3450 355 3552 418 130

2059 462 2132 518 Et
2185 464 2419 535 psallam
2483 468 2692 523 nomini
2759 470 2972 526 Domini
3020 471 3288 531 altissimi.
3343 475 3549 532 Canam

311 560 456 631 ᾏσω
485 557 565 628 τῷ
593 558 822 628 ὀνόματι
863 557 1032 611 αὐτοῦ
1078 556 1148 611 τά
1188 558 1507 628 νικητήρια,
1555 556 1640 609 ὅτι
1673 557 1879 608 ἐπεκαπ

1988 556 2188 624 inquit,
2222 557 2433 614 nomini
2460 559 2582 628 ejus
2611 575 2711 632 pro
2736 562 2966 619 victoria
2998 581 3015 620 :
3046 566 3175 636 quia
3202 567 3323 638 ejus
3352 584 3551 624 nomen

309 651 547 721 λεσάμην
587 649 754 702 αὑτὸν
780 649 876 703 καὶ
910 647 1177 720 ἐϐοήθησέ
1211 664 1323 719 μοι.
1373 646 1438 700 El
1474 647 1585 717 γὰρ
1622 645 1684 699 τὸ
1707 645 1877 712 δνομα

310 742 468 798 αὐτοῦ
491 741 766 809 τοσαύτην
796 743 912 810 ἔχει
941 739 1194 809 δύναμιν,
1238 740 1325 802 τις
1360 740 1461 793 οὐκ
1487 739 1555 792 ἂν
1581 738 1744 792 αὑτὸν
1783 755 1881 807 φο·

310 835 493 907 ϐηθείη
515 852 531 898 ;
561 832 858 901 ’Υψίστου
880 831 959 895 δὲ,
978 831 1072 885 τοῦ
1089 831 1230 901 ὑπὲρ
1259 830 1498 893 ἅπαντα,
1516 827 1612 883 τοῦ
1639 829 1880 899 ἀνυπερ-

312 929 521 998 ϐλήτου,
565 926 601 998 ἢ
641 926 737 980 καὶ
779 925 874 978 τοῦ
915 925 1269 993 ἐπουρανίου,
1317 923 1462 976 καθά
1510 922 1879 993 προλαϐόντες

311 1020 553 1091 εἴπομεν.
587 1017 774 1072 Ταῦτα
807 1017 866 1070 δὲ
914 1019 976 1070 οὐ
1027 1016 1309 1087 χαίροντός
1369 1018 1519 1069 ἐστιν
1571 1016 1882 1088 ἀνθρώπων

315 1114 565 1183 σφαγαῖς,
584 1110 679 1163 καὶ
705 1109 941 1179 μάλιστα
982 1108 1174 1171 παιδὸς
1217 1108 1431 1177 αἵματι·
1482 1107 1602 1173 πῶς
1652 1106 1765 1177 γὰρ
1819 1108 1880 1172 ὃς

314 1205 397 1257 καὶ
425 1202 691 1272 πένθιμον
715 1201 938 1269 ἐποίησε
980 1202 1080 1268 τὴν
1124 1200 1340 1272 ἡμέραν
1371 1199 1475 1270 τῆς
1520 1198 1713 1269 νίκηςς
1762 1198 1879 1253 ἀλλ’

313 1293 712 1364 ἁπιδεχομένου
756 1293 856 1363 τὴν
904 1292 1000 1346 τοῦ
1057 1290 1197 1345 Θεοῦ
1244 1292 1448 1361 ψῆφον,
1478 1292 1703 1356 δικαίως
1754 1295 1882 1358 τοὺς

313 1388 526 1450 ἀδίκους
584 1385 1135 1454 καταλαμϐάνουσαν.
1200 1384 1358 1446 Τινὲς
1408 1384 1466 1437 δὲ
1521 1384 1582 1438 τὸ
1640 1384 1884 1440 Λάκκον

312 1480 519 1548 ὤρυξε,
552 1481 648 1530 καὶ
674 1479 743 1530 τά
763 1474 912 1547 ἑξῆς,
944 1476 1073 1547 άχρι
1100 1475 1196 1530 τοῦ
1236 1475 1455 1531 Ἀδικία
1481 1476 1670 1531 αὐτοῦ
1705 1492 1883 1531 κατα-

314 1571 575 1639 ϐήσεται,
627 1570 1039 1638 συντομώτερον
1110 1567 1532 1639 ἑρμηνεύοντες,
1585 1568 1747 1623 τοῦτο
1789 1567 1883 1622 λέ-

314 1679 463 1732 γουσι
489 1660 689 1732 δηλοῦν
742 1659 1144 1731 μεταφορικῶς,
1195 1660 1294 1713 ὃσα
1327 1659 1448 1714 κατ’
1488 1660 1623 1731 ἐμοῦ
1669 1663 1885 1732 ἐμηχα-

313 1757 532 1828 νήσατο,
577 1754 742 1818 αὐτὸς
768 1753 1040 1808 πείσεται.
1073 1752 1264 1808 Ταῦτα
1285 1753 1342 1807 δὲ
1382 1753 1766 1826 κατευχόμεθα
1787 1754 1883 1809 καὶ

313 1848 405 1903 τοῦ
428 1847 704 1902 διαϐόλου.

308 2029 404 2094 εις
428 2027 499 2081 τὸ
526 2027 705 2093 τέλος
728 2026 883 2095 ὑπὲρ
906 2025 1028 2081 τῶν
1049 2023 1278 2094 ληνῶν,
1307 2023 1552 2094 ψαλμὸς
1582 2021 1664 2089 τῷ
1680 2022 1882 2077 Δαϐίδ.

882 2117 1178 2171 ΨΔΛΜΟΣ
1216 2114 1300 2171 Η’.

374 2213 442 2266 Ti
472 2212 572 2283 μὲν
614 2209 865 2281 βούλεται
898 2208 1003 2275 Elc
1038 2207 1105 2261 τὸ
1148 2207 1356 2273 τέλος,
1412 2209 1472 2261 ὲν
1519 2207 1637 2270 τοῖς
1683 2204 1888 2274 προλα-

316 2305 464 2358 ϐοὖσι
497 2304 847 2373 προείρηται.
874 2300 1115 2369 Λητοὺς
1137 2300 1197 2354 δὲ
1237 2299 1397 2354 καλεῖ
1427 2300 1555 2363 τοὺς
1595 2299 1884 2369 ἅπαντακῆ

312 2398 409 2466 τῆς
458 2396 788 2466 οἰκουμένης
833 2395 1016 2458 ναούς.
1072 2393 1352 2464 Ἀμπελος
1380 2392 1509 2463 γὰρ,
1562 2391 1591 2443 6
1639 2391 1844 2462 Κύριος
1866 2405 1882 2421 ’

316 2490 569 2557 κλήματα
596 2485 677 2551 δὲ,
716 2485 768 2539 οι
797 2485 1111 2540 ἀπόστολοι⁹
1144 2484 1342 2556 βότρυς
1362 2484 1420 2538 δὲ
1464 2483 1497 2553 ὴ
1526 2481 1728 2547 πίστις,
1763 2482 1885 2552 ἥτις

314 2575 774 2646 ὲναποθλιϐομένη
804 2577 926 2639 ταῖς
964 2574 1336 2645 Ἐκκλησίαις,
1375 2572 1473 2644 τὴν
1501 2570 1885 2637 διδασκαλίαν¹,

314 2668 387 2731 ὡς
411 2664 576 2738 οῐνον,
603 2667 810 2734 δίδωσι,
860 2667 960 2731 τὰς
1003 2667 1115 2721 τῶν
1152 2667 1361 2720 πιστῶν
1388 2664 1617 2735 καρδίας
1653 2663 1890 2734 εὐφραί-

312 2777 536 2816 νουσαν.
568 2760 852 2833 Προσώπῳ
886 2754 979 2814 οὖν
1010 2758 1218 2816 τούτων
1239 2757 1351 2813 τῶν
1379 2756 1767 2827 πνευματικῶν
1791 2756 1889 2827 λη-

313 2856 443 2922 νῶν,
490 2858 521 2908 6
573 2854 788 2925 ψαλμδς
838 2847 996 2918 οὗτος
1045 2853 1435 2923 ὲκπεφώνηται
1482 2851 1560 2922 τῷ
1603 2852 1884 2923 προφήτῃ.

314 2945 491 2999 Πάλαι
518 2944 619 3014 μὲν
641 2944 751 3014 γάρ
772 2939 851 3007 εἷς
884 2944 1013 3007 ναδς
1042 2944 1383 3014 ᾠκοδόμητο,
1418 2941 1514 2996 καὶ
1544 2943 1602 2997 ὲν
1632 2942 1715 2995 ἐνὶ
1738 2942 1888 3012 τόπῳ

310 3044 413 3110 τῆς
448 3039 847 3112 Ἰερουσαλὴμ,
873 3038 959 3092 ὅτι
987 3038 1083 3092 καὶ
1127 3037 1209 3090 ἑνὶ
1246 3036 1389 3092 ἔθνει
1418 3034 1848 3105 ἀποκεκλήρωτο
1868 3072 1886 3099 ,

312 3136 444 3206 περὶ
471 3127 537 3188 οὗ
570 3150 734 3204 φησιν
773 3132 1035 3195 Ἡσαΐας·
1076 3129 1453 3201 ’ῼκοδόμησα
1485 3130 1753 3198 πύργον.
1787 3127 1887 3182 και

1980 649 2257 713 invocavi,
2303 659 2360 706 et
2400 652 2690 711 exauditus
2724 670 2866 712 sum.
2903 655 3060 723 Quod
3102 659 3150 713 si
3175 660 3324 714 illius
3354 676 3555 716 nomen

1981 748 2165 796 tantas
2198 743 2363 799 habet
2398 744 2543 800 vires
2571 784 2586 807 ,
2616 748 2741 816 quis
2771 762 2880 802 non
2912 749 3090 819 ipsum
3124 752 3412 821 Dominum
3440 753 3553 807 ior-

1976 832 2209 887 midabit
2234 833 2258 887 ?
2284 834 2548 890 Altissimi
2575 847 2781 902 autem,
2812 841 2866 895 id
2895 850 3002 903 est,
3036 842 3205 908 illius,
3231 846 3324 913 qui
3352 857 3437 901 est
3461 863 3559 903 su‘

1978 935 2076 990 pra
2108 923 2313 989 omnia,
2347 926 2439 994 qui
2479 927 2870 995 insuperabilis
2904 941 3009 994 est,
3034 933 3119 986 vel
3148 936 3323 989 etiam
3366 952 3558 1007 super-

1977 1014 2236 1078 coelestis,
2257 1024 2316 1071 ιιι
2332 1019 2587 1088 superius
2611 1020 2871 1077 diximus.
2896 1021 3024 1080 Haec
3052 1034 3234 1081 autem
3265 1029 3425 1082 verba
3446 1032 3565 1084 non

1979 1108 2272 1177 gaudentis
2300 1119 2429 1164 sunt
2459 1110 2691 1165 aliorum
2724 1116 2894 1175 caede.
2928 1131 3027 1171 nec
3062 1118 3158 1171 lilii
3183 1119 3556 1186 potissimum,

1983 1213 2109 1253 cum
2158 1201 2449 1271 lugubrem
2510 1205 2685 1272 egerit
2738 1205 2891 1262 illum
2944 1208 3198 1265 victoria
3236 1210 3377 1267 diem
3400 1210 3558 1282 (40):

1981 1290 2078 1346 sed
2112 1292 2468 1362 suacipientis
2484 1296 2815 1355 sententiam
2846 1297 2960 1364 Dei,
2995 1314 3119 1368 quae
3152 1302 3389 1367 iniustos
3438 1303 3563 1359 illos

1983 1386 2258 1438 coercuit.
2295 1385 2481 1455 Aliqui
2528 1402 2681 1454 vero,
2706 1388 2871 1445 verba
2910 1389 3004 1445 illa
3053 1390 3257 1447 Larum
3292 1394 3449 1461 fodit,
3503 1407 3563 1450 et

1984 1488 2106 1544 qua:
2140 1486 2470 1545 sequuntur,
2506 1494 2683 1549 usque
2716 1479 2783 1535 ad
2831 1480 2944 1547 illa,
2984 1480 3268 1550 Injustitia
3305 1485 3421 1553 ejus
3465 1484 3561 1539 de-

1985 1566 2471 1630 scendet,breviori
2494 1570 2836 1639 expositione
2865 1572 3171 1641 declarant,
3202 1574 3471 1639 dicentes,
3495 1591 3563 1632 ea

1984 1657 2151 1712 verba
2184 1673 2280 1727 per
2323 1661 2707 1728 metaphoram
2755 1660 3090 1730 signiﬁcare,
3138 1663 3285 1733 quod
3318 1665 3562 1721 Absalou

1986 1747 2101 1817 ipse
2123 1763 2188 1804 ea
2223 1763 2491 1819 passurus
2521 1759 2800 1821 erat,quae
2834 1753 3098 1810 adversus
3131 1764 3339 1824 patrem
3372 1756 3566 1811 molie-

1986 1840 2171 1895 batur.
2229 1841 2560 1912 llujusmodi
2612 1844 2779 1900 etiam
2832 1845 3016 1903 verbis
3043 1861 3342 1915 possumus
3378 1855 3435 1903 et
3464 1860 3568 1903 nos

1916 1908 1960 1963 Β
1987 1933 2254 1987 adversus
2280 1933 2583 1989 daemonem
2623 1933 2940 2003 imprecari.

2092 2023 2158 2078 In
2183 2025 2339 2093 ﬁnem
2367 2041 2463 2094 pro
2488 2025 2844 2080 torcularibus
2868 2027 3109 2095 psalmus
3135 2026 3235 2095 ipsi
3258 2026 3460 2084 David.

2534 2114 2853 2170 PSALMUS
2886 2116 3021 2171 Vill.

2057 2206 2200 2273 Quid
2239 2207 2343 2263 sibi
2378 2207 2548 2262 velint
2575 2206 2741 2261 verba
2774 2206 2868 2261 illa
2891 2208 2948 2261 in
2974 2208 3157 2277 ﬁnem,
3180 2208 3237 2264 in
3267 2211 3567 2280 superiori-

1987 2299 2093 2355 bus
2125 2299 2334 2354 dictuni
2364 2306 2468 2354 est.
2509 2297 2825 2352 Torcularia
2855 2301 3090 2369 appellat
3118 2299 3411 2368 Ecclesiae,
3443 2317 3569 2373 qua

1988 2390 2196 2458 ubique
2232 2401 2504 2446 terrarum
2545 2397 2696 2444 sunt.
2737 2390 2996 2447 Christus
3034 2392 3181 2447 enim
3230 2392 3359 2449 vitis
3387 2402 3475 2449 est
3512 2402 3569 2448 et

1988 2485 2225 2555 apostoli
2254 2484 2511 2554 palmites
2541 2486 2588 2518 '°
2617 2501 2636 2553 ;
2672 2501 2775 2541 uva
2820 2495 3004 2541 autem
3042 2493 3098 2541 et
3134 2501 3384 2543 racemus
3408 2487 3566 2542 ﬁdem

1987 2576 2322 2649 signiﬁcant,
2352 2592 2477 2647 quae
2504 2579 2558 2633 in
2589 2578 2850 2635 Ecclesiis
2879 2593 3194 2649 compressa
3214 2617 3231 2643 ,
3259 2579 3568 2650 disciplinae

1987 2669 2317 2725 Christianae
2344 2671 2538 2725 vinum
2569 2670 2765 2726 tribuit
2792 2687 2810 2725 :
2837 2684 2950 2741 quo
2977 2669 3216 2725 ﬁdelium
3237 2670 3404 2725 corda
3435 2671 3570 2726 laeti-

1988 2760 2244 2816 iicantur.
2276 2760 2353 2816 Ex
2378 2775 2614 2831 persona
2634 2762 2802 2833 igitur
2820 2762 3194 2832 spiritualium
3227 2763 3425 2818 horum
3451 2773 3569 2818 tor-

1988 2852 2281 2916 cularium,
2328 2854 2434 2910 hoc
2479 2862 2564 2909 est
2627 2854 3035 2920 Ecclesiarum,
3089 2854 3184 2909 hic
3243 2856 3486 2926 psalmus
3532 2869 3568 2910 a

1988 2943 2264 3016 Propheta
2289 2949 2637 3017 conscriptus
2660 2957 2765 3004 est.
2790 2949 2930 3003 Olim
2961 2949 3163 3020 quippe
3197 2949 3420 3005 unicum
3442 2960 3571 3004 tan-

1992 3047 2107 3094 tum
2139 3040 2403 3110 templum
2422 3050 2802 3097 constructum
2828 3051 2966 3109 erat,
2999 3043 3053 3095 in
3093 3057 3203 3097 una
3233 3049 3447 3097 tantum
3485 3043 3570 3097 ci-

1993 3132 2163 3186 vitate
2208 3129 2516 3187 Jerusalem
2567 3151 2581 3186 :
2638 3132 2767 3202 quia
2824 3132 2920 3187 uni
2977 3141 3191 3187 tantum
3250 3142 3371 3188 erat
3418 3136 3567 3203 genti

311 3228 651 3298 κρολήνιον
671 3225 870 3294 ὠρυξα
898 3225 969 3278 ἐν
991 3223 1171 3289 αὐτῷ,
1206 3222 1438 3290 πύργον
1467 3220 1568 3292 μὲν
1590 3219 1770 3272 καλῶν
1794 3218 1886 3273 τὸν

1991 3224 2223 3280 datum:
2270 3222 2339 3278 de
2400 3240 2509 3293 quo
2550 3222 2719 3280 Isaias
2770 3225 2848 3278 ait
2883 3240 2898 3277 :
2932 3222 3229 3294 xEdiﬁcavi
3258 3224 3473 3288 turrim,
3518 3234 3571 3278 et

310 3320 465 3385 ναόν,
498 3316 842 3386 Προλήνιον
876 3315 934 3369 δὶ
961 3314 1023 3368 τὸ
1059 3313 1466 3384 θυσιαστήριον.
1514 3312 1639 3365 Ἐπὶ
1665 3311 1810 3365 τέλει
1833 3310 1892 3365 δὲ

312 3414 423 3466 τῶν
454 3411 689 3475 αἰώνων,
739 3408 852 3479 (Μ)
885 3407 968 3461 ἔτι
997 3407 1093 3460 καὶ
1136 3408 1196 3460 δν
1227 3404 1307 3475 τῷ
1336 3405 1482 3461 τέλει
1514 3407 1617 3476 τῆς
1658 3406 1893 3475 νομικῆς

312 3504 596 3575 λατρείας,
628 3500 939 3572 καθῄρηται
968 3499 1068 3568 μὲν
1094 3492 1251 3560 οὗτος
1270 3512 1287 3530 ο
1317 3495 1657 3567 ἀντέστησαν
1688 3494 1744 3548 δὲ
1770 3494 1893 3549 καθ’

315 3596 445 3665 ὅλης
469 3593 569 3662 τῆς
599 3592 703 3663 γῆς
731 3589 1015 3660 ἐκκλησίαι
1051 3586 1423 3658 παμπληθεῖς,
1461 3587 1546 3642 ὅτι
1582 3586 1678 3641 καὶ
1716 3585 1896 3641 πάντα

313 3687 384 3739 τὲ
412 3686 544 3752 ἔθνη
582 3682 681 3752 τὴν
705 3680 1040 3750 δεογνωσιαν
1062 3678 1360 3733 ἀπέλαϐον.

384 3866 568 3935 Κύριε
594 3864 631 3918 ό
652 3862 869 3931 Κύριος
891 3858 1081 3930 ἡμῶν,
1113 3860 1194 3927 ὡς
1225 3858 1577 3929 θαυμαστὸν
1611 3858 1680 3912 τὸ
1708 3855 1898 3927 ὄνομά

316 3976 439 4015 σου
461 3958 531 4013 ἐν
549 3957 718 4026 πάσῃ
745 3954 823 4024 τῇ
844 3952 962 4025 ni!
997 3952 1120 4009 Τῶν
1155 3951 1257 4022 μὲν
1295 3951 1565 4013 ἀπίστων,
1605 3948 1686 4002 ἑνὶ
1709 3947 1898 4023 τρόπῳ

320 4050 525 4121 Κύριός
552 4048 702 4101 ἔστιν
748 4047 779 4099 6
806 4044 1064 4115 Χριστὸς,
1110 4042 1193 4114 τῷ
1237 4039 1340 4110 τῆς
1382 4039 1661 4101 πλάσεως·
1705 4035 1898 4090 τῶνδε

323 4144 554 4206 πιστῶν,
573 4139 769 4212 διπλῷ,
796 4137 876 4209 τῷ
896 4138 995 4204 τῆς
1022 4135 1296 4197 πλάσεως,
1323 4132 1418 4187 καὶ
1442 4129 1520 4201 τῷ
1542 4129 1640 4199 τῆς
1661 4125 1899 4197 ἐπιγνώ-

326 4248 488 4296 σεωςυ
509 4232 593 4285 διὸ
621 4230 718 4284 καὶ
751 4225 1120 4288 ἀναδίπλωσις
1147 4221 1403 4277 ἐνταῦθα.
1434 4218 1670 4288 Λέγουσι
1699 4217 1811 4288 γὰρ
1840 4216 1900 4271 αι

322 4325 431 4377 τῶν
453 4322 665 4376 πιστῶν
697 4314 1039 4389 Ἐκκλησίαν
1072 4314 1246 4385 Κύριε
1276 4309 1599 4383 δημιουργε,
1631 4308 1661 4362 6
1694 4306 1901 4379 Κύριος

1996 3318 2233 3371 torcular
2251 3315 2368 3387 fodi
2410 3317 2464 3370 in
2511 3333 2573 3371 ea
2599 3316 2684 3384 ⁸¹;
2725 3317 2915 3370 turrim
2958 3316 3220 3386 templum
3262 3316 3568 3386 appellans,

1993 3416 2050 3462 et
2084 3409 2323 3461 torcular
2368 3406 2562 3464 altare.
2607 3406 2667 3461 In
2719 3405 2828 3461 line
2857 3413 3038 3461 autem
3074 3405 3423 3468 saeculorum,
3465 3405 3572 3459 hoc

1994 3505 2082 3550 est
2114 3495 2166 3549 in
2201 3494 2309 3551 line
2338 3495 2529 3563 legalis
2553 3495 2754 3555 cultus.
2798 3495 2888 3549 illa
2931 3494 3102 3549 turris
3143 3494 3423 3553 destructa
3461 3503 3572 3557 est,

1996 3594 2051 3642 et
2082 3587 2207 3641 locu
2233 3587 2356 3656 ejus
2379 3602 2475 3655 per
2505 3588 2823 3643 universum
2871 3588 3061 3642 orbem
3093 3594 3295 3642 erectae
3322 3596 3454 3641 sunt
3488 3585 3575 3638 in-

1998 3679 2369 3736 numerabiles
2391 3680 2656 3747 jecelesiae
2702 3696 2717 3733 :
2765 3679 3027 3749 quoniam
3066 3686 3261 3734 omnes
3291 3686 3485 3748 gentes
3514 3675 3572 3730 in

1998 3770 2092 3827 Del
2132 3771 2498 3841 cognitionem
2539 3778 2829 3825 venerunt.

2071 3859 2237 3915 Vsus.
2266 3861 2323 3914 2.
2355 3860 2600 3923 Domine,
2634 3859 2892 3915 Dominus
2922 3869 3103 3914 noster
3136 3875 3295 3930 quam
3340 3860 3573 3914 admira-

1999 3952 2104 4007 bile
2148 3960 2230 4005 est
2267 3967 2455 4006 nomen
2491 3960 2639 4005 tuum
2684 3952 2739 4005 in
2770 3952 3013 4006 universa
3042 3959 3185 4005 terra
3215 3952 3238 4003 .'
3268 3949 3573 4006 lnﬂdetium

1999 4043 2218 4114 quidem
2246 4042 2511 4098 Dominus
2543 4041 2796 4097 Christus
2822 4042 3048 4108 dicitur,
3078 4041 3178 4098 sed
3215 4057 3324 4097 una
3360 4050 3573 4098 tantum

1999 4136 2301 4193 creationis
2318 4135 2573 4190 ratione:
2603 4133 2840 4190 ﬁdelium
2865 4148 2997 4189 vero
3016 4134 3248 4205 duplici,
3274 4135 3576 4191 creationis

2000 4226 2214 4284 scilicet
2242 4235 2300 4282 et
2324 4226 2674 4297 cognitionis.
2710 4225 2884 4293 Quam
2906 4227 2975 4282 ob
2998 4241 3221 4281 causam
3244 4242 3444 4284 nomen
3470 4227 3576 4283 Do-

2003 4316 2136 4373 mini
2169 4316 2274 4371 lioc
2316 4317 2371 4371 iu
2412 4317 2534 4372 loco
2566 4319 2733 4372 etiam
2767 4316 3098 4387 duplicatur.
3152 4316 3343 4371 Dicant
3389 4317 3576 4386 itaque

321 4415 481 4485 ἡμῶν
503 4414 635 4485 ἄρτι
665 4410 904 4481 γεγονὼς
938 4408 1028 4463 διά
1054 4407 1156 4477 τῆς
1180 4402 1551 4473 ἐπιγνώσεως.
1573 4400 1732 4457 ’Δίαν
1762 4398 1886 4454 ἐστὶ

2002 4423 2194 4465 omnes
2225 4407 2467 4464 ﬁdelium
2495 4405 2755 4464 Ecclesia:
2791 4425 2806 4463 :
2845 4408 3074 4462 Domine
3116 4418 3333 4463 creator
3370 4417 3426 4461 et
3457 4409 3578 4478 opi-

323 4502 672 4574 θαυμαστὸν
690 4501 758 4554 τὸ
790 4497 981 4568 ὄνομά
1013 4511 1133 4552 σου
1162 4496 1232 4550 ἐν
1260 4493 1433 4561 πάσῃ
1458 4489 1533 4560 τῇ
1578 4488 1677 4560 τῇ.
1721 4490 1886 4544 Μόνοι

2002 4500 2112 4567 fex,
2147 4499 2239 4567 qui
2288 4512 2465 4569 nuper
2510 4499 2675 4553 etiam
2710 4512 2807 4569 per
2841 4499 3207 4568 cognitionem
3244 4497 3419 4552 nostri
3465 4497 3571 4553 Do-

323 4559 452 4667 γὰρ.
469 4559 923 4662 ἐπικαλούμενον,
968 4587 1266 4658 φυγαδεύει
1323 4559 1622 4655 δαίμονας,
1670 4580 1886 4652 νεκροὺς

2005 4594 2189 4651 minus
2216 4559 2398 4648 lactus
2418 4607 2476 4647 es
2510 4610 2525 4647 :
2559 4559 2731 4658 Quam
2768 4590 3084 4645 admirabile
3105 4600 3184 4645 est
3210 4607 3397 4645 nomen
3423 4600 3575 4645 tuum

322 4690 600 4758 ἀνίστησι,
647 4686 840 4748 νόσους
869 4682 1203 4747 ἀπελαύνει,
1262 4677 1591 4750 μεταϐάλλει
1625 4676 1886 4745 στοιχεῖα,

2005 4686 2064 4741 in
2092 4688 2241 4740 omni
2277 4683 2619 4753 terra,cujus
2648 4683 2763 4738 sola
2796 4684 3071 4738 invocatio
3092 4683 3370 4739 damones
3405 4683 3577 4753 fugat,

326 4782 422 4833 καὶ
454 4780 631 4832 πάντα
655 4777 904 4830 δύναται.
935 4775 1010 4828 Τὸ
1041 4774 1085 4826 δ’
1113 4773 1246 4827 αὐτὸ
1274 4772 1370 4826 καὶ
1395 4769 1628 4840 φοϐερὸν
1666 4767 1886 4838 ἀλλαχοί

2007 4783 2256 4832 mortuos
2317 4776 2570 4840 suscitat,
2637 4774 2992 4845 aegritudines
3053 4775 3246 4843 pellit,
3306 4776 3577 4830 elementa

324 4871 505 4924 καλεῖ.
530 4866 863 4938 Θαυμαστὸν
889 4866 989 4932 μὲν
1018 4862 1133 4929 οὖν,
1167 4863 1256 4916 διὰ
1292 4861 1388 4925 τὰς
1418 4861 1719 4931 ὑπερφυεῖς
1745 4860 1886 4928 ἐνερ-

2006 4875 2329 4931 commutat,
2373 4874 2429 4922 et
2475 4866 2661 4920 omnia
2711 4874 2911 4936 potest.
2953 4866 3096 4920 Alibi
3147 4880 3278 4921 vero
3332 4865 3579 4921 terribile

322 4961 483 5026 γείας
508 4977 523 4992 ·
557 4958 791 5029 φοϐερὸν
839 4955 919 5019 δὲ,
964 4954 1051 5009 διά
1085 4954 1183 5021 τὴν
1209 4953 1447 5023 ἄρρητον
1471 4950 1727 5019 δύναμιν.
1760 4949 1886 5019 '09:

2008 4959 2175 5013 etiam
2229 4957 2534 5027 appellatur
2581 4969 2676 5009 seu
2723 4952 3049 5010 timendum.
3097 4953 3438 5009 Admirabile
3495 4961 3580 5009 est

324 5054 384 5105 δὲ
411 5052 531 5116 πῶς
560 5051 756 5106 ἑαυτὸν
786 5050 917 5121 ἡμῖν
947 5045 1238 5110 συνέταξεν
1265 5046 1294 5097 6
1326 5042 1513 5105 Δαϐὶδ,
1568 5039 1805 5112 προϊδὼν
1845 5057 1886 5095 τε

2004 5049 2174 5119 igitur
2199 5048 2272 5102 ob
2305 5050 2628 5115 niultazqua
2675 5061 2843 5116 supra
2891 5056 3144 5101 naturam
3196 5055 3478 5117 cperatnr,
3523 5050 3582 5097 et

326 5145 652 5213 μυστήριον,
703 5143 799 5196 καὶ
843 5139 943 5210 τὴν
974 5139 1157 5191 πίστιν
1188 5136 1268 5199 εἰς
1310 5135 1381 5189 τά
1412 5133 1506 5188 τοῦ
1554 5133 1761 5205 κόσμου
1791 5134 1882 5187 δια

2006 5140 2311 5196 timendum
2335 5138 2406 5194 ob
2424 5139 2751 5195 ineffabilem
2784 5139 2905 5210 ejus
2929 5139 3262 5209 potentiam.
3295 5135 3404 5191 Sed
3427 5135 3582 5189 vides

327 5235 675 5304 φοιτήσασαν
697 5231 933 5300 πέρατα.
971 5228 1037 5280 τι
1063 5227 1123 5281 δὲ
1166 5226 1298 5297 περὶ
1326 5226 1522 5280 τούτου
1559 5226 1827 5296 φήσουσιν
1859 5242 1886 5283 ο

2007 5230 2289 5301 quomodo
2325 5230 2521 5285 beatus
2540 5228 2709 5285 David
2735 5246 2797 5286 se
2826 5230 2988 5286 nobis
3021 5230 3254 5285 voluerit
3280 5238 3583 5281 connume-

343 5324 587 5377 Ἰουδαῖοι
609 5365 624 5388 ,
660 5323 736 5376 Th
769 5322 878 5392 γὰρ
921 5317 1018 5373 τοῦ
1062 5317 1506 5389 παντοκράτορος
1552 5315 1724 5387 ὄνομα
1757 5317 1886 5387 παρέ

2012 5337 2156 5388 rare,
2186 5322 2467 5377 communi
2501 5324 2724 5379 nomine
2765 5322 3058 5378 Dominum
3102 5329 3350 5376 nostrum
3393 5313 3584 5385 appel-

328 5416 444 5476 τοῖς
477 5413 688 5468 πλείοσι
730 5412 844 5465 τῶν
891 5409 1064 5464 ιθνῶν
1101 5406 1582 5478 εὐκαταφρόνητον
1623 5401 1727 5478 ἦν·
1772 5421 1886 5476 φησ

2005 5416 2151 5479 laus,
2180 5415 2490 5488 praevidens
2522 5417 2783 5474 nimirum
2819 5416 3141 5489 mysterium
3169 5420 3224 5469 ct
3255 5410 3582 5478 iidemque

403 5506 452 5538 ⁸⁸
492 5505 685 5578 ,ιοειις
703 5521 774 5560 xv
839 5503 874 5558 5
965 5501 1139 5560 “lsa.
1172 5517 1225 5568 ν,
1256 5501 1314 5556 2.

1641 5592 1844 5657 Varia
1872 5592 2204 5657 lectiones.

408 5698 517 5770 (ιο)
549 5699 678 5756 Haec
709 5699 763 5754 in
811 5695 1001 5754 Graec
1034 5707 1202 5770 textui
1231 5712 1329 5770 per
1365 5697 1848 5770 interrogationem
1878 5711 1895 5752 :
1936 5694 2044 5765 Qui
2074 5697 2210 5754 enim
2238 5696 2343 5755 hac
2358 5696 2456 5767 ﬁat
2483 5696 2509 5751 γ
2535 5710 2653 5750 cum
2683 5691 2974 5764 lugubrem,
2992 5696 3102 5748 etc.

408 5766 519 5839 (tt)
561 5771 635 5825 le.
668 5770 814 5840 ητοι,
842 5779 901 5824 ιιι
923 5770 1118 5840 legisse
1159 5766 1369 5827 videtur
1397 5766 1617 5825 Saulus.
