4082 6212
512 328 611 395 131

1699 316 2014 380 EUTHYM
2022 315 2081 375 ΙΙ
2120 308 2481 375 ZIGABENI

3655 288 3754 354 132

504 444 572 500 ad
605 443 754 513 ipsos
786 438 976 495 mundi
1010 437 1145 492 lines
1175 444 1296 492 erat
1335 443 1688 506 perventura.
1718 432 1861 498 Quid
1910 430 2076 499 igitur

2180 427 2284 498 γὰρ
2317 428 2344 479 ὁ
2370 424 2615 486 Ἡσαΐας,
2639 422 2721 474 ὅτι
2756 420 2823 474 Τὸ
2844 418 3033 488 ὄνομά
3057 433 3175 487 μου
3198 414 3265 480 ἐξ
3286 411 3452 483 ὑμῶν
3466 410 3753 508 ,βλασφηῖ

505 540 573 591 ad
600 537 703 591 hoc
743 535 926 590 dicent
952 530 1165 585 Judaei?
1189 537 1350 584 antea
1382 527 1580 597 quippe
1612 526 1703 581 Dei
1730 525 2083 593 omnipoten—

505 631 577 685 tis
624 642 826 683 nomen
883 623 1024 695 apud
1068 623 1335 693 plurimas
1373 630 1562 690 gentes
1609 616 1892 686 despectui
1936 622 2076 670 erat.

2170 497 2374 588 ςμεῒται
2407 516 2477 569 ὲν
2522 514 2647 579 τοῖς
2693 515 2957 567 ἔθνεσιν.
2994 510 3159 562 ’Ὥστε
3210 502 3468 577 περὶτοῦ
3520 497 3755 571 Χριστοῦ

2185 613 2280 666 νῦν
2302 613 2331 664 ὁ
2356 612 2515 678 λόγος
2541 608 2727 663 ἀναντὶ
2735 609 2957 677 ρρητος.

505 681 759 784 l‘iam,ut
827 681 1004 786 inquit
1057 681 1264 770 l'saias:
1315 681 1541 780 P;opter
1593 681 1911 791 vos-nomen
1967 707 2082 777 ejus
2119 704 2515 774 otasphematur
2565 702 2701 755 inter
2755 706 2930 767 gentes
2960 695 3026 748 ".
3088 691 3244 748 Unde
3294 688 3412 744 sine
3479 684 3646 741 dubio
3691 681 3757 737 de

501 816 720 873 Christo
750 813 866 867 haec
904 809 1049 864 dicta
1080 822 1202 861 esse
1233 805 1659 860 convincuntur.

575 907 840 974 Quoniam
870 907 1072 963 elevata
1086 919 1161 963 est
1189 906 1582 977 magniﬁcentia
1604 916 1696 957 tua
1718 916 1878 972 super
1901 899 2078 954 caelos.

498 1000 959 1071 Magniﬁcentiam
1000 1003 1102 1056 hoc
1136 1002 1189 1055 in
1222 1001 1344 1054 loco
1376 999 1469 1071 Dei
1505 997 1955 1051 humanationem
1988 1006 2085 1060 ap-

498 1093 664 1163 pellat
692 1110 705 1146 :
730 1108 850 1162 quae
871 1102 925 1147 et
949 1107 1144 1163 magna
1174 1102 1279 1156 est,
1298 1099 1351 1147 et
1383 1105 1600 1146 omnem
1627 1100 1967 1157 exsuperans
1996 1083 2081 1137 in-

499 1188 799 1240 tellectum.
851 1184 1077 1240 Elevata
1112 1185 1259 1239 enim
1306 1192 1415 1248 est,
1455 1190 1510 1238 et
1561 1178 1901 1236 transcendit
1959 1176 2082 1232 illas

500 1280 666 1334 etiam
700 1288 1005 1349 potestates
1044 1294 1165 1348 qua:
1204 1293 1365 1345 supra
1402 1276 1573 1331 caelos
1603 1281 1733 1329 sunt
1768 1292 1781 1327 :
1828 1286 1894 1327 eo
1931 1268 2079 1339 quod

500 1372 571 1426 ab
601 1372 681 1426 eis
714 1373 879 1426 etiam
916 1370 1306 1439 comprehendi
1340 1385 1447 1422 non
1483 1376 1682 1437 potest.
1717 1363 1874 1420 Unde
1905 1361 2081 1416 maxi-

500 1478 587 1517 me
620 1464 700 1516 eis
724 1470 809 1515 est
840 1461 1226 1526 admirationi;
1269 1474 1443 1530 neque
1481 1459 1625 1513 enim
1671 1457 1923 1511 homines
1957 1464 2081 1508 tan-

499 1566 636 1620 tum,
685 1555 780 1608 sed
835 1553 939 1619 ipsi
969 1553 1133 1607 etiam
1174 1553 1349 1621 angeli
1389 1552 1455 1605 ad
1494 1551 1596 1605 hoc
1628 1556 1846 1618 stupent
1878 1554 2081 1617 myste-

504 1646 671 1698 rium.
702 1644 799 1698 νει
826 1644 986 1699 aliter
1013 1662 1027 1697 :
1056 1643 1378 1712 Signiﬁcare
1406 1643 1563 1697 nobis
1591 1642 1779 1695 volens
1807 1641 2075 1709 Propheta

500 1738 824 1790 immensam
858 1736 1052 1789 divina:
1082 1745 1289 1789 naturae
1327 1734 1627 1804 potentiam
1655 1750 1668 1786 :
1700 1730 1945 1786 Exaltata
1973 1738 2077 1793 est,

500 1827 699 1895 inquit,
754 1827 1169 1896 magniﬁcentia
1204 1837 1296 1881 tua
1337 1841 1502 1895 super
1533 1825 1739 1888 caelos,
1776 1837 1900 1877 cum
1932 1830 2077 1874 terra

500 1934 619 1972 eam
654 1933 760 1972 non
795 1924 1033 1988 caperet.
1061 1918 1217 1982 Quod
1250 1917 1391 1970 alius
1428 1916 1693 1985 propheta
1725 1914 1856 1968 dicit
1888 1930 1903 1969 :
1943 1910 2083 1981 Ope-

500 2011 608 2063 ruit
643 2010 802 2063 emtas
836 2010 1001 2062 virtus
1043 2008 1182 2077 ejus,
1213 2017 1263 2062 et
1295 2008 1626 2061 laudationis
1670 2004 1785 2075 ejus
1816 2004 1970 2073 plena
2003 2013 2078 2057 est

500 2112 641 2155 terra
668 2102 757 2152 δ”.

569 2190 739 2247 Vens.
776 2191 830 2245 5.
856 2188 940 2244 Ea:
964 2205 1052 2245 ore
1074 2189 1358 2259 infantium
1383 2196 1431 2243 et
1460 2187 1771 2242 tactentium
1807 2185 2081 2255 perfecisti

498 2283 732 2338 tandem.
754 2282 1149 2336 Laudationem
1206 2293 1498 2347 puerorum
1552 2277 1802 2347 praedicit
1852 2275 2077 2348 [iactam

498 2375 553 2429 in
588 2372 839 2443 templo].
888 2373 988 2440 Ex_
1018 2372 1277 2426 omnibus
1307 2378 1489 2423 autem
1519 2368 1725 2424 Christi
1774 2366 2076 2430 miraculis,

500 2464 665 2533 hujus
695 2474 905 2517 tantum
934 2462 1183 2516 meminit
1210 2460 1507 2530 Propheta.
1534 2469 1797 2529 tanquam
1837 2459 2081 2512 admira-

504 2554 652 2610 tione
688 2555 861 2623 inagis
909 2552 1082 2623 digni.
1130 2550 1264 2605 Nam
1298 2561 1353 2606 et
1385 2560 1514 2606 ante
1541 2551 1821 2605 Christum
1876 2548 2079 2619 leprosi

501 2643 680 2715 sanati
730 2641 969 2706 fuerant,
1012 2648 1067 2695 et
1124 2640 1400 2695 daemones
1457 2639 1705 2710 expulsi,
1759 2647 1814 2693 et
1868 2636 2076 2692 mortui

502 2735 791 2800 suscitati;
870 2735 1110 2788 infantes
1167 2747 1299 2787 vero
1357 2733 1574 2787 locutos
1606 2746 1750 2796 esse,
1798 2740 1927 2786 tunc
1971 2731 2084 2800 pri-

502 2842 650 2880 mum
680 2826 936 2896 legimus.
970 2823 1156 2895 Neque
1189 2826 1334 2880 enim
1360 2825 1686 2893 simpliciter
1724 2824 1878 2894 pueri
1911 2823 2082 2878 fuisse

500 2918 781 2983 dicuntur,
814 2917 908 2973 sed
943 2915 1178 2972 infantes
1203 2924 1257 2971 et
1305 2917 1569 2972 lactentes
1597 2934 1610 2970 :
1644 2916 1789 2985 quod
1848 2916 2079 2970 maxima

2255 893 2384 945 Ὅτι
2429 888 2660 954 ἐπήρθη
2711 884 2750 952 ἠ
2798 874 3281 952 μεγαλοπρέπειά
3323 888 3440 927 σου
3480 867 3755 937 ὑπεράνω

2180 985 2302 1038 τῶν
2330 978 2624 1048 οὐρανῶν.
2658 971 3153 1043 Μεγαλοπρὲπειαν
3192 963 3429 1020 ἐνταῦθα
3473 961 3572 1031 τὴν
3606 959 3756 1011 θεῖαν

2180 1075 2601 1143 ἐνανθρώπησιν
2653 1066 2932 1135 ὀνομάζει·
2978 1061 3191 1132 μεγάλη
3243 1058 3353 1127 γὰρ
3414 1055 3610 1114 ὗντως,
3662 1049 3756 1143 καὶ

2180 1142 2362 1222 πάντα
2394 1163 2521 1217 νοῦν
2572 1158 2999 1228 ὑπερϐαίνουσα.
3054 1152 3226 1222 Αὕτη,
3278 1148 3461 1217 φησιν,
3504 1142 3751 1214 ἐπήρθη,

2179 1260 2276 1313 καὶ
2310 1257 2499 1317 αὑταῖς
2531 1253 2639 1307 τῶν
2665 1249 2914 1321 οὐρανῶν
2941 1244 3235 1315 δυνάμεσιν
3257 1242 3447 1310 ὥσπερ
3478 1233 3753 1305 ύπερθαύ-

2184 1361 2415 1415 μαστος,
2451 1344 2545 1395 καὶ
2576 1339 2965 1407 ἀκατανόητος.
3004 1334 3113 1387 Καὶ
3145 1330 3206 1386 οὐ
3246 1331 3407 1400 μόνον
3451 1327 3753 1396 ἄνθρωποι,

2178 1439 2316 1493 ἀλλὰ
2344 1436 2439 1491 καὶ
2484 1433 2707 1504 ἄγγελοι
2738 1431 2800 1484 τὸ
2821 1428 3065 1483 τοιοῦτον
3099 1420 3498 1493 ἐκπλήττονταί
3528 1437 3623 1471 σου
3660 1435 3757 1486 μυο

2181 1531 2423 1600 στήριον.
2456 1528 2526 1580 Ἦ
2576 1528 2669 1580 καὶ
2701 1524 2893 1585 ἄλλως·
2928 1519 3170 1590 ἐμφῆναι
3206 1515 3531 1586 βουλόμενος
3563 1512 3622 1563 τὸ
3656 1509 3755 1577 τῆς

2180 1623 2332 1684 θείας
2389 1620 2606 1689 φύσεως
2664 1614 3134 1685 ἁπειροδύναμον,
3178 1606 3431 1677 ’Υψώθη,
3473 1604 3659 1673 φησὶν,
3719 1602 3752 1669 ὴ

2108 1694 2154 1752 Β
2188 1710 2635 1785 μεγαλοπρέπειὰ
2660 1727 2757 1762 σου
2795 1706 3049 1777 ὑπεράνω
3085 1703 3196 1757 τῶν
3229 1699 3495 1771 οὐρανῶν,
3542 1696 3617 1765 μὴ
3645 1711 3753 1765 χως

2187 1808 2387 1879 ρούσης
2438 1806 2608 1873 αὐτὴν
2658 1804 2754 1873 τῆς
2790 1805 2913 1871 γῆς.
2960 1802 3025 1853 Ὃ
3082 1798 3177 1852 καὶ
3229 1796 3517 1867 προφήτης
3568 1791 3754 1860 ἕτερος

2184 1901 2389 1968 ἔλεγενο
2430 1895 2768 1965 Ἐκὰλυψεν
2805 1894 3100 1962 οὐρανοὺς
3138 1892 3176 1959 ἡ
3205 1887 3385 1958 ἁρετὴ
3431 1883 3617 1940 αὑτοῦ
3656 1881 3752 1935 καί

2183 1993 2293 2062 τῆς
2326 1991 2615 2055 αἰνέσεως
2642 1988 2831 2043 αὐτοῦ
2859 1985 3100 2052 πλήρης
3126 1983 3164 2051 ἠ
3194 1980 3295 2050 τῆ.

2264 2171 2360 2224 Ἐκ
2390 2169 2691 2237 στόματος
2713 2164 2947 2235 νηπίων
2983 2160 3080 2215 καὶ
3105 2157 3485 2228 θηλαζόντων
3536 2169 3755 2220 κατηρ-

2182 2264 2330 2317 τίσω
2377 2258 2576 2315 αἶνον.
2614 2257 2978 2328 ’Υμνολογίαν
3013 2252 3421 2325 προαναφωνεῖ.
3491 2248 3587 2302 Ἐκ
3621 2246 3754 2299 πολ·-

2183 2354 2293 2407 λῶν
2317 2353 2375 2409 δὲ
2409 2351 2705 2421 Θαυμάτων
2743 2350 2840 2403 καὶ
2885 2345 3128 2415 σημείων
3158 2339 3233 2400 ὧν
3263 2343 3521 2411 ἐποίησεν
3545 2342 3573 2393 ὁ
3615 2340 3752 2407 Χρι-

2184 2450 2326 2512 στὸς,
2380 2447 2594 2501 τέθεικε
2667 2440 2827 2511 μόνον
2876 2440 2939 2492 τὸ
2999 2436 3186 2508 θαῦμα
3244 2436 3353 2489 τῶν
3401 2432 3634 2497 παίδων,
3671 2430 3748 2494 ὡς

2184 2536 2728 2613 ἐκπληκτικώτερον.
2762 2533 2874 2603 Πρὸ
2902 2531 3095 2585 τούτου
3151 2529 3250 2599 μὲν
3292 2529 3402 2597 γὰρ
3426 2527 3521 2580 καὶ
3555 2522 3752 2596 νεκρὸς

2180 2635 2415 2708 ἠγέρθη,
2444 2630 2538 2686 καὶ
2573 2629 2773 2699 λεπρὸς
2806 2623 3111 2695 ἐκαθάρθη,
3139 2622 3236 2675 καὶ
3265 2618 3474 2689 δαίμων
3503 2613 3712 2708 ὴλὰσθη
3733 2629 3749 2644 ·

2183 2705 2341 2798 χορὸς
2370 2705 2428 2778 δὲ
2461 2722 2665 2776 παίδων
2717 2716 3060 2789 ύπομαζίων,
3125 2713 3246 2767 τότε
3276 2710 3490 2782 πρῶτον
3532 2705 3751 2798 τρανῶς

2185 2796 2504 2887 ἐφθέγξατο.
2569 2811 2708 2865 osse
2763 2809 2875 2879 γὰρ
2935 2804 3123 2869 ἁπλῶς
3171 2800 3312 2873 ἦσαν
3373 2801 3581 2863 παῖδες,
3621 2796 3758 2887 ἀλλὰ

2184 2886 2541 2977 θηλάςοντεςε
2577 2904 2605 2956 ὃ
2632 2904 2729 2955 καὶ
2757 2895 3234 2970 παραδοξώτατον.
3267 2888 3632 2960 Κατηρτήσω
3675 2886 3753 2949 δὲ,

501 3012 866 3066 admiratione
906 3011 1130 3080 dignum
1182 3020 1288 3064 est.
1330 3009 1608 3081 Perfecisli
1659 2979 1864 3071 autem,
1917 3010 1967 3062 id
1993 3018 2077 3063 est

2183 3003 2316 3057 αὐτὸ
2370 2998 2531 3055 τοῦτο
2580 2996 2787 3050 τέλειον
2845 2991 3122 3062 είργὰσω,
3152 2987 3238 3052 ,ἐξ
3282 2983 3519 3053 ἀγγέλου
3549 2979 3756 3051 στόμα·

502 3102 803 3173 pert‘ectam
848 3102 1026 3157 fecisti
1061 3101 1277 3156 laudem
1328 3101 1474 3155 illam
1505 3116 1571 3157 ex
1596 3101 1772 3172 angeli
1807 3116 1903 3155 ore
1926 3101 2075 3173 [cum

501 3194 706 3262 alioqui
736 3193 951 3246 illorum
981 3192 1167 3260 lingua
1193 3191 1373 3246 adhuc
1415 3202 1566 3248 esset
1600 3189 1970 3261 imperfecta].

573 3282 801 3355 Propter
829 3285 1073 3339 inimicos
1136 3292 1279 3349 tuos,
1318 3292 1373 3337 ut
1425 3286 1673 3338 destruas
1727 3282 2004 3337 inimicum
2029 3292 2079 3336 et

501 3379 750 3433 ultorem.
779 3375 1052 3431 Edisserit
1074 3376 1239 3431 etiam
1269 3390 1493 3431 causam
1524 3376 1801 3430 miraculi.
1854 3373 2079 3430 Factum

501 3480 605 3533 est.
636 3469 834 3539 inquit,
865 3469 917 3524 id
943 3477 1167 3539 propter
1194 3469 1457 3523 scelestos
1506 3467 1760 3523 inimicos
1818 3477 1942 3522 tuos
1978 3464 2079 3521 Ju-

502 3562 670 3616 dzeos.
708 3560 765 3614 In
818 3559 942 3615 aliis
971 3561 1118 3614 enim
1150 3558 1433 3613 miraculis
1465 3556 1733 3627 suspicati
1781 3564 1913 3612 sunt
1963 3556 2079 3611 for-

503 3653 667 3708 tassis
702 3650 877 3706 Judaei
943 3651 1088 3721 quod
1146 3649 1429 3719 deciperet
1476 3648 1735 3704 Christus
1764 3657 1820 3704 et
1866 3647 2082 3705 falleret

502 3760 694 3800 eorum
720 3744 951 3809 oculos;
983 3744 1039 3797 in
1094 3741 1387 3796 infantium
1432 3755 1564 3795 vero
1596 3739 1931 3804 laudatione,
1987 3738 2081 3809 qui

501 3840 644 3908 apud
676 3852 773 3893 eos
807 3835 1193 3899 versabantur,
1251 3833 1365 3887 imo
1416 3832 1511 3903 qui
1543 3847 1736 3889 eorum
1775 3840 1937 3887 erant
1959 3831 2081 3899 filii,

502 3935 683 3989 omnis
711 3933 899 3986 aberat
936 3929 1203 3999 suspicio.
1237 3925 1361 3981 Hinc
1409 3930 1613 3979 autem'
1646 3925 1722 3979 ita
1765 3922 2081 3995 dispensata

502 4032 631 4080 sunt
668 4041 697 4079 a
730 4023 841 4078 Deo
891 4024 957 4076 ad
993 4020 1448 4081 destructionem,
1498 4018 1604 4072 hoc
1645 4023 1733 4071 est
1773 4015 1844 4070 ad
1878 4013 2079 4070 confu-

504 4119 713 4172 sionem
734 4113 946 4169 Judaici
978 4112 1187 4183 populi,
1221 4112 1314 4182 qui
1345 4108 1609 4165 inimicus
1641 4108 1807 4161 simul
1841 4115 1896 4162 et
1932 4107 2083 4162 ultor

507 4210 597 4263 Dei
626 4215 744 4262 erat
778 4226 793 4261 :
828 4207 1111 4271 inimicus,
1148 4205 1277 4274 quia
1305 4202 1426 4272 eius
1470 4198 1608 4254 Filio
1644 4200 2079 4266 adversabatur;

504 4309 558 4353 et
584 4300 752 4362 ultor,
792 4298 941 4353 velut
990 4297 1038 4349 is
1076 4297 1170 4366 qui
1197 4309 1296 4363 pro
1338 4293 1448 4347 Deo
1479 4307 1538 4347 se
1573 4291 1626 4346 id
1670 4290 1851 4345 facere
1887 4291 2081 4346 existi-

2177 3112 2290 3159 τος.

2251 3277 2477 3329 ’Ἕνεκα
2506 3271 2626 3326 τῶν
2672 3267 2908 3338 ἐχθρῶν
2941 3280 3061 3320 σου
3112 3260 3219 3317 τοῦ
3270 3254 3608 3313 καταλῦσαι
3658 3251 3762 3321 ἐχ-

2179 3369 2343 3439 θρὸν,
2367 3367 2467 3422 καὶ
2520 3360 2874 3430 ἐκδικητὴν.
2935 3358 3218 3425 Διηγείται
3248 3352 3342 3406 καὶ
3368 3349 3468 3418 τὴν
3495 3344 3588 3402 τοῦ
3624 3343 3759 3396 θαύ-

2183 3479 2353 3534 ματος
2405 3460 2621 3524 αίτίαν,
2674 3458 2758 3510 ὅτι
2807 3454 2899 3507 διὰ
2956 3452 3083 3513 τοὺς
3134 3445 3405 3517 πννηροὺς
3468 3438 3761 3501 Ἰουδαίους

2178 3531 2306 3618 τοὺς
2338 3552 2570 3623 ἐχθρούς
2600 3566 2694 3602 σου
2724 3547 2980 3615 γέγονεν·
3012 3543 3106 3595 ἐπὶ
3135 3540 3234 3610 μὲν
3272 3536 3383 3607 γὰρ
3413 3536 3531 3597 ταῖς
3559 3531 3754 3623 ἄλλαις

2180 3622 2484 3712 δοξοποιίας
2516 3640 2861 3700 ὑπώπτευον,
2896 3636 2972 3699 ὡς
3000 3632 3251 3701 ἐξαπατᾷ
3284 3628 3411 3692 τοὺς
3445 3622 3762 3712 ὀφθαλμοὺς

2181 3710 2361 3793 αύτῶν
2416 3735 2548 3796 ἴσως
2572 3748 2589 3765 ο
2624 3730 2718 3784 ἐπὶ
2759 3729 2818 3782 δὲ
2846 3725 2927 3796 τῷ
2975 3724 3133 3796 ὕμνῳ
3156 3721 3263 3775 τῶν
3309 3716 3543 3788 νηπίων,
3574 3713 3610 3767 ἃ
3633 3710 3762 3781 παρ’

2183 3828 2365 3885 αὐτῶν
2414 3821 2556 3897 ἦσαν
2622 3822 2844 3890 ἔκγονα,
2891 3819 2986 3873 καὶ
3019 3814 3150 3886 παρ’
3198 3813 3384 3875 αὐτοῖς
3439 3809 3756 3881 ἐτρέφοντο,

2185 3925 2367 3991 πάσης
2422 3916 2734 3986 ἀντιλογίας
2800 3908 3263 3979 ἀπεκλείσθησαν.
3322 3901 3661 3976 ᾮκονομήθη
3704 3899 3762 3953 δὲ

2183 4015 2362 4077 τοῦτο,
2394 4010 2530 4082 πρὸς
2560 4009 2622 4063 τὸ
2655 4002 3055 4073 καταλυθῆναι,
3083 4000 3366 4054 τουτέστιν
3396 3992 3761 4065 αἰσχυνθῆναι

2183 4109 2274 4163 τδν
2308 4102 2600 4160 Ἰουδαϊκὸν
2649 4100 2842 4171 δῆμον,
2876 4096 2968 4150 τὸν
2999 4093 3194 4165 ἐχθρὸν
3236 4090 3376 4160 ἅμα,
3410 4088 3506 4142 καὶ
3539 4085 3763 4153 ἐκδικη-

2182 4198 2282 4267 τὴν
2325 4192 2422 4247 τοῦ
2471 4190 2631 4257 Θεοῦ,
2681 4187 2877 4259 ἐχθρὸς
2912 4185 3011 4256 μὲν
3041 4184 3153 4254 γάρ
3182 4184 3353 4246 ἐστιν,
3397 4178 3473 4242 ὡς
3503 4173 3764 4267 πολεμῶν

2182 4287 2261 4358 τῷ
2291 4283 2434 4355 Υίῷο
2469 4281 2759 4351 ἐκδικητὴς
2788 4278 2889 4349 tas,
2931 4275 3006 4339 ὡς
3033 4274 3175 4345 ὑπὲρ
3212 4271 3306 4325 τοῦ
3365 4268 3579 4340 Πατρδς
3605 4266 3766 4321 τοῦτο

506 4392 712 4445 mabat.
781 4389 1082 4441 Possuums
1134 4384 1299 4438 etiam
1356 4384 1656 4438 daemonem
1694 4382 1979 4438 inimicum
2026 4390 2079 4438 et

2187 4378 2362 4432 ποιεῖν
2398 4374 2591 4428 δοκῶν.
2622 4371 2849 4441 Οίητέον
2893 4368 2951 4423 δέ
2997 4367 3092 4422 καὶ
3140 4366 3231 4418 τὸν
3262 4363 3511 4417 διάϐολον
3569 4359 3765 4431 ἐχθρὸν

506 4481 739 4534 ultorem
782 4477 874 4530 Dei
935 4475 1120 4529 dicere
1153 4491 1167 4527 :
1201 4472 1507 4535 inimicum,
1542 4472 1671 4542 quia
1710 4472 1832 4543 ejus
1857 4473 2085 4527 manda-

505 4570 578 4637 tis
602 4566 949 4628 adversatur,
974 4572 1028 4618 et
1060 4563 1189 4631 quia
1220 4577 1440 4631 semper
1466 4561 1725 4618 infensus
1773 4569 1859 4617 est
1891 4561 2085 4617 amicis

507 4658 638 4720 Dei;
668 4654 897 4709 ultorem
923 4669 1055 4709 vero
1082 4654 1210 4723 quia
1241 4653 1308 4707 iis
1342 4652 1484 4722 quia
1525 4651 1636 4707 Deo
1663 4652 1893 4724 projecti
1929 4662 2080 4715 sunt,

506 4746 884 4813 improperare
906 4743 1069 4807 solet,
1093 4741 1236 4811 quod
1255 4750 1666 4811 contemptores
1710 4741 1805 4797 Dei
1839 4741 2042 4797 fuerint
2067 4757 2082 4793 :

503 4845 669 4905 atque
702 4835 822 4891 ideo
857 4835 923 4890 ad
957 4850 1173 4905 pmnam
1205 4849 1300 4889 eos
1325 4833 1515 4897 trahit,
1541 4833 1686 4904 quod
1716 4833 1900 4889 divina
1919 4848 2079 4888 man-

502 4929 629 4982 data
659 4927 993 4999 transgressi
1030 4937 1180 4981 sunt.
1208 4925 1282 4979 Ex
1320 4941 1383 4979 ea
1420 4927 1621 4996 quippe
1643 4924 1934 4981 infantium
1963 4925 2081 4980 lau-

502 5020 747 5085 datione,
806 5019 924 5088 ipse
955 5019 1119 5074 etiam
1174 5017 1386 5073 daemon
1422 5017 1686 5073 confundi
1718 5016 1870 5072 visus
1911 5026 1997 5072 est
2026 5025 2081 5071 et

503 5112 734 5167 destrui.
791 5111 994 5165 Futura
1039 5120 1220 5166 autem
1259 5109 1531 5180 Propheta
1582 5117 1772 5164 narrat
1817 5117 1878 5162 ut
1913 5107 2078 5171 facta,

502 5203 671 5256 veluti
722 5203 814 5272 qui
872 5202 1209 5271 propheticis
1267 5202 1441 5257 oculis
1497 5217 1560 5257 ea
1597 5186 1852 5267 viderat;
1893 5200 1977 5254 vel
2009 5215 2074 5253 ex

505 5310 739 5364 persona
806 5294 1204 5360 Ecclesiarum,
1262 5304 1322 5349 ut
1372 5295 1632 5356 diximus,
1694 5292 1812 5347 haec
1866 5292 2076 5359 prolata

504 5393 684 5439 sunt:
725 5386 891 5441 veluti
958 5401 1082 5456 qua:
1112 5378 1207 5441 ab
1260 5386 1341 5441 eis
1392 5384 1723 5456 quandoque
1765 5384 1837 5437 ita
1891 5392 2079 5439 essent

503 5477 855 5543 proferenda.

574 5567 741 5623 Vens.
774 5571 825 5623 4.
853 5571 1117 5635 Quoniam
1153 5569 1334 5624 videbo
1366 5570 1521 5623 caelos
1580 5584 1735 5637 Opera
1781 5567 2074 5637 digitorum

579 5745 623 5777 "
658 5744 761 5802 lsa.
796 5764 891 5813 LII,
949 5748 1002 5805 5.
1077 5752 1143 5783 “‘
1185 5748 1389 5804 Hahae.
1421 5761 1501 5813 ιιι,
1536 5747 1589 5802 3.

2185 4470 2282 4525 καὶ
2321 4467 2620 4536 ἐκδικητὴν
2642 4480 2657 4494 ·
2702 4460 2898 4534 ἐχθρὸν
2943 4459 3064 4531 μὲν,
3095 4458 3169 4521 ὡς
3206 4453 3619 4525 ἐναντιούμενον
3641 4454 3766 4513 ταῖς

2183 4561 2423 4622 ἐντολαῖς
2438 4557 2531 4611 τοῦ
2555 4555 2713 4622 Θεοῦ,
2739 4554 2960 4615 καὶτοῖς
2977 4550 3168 4604 τούτου
3184 4548 3359 4619 φίλοις
3379 4543 3723 4615 πολεμοῦντα
3746 4558 3763 4574 ο

2184 4651 2479 4723 ἐκδικητὴν
2509 4649 2588 4714 δὲ,
2632 4648 2707 4711 ὼς
2754 4648 2895 4717 μετὰ
2923 4645 2985 4698 τὸ
3018 4642 3174 4715 ῥίψαι
3204 4641 3380 4704 τινὰς,
3424 4635 3767 4706 ἐγκαλοῦντα

2184 4747 2396 4809 τούτοις
2430 4746 2530 4815 τὴν
2563 4742 2658 4795 τοῦ
2676 4740 2810 4794 Θεοῦ
2841 4737 3275 4808 καταφρόνησιν,
3304 4735 3401 4787 καὶ
3428 4731 3564 4801 πρὸς
3590 4747 3771 4799 τιμω-

2188 4840 2310 4909 ρίαν
2340 4838 2570 4891 ἐ).κοντα
2585 4833 2674 4887 διὰ
2695 4832 2795 4902 τὴν
2825 4830 2932 4884 τῶν
2964 4829 3124 4882 θείων
3150 4825 3382 4880 ἐντολῶν
3416 4820 3730 4893 παράϐασιν
3751 4834 3765 4849 ο

2183 4929 2428 5003 ⁴ᾐσχύνθη
2453 4928 2559 4998 γὰρ
2584 4926 2703 4979 τότε
2735 4924 2829 4976 καὶ
2850 4913 3027 4988 οὗτος,
3046 4920 3141 4974 καὶ
3156 4917 3452 4985 κατελύθη.
3496 4916 3582 4978 Ὠς
3604 4929 3772 4982 γεγο-

2186 5025 2316 5078 νότα
2366 5022 2421 5075 δέ
2477 5023 2544 5075 τὰ
2602 5019 2948 5089 γενησομένα
3005 5015 3259 5086 τίθησιν,
3326 5007 3441 5067 οἷον
3497 5007 3769 5081 ἑωρακὼς

2186 5117 2327 5169 αὐτὰ
2366 5116 2478 5176 τοῖς
2521 5112 2880 5181 προφητικοῖς
2908 5108 3176 5179 ὄμμασιν.
3208 5107 3282 5161 Ἦ
3328 5106 3424 5159 καὶ
3458 5101 3768 5173 προσώπῳ,

2186 5206 2332 5261 καθὰ
2388 5205 2706 5276 δεδήλωται,
2761 5203 2871 5256 τῶν
2902 5270 2909 5273 _
2938 5199 3299 5271 Ἐκκλησιῶν,
3338 5198 3416 5260 ὡς
3446 5197 3568 5250 τότε
3602 5195 3771 5264 λεγόο

2190 5314 2354 5368 μενα.

2256 5570 2376 5623 Ὅτι
2404 5569 2623 5641 ὄψομαι
2650 5567 2791 5637 τοὺς
2846 5566 3162 5638 οὐρανοὺς,
3193 5565 3337 5634 ἕρνα
3383 5564 3501 5619 τῶν
3544 5563 3777 5619 δακτύ-
