4090 6212
406 311 506 373 133

1554 307 1951 370 COMMEN'I‘.
1997 306 2080 366 IN
2123 304 2483 371 PSALMOS.

3562 310 3665 376 ιθι

398 432 524 482 ,ιων
573 443 713 482 σου.
774 426 973 497 Πρὼην
1029 426 1127 497 μὲν
1172 425 1280 500 γὰρ
1329 425 1400 479 τά
1456 426 1612 491 ἔθνη,
1657 421 1752 477 τοῦ
1779 425 1981 491 κόσμου

2096 430 2327 474 tuorum.
2383 421 2521 476 Olim
2571 432 2759 494 gentes
2793 425 3056 481 mundum
3083 442 3110 480 a
3146 425 3300 484 falsis
3332 441 3523 482 eorum
3561 426 3668 480 dits

400 519 631 589 ποιητὰς
673 518 801 580 τοὺς
847 518 1235 588 ψευδωνύμους
1267 517 1575 592 ’ὠνόμαζον
1665 515 1846 578 θεούς·
1878 513 1982 583 τῆς

405 610 667 680 ἀληθείας
721 611 778 663 δὲ
825 611 1141 680 λαμψὰσης,
1201 611 1236 680 ἡ
1293 609 1402 662 τῶν
1435 607 1639 661 πιστῶν
1681 605 1982 675 Ἐκκλησία

398 704 600 772 φησιν’
650 702 1085 772 Ἐπιγνώσομαι
1149 702 1283 767 τοὺς
1323 701 1640 770 οὐρανοὺς,
1687 701 1831 767 ἔργα
1864 698 1984 752 τῶν

406 791 540 845 σῶν
569 792 907 847 δακτύλων.
929 793 1238 860 Οὐρανοὺς
1260 792 1318 844 δὲ
1344 791 1516 860 λέγει,
1545 792 1636 843 τὸν
1664 793 1721 842 ὲν
1749 790 1891 858 ἀρχῇ
1921 804 1980 840 τε

400 883 717 953 ποιηθέντα,
763 885 854 936 καὶ
879 884 940 936 τὸ
978 885 1299 953 στερέωμα.
1334 883 1405 934 ‘ll
1459 883 1553 935 xui.
1601 879 1982 950 πληθυντικῶς

399 971 558 1028 εἶπεν
587 974 710 1026 ἀντὶ
756 974 962 1040 ἑνικοῦ,
1015 976 1161 1027 κατὰ
1215 976 1316 1044 τὴν
1358 973 1617 1044 Ἐδραῖδα
1679 973 1979 1026 διάλεκτον.

400 1065 503 1117 Διᾶι
572 1065 754 1132 μέντοι
797 1064 891 1118 τοῦ
923 1064 1182 1136 οὐρανοῦ,
1217 1064 1294 1127 ὡς
1347 1063 1717 1136 περιεκτικοί
1755 1065 1848 1116 καὶ
1875 1064 1982 1134 τὴν

405 1158 465 1208 ὲν
501 1156 652 1226 μέσῳ
691 1157 870 1209 κτίσιν
923 1158 1173 1226 ἐνέφηνε.
1205 1157 1435 1224 Λέγουσι
1487 1157 1543 1210 δέ
1576 1173 1721 1219 τινες
1761 1158 1984 1210 Δακτύ-

405 1251 530 1300 λων
563 1250 760 1313 εἰπεῖν,
808 1249 1161 1319 παραστῆσαι
1207 1249 1550 1318 βουλόμενον,
1594 1249 1671 1313 ὡς
1717 1249 1854 1319 ἔργα
1879 1251 1982 1318 τῆς

405 1338 717 1408 πολλοστῆς
753 1355 847 1392 σου
874 1340 1165 1410 δυνάμεως
1207 1340 1562 1409 τυγχάνουσιν
1588 1341 1638 1392 οἱ
1669 1339 1980 1408 τηλικοῦτοι

400 1429 497 1480 καὶ
558 1428 811 1483 τοιοῦτοι.
878 1429 1032 1498 Ἐμοὶ
1064 1430 1120 1480 δὲ
1149 1428 1298 1480 δοκεῖ
1345 1429 1637 1499 ἀδιάφορον
1661 1446 1678 1461 ο
1738 1432 1834 1483 καὶ⁵
1870 1431 1981 1500 γὰρ

395 1518 635 1587 ἀλλαχοῦ
676 1538 828 1591 φησι,
879 1521 990 1574 Καὶ
1024 1521 1167 1590 ἔργα
1207 1521 1324 1575 τῶν
1345 1522 1560 1592 χειρῶν
1592 1540 1711 1577 σου
1735 1525 1898 1578 εἰσιν
1926 1527 1982 1578 οι

391 1612 660 1677 οὐρανοὶ,
717 1611 994 1679 σελήνην
1034 1614 1131 1667 καὶ
1169 1615 1434 1682 ἀστέρας
1483 1615 1522 1669 ἃ
1552 1616 1634 1669 σὺ
1675 1616 1981 1684 ἐθεμελίωο

390 1719 526 1767 σας.
578 1705 820 1772 Οὐρανοῦ
855 1706 1143 1775 μνησθεὶς,
1182 1709 1277 1760 καὶ
1320 1707 1411 1761 τὸν
1453 1709 1550 1760 τοῦ
1586 1709 1821 1779 οὐρανοῦ
1878 1710 1974 1761 x6-

393 1809 528 1860 σ,;.ον
561 1795 949 1864 προσέθηκεν,
1002 1797 1084 1849 ὅτι
1155 1797 1216 1850 σὲ
1291 1796 1668 1866 ἐπιγνώσομαι
1746 1799 1975 1868 ποιητὴν

390 1888 484 1938 καὶ
537 1888 649 1939 τῶν
689 1889 960 1959 ἀστέρων.
1016 1889 1128 1957 Τὴν
1165 1888 1398 1958 σελήνην
1424 1889 1482 1941 δὲ
1512 1890 1702 1954 τάξας,
1744 1891 1803 1941 οὐ
1832 1908 1977 1959 παρ-

390 1976 492 2044 ῆκε
533 1979 626 2030 τὸν
671 1981 858 2049 ἥλιον·
913 1978 1052 2033 ἀλλά
1104 1978 1174 2030 δι’
1217 1979 1387 2047 αὐτῆς
1426 1977 1661 2049 ἐδήλωσε
1705 1982 1980 2035 κάκεῖνον.

407 2065 629 2139 Ἐπειδὴ
658 2072 768 2140 γὰρ
791 2071 883 2123 ὑπ’
922 2069 1134 2122 ἐκείνου
1155 2068 1294 2138 αὑτὴ
1321 2069 1636 2137 φωτίζεται,
1659 2071 1756 2122 καὶ
1780 2087 1988 2140 συνημο
2029 2106 2034 2110 ~

405 2163 583 2228 μένως
615 2161 785 2229 ἄμφω
813 2162 881 2230 τῇ
921 2159 1122 2225 γνώσει
1164 2161 1272 2212 τῶν
1305 2159 1610 2230 ἀνθρώπων
1630 2159 1946 2226 σύγκεινται
1973 2175 1988 2191 ⁸

403 2246 534 2309 δυὰς
563 2254 673 2318 γὰρ
707 2249 812 2301 τῶν
845 2249 1098 2318 μεγάλων
1130 2252 1247 2303 ἐστὶ
1295 2251 1638 2320 φωστήρωνο
1672 2250 1768 2303 καὶ
1819 2249 1978 2302 θατέ-

402 2357 500 2408 ρου
525 2339 608 2402 τὶς
642 2341 921 2408 μνησθεὶς.
954 2342 1050 2393 καὶ
1072 2339 1296 2410 θάτερον
1322 2339 1568 2406 συνάγει.
1624 2339 1886 2408 Ἀλλαχοῦ
1922 2339 1979 2392 δὲ

400 2431 564 2498 μόνον
601 2429 780 2499 τίθησι
805 2430 896 2482 τὸν
928 2430 1106 2499 ἥλιον·
1152 2431 1221 2482 Σὺ
1260 2433 1389 2500 γὰρ,
1444 2429 1598 2499 φησὶ,
1633 2430 1975 2498 κατηρτίσω

394 2521 626 2588 ψαῦσιν
655 2521 752 2573 καὶ
788 2520 984 2588 ἥλιον,
1013 2521 1088 2584 ὡς
1117 2521 1211 2574 καὶ
1246 2523 1415 2591 ἀμφω
1437 2521 1506 2573 δι’
1539 2521 1790 2585 ἀλλήλων
1815 2539 1971 2575 νοου-

399 2614 596 2682 μένων.
643 2614 711 2668 "A
741 2613 817 2677 δὲ,
844 2613 1096 2667 τουτέστι
1121 2615 1190 2667 τὰ
1219 2615 1417 2682 ἄστρα,
1449 2614 1482 2684 ἢ
1511 2615 1579 2668 τὰ
1611 2614 1768 2686 ἔργα.
1818 2613 1973 2670 Ἐθε-

389 2706 697 2771 palluerat;
725 2704 803 2766 δὲ,
837 2705 959 2758 ἀντὶ
986 2704 1083 2758 τοῦ
1114 2705 1343 2774 ἔπηξας,
1380 2705 1644 2775 ἦδρασας,
1695 2704 1772 2768 ὼς
1808 2705 1973 2776 μηδέ-

400 2813 529 2848 ποτε
559 2796 667 2850 τῶν
729 2799 1133 2866 ἀφωρισμένων
1185 2798 1365 2852 τόπων
1412 2799 1734 2861 ἐκπίπτειν,
1791 2799 1972 2851 καίτοι

395 2887 590 2955 ὲπικρε
601 2885 842 2956 μάμενα.

2084 508 2286 563 factum
2353 527 2478 567 esse
2526 514 2933 571 arbitrabantur
2971 517 3107 585 (£2);
3166 519 3259 573 sed
3322 519 3412 572 ubi
3465 518 3665 573 claruit

2081 600 2303 664 vetitas,
2325 601 2562 657 Ecclesia
2597 605 2829 660 fidelium
2849 610 3050 662 cecinit
3087 625 3102 662 :
3129 607 3336 662 Videbo
3361 608 3662 676 cmlos,‘qui

2080 689 2369 759 digitorum
2392 703 2610 749 tuorum
2631 713 2767 766 opus
2789 712 2934 756 sunt.
2951 701 3132 756 Ctelos
3147 713 3348 766 autem,
3372 704 3568 756 caelum
3592 703 3666 771 ip-

2082 795 2202 834 sum
2228 785 2540 852 appellavit,
2559 790 2705 856 quod
2738 790 2892 844 initio
2913 791 3114 846 factum
3143 803 3248 855 est,
3270 802 3324 847 et
3351 796 3665 848 ﬁrmamen-

2083 881 2218 926 tum.
2253 871 2350 928 Vel
2390 876 2588 944 plurali
2615 894 2847 935 numero
2878 897 2976 951 pro
3008 885 3273 953 singulari
3307 882 3662 938 llebraorum

2084 979 2234 1019 more
2273 982 2407 1022 usus
2440 977 2548 1024 est.
2591 968 2658 1022 Et
2711 971 2840 1025 dum
2897 975 3096 1028 cmlum
3142 975 3278 1030 dicit
3309 991 3419 1044 quo
3478 977 3661 1030 omnia

2081 1057 2545 1124 complectuntur,
2583 1068 2815 1117 ca-teras
2851 1075 3138 1120 creaturas
3169 1083 3290 1136 qua:
3347 1072 3400 1122 in
3453 1070 3660 1124 mundo

2082 1155 2220 1200 sunt
2280 1149 2753 1219 comprehendere
2815 1153 2982 1208 etiam
3021 1157 3258 1210 videtur.
3309 1157 3506 1215 Dicunt
3537 1161 3662 1230 qni-

2083 1237 2206 1290 dam
2288 1239 2410 1293 ideo
2476 1241 2686 1297 dixisse
2739 1242 2915 1311 Opera
2974 1247 3263 1314 digitorum
3328 1261 3557 1318 tuorum,
3609 1260 3667 1305 ut

2084 1339 2230 1384 tanta
2271 1346 2334 1386 ac
2390 1333 2518 1387 talia
2556 1336 2826 1389 elementa
2879 1352 2908 1390 a
2940 1339 3184 1393 'minima
3218 1341 3418 1397 divinae
3478 1355 3667 1411 poten-

2083 1423 2170 1478 tiae
2222 1425 2486 1493 particula
2547 1426 2690 1480 facta
2749 1428 2923 1484 fuisse
2957 1431 3322 1500 significaret.
3371 1433 3484 1504 Ego
3527 1452 3659 1491 vero

2081 1513 2407 1584 Prophetam
2441 1529 2570 1586 puto
2619 1519 2996 1576 indill‘ereuler
3044 1538 3204 1576 usum
3265 1524 3370 1578 hoc
3404 1526 3662 1593 loquendi

2084 1610 2264 1673 modo,
2294 1625 2418 1664 cum
2465 1611 2592 1666 alibi
2641 1613 2804 1667 etiam
2847 1613 3042 1669 dicat:
3081 1614 3147 1668 Et
3197 1631 3354 1682 opera
3405 1635 3662 1672 manuum

2085 1709 2300 1754 tuarum
2360 1713 2481 1755 sunt
2523 1704 2638 1758 ειηΙὶ
2672 1704 2738 1759 ⁸³.
2777 1736 2845 1746 -—
2871 1705 3078 1760 Lunam
3130 1719 3179 1760 et
3214 1710 3418 1772 stellas,
3446 1726 3564 1778 qua
3605 1719 3661 1762 tu

2079 1793 2347 1859 fundasti.
2387 1793 2525 1848 Cum
2557 1796 2681 1849 εαξη
2713 1797 3044 1858 meminerit,
3083 1797 3230 1854 illius
3281 1801 3446 1852 etiam
3506 1799 3659 1852 addit

2078 1897 2399 1941 ornamenta
2435 1903 2450 1939 :
2485 1889 2584 1951 'l‘e,
2621 1889 2820 1957 inquit,
2854 1905 3182 1959 cognoscam
3232 1893 3492 1946 factorem
3523 1892 3661 1946 stel-

2083 1978 2284 2029 larum.
2343 1976 2526 2031 Solem
2587 1994 2717 2032 vero
2770 1982 3193 2047 praetermisisse
3255 1998 3366 2035 non
3424 1984 3662 2048 videtur,

2088 2064 2216 2117 dum
2245 2066 2433 2117 lunam
2474 2078 2863 2120 commemorat
2893 2082 2908 2119 :
2945 2068 3192 2136 quinimo
3222 2077 3274 2122 et
3312 2069 3446 2122 solis
3476 2072 3642 2123 meml

2093 2154 2243 2209 nisse
2273 2155 2603 2209 credendum
2647 2165 2752 2219 est,
2803 2157 2949 2212 lunae
2976 2159 3238 2211 memoria
3289 2173 3412 2228 quae
3453 2160 3524 2214 ab
3548 2145 3671 2228 ipso

2085 2247 2200 2301 sole
2242 2246 2589 2302 illttminatur
2621 2265 2635 2300 ε
2668 2263 2791 2302 cum
2845 2257 3082 2318 uterque
3133 2251 3436 2321 cognitioni
3493 2253 3670 2306 homi-

2081 2351 2213 2390 num
2238 2337 2574 2406 conjunctitn
2601 2338 2884 2394 inhaereat.
2923 2338 3038 2394 Duo
3067 2341 3268 2410 quippe
3304 2351 3436 2395 sunt
3471 2356 3667 2412 magna

2079 2425 2399 2492 luminaria,
2435 2441 2670 2495 quorum
2701 2431 2793 2498 qtti
2839 2429 3069 2484 alterius
3105 2431 3379 2495 meminit,
3427 2432 3660 2487 alterum

2079 2519 2243 2573 simul
2281 2519 2609 2574 introducit.
2677 2518 2832 2574 Unde
2885 2521 3015 2575 alibi
3051 2522 3186 2577 solis
3226 2532 3438 2577 tantum
3468 2525 3658 2579 memi-

2079 2612 2182 2676 nit,
2234 2612 2457 2681 quando
2490 2611 2567 2665 ait
2600 2629 2612 2663 :
2648 2611 2726 2666 Tu
2773 2612 3068 2682 fabricatur
3104 2629 3158 2668 et
3195 2630 3446 2668 auroram
3481 2625 3531 2668 et
3569 2632 3661 2670 so-

2081 2701 2180 2755 lem
2205 2702 2274 2767 ⁸⁵,
2313 2705 2470 2772 quasi
2528 2719 2623 2773 per
2667 2704 2898 2758 alterum
2958 2712 3256 2773 utrumque
3293 2706 3658 2776 intelligatur.

2081 2794 2344 2864 Sequitur
2376 2815 2388 2850 :
2423 2795 2556 2862 Qua:
2606 2809 2660 2849 tu
2692 2796 2939 2864 fundasti
2981 2811 2998 2848 :
3039 2813 3155 2865 qua:
3184 2807 3328 2850 astra
3377 2799 3658 2863 nimirum,

2077 2888 2160 2940 vel
2194 2901 2358 2957 Opera
2403 2896 2472 2941 ‘tu
2539 2887 2826 2942 fundasti:
2861 2888 2915 2941 id
2964 2896 3070 2953 est,
3122 2887 3363 2955 tinxistl;
3409 2891 3662 2946 stabilisti

395 2980 470 3032 ita
511 2987 566 3032 ut
601 2981 855 3034 decidere
905 2994 1015 3033 non
1058 2980 1296 3044 valeant,
1329 2988 1422 3034 aut
1453 2979 1720 3063 dimoveri
1758 2997 1789 3036 e
1827 2981 1970 3048 loco,
2010 2982 2104 3036 ubi
2138 2992 2309 3052 perte
2341 2983 2611 3038 collocata
2646 2993 2798 3049 sunt,
2826 2983 3046 3039 tametsi
3109 2998 3174 3038 ea
3211 3000 3453 3056 appensa
3520 3005 3660 3060 quo-

395 3073 688 3128 dammodo
713 3090 832 3129 ϐεδε
861 3075 1171 3128 videantur.

472 3168 568 3232 Τίς
630 3169 808 3222 ἐστιν
857 3170 1164 3238 ἅνθρωπος
1221 3169 1309 3221 ὅτι
1353 3167 1671 3238 μιμνήσκῃ
1707 3168 1981 3237 αὐτοῦ,ἧ

2161 3162 2327 3218 Vsus.
2365 3163 2420 3217 5.
2474 3163 2616 3230 Quid
2643 3173 2720 3217 est
2745 3163 2900 3220 homo
2928 3166 3070 3237 quod
3101 3182 3300 3220 memor
3329 3182 3382 3222 es
3406 3167 3544 3237 ejus,
3569 3179 3663 3224 aut

396 3260 521 3326 υἱὸς
548 3260 887 3326 ἀνθρώπου,
923 3260 1012 3313 ὅτι
1059 3257 1396 3326 ἐπισκέπτῃ
1429 3260 1651 3317 αὑτὸνε
1685 3259 1790 3311 Καὶ
1820 3257 1978 3312 τοῦτο

392 3351 484 3404 διὰ
519 3353 619 3420 τὴν
645 3351 1057 3421 ὲνανθρὼπησιν
1100 3353 1344 3422 εἴρηκεν,
1367 3349 1732 3421 προεγνωκὼς
1761 3349 1820 3402 τὸ
1841 3351 1976 3403 ταύ-

396 3458 500 3512 της
533 3445 865 3514 μυστήριον⁹
922 3441 988 3494 'l‘l
1051 3444 1180 3514 γὰρ,
1231 3443 1387 3511 φησὶ,
1446 3441 1702 3496 τοσοῦτόν
1745 3445 1894 3496 ἐστιν
1941 3445 1969 3496 ὁ

396 3535 706 3605 ἄνθρωπος,
760 3536 842 3588 ὅτι
874 3535 1305 3611 ἀφηνιάσαντος,
1343 3535 1438 3586 καὶ
1489 3533 1590 3602 τὴν
1631 3533 1730 3606 σὴν
1771 3534 1968 3588 δεσπο-

391 3627 545 3679 τείαν
590 3628 974 3696 ἀγνοήσαντος,
1023 3625 1170 3679 ἔλεον
1197 3625 1360 3678 αἰτοῦ
1396 3625 1724 3694 λαμϐάνειςς
1774 3627 1969 3696 Ἐσχη-

397 3721 658 3789 μὰτισται
701 3721 729 3771 ὁ
783 3719 939 3788 λόγος
993 3720 1056 3772 ἐκ
1119 3720 1435 3789 μεταφορᾶς
1503 3718 1613 3772 τῶν
1672 3719 1969 3772 ἐπιλανθα-

396 3810 652 3879 νομένων
679 3809 848 3874 τινὸς,
901 3804 1018 3861 εἶτα
1061 3808 1252 3879 μνείαν
1279 3807 1445 3860 αὐτοῦ
1490 3807 1582 3859 διὰ
1627 3806 1974 3875 συμπαθείας

393 3901 527 3954 ποτὲ
555 3899 972 3969 λαμϐανόντωψ
1021 3899 1118 3950 καὶ
1145 3895 1207 3948 οὐ
1261 3897 1420 3948 τοῦτο
1465 3895 1649 3964 μόνον,
1685 3892 1826 3946 ἀλλά
1877 3891 1975 3944 καὶ⁵

392 3990 558 4054 αὐτὸς
611 3990 690 4052 εἰς
744 3987 1034 4057 ἀντίληψιν
1079 3982 1480 4053 παραγίνεται·
1514 3979 1673 4032 τοῦτο
1703 3978 1815 4047 γὰρ
1852 3976 1974 4030 snt-

337 4130 340 4133 .
394 4080 609 4148 σκεψις.
643 4077 779 4131 Οὔτε
804 4082 913 4149 γὰρ
939 4076 1194 4145 ἄγγελος,
1244 4073 1307 4125 οὺ
1361 4069 1629 4141 πρέσϐυς,
1662 4068 1780 4124 ἀλλ’
1812 4067 1974 4131 αὐτὸς

390 4171 652 4241 ὸΚύριος
695 4169 891 4232 ἐλθὼν,
933 4171 1142 4221 ἔσωσεν
1188 4166 1359 4236 ἡμᾶς.
1399 4162 1465 4216 Ti
1543 4160 1678 4230 γοῦν
1715 4157 1972 4214 τοσοῦτόν

392 4265 545 4314 ἐστιν
570 4262 882 4331 ἄνθρωπος,
916 4262 1003 4314 ἵνα
1031 4259 1206 4313 ταῦτα
1253 4257 1324 4311 δι’
1355 4255 1520 4309 αὑτὸν
1569 4254 1828 4324 γένηται;
1878 4253 1972 4306 καὶ.

394 4357 670 4410 πεσίῖντων
709 4357 808 4425 μὲν
857 4355 1130 4424 ἀγγέλων,
1169 4353 1324 4406 οῦδὲν
1379 4350 1643 4416 τοιοῦτον,
1677 4350 1968 4420 ἐποίησας·

394 4449 487 4503 τοῦ
514 4447 806 4518 ἀνθρώπου
837 4448 893 4500 δὲ
922 4445 1200 4509 πεσόντος,
1245 4445 1323 4506 εἰς
1355 4443 1455 4512 τὴν
1484 4442 1760 4513 ἡμετέραν
1805 4437 1971 4512 ἦλθες

393 4512 681 4608 ἐσχατιάν.
725 4536 1046 4606 Ἀνθρωπος
1101 4535 1178 4596 δὲ,
1229 4534 1330 4587 irai
1365 4533 1500 4595 ,υἱὸς
1554 4512 1867 4603 ἀνθρώπου,
1904 4530 1967 4584 τὸ
1994 4512 2049 4573 Ῑ)

394 4631 528 4684 αὐτὸ
561 4629 814 4700 δηλοῦσιν
844 4631 911 4682 ἐκ
937 4625 1309 4697 παραλλήλου·
1355 4625 1450 4678 καὶ
1479 4622 1717 4694 συνήθης
1747 4625 1776 4677 ὁ
1806 4622 1978 4686 τύπος

396 4737 556 4783 ουτος
606 4721 758 4791 παρὰ
788 4723 855 4791 τῇ
904 4717 1155 4788 Παλαιᾷ·
1189 4717 1334 4769 δοκεί
1379 4716 1490 4785 γὰρ
1531 4713 1866 4786 περίφρασις
1919 4713 1980 4766 τὸ

402 4812 514 4874 υίὸς
543 4811 860 4882 ἀνθρώπου,
891 4810 1012 4862 ἀντὶ
1032 4806 1128 4862 τοῦ
1152 4807 1484 4876 ἅνθρωπος.

496 5078 868 5143 [Hartqu
902 5075 1092 5131 αὑτὸν
1137 5075 1339 5144 ,ϐραχύ
1388 5090 1442 5127 τι
1473 5071 1614 5141 παρ’
1654 5072 1975 5142 (ιγ-γέλως.

399 5171 692 5240 Μέμνηται
744 5170 842 5224 καὶ
890 5171 999 5224 τῶν
1041 5169 1106 5234 ἐξ
1130 5169 1305 5241 ἀρχῆς
1357 5165 1714 5237 εὐεργεσιῶν,
1753 5165 1862 5217 τῶν
1892 5166 1974 5227 εἰς

396 5263 493 5314 τὸν
522 5261 832 5332 ἄνθρωπον.
854 5260 1121 5323 Πλασθεὶς
1151 5262 1282 5330 γὰρ,
1305 5258 1481 5329 βραχύ
1503 5275 1556 5311 τι
1581 5257 1690 5310 τῶν
1718 5256 1969 5324 ἀγγέλων

400 5354 733 5424 ἠλάττωται,
759 5353 852 5406 διὰ
902 5352 1003 5423 τὴν
1050 5352 1374 5422 συμπλοκὴν
1419 5350 1516 5403 τοῦ
1563 5347 1843 5419 σώματος,
1877 5347 1974 5402 καὶ

2085 3256 2230 3324 ﬁlius
2288 3255 2517 3309 hominis
2572 3255 2822 3322 quoniam
2879 3256 3064 3309 visita:
3125 3257 3285 3310 eum?
3334 3255 3458 3312 Hac
3487 3260 3656 3314 etiam

2085 3356 2308 3417 propter
2367 3346 2802 3400 lucarnatiouem
2860 3346 3008 3402 dicta
3065 3354 3216 3402 sunt.
3291 3345 3656 3405 Praenoscens

2080 3437 2224 3492 enim
2285 3436 2558 3505 Propheta
2618 3436 2765 3490 illius
2823 3437 3144 3508 mysterium
3187 3438 3398 3506 :Quid,
3457 3440 3658 3512 inquit,

2079 3529 2214 3584 tanti
2250 3536 2335 3585 est
2385 3528 2569 3593 homo,
2605 3538 2663 3583 ut
2711 3543 2837 3583 cum
2875 3530 3094 3586 rebellis
3128 3546 3157 3585 ι
3193 3540 3248 3587 te
3277 3531 3458 3588 factus
3480 3535 3576 3597 sit,
3603 3541 3660 3587 et

2078 3621 2363 3691 imperium
2393 3630 2548 3674 tuum
2585 3620 2996 3687 detrectaverit,
3030 3631 3086 3674 tu
3144 3629 3329 3675 tamen
3357 3623 3508 3677 illius
3556 3624 3660 3675 nti-

2078 3712 2315 3766 serearis
2333 3711 2358 3763 ‘l
2383 3711 2476 3764 Est
2503 3718 2686 3763 autem
2707 3711 2796 3763 hic
2826 3725 3008 3765 sermo
3033 3711 3467 3778 metaphoricus,
3491 3719 3657 3780 atque

2082 3801 2150 3852 ab
2176 3815 2368 3852 eorum
2411 3811 2648 3866 persona
2687 3801 3010 3861 translatus,
3069 3801 3161 3866 qui
3218 3808 3372 3852 certo
3413 3809 3659 3868 tempore

2082 3887 2394 3957 cuiuspiam
2421 3887 2578 3940 obliti
2609 3895 2762 3951 sunt,
2791 3897 2847 3940 et
2863 3887 3062 3942 deinde
3081 3889 3470 3957 compassione
3499 3891 3658 3955 moti,

2081 3980 2204 4051 ejus
2239 3978 2676 4034 reminiscuntur
2714 3993 2728 4029 :
2779 3992 2880 4032 nec
2923 3987 3139 4032 tantum
3202 3979 3657 4047 reminiscuntur,

2081 4073 2175 4129 sed
2228 4073 2284 4127 in
2342 4070 2493 4125 illius
2524 4069 2786 4123 auxilium
2827 4076 2883 4123 et
2917 4066 3295 4124 defensionem
3340 4071 3506 4126 etiam
3543 4088 3660 4126 mo-

2077 4173 2294 4221 ventur.
2335 4163 2400 4218 Et
2427 4163 2642 4218 haecest
2660 4161 2901 4217 visitatio
2916 4175 3080 4229 quam
3109 4161 3264 4216 dicit.
3287 4160 3478 4234 Neque
3507 4165 3655 4220 enim

2078 4257 2310 4327 angelus
2332 4254 2555 4324 aliquis,
2591 4266 2688 4308 aut
2718 4254 2957 4324 legatus,
2987 4253 3084 4308 sed
3112 4252 3345 4323 ipsemet
3391 4254 3656 4308 Dominus

2078 4365 2175 4420 per
2204 4364 2264 4403 se
2292 4347 2519 4402 veniens
2573 4347 2805 4402 salvavit
2832 4359 2936 4400 nos
2975 4344 3037 4398 ⁸⁸.
3101 4343 3243 4410 Quid
3294 4345 3462 4416 igitur
3500 4348 3643 4401 tanti

2077 4448 2162 4494 est
2189 4439 2374 4501 homo,
2403 4446 2460 4492 ut
2489 4447 2709 4507 propter
2742 4438 2915 4502 illum,
2941 4436 3055 4490 haec
3110 4436 3225 4490 fieri
3268 4437 3546 4492 debeant?
3582 4438 3652 4492 Et

2079 4547 2201 4587 cum
2233 4529 2414 4599 angeli
2450 4530 2675 4600 quidem
2709 4529 3067 4590 cecidissent,
3093 4537 3152 4582 tu
3189 4530 3324 4584 nihil
3375 4530 3653 4599 ejusmodi

2079 4622 2282 4686 fecisti,
2309 4623 2362 4676 in
2414 4622 2654 4677 hominis
2684 4632 2866 4678 autem
2896 4623 3058 4676 ruina
3087 4631 3142 4676 et
3185 4637 3342 4689 casu,
3369 4625 3438 4677 ad
3471 4639 3654 4680 extre-

2079 4729 2222 4767 mam
2255 4714 2396 4768 hanc
2427 4714 2790 4784 dejectionem
2845 4714 3202 4771 descendisti.
3256 4715 3432 4770 Homo
3470 4729 3652 4773 autem

2077 4812 2131 4858 et
2163 4805 2307 4860 filius
2352 4806 2595 4862 hominis
2627 4806 2769 4862 idem
2803 4822 2956 4875 atque
3013 4807 3331 4877 significant
3358 4825 3373 4862 :
3405 4809 3650 4865 circum-

2076 4896 2224 4965 loqui
2259 4904 2440 4953 tamen
2467 4914 2610 4968 saepe
2635 4898 2718 4954 sic
2744 4898 2883 4954 solet
2907 4897 3209 4970 Scriptura,
3237 4910 3295 4954 ttt
3319 4915 3418 4970 pro
3441 4903 3659 4956 homine

2076 4985 2244 5040 lilium
2275 4989 2510 5043 hominis
2537 4990 2702 5042 dicat.

2149 5072 2310 5128 Vnus.
2338 5075 2395 5130 6.
2432 5075 2675 5131 Minuistt‘
2701 5092 2821 5131 eum
2851 5079 3113 5132 modicum
3144 5078 3272 5148 quid
3323 5079 3389 5132 ab
3421 5079 3644 5146 angelis.

2073 5165 2442 5235 Antiquorum
2502 5169 2898 5224 beneficiorum
2944 5172 3193 5225 meminit
3222 5185 3344 5240 quae
3391 5171 3444 5220 in
3477 5168 3658 5219 homi-

2078 5271 2200 5310 nem
2233 5259 2432 5311 collata
2480 5267 2629 5314 sunt.
2659 5258 2892 5316 Creatus
2943 5262 3092 5316 enim
3150 5261 3315 5314 homo
3369 5255 3648 5308 mOdicum

2082 5349 2215 5418 Quid
2247 5351 2316 5406 ab
2345 5352 2560 5423 angelis
2601 5353 2910 5410 minoratus
2941 5362 3047 5421 est,
3081 5362 3304 5422 propter
3356 5347 3658 5416 complica-

476 5494 522 5525 ⁸³
559 5491 703 5548 Psal.
735 5507 808 5557 cr,
846 5490 935 5544 ‘26.
981 5490 1026 5522 “
1062 5489 1204 5545 Psal.
1236 5502 1428 5552 uxm,
1463 5485 1552 5540 16.
1637 5484 1682 5516 ⁸⁵
1714 5483 1816 5538 lsa.
1845 5495 1998 5545 um,
2026 5481 2081 5537 9.

1713 5573 1908 5635 Varite
1951 5570 2282 5634 lectiones.

500 5688 592 5755 42)
623 5687 809 5743 Graece
843 5684 1146 5756 ὠνόμαζον,
1202 5680 1568 5745 nominabant,
1603 5676 1728 5731 coeli
1765 5673 1974 5730 scilicet
2020 5673 2278 5737 factores,
2313 5685 2410 5741 pro
2439 5686 2549 5742 quo
2581 5667 2808 5722 Latinus
2845 5665 3114 5734 interpres
3173 5663 3373 5735 legisse
3442 5665 3658 5723 videtur

401 5758 675 5820 ἐνόμιζον.
