4082 6212
506 312 609 375 135

1700 306 2089 375 EUTHYMII
2140 298 2508 362 ZIGABENI

3650 293 3748 360 136

486 423 693 477 tionem
726 422 1001 493 corporis,
1029 427 1085 477 et
1127 421 1233 477 alia
1265 435 1385 492 qua!
1415 420 1485 477 ad
1516 435 1718 492 corpus
1770 423 2064 492 pertinent.

2182 418 2253 470 τὰ
2286 418 2350 469 ὲκ
2379 414 2475 469 τοῦ
2505 413 2758 483 σώματος
2785 428 2799 443 ⁶
2855 411 3129 468 καὶτοῦτο
3154 412 3233 479 δὲ,
3266 410 3388 466 κατ’
3415 411 3750 482 οἰκονομίαν,

486 516 665 585 Atque
714 516 817 571 hoc
868 529 1002 570 sane
1062 529 1257 584 magna
1316 529 1442 569 cum
1501 516 1962 584 diSpensatione:
2009 520 2071 567 ut

487 607 708 674 quOties
762 613 987 673 propter
1049 604 1386 658 intellectqu
1444 604 1845 665 extolleretur,
1904 603 2067 657 toties

490 697 899 769 deminueretur
930 704 1097 765 atque
1123 695 1511 749 humiliaretur
1558 704 1783 765 propter
1835 703 2064 749 terram.

486 790 619 841 Nam
647 791 690 843 si
726 789 780 842 in
815 789 1105 858 praesentia
1146 801 1269 840 cum
1302 800 1535 853 corpore
1577 798 1894 855 gravantur,
1928 782 2065 838 adeo

2181 509 2290 572 ἵνα,
2324 507 2454 559 ὅταν
2494 504 2796 575 ὲπαίρηται
2824 504 2913 558 διὰ
2954 504 3046 556 τὸν
3088 502 3237 565 νοῦν,
3264 501 3627 568 συστέλληται
3666 501 3752 553 διὰ

2177 600 2268 652 τὸν
2300 598 2445 668 χοῦν.
2508 596 2571 651 Εἰ
2627 597 2737 669 γὰρ
2776 598 2871 650 καὶ
2894 595 3148 667 σώματος
3181 595 3521 667 βριθόμενος,
3555 593 3754 658 ἀλαζοο

2176 694 2396 746 νεύεται
2445 691 2738 758 τοσοῦτον,
2801 688 2885 755 τίς
2933 690 3000 743 ἂν
3038 685 3106 760 ἦν
3171 687 3590 757 πολιτευόμενος
3638 687 3756 753 δίχα

2175 785 2429 854 σώματος
2452 800 2468 850 ;

485 881 806 935 cxtollimur
853 889 909 935 et
958 879 1281 950 gloriamur,
1344 876 1477 946 quid
1522 876 1956 932 existimandum
1996 886 2083 931 est
2123 874 2366 931 facturos
2394 875 2586 941 fuisse,
2611 875 2658 930 si
2697 874 2905 943 absque
2944 886 3175 945 corpore
3235 872 3399 929 nobis
3464 872 3755 927 vivendum

486 972 670 1029 esset?

558 1066 741 1119 Gloria
766 1073 815 1119 et
847 1067 1041 1118 honore
1068 1064 1338 1119 coronasti
1388 1067 1528 1118 eum.
1591 1061 1800 1128 Gloria,
1836 1062 1965 1133 quia
1999 1061 2066 1118 ad

488 1162 783 1226 imaginem
816 1166 870 1211 et
892 1157 1310 1211 similitudinem
1340 1155 1435 1210 Dei
1467 1155 1649 1210 iactus
1668 1165 1753 1211 est
1786 1171 1800 1207 :
1838 1155 2068 1220 honore,

488 1254 613 1322 quia
638 1252 821 1305 omnia
853 1250 903 1303 ei
931 1248 1181 1317 subjecta
1216 1259 1346 1302 sunt
1394 1248 1715 1301 animantia.

563 1342 730 1396 Vsus.
756 1342 809 1394 7.
860 1339 924 1393 Et
953 1339 1279 1393 constituisti
1303 1354 1422 1391 eum
1452 1355 1613 1407 super
1643 1354 1800 1407 opera
1822 1353 2075 1392 manuum

490 1446 725 1490 tuarum.
765 1433 989 1502 Elegisti
1022 1446 1144 1486 eum
1187 1430 1243 1484 in
1294 1447 1473 1500 regem
1532 1432 1700 1487 totius
1744 1441 2008 1486 creaturae
2052 1447 2068 1484 :

489 1528 719 1582 Crescite
751 1527 919 1589 enim,
980 1524 1180 1593 inquit,
1208 1531 1259 1576 et
1297 1522 1750 1591 multiplicamini,
1783 1534 1830 1576 et
1877 1522 2071 1592 replete

472 1616 710 1679 terram.
736 1628 784 1673 et
818 1616 1171 1672 dominamini
1206 1617 1255 1670 ei
1284 1616 1355 1670 ⁸⁸.

2240 1061 2398 1129 Δόξῃ
2432 1059 2532 1114 καὶ
2562 1059 2704 1129 τιμῇ
2730 1056 3164 1127 ἐστεφάνωσας
3214 1055 3421 1110 αὐτόν.
3460 1053 3599 1126 Δόξα
3633 1055 3755 1124 μὲν,

2165 1154 2255 1208 διὰ
2288 1155 2348 1207 τὸ
2391 1152 2513 1205 κατ’
2548 1152 2734 1205 εἰκόνα
2782 1150 2919 1204 Θεοῦ
2953 1149 3246 1218 γενέσθαιο
3275 1150 3409 1218 τιμῇ
3435 1148 3513 1213 δὲ,
3548 1149 3638 1201 διὰ
3658 1148 3755 1219 τὴν

2169 1247 2307 1314 πρὸς
2336 1247 2500 1300 αὑτὸν
2532 1243 2813 1314 ὑποταγὴν
2836 1241 2945 1296 τῶν
2985 1242 3141 1305 ζώων
3183 1243 3464 1295 ἁπάντων.

2242 1335 2634 1403 Κατέστησας
2702 1333 2891 1386 αὑτὸν
2931 1332 3029 1384 ἐπὶ
3069 1329 3137 1384 τὰ
3171 1330 3314 1398 ἔργα
3364 1327 3484 1384 τῶν
3542 1333 3755 1402 χειρῶν

2177 1445 2319 1485 σου.
2365 1428 2809 1499 Ἑχειροτόνησας
2836 1424 2999 1478 αὑτὸν
3030 1423 3257 1493 βασιλέα
3278 1440 3377 1492 της
3408 1422 3659 1490 κτίσεως,
3690 1426 3755 1497 ἢν

2176 1521 2477 1591 ἐποίησας·
2522 1516 2826 1583 Αὺξάνετε
2882 1516 3014 1585 γὰρ,
3058 1514 3155 1569 καί
3216 1516 3623 1583 πληθύνεσθε,
3657 1516 3756 1570 καί

2176 1608 2535 1679 πληρώσατε
2585 1607 2702 1677 τὴν
2745 1608 2882 1677 γῆν,
2938 1607 3036 1660 καὶ
3092 1604 3603 1671 κατακυριεύσατε
3646 1608 3755 1660 αὐ-

2174 1720 2308 1771 της.

562 1791 727 1846 Vzns.
774 1792 831 1846 8.
892 1790 1087 1845 Omnia
1173 1791 1445 1861 subjecisti
1515 1791 1609 1846 sub
1661 1792 1877 1861 pedibus
1927 1791 2064 1861 ejus,

2242 1794 2447 1849 Πάντα
2475 1782 2784 1859 ὑπέταξας
2831 1788 3112 1845 ὑποκάτω
3162 1787 3282 1842 τῶν
3302 1787 3506 1842 ποδῶν
3536 1786 3750 1849 αὐτοῦ,

487 1902 601 1939 ores
634 1896 681 1937 et
714 1883 862 1938 boves
904 1886 1197 1950 universas,
1248 1884 1465 1949 insuper
1528 1895 1577 1937 et
1603 1900 1794 1953 pecora
1849 1886 2068 1954 campi:

488 1979 722 2031 volucres
777 1977 937 2041 caeli,
1004 1987 1053 2029 et
1114 1978 1281 2043 pisces
1352 1977 1537 2041 maris,
1600 1993 1719 2046 qua:
1785 1977 2070 2045 perambu-

491 2071 605 2122 lant
641 2070 857 2123 semitas
890 2068 1078 2121 maris.
1122 2069 1237 2122 Hoc
1266 2067 1428 2121 etiam
1451 2083 1515 2121 ex
1552 2067 1754 2123 Genesi
1790 2080 2068 2139 sumptum

486 2170 592 2217 est.
634 2160 1016 2223 Dominamini,
1072 2160 1271 2229 inquit,
1322 2159 1557 2227 piscibus
1613 2160 1799 2223 maris,
1844 2167 1893 2210 et
1924 2160 2072 2211 volu-

492 2254 671 2306 cribus
735 2252 875 2313 caeli,
923 2260 971 2305 ct
1033 2252 1275 2304 omnibus
1329 2251 1627 2319 pecoribus,
1671 2261 1721 2305 et
1778 2252 1920 2305 omni
1962 2261 2069 2304 ter-

488 2357 563 2395 ra?
611 2342 679 2394 ⁸⁷.
752 2341 997 2411 Cumque
1084 2340 1353 2411 PrOplteta
1445 2342 1534 2396 hic
1596 2344 1777 2397 omnia
1850 2342 2070 2407 dixerit,

490 2431 843 2501 postmodum
882 2431 1193 2503 distinguit.
1234 2431 1297 2483 Et
1340 2431 1519 2500 primo
1560 2432 1782 2501 quidem
1819 2435 2069 2490 mitiores

487 2539 618 2580 oves
654 2525 1073 2577 connumeravit
1106 2540 1119 2574 :
1154 2538 1250 2592 per
1282 2538 1478 2591 pecora
1513 2534 1695 2579 autem
1728 2528 1911 2597 campi
1935 2543 2072 2597 qua-

488 2616 755 2684 drupedia
823 2614 1009 2668 omnia
1063 2616 1504 2684 comprehendit,
1549 2632 1671 2686 quae
1731 2619 1786 2672 in
1862 2620 2069 2689 campis

489 2707 743 2763 habitant
787 2714 891 2760 :et
938 2706 1095 2774 juxta
1155 2703 1330 2759 Graeci
1381 2708 1625 2762 nominis
1684 2708 2067 2779 etymologiam

492 2800 751 2852 animalia
802 2798 983 2851 omnia
1013 2798 1411 2867 intelliguntur,
1437 2814 1556 2869 qua:
1587 2815 1755 2868 prona
1784 2801 1836 2854 iu
1866 2809 2068 2856 terrain

491 2891 794 2959 aspiciunt.
834 2888 937 2943 Per
966 2904 1166 2959 pecora
1197 2891 1385 2959 igitur,
1420 2892 1702 2946 terrestria
1733 2892 1916 2946 omnia
1950 2892 2069 2947 ani-

489 2984 649 3036 malia
705 2982 1062 3050 signiﬁcavit,
1125 2997 1219 3037 seu
1256 2983 1551 3047 silvestria,
1597 2991 1651 3036 et
1696 2984 1828 3037 fera.
1873 2982 2068 3039 Omnia

2173 1887 2462 1954 πρόϐατα,
2495 1882 2593 1936 καί
2622 1884 2783 1947 ,βόας
2816 1880 3083 1946 ἁπάσας,
3110 1879 3198 1933 ἔτι
3223 1878 3292 1932 δὲ
3328 1878 3426 1933 καί
3460 1879 3531 1932 τὰ
3558 1878 3752 1947 κτήνη

2173 1978 2280 2032 τοῦ
2362 1975 2591 2040 πεδίου,
2675 1973 2748 2026 τὰ
2824 1974 3067 2027 πετεινὰ
3134 1973 3245 2027 τοῦ
3297 1971 3581 2040 οὐρανοῦ,
3651 1972 3751 2025 καὶ

2173 2070 2315 2136 τοὺς
2368 2069 2579 2138 ἰχθύας
2618 2065 2727 2134 τῆς
2763 2066 3106 2133 θαλάσσης,
3158 2066 3229 2121 τὰ
3281 2065 3755 2136 διαπορευόμενοι

2172 2162 2413 2229 τρίϐους
2444 2155 2799 2214 θαλασσῶν.
2824 2159 2934 2212 Καὶ
2962 2157 3122 2211 τοῦτο
3161 2158 3268 2211 ἀπὸ
3323 2157 3425 2226 τῆς
3452 2159 3753 2230 Μωσαῖκῆς

2173 2253 2447 2314 Γενέσεως
2511 2251 2802 2320 εἴληπται·
2856 2251 2993 2321 φησι
3047 2249 3192 2320 γάρ’
3226 2250 3333 2305 Kal
3390 2250 3604 2320 ἄρχετε
3634 2250 3755 2303 τῶν

2175 2344 2399 2413 ἰχθύων
2456 2342 2567 2411 τῆς
2620 2341 2967 2409 θαλάσσης,
3008 2340 3107 2394 καί
3149 2340 3269 2395 τῶν
3320 2341 3611 2396 πετεινῶν
3646 2341 3752 2396 τοῦ

2172 2435 2475 2504 οὐρανοῦ,
2532 2434 2633 2488 καί
2686 2433 2932 2489 πάντων
2972 2434 3093 2487 τῶν
3122 2432 3380 2502 κτηνῶν,
3422 2435 3518 2489 καὶ
3544 2434 3753 2502 πάσης

2173 2526 2282 2595 τῆς
2313 2527 2447 2596 γῆς.
2490 2526 2674 2580 Εἰπὼν
2708 2526 2765 2580 δὲ
2796 2526 3001 2594 πάντα,
3044 2526 3241 2580 διεῖλεν
3268 2526 3429 2591 αὐτὰ,
3462 2527 3559 2581 καὶ
3597 2527 3752 2598 πρῶ·

2172 2637 2263 2671 τον
2293 2618 2401 2672 ἀπὸ
2438 2618 2547 2672 τῶν
2584 2620 2956 2690 ἡμερωτέρων
2987 2619 3192 2690 ἤρξατο
3219 2619 3529 2691 προϐάτων.
3558 2620 3747 2691 κτήνη

2170 2712 2227 2765 δὲ
2260 2711 2407 2780 λέγει
2436 2710 2529 2764 τοῦ
2552 2711 2763 2776 πεδίου,
2805 2712 2983 2766 πάντα
3029 2712 3098 2765 τὰ
3129 2715 3243 2776 τοῖς
3278 2711 3482 2775 πεδίοις
3529 2712 3752 2782 ἑννεμόο

2175 2820 2311 2873 μενα
2354 2803 2659 2872 τετράποδα
2686 2820 2701 2835 σ
2737 2804 2931 2874 κτῆνος
2975 2805 3106 2873 γὰρ,
3159 2805 3268 2857 πᾶν
3300 2804 3362 2856 τὸ
3399 2805 3552 2858 κάτω
3595 2802 3750 2856 νεῦον

2171 2895 2524 2965 τετράποδον.
2583 2896 2683 2949 Διὰ
2749 2897 2931 2966 μέντοι
2985 2896 3093 2949 τῶν
3151 2897 3387 2966 κτηνῶν,
3444 2899 3553 2951 πᾶν
3609 2896 3752 2961 ζῶον

2171 2988 2423 3056 χερσαῖον
2466 2987 2877 3058 παρεδήλωσεν,
2923 2988 3034 3041 εἴτε
3086 2988 3319 3059 ἥμερον,
3363 2988 3476 3044 εἴτε
3518 2990 3750 3061 ἄγριονο

486 3076 689 3145 quippe
728 3074 781 3127 in
817 3074 1055 3129 hominis
1106 3075 1474 3129 ministerium
1516 3076 1641 3130 data
1670 3084 1797 3131 sunt
1824 3093 1839 3129 :
1868 3078 2064 3146 quibus

2174 3078 2353 3131 πάντα
2386 3079 2496 3149 γὰρ
2528 3081 2607 3142 εἰς
2639 3079 2945 3149 ὑπηρεσίαν
2992 3080 3087 3133 τοῦ
3127 3081 3415 3152 ἀνθρώπου
3453 3083 3749 3153 παρήχθη-

487 3169 744 3221 omnibus
791 3168 881 3221 ille
921 3168 1083 3221 etiam
1115 3169 1277 3222 homo
1318 3168 1500 3222 adhuc
1543 3168 1937 3235 dominabitur,
1971 3170 2064 3239 qui

2174 3186 2272 3222 σαν
2298 3186 2312 3200 ο
2346 3171 2440 3223 καὶ
2470 3171 2687 3225 πάντων
2714 3172 2895 3242 ἄρχει,
2920 3174 2952 3233 ό
2984 3172 3265 3236 διασώςων
3308 3175 3369 3226 τὸ
3396 3175 3612 3245 πρῶτον
3645 3178 3747 3247 τῆς

488 3259 778 3326 pristinam
834 3258 1031 3312 anima:
1071 3273 1182 3312 sua:
1217 3260 1515 3313 servaverit
1550 3259 1897 3330 dignitatem.
1931 3261 2067 3316 Caeli

486 3366 670 3411 autem
696 3351 950 3405 volucres
978 3349 1137 3413 dixit,
1158 3365 1255 3419 pro
1281 3352 1449 3406 aeris.
1492 3350 1704 3407 Casium
1731 3353 1877 3407 enim
1924 3369 2069 3423 saepe

485 3447 706 3518 ponitur
764 3457 862 3512 pro
908 3456 1058 3506 aere,
1118 3442 1213 3512 qui
1270 3443 1395 3497 caeli
1446 3443 1621 3499 instar
1666 3445 1831 3515 capiti
1878 3457 2067 3501 nostro

486 3536 862 3593 circumfusus
893 3541 997 3588 est.
1031 3531 1272 3587 Piscium
1316 3535 1506 3599 etiam,
1534 3550 1657 3589 cum
1692 3535 2068 3591 innumerabi-

484 3631 556 3683 lia
587 3629 722 3694 sint,
784 3641 1009 3698 genera,
1069 3640 1180 3680 uno
1227 3641 1481 3681 sermone
1517 3628 1703 3681 omnia
1743 3630 2066 3697 complexus

487 3731 574 3775 est
609 3720 801 3774 dicens
833 3718 1002 3785 :Qute
1029 3717 1404 3787 perambulant
1452 3720 1671 3774 semitas
1704 3720 1893 3774 maris.
1926 3719 1992 3774 Et
2032 3735 2063 3774 a

484 3812 790 3867 masculino
853 3827 1052 3881 genere
1113 3814 1179 3864 ad
1244 3823 1501 3867 neutrum
1577 3812 1817 3879 transiit,
1873 3814 2064 3871 volens

484 3905 589 3960 hoc
618 3915 782 3976 pacto
834 3905 982 3960 varia
1012 3904 1248 3975 piscium
1304 3921 1503 3977 genera
1539 3908 1822 3964 denotare.
1860 3907 2063 3965 Verum

483 4000 598 4063 hinc
622 3999 691 4054 de
714 4014 852 4068 puro
882 4014 945 4054 ac
979 3998 1219 4069 simplici
1254 4000 1479 4054 homine
1509 4001 1898 4057 intelleximus.
1926 4002 2071 4056 Jux-

481 4100 535 4145 ta
573 4105 877 4161 anngogem
914 4104 1045 4146 vero
1094 4090 1162 4144 ad
1209 4090 1611 4144 humanitatem
1656 4090 1862 4145 Christi
1894 4094 2063 4160 perti-

483 4191 636 4248 nent,
685 4182 1149 4251 quemadmodum
1199 4181 1497 4251 Apostolus
1549 4181 1620 4235 ad
1675 4181 1936 4236 Hebraeos
1966 4184 2063 4238 deo

480 4274 653 4326 clarat
680 4290 694 4327 :
733 4272 871 4339 Quid
896 4273 1065 4337 enim,
1100 4271 1303 4340 inquit,
1343 4270 1480 4323 tanti
1510 4276 1593 4324 est
1625 4270 1939 4326 humanitas
1970 4272 2059 4327 illa

482 4370 773 4432 assumpta
837 4377 867 4414 a
924 4361 1034 4415 Deo
1073 4361 1273 4424 Verbo,
1331 4359 1477 4428 quod
1526 4359 1673 4415 illius
1730 4376 1940 4416 memor
1977 4378 2055 4429 es,

2169 3260 2351 3331 ψυχῆς
2380 3262 2618 3333 ἀξίωμα.
2679 3262 2912 3315 Πετεινὰ
2953 3263 3009 3316 δὲ
3052 3263 3146 3316 τοῦ
3179 3264 3433 3334 οὐρανοῦ,
3474 3266 3747 3332 τουτέστι,

2169 3354 2264 3407 τοῦ
2295 3354 2456 3424 ἀέρος
2476 3371 2489 3385 ο
2523 3353 2713 3407 τοῦτον
2743 3354 2852 3426 γὰρ
2878 3354 2973 3410 νῦν
3017 3355 3247 3427 οὐρανὸν
3288 3359 3748 3429 καταχρηστικῶς

2169 3446 2475 3516 ὠνόμασεν,
2530 3446 2606 3509 ὡς
2651 3445 2794 3517 ὑπὲρ
2848 3446 3097 3518 κεφαλῆς
3133 3450 3286 3520 ὑμῶν
3332 3450 3487 3521 δίκην
3513 3450 3746 3522 οὐρανοῦ

2170 3538 2496 3607 κεχυμένον.
2543 3537 2883 3607 Ἀποόλέψας
2913 3539 2972 3592 δὲ
3004 3538 3142 3611 πρὸς
3172 3540 3239 3594 τὰ
3267 3541 3747 3613 παμπληθέστατα

2167 3630 2276 3681 τῶν
2308 3628 2526 3699 ἰχθύων,
2560 3628 2672 3698 (45)
2694 3628 2730 3682 ἃ.
2754 3628 2823 3681 δι’
2852 3629 2971 3693 ἑνὸς
2995 3629 3154 3699 λόγου
3175 3632 3353 3685 πάντα
3380 3632 3745 3703 παρέστησεν,

2168 3718 2361 3783 εἰπὼν,
2410 3719 2488 3773 Τὰ
2534 3720 3011 3789 διαπορευόμενα
3067 3723 3308 3790 τρίϐους
3364 3722 3698 3777 θαλασσῶν
3728 3740 3743 3755 ’

2164 3812 2271 3864 ἀπὸ
2329 3814 2440 3883 γὰρ
2492 3811 2585 3866 τοῦ
2629 3813 2921 3883 ἀρσενικοῦ
2974 3816 3170 3884 γένους
3235 3815 3329 3869 ἐπὶ
3369 3815 3430 3868 τὸ
3459 3816 3745 3887 οὐδέτερον

2170 3905 2568 3977 μεταϐέϐηκεν,
2616 3906 2940 3976 βουλόμενος
2969 3907 3212 3978 ἐμφῆναι
3249 3908 3309 3962 τὸ
3347 3908 3607 3979 διάφορον
3634 3909 3745 3962 τῶν

2165 4001 2223 4051 ἐν
2257 3997 2467 4069 ἰχθύσιν
2501 3999 2682 4071 εἰδῶν.
2733 4000 2895 4054 Ἀλλὰ
2930 4000 3103 4054 ταῦτα
3139 4001 3238 4071 μὲν
3272 4000 3523 4074 περὶτοῦ
3554 4001 3747 4065 ἁπλῶς

2164 4089 2459 4159 ἀνθρώπου
2484 4091 2737 4161 νοοῦμεν.
2777 4093 3093 4161 Ἀνάγονται
3120 4093 3179 4147 δὲ
3204 4094 3300 4147 καὶ
3328 4094 3409 4157 εἰς
3420 4093 3512 4147 τὸν
3530 4095 3749 4165 Κυρια-

2163 4182 2258 4232 κδν
2291 4180 2600 4250 ἄνθρωπον,
2650 4183 2726 4245 ὡς
2761 4184 2789 4236 ό
2831 4184 3154 4248 Ἀπόστολος
3180 4185 3481 4253 ἐξεδέξατο,
3512 4188 3745 4258 γράφων

2163 4272 2303 4341 πρὸς
2375 4272 2662 4343 Ἐὃραίους
2693 4290 2710 4309 ο
2765 4275 2831 4328 Τί
2888 4277 3019 4347 γὰρ,
3074 4278 3232 4348 φησὶ,
3287 4279 3544 4335 τοσοῦτόν
3592 4282 3744 4334 ἐστιν
3812 4334 3819 4341 ,

2163 4363 2471 4434 ἄνθρωπος,
2494 4366 2523 4418 ὁ
2553 4366 2927 4437 προσληφθεὶς
2955 4369 3034 4439 τῷ
3056 4370 3187 4441 θείῳ
3215 4371 3396 4442 Λόγῳ,
3420 4373 3502 4426 ὅτι
3537 4375 3749 4443 μιμνή-

482 4454 672 4507 dicens
725 4469 739 4503 :
785 4451 885 4505 Hic
923 4461 999 4503 est
1058 4447 1235 4502 Filius
1291 4465 1436 4503 meus
1484 4450 1706 4503 dilectus
1742 4451 1835 4506 “7
1865 4451 2060 4507 Filium

2173 4470 2279 4527 σκῃ
2306 4456 2507 4523 αὐτοῦς
2531 4458 2680 4527 λέγει
2705 4460 2835 4531 γὰρ,
2854 4458 3145 4529 ὅτιοῦτός
3169 4464 3343 4518 ἐστιν
3371 4466 3403 4518 ό
3442 4467 3575 4529 Υἱός
3596 4483 3740 4534 μου,

483 4553 664 4595 autem
730 4540 970 4593 hominis
1032 4539 1206 4603 dixit,
1264 4548 1323 4593 ut
1382 4554 1477 4595 eos
1555 4542 1904 4597 convinceret
1965 4546 2061 4614 qui

481 4632 689 4686 Christi
759 4645 981 4686 carnem
1030 4645 1270 4699 superne
1325 4631 1678 4687 descendisse
1723 4642 1982 4689 asserunt
2041 4651 2058 4688 :

482 4739 591 4793 qua
626 4725 839 4777 ratione
866 4724 985 4792 ipse
1014 4724 1177 4778 etiam
1214 4722 1479 4778 Dominus
1506 4723 1652 4793 apud
1691 4726 2060 4795 evangelistas

482 4830 857 4884 saepenumero
879 4814 1077 4869 Filium
1100 4816 1342 4870 hominis
1361 4831 1422 4871 se
1445 4816 1682 4886 appellat
1708 4818 2059 4888 :signilicans

480 4908 627 4976 quod
661 4923 724 4959 ex
759 4908 1012 4974 virginali
1052 4916 1230 4970 utero,
1284 4917 1449 4978 atque
1475 4924 1541 4961 ex
1575 4909 1885 4976 purissimis
1911 4910 2055 4964 illius

479 5000 842 5068 sanguinibus
874 5002 989 5070 ipse
1034 5002 1138 5055 sibi
1176 4999 1437 5069 templum
1470 5002 1854 5055 constituerat.
1885 5002 2055 5057 Filius

479 5093 626 5146 enim
678 5092 917 5147 hominis
948 5094 993 5147 is
1028 5107 1155 5146 vere
1213 5093 1436 5158 dicitur,
1477 5093 1571 5162 qui
1607 5094 1853 5149 mulieris
1882 5109 1964 5149 eat
1994 5096 2055 5149 ll-

483 5183 613 5238 lins.
642 5181 776 5236 Nam
802 5190 855 5236 et
886 5184 1085 5237 mulier
1117 5198 1245 5238 vere
1274 5184 1436 5237 homo
1467 5191 1570 5238 est.
1601 5182 1855 5238 Visitavit
1878 5193 2060 5238 autem

481 5273 836 5339 illuurDeus,
860 5273 1018 5343 juxta
1045 5273 1192 5343 quod
1226 5274 1353 5329 alibi
1398 5275 1629 5345 legimus
1662 5292 1675 5328 :
1707 5274 2059 5329 Providebam

478 5362 768 5417 Dominum
792 5364 846 5416 in
880 5373 1159 5431 conspectu
1193 5380 1304 5417 mea
1334 5378 1557 5433 semper,
1592 5365 1840 5435 quoniam
1868 5382 1899 5419 a
1925 5362 2058 5420 dex-

556 5536 603 5568 ⁶⁸
633 5536 817 5592 Geu.t
876 5539 969 5592 28.
1051 5539 1097 5573 "
1133 5536 1274 5594 Ibid.
1360 5539 1406 5571 ⁸⁸
1426 5539 1620 5595 Matth.
1665 5555 1723 5595 lli
1780 5540 1871 5597 17.

2161 4550 2195 4600 ό
2227 4548 2561 4618 ἀγαπητός.
2612 4552 2742 4606 Υίὸν
2788 4553 2844 4606 δὲ
2875 4554 3165 4625 ἀνθρώπου
3219 4557 3409 4611 τοῦτον
3453 4559 3738 4622 ἐκάλεσεν,

2165 4641 2253 4695 ἵνα
2297 4643 2484 4716 παύσῃ
2532 4646 2660 4710 τοὺς
2712 4648 3141 4719 δογματίζοντας
3179 4651 3387 4706 ἄνωθεν
3426 4669 3742 4720 συνεπαγα-

2161 4735 2355 4802 γέσθαι
2387 4739 2485 4808 τὴν
2508 4738 2710 4809 σάρκα.
2739 4741 2831 4794 Διὸ
2858 4742 2953 4794 καὶ
2980 4741 3144 4806 αὐτὸς
3160 4745 3219 4796 ἐν
3243 4747 3356 4807 τοῖς
3385 4743 3743 4813 Εὑαγγελεοις

2165 4827 2434 4897 πολλαχοῦ
2466 4830 2626 4883 τοῦτο
2659 4832 2850 4885 ἑαυτὸν
2878 4833 3156 4904 ὀνομάζει,
3187 4834 3388 4907 δηλῶν,
3422 4836 3498 4899 ὡς
3526 4840 3591 4891 ὲκ
3626 4836 3742 4890 τῶν

2164 4917 2515 4986 παρθενικῶν
2572 4924 2669 4974 καὶ
2722 4923 3011 4992 ἁχράντων
3056 4926 3304 4996 αἱμάτων
3346 4929 3588 4999 ἐπήξατο
3610 4927 3741 4981 ναὸν

2165 5007 2366 5077 ἑαυτῷ,
2409 5010 2539 5071 Υίὸς
2578 5010 2633 5065 δὲ
2662 5013 2953 5085 ἀνθρώπου
2983 5020 3078 5071 καὶ
3108 5021 3137 5072 ὁ
3160 5021 3226 5073 ὲκ
3247 5020 3509 5088 γυναικός
3529 5036 3543 5050 ⁸
3579 5021 3674 5074 καὶ
3704 5022 3741 5090 ὴ

2160 5099 2297 5168 γυνὴ
2325 5100 2454 5171 γὰρ,
2481 5103 2786 5176 ἄνθρωπος,
2829 5106 3167 5182 Ἐπισκέπτῃ
3196 5110 3254 5165 δὲ
3279 5112 3460 5178 αὐτὸν,
3490 5112 3571 5165 ὅτι
3589 5114 3744 5179 Προ-

2160 5190 2431 5261 ωρώμην,
2461 5196 2616 5265 φησι,
2650 5198 2759 5250 τὸν
2789 5200 3012 5267 Κύριον
3038 5202 3297 5257 ἐνώπιόν
3316 5222 3437 5273 μου
3459 5203 3558 5258 διὰ
3585 5220 3743 5257 παν-

2160 5282 2285 5348 τὸς,
2320 5283 2411 5336 ὅτι
2438 5286 2507 5337 ἐκ
2533 5285 2753 5349 δεξιῶν
2780 5308 2902 5359 μου
2922 5292 3118 5348 ἐστίν.
3152 5324 3220 5335 -
3256 5294 3643 5360 Ἦλάττωσας
3666 5293 3742 5347 δὲ

2160 5374 2341 5431 αὐτὸν
2363 5376 2568 5447 βραχύ
2600 5396 2652 5435 τι
2678 5384 2815 5453 παρ’
2846 5384 3165 5456 ἀγγέλους,
3205 5387 3295 5442 διὰ
3327 5387 3388 5442 τὸ
3418 5389 3610 5459 πεινᾷν
3635 5387 3739 5441 καὶ

1786 5638 1986 5702 Variae
2045 5641 2347 5709 lectiones

549 5734 664 5797 M5)
687 5730 1015 5791 Redundare
1040 5733 1254 5787 videtur
1288 5734 1348 5787 τδ
1378 5735 1427 5790 ἆ.
