4082 6212
289 325 386 392 137

1447 317 1838 378 COMMENT.
1883 319 1962 377 IN
2005 318 2364 380 PSALMOS.

3445 317 3548 386 138

282 434 460 506 διψᾷ-ι,
495 433 590 487 καὶ
615 433 725 495 τοῖς
762 428 1105 500 ἁδιαῦ).ήτοι;
1137 427 1228 481 τοῦ
1266 425 1516 500 σώματος
1543 425 1868 482 ὑποκεῖσθαι

1975 428 2074 482 tris
2117 437 2193 482 est
2246 429 2372 481 mihi
2444 445 2506 482 ne
2558 445 2885 483 commoveor
2933 429 2977 462 "
3031 467 3046 484 .
3079 427 3233 495 Quod
3265 444 3393 485 vero
3428 431 3545 486 ait:

283 530 532 583 πάθεσιν.
584 524 1049 593 Ἔστεφὰνωσας
1081 522 1135 575 δὲ
1172 522 1383 585 αὐτὸν,
1417 521 1695 575 τουτέστιν
1743 523 1859 575 exe.

284 635 500 691 σμησας
524 632 538 645 ·
562 615 716 683 δόξῃ
749 617 870 685 μὲν,
895 617 960 684 τῇ
980 613 1220 682 Θεότητι’
1250 610 1388 682 τιμῇ
1417 612 1475 665 δὲ
1499 613 1565 683 τῇ
1586 611 1739 682 παρὰ
1760 611 1869 666 τῶν

282 709 568 777 ἀγγέλωνο
603 703 878 774 πολλαχοῦ
912 703 1022 776 γὰρ
1061 703 1423 775 ἐδορυφόρουν
1461 702 1630 774 αὐτῷ.
1663 704 1734 756 Ἦ
1775 702 1870 758 καὶ

282 800 571 871 ἀμφότερα
627 798 782 868 παρὰ
836 796 947 848 τῶν
991 793 1338 866 ἀνθρώπων⁸
1392 794 1526 848 Θεόν
1546 811 1607 848 τε
1647 794 1758 867 γὰρ
1820 796 1869 848 ot

285 891 638 952 πιστεύοντες
671 889 879 958 ἔλεγον,
912 888 1006 942 καὶ
1028 886 1389 950 πανευλαὸῶς
1415 887 1640 957 ἐτίμων.
1669 886 1872 942 Πάντα

290 986 346 1038 δὲ
389 983 726 1049 ὑπέταξας,
767 983 841 1046 ὡς
873 981 980 1052 νέῳ
1022 980 1215 1052 Ἀδὰμ,
1247 980 1308 1032 τὸ
1334 979 1454 1034 κατ’
1484 981 1667 1034 εἰκόνα
1700 979 1872 1048 φυλά-

287 1078 459 1142 ξαντι.
482 1076 637 1128 Κατὰ
659 1076 718 1128 δὲ
746 1075 837 1128 τὸν
854 1077 950 1144 τῆς
969 1074 1262 1143 ἀναγωγῆς
1274 1073 1452 1142 λόγον,
1476 1073 1722 1144 πρόϐατα
1745 1073 1867 1143 μὲν,

283 1173 331 1223 οἱ
354 1170 418 1234 ἐξ
451 1168 621 1222 ἐθνῶν
652 1167 1107 1231 πεπιστευκότες,
1140 1165 1233 1228 οὒς
1256 1165 1349 1217 ἐπὶ
1373 1164 1442 1218 τὰ
1485 1166 1585 1235 ὅρη
1620 1166 1714 1216 καὶ
1745 1163 1871 1227 τοὺς

287 1261 512 1332 βουνοὺς
544 1260 1003 1330 πεπλανημένους
1020 1256 1219 1328 εὑρὼν,
1250 1259 1331 1321 εἰς
1378 1257 1477 1328 τὴν
1511 1255 1705 1310 ἑαυτοῦ
1743 1272 1870 1310 σιν-

285 1359 465 1426 ήγαγε
526 1354 803 1426 μάνδρανο
873 1353 994 1424 βόες
1049 1353 1130 1418 δὲ,
1168 1353 1220 1406 οἱ
1260 1351 1532 1417 Ἰουδαῖοι,
1576 1351 1665 1404 τὸν
1697 1349 1870 1420 βαρὺν

284 1448 540 1508 ἕλκοντες
563 1443 658 1497 τοῦ
689 1443 857 1515 νόμον
891 1443 1056 1512 ζυγόν
1081 1461 1095 1475 ·
1131 1443 1302 1513 κτήνη
1332 1442 1392 1494 δὲ
1417 1439 1513 1494 τοῦ
1572 1441 1780 1505 πεδίου,
1820 1440 1870 1492 oi

288 1538 430 1608 μήτε
478 1533 571 1588 τοῦ
601 1535 845 1596 Μωσέως
892 1533 1058 1604 νόμον
1109 1532 1419 1603 δεξάμενοι,
1467 1533 1604 1602 μήτε
1644 1530 1736 1584 τὸν
1771 1531 1872 1602 τῆς

286 1629 536 1698 χάριτος,
589 1625 705 1678 ἀλλ’
741 1623 1282 1694 εἰδωλολατροῦντες,
1329 1624 1389 1677 ὲν
1419 1625 1486 1693 τῇ
1534 1621 1742 1677 πεδιάδι
1775 1623 1872 1677 καὶ

287 1719 670 1792 χθαμαλότητι
717 1718 826 1771 τῶν
885 1715 1090 1787 ἡδονῶν
1128 1715 1224 1770 τοῦ
1268 1715 1386 1786 βίου
1419 1715 1756 1787 βαδίζοντες,
1791 1713 1870 1786 τῷ

291 1814 366 1884 μὴ
393 1811 657 1865 δύνασθαι
684 1810 937 1864 ἀναθέειν
955 1811 1035 1872 είς
1063 1807 1198 1879 ὕψος
1235 1809 1491 1880 θεωρίας.
1521 1807 1750 1862 Πετεινὰ
1773 1808 1873 1878 μὲν

284 1901 546 1975 οὐρανοῦ,
573 1903 625 1954 οί
658 1900 880 1970 ἄγγελοι
907 1917 920 1931 ο
957 1901 1141 1971 ἰχθύες
1167 1899 1225 1953 δὲ
1261 1899 1562 1970 Θαλάσσης,
1596 1900 1646 1952 οἱ
1684 1899 1872 1969 δαίμο-

285 2012 396 2061 νες,
431 1996 547 2060 τοῖς
578 1995 820 2065 κύμασιν
857 1991 1252 2063 ὲνσκιρτῶντες
1291 1990 1388 2045 τοῦ
1452 1989 1591 2062 βίου,
1613 1990 1708 2044 καὶ
1734 1991 1873 2045 ἀπο⁴

287 2089 494 2153 ζῶντες
553 2089 690 2158 τῇ...
744 2085 856 2158 (44)
901 2085 1011 2139 τῶν
1055 2083 1312 2155 πονηρῶν
1371 2083 1530 2155 ἡμῶν
1567 2082 1825 2152 πράξεων
1851 2097 1867 2114 ·

287 2181 491 2242 πάντες
519 2178 629 2249 γὰρ
672 2177 899 2248 ὕστερον
939 2176 1384 2247 ὐποταγήσονται
1413 2173 1492 2244 τῷ
1517 2173 1759 2246 Χριστῷ,
1792 2174 1872 2226 ὅτι

249 2245 258 2265 ί
289 2272 442 2343 αὐτῷ
484 2245 749 2340 πᾶν-γόνυ
779 2245 1010 2340 κάμψει,
1044 2245 1408 2339 ἐπουρανίων,
1442 2267 1542 2321 καὶ
1590 2267 1872 2337 ἐπιγείων,

287 2368 382 2416 καὶ
410 2362 807 2433 καταχθονίων.
836 2362 951 2414 Οὑκ
995 2360 1225 2430 ἄκαιρον
1246 2360 1304 2413 δὲ
1329 2362 1423 2414 καὶ
1444 2359 1730 2430 γλαφυράν
1751 2375 1875 2412 τινα

289 2458 623 2526 παραθεῖναι
655 2455 919 2526 ἐξήγησιν
940 2471 954 2486 ·
985 2455 1151 2508 ὅτιτὸ
1179 2452 1584 2518 Ἠλάττωας,
1623 2453 1686 2506 οὐ
1722 2451 1875 2523 παρὰ

287 2553 415 2612 τοὺς
471 2548 742 2619 ἀγγέλους
786 2548 1026 2616 λέγεται,
1077 2545 1217 2600 ἀλλὰ
1248 2546 1384 2617 πρὸς
1423 2545 1524 2616 τὴν
1578 2544 1738 2610 δόξαν
1775 2543 1874 2598 τοῦ

289 2641 531 2711 Πατρός.
585 2639 746 2694 Οὕτω
777 2638 887 2710 γὰρ
920 2638 1328 2707 ἀναγνωστέον·
1376 2635 1751 2702 Ἠλάττωσας
1764 2640 1874 2691 αὺ-

290 2733 623 2802 τὸνβραχύ
659 2744 742 2798 tt,
781 2731 877 2785 τοῦ
915 2731 1010 2784 σοῦ
1055 2729 1259 2801 δηλαδὴ
1286 2728 1620 2800 ἀξιώματος,
1659 2729 1749 2783 διὰ
1775 2729 1876 2801 τὴν

286 2829 388 2899 τῆς
416 2829 624 2897 σαρκὸς
655 2826 818 2896 φύσιν
843 2841 857 2857 ο
884 2821 1005 2880 εἶτα
1025 2824 1087 2879 τδ
1100 2823 1246 2894 ἑξῆς,
1266 2825 1402 2892 παρ’
1414 2823 1709 2893 ἀγγέλους
1728 2821 1878 2890 δόξᾳ

288 2923 389 2977 καὶ
404 2922 546 2992 τιμῇ
563 2920 991 2990 ἐστεφάνωσας
1005 2919 1214 2986 αὐτὸν,
1238 2920 1407 2989 ἡγουν
1426 2919 1516 2971 ἐπὶ
1538 2917 1741 2970 πλεῖον.
1767 2917 1878 2972 Οὐ-

291 3016 406 3079 δεὶς
430 3015 541 3085 γὰρ
571 3015 823 3084 ἀγγέλων
852 3013 885 3084 ἢ
915 3013 976 3067 τὺ
997 3012 1138 3068 θεῖον
1155 3012 1350 3068 ἐλαϐεν
1369 3009 1564 3082 ὄνομα,
1588 3009 1624 3081 ἢ
1648 3010 1878 3080 δορυφοο

295 3108 422 3178 ρίας
451 3106 710 3178 τοιαύτης
756 3107 1047 3176 τετύχηκε.
1141 3143 1158 3159 .

1976 518 2222 574 Minuisti
2265 537 2383 574 eum
2443 521 2705 575 modicum
2747 522 2875 591 quid
2927 521 2991 574 ab
3051 523 3285 592 angelis,
3342 538 3406 577 ea
3462 537 3552 578 ra-

1976 611 2122 666 tione
2202 611 2408 666 dictum
2471 622 2602 676 est,
2665 614 2793 683 quia
2855 619 2909 668 et
2957 615 3154 668 famem
3239 614 3552 684 patiebatur

1974 702 2257 769 Christus,
2301 713 2357 758 et
2400 703 2570 767 sitim,
2625 713 2680 759 et
2727 704 2956 775 reliquis
3000 703 3259 760 omnibus
3299 706 3551 777 corporis

1974 794 2349 863 passionibus,
2367 805 2532 865 atque
2556 793 2844 853 aﬂectihus
2873 797 3214 868 subjacebat,
3238 799 3333 868 qui
3364 814 3550 870 repre-

1975 883 2276 941 hensibiles
2309 900 2420 940 non
2447 894 2602 940 sunt.
2641 885 2931 943 Coronain
2976 897 3157 945 autem
3183 905 3325 956 eum,
3346 891 3450 946 hoc
3467 900 3554 947 est

1974 979 2208 1044 ornasti,
2243 979 2413 1049 gloria
2442 979 2685 1050 quidem,
2737 980 3041 1037 divinitatis
3075 999 3091 1039 :
3124 983 3322 1038 honore
3347 994 3550 1050 autem,

1973 1087 2134 1141 quem
2166 1072 2343 1142 angeli
2391 1073 2442 1128 ei
2501 1075 2858 1144 praestabant.
2905 1073 3066 1145 Saepe
3095 1079 3242 1131 enim
3276 1079 3555 1132 ministra-

1974 1161 2107 1218 bant
2135 1162 2206 1218 ei.
2259 1161 2354 1218 Vel
2412 1165 2577 1218 etiam
2605 1166 2732 1234 quia
2771 1173 3066 1235 utrumque
3097 1166 3168 1222 ab
3232 1166 3550 1222 hominibus

1973 1254 2022 1311 ei
2083 1255 2444 1325 praestabatur
2476 1297 2490 1322 ,
2550 1257 2679 1326 quia
2733 1257 3020 1312 credentes
3079 1258 3130 1312 in
3176 1273 3327 1326 eum,
3382 1259 3551 1316 Deum

1974 1347 2346 1417 appellabant,
2367 1355 2420 1401 et
2453 1347 2865 1419 religiosissime
2895 1352 3324 1406 venerabantur.
3353 1352 3552 1408 Omnia

1973 1453 2238 1511 praeterea
2292 1439 2528 1509 subjecit
2596 1440 2738 1496 Deus
2778 1443 2880 1497 sub
2912 1443 3148 1512 pedibus
3200 1446 3343 1514 ejus,
3385 1446 3554 1501 veluti

1975 1547 2120 1588 novo
2172 1533 2370 1598 Adam,
2423 1534 2516 1604 qui
2575 1533 2870 1604 imaginem
2906 1544 2961 1590 et
3000 1536 3414 1593 similitudinem
3459 1538 3554 1594 Dei

1974 1643 2102 1682 vere
2156 1629 2415 1682 servavit;
2487 1624 2653 1682 Juxta
2711 1643 3034 1700 anagogem,
3082 1645 3214 1687 oves
3258 1631 3296 1686 ii
3341 1632 3554 1688 dicendi

1976 1727 2105 1773 sunt
2136 1720 2228 1790 qui
2247 1735 2312 1775 ex
2343 1720 2596 1788 gentibus
2623 1720 3007 1776 crediderunt:
3039 1738 3179 1792 quos
3215 1725 3270 1778 in
3300 1725 3554 1790 collibus,

1904 1791 1948 1851 Β
1977 1821 2032 1869 et
2072 1815 2354 1870 montibus
2381 1825 2632 1869 errantes
2671 1815 2926 1871 Chrisms
2949 1791 3177 1871 invenit.
3209 1827 3264 1873 et
3293 1818 3359 1874 ad
3392 1835 3552 1872 suout

1977 1906 2124 1962 ovile
2164 1907 2540 1977 congregavit.
2583 1905 2757 1962 Boves
2799 1922 2952 1974 vero,
2992 1907 3163 1963 Judaei
3205 1918 3357 1974 sunt,
3392 1925 3556 1979 grave

1973 1998 2179 2053 veteris
2207 1999 2344 2066 legis
2374 1998 2566 2068 iugum
2598 1997 2901 2052 trahentes.
2951 1997 3015 2050 Et
3059 2013 3257 2067 pecora
3290 2001 3467 2070 campi
3493 2000 3552 2064 ii,

1974 2089 2068 2159 qui
2099 2103 2200 2143 nec.
2249 2087 2420 2160 Moysi
2454 2103 2554 2143 nec
2581 2087 2771 2158 gratiae
2815 2089 2986 2158 legem
3033 2101 3417 2160 susceperunt,
3459 2074 3554 2146 sed

1976 2181 2121 2236 idola
2157 2181 2400 2236 colentes
2456 2182 2509 2235 in
2559 2181 2854 2250 catnpestri
2882 2181 3211 2246 humilitate,
3243 2197 3306 2236 ac
3339 2194 3555 2238 terrena

1976 2275 2284 2344 dejectione
2331 2277 2674 2343 voluptatum
2709 2274 2996 2344 praesentis
3050 2276 3178 2330 vita:
3205 2276 3330 2331 ideo
3365 2277 3559 2332 ambu-

1977 2367 2129 2430 lant,
2181 2368 2311 2436 quia
2381 2366 2860 2436 contemplationis
2923 2365 3316 2422 sublimitatem
3376 2371 3556 2424 suscio

1979 2474 2106 2530 pere
2133 2466 2436 2528 nequeunt,
2463 2457 2559 2513 sed
2591 2457 2750 2528 juxta
2779 2472 2898 2512 eam
2918 2473 3081 2528 quam
3110 2461 3348 2515 diximus
3381 2459 3554 2516 Graeci

1979 2551 2216 2606 nominis
2249 2550 2656 2621 etymologiam,
2691 2550 2848 2620 quasi
2898 2565 3097 2621 pecora
3144 2555 3302 2622 proni
3353 2554 3409 2608 in
3447 2560 3559 2608 ter-

1978 2662 2117 2712 ram,
2155 2645 2500 2715 inspiciunt.
2539 2645 2808 2700 Volucres
2849 2647 3015 2700 etiam
3062 2646 3187 2700 coeli
3225 2661 3322 2716 pro
3349 2647 3560 2716 angelis

1979 2735 2154 2805 accipi
2202 2743 2480 2806 possunt:
2515 2743 2569 2790 et
2611 2735 2790 2804 pisces
2841 2735 3014 2789 maris
3050 2749 3151 2806 pro
3181 2736 3557 2791 daemonibus:

1980 2829 2074 2900 qui
2117 2829 2255 2883 inter
2280 2827 2478 2882 ﬂuctus
2515 2829 2799 2895 praesentis
2824 2827 2946 2880 vitae
2963 2827 3282 2889 subsiliunt,
3316 2835 3478 2896 atque
3503 2829 3560 2882 in

1981 2936 2168 2974 amara
2194 2934 2482 2990 pravarum
2514 2921 2791 2973 actionum
2815 2921 3006 2973 vivunt
3034 2918 3331 2989 salsugine.
3353 2916 3560 2974 Omnes

1981 3014 2125 3080 enim
2173 3012 2396 3068 Christo
2447 3011 2666 3065 tandem
2735 3011 3123 3080 subjicientur,
3187 3012 3446 3081 quoniam
3479 3011 3559 3066 illi

1854 3140 1875 3160 .
1905 3137 1948 3195 ε
1982 3123 2145 3163 omne
2205 3121 2346 3177 genu
2390 3104 2661 3170 ﬂectetur,
2705 3104 3039 3168 caelestium,
3107 3105 3450 3158 terrestrium
3502 3113 3561 3161 et

1857 3230 1876 3248 .
1984 3198 2355 3253 infernorum.
2408 3195 2709 3250 Possumus
2761 3195 2925 3248 etiam
2973 3209 3082 3248 non
3127 3195 3392 3264 ingratam
3419 3210 3563 3266 quo-

1858 3325 1872 3340 .
1983 3288 2234 3343 rumdam
2300 3286 2702 3357 expositionem
2766 3287 3284 3356 recensere:quod
3350 3288 3562 3344 scilicet

1855 3418 1873 3434 .
1983 3382 2074 3436 illa
2104 3380 2266 3435 verba
2298 3398 2311 3434 :
2339 3379 2716 3434 Minuistieum
2751 3377 3019 3430 modicum
3044 3377 3191 3446 quid,
3229 3393 3337 3432 non
3368 3379 3433 3433 ad
3461 3395 3562 3434 ano

1856 3508 1874 3528 .
1980 3475 2132 3545 gelos
2180 3470 2469 3527 referenda
2507 3469 2638 3535 sint,
2672 3467 2766 3524 sed
2814 3468 2881 3523 ad
2917 3467 3146 3539 gloriam
3191 3467 3283 3524 Dei
3334 3469 3558 3537 Patris,

1857 3604 1870 3618 .
1981 3577 2146 3637 atque
2177 3567 2280 3620 hoc
2313 3573 2470 3635 pacto
2511 3563 2821 3631 legendum,
2860 3559 3107 3618 Minuisti
3138 3578 3289 3628 eum,
3310 3579 3344 3619 ο
3376 3565 3557 3631 Pater,

1859 3693 1876 3712 .
1981 3659 2256 3714 modicum
2313 3655 2503 3726 quida
2554 3665 2646 3708 tua
2699 3653 2960 3708 nimirum
3020 3655 3286 3724 dignitate
3335 3666 3560 3724 propter

1861 3791 1876 3805 .
1980 3750 2168 3805 carnis
2192 3757 2482 3814 naturam;
2513 3753 2569 3799 et
2593 3760 2716 3814 qua:
2743 3755 3048 3814 sequuntur
3069 3760 3168 3814 per
3196 3761 3256 3800 se
3284 3745 3556 3813 legantur.

1859 3880 1876 3897 .
1977 3842 2082 3897 Sed
2121 3839 2374 3906 quoniam
2419 3836 2564 3905 quod
2609 3834 2802 3888 Latine
2849 3835 3080 3901 legimus
3115 3841 3179 3887 ab
3217 3835 3441 3904 angelis,
3501 3837 3558 3890 in

1857 3972 1874 3989 .
1977 3933 2167 3988 Cresco
2184 3930 2378 4000 legitur
2396 3926 2529 3998 παρ’
2548 3926 2838 3995 ἀγγέλους,
2856 3940 2976 3994 qua:
2998 3925 3159 3979 verba
3182 3927 3323 3980 ultra
3334 3941 3557 3983 sensum

1861 4062 1877 4080 .
1977 4027 2087 4095 jam
2123 4021 2418 4084 redditum,
2451 4018 2594 4073 idem
2628 4019 2794 4072 etiam
2831 4016 3164 4086 significant,
3210 4016 3356 4086 quod
3391 4033 3558 4088 supra

1860 4161 1875 4175 .
1981 4117 2208 4189 angelos
2239 4131 2253 4168 :
2291 4112 2531 4183 intellige
2558 4109 2704 4180 quod
2733 4109 2904 4180 gloria
2931 4118 2985 4162 et
3013 4109 3222 4163 honore
3253 4123 3378 4164 eum
3417 4107 3560 4164 Deus

1861 4252 1876 4266 .
1983 4224 2152 4281 supra
2193 4207 2418 4278 angelos
2443 4203 2729 4259 coronavit
2761 4218 2776 4254 :
2825 4202 2930 4255 hoc
2958 4211 3043 4256 est
3069 4201 3358 4271 plusquam
3392 4217 3560 4274 ange-

1861 4345 1877 4361 .
1983 4303 2160 4358 lorum
2186 4301 2447 4369 aliquem.
2483 4295 2678 4350 Nullus
2717 4294 2919 4364 quippe
2946 4294 3286 4366 angelorum,
3319 4303 3414 4348 aut
3442 4293 3561 4367 hu—

296 4404 536 4471 iusmodi
574 4403 667 4458 Dei
700 4418 903 4458 nomen
936 4413 1271 4460 consecutus
1312 4409 1420 4470 est,
1448 4411 1544 4458 aut
1584 4401 1691 4458 tale
1740 4399 1970 4456 sortitus
2003 4392 2394 4452 ministerium.
2430 4387 2820 4443 Verumtamen
2881 4387 3068 4442 dicant
3136 4387 3293 4442 nobis
3358 4384 3555 4451 Judzvi,

289 4499 522 4566 quando
567 4497 810 4554 infantes
851 4504 908 4550 et
953 4495 1222 4553 lactentes
1251 4497 1407 4567 pueri
1465 4494 1683 4550 laudem
1740 4497 1886 4548 hanc
1925 4489 2185 4554 dixerint,
2213 4486 2280 4540 de
2307 4497 2413 4554 qua
2439 4496 2583 4536 nunc
2608 4481 2850 4551 loquitur
2877 4478 3194 4548 Propheta},
3260 4487 3315 4534 et
3365 4494 3556 4548 quem-

301 4608 420 4646 nam
477 4592 760 4647 inimicum
816 4589 1132 4659 huiusmodi
1180 4591 1302 4644 laus
1343 4588 1718 4644 destruxerit:
1759 4601 1868 4656 quo
1906 4585 2068 4640 etiam
2101 4581 2239 4637 dixit
2303 4579 2494 4634 beatus
2559 4577 2726 4631 David
2763 4591 2776 4628 :
2825 4573 3019 4630 Videbo
3041 4573 3196 4628 caelos
3223 4587 3382 4642 opera
3413 4573 3555 4642 digi-

306 4697 471 4742 torum
493 4700 732 4753 tuorum,
781 4702 906 4744 cum
933 4687 1046 4758 jam
1081 4685 1298 4756 Moyses
1319 4684 1388 4740 de
1423 4685 1508 4740 his
1546 4682 1828 4739 docuisset
1862 4699 1876 4735 :
1915 4678 1980 4734 In
1998 4679 2269 4750 'principio
2286 4672 2672 4745 enim,inquit,
2696 4669 2976 4739 fecltDeus
2992 4669 3178 4723 calum
3195 4676 3243 4722 et
3263 4679 3484 4721 terram.

369 4789 554 4853 Κύριε
588 4787 620 4837 ό
650 4785 872 4852 Κύριος
897 4781 1086 4852 ἡμῶν.
1106 4781 1188 4848 ὡς
1211 4779 1564 4850 θαυμαστόν
1595 4778 1663 4831 τὸ
1686 4775 1873 4846 ὄνομά

2047 4772 2215 4830 Vens.
2249 4773 2335 4827 10.
2361 4771 2581 4825 Domine
2617 4767 2873 4821 Dominus
2897 4772 3092 4848 noster,
3121 4778 3279 4832 quam
3318 4761 3558 4815 admira-

306 4893 412 4932 σου
443 4879 517 4929 ἐν
533 4876 701 4945 πάσῃ
734 4874 809 4944 τῇ
846 4873 923 4943 τῇ
954 4875 974 4927 !
1015 4874 1169 4927 Ἐπεὶ
1195 4875 1304 4943 γὰρ
1336 4876 1364 4926 ὁ
1392 4871 1604 4941 ψαλμδς
1643 4862 1798 4931 οὗτος
1821 4867 1884 4920 τὸ

308 4970 437 5020 κατᾶ
470 4969 706 5038 Χριστὸν
755 4967 1015 5037 προλέγει
1045 4969 1370 5038 μυστήριον,
1400 4968 1428 5020 ὁ
1470 4967 1526 5021 δὲ
1556 4963 1790 5036 Χριστος
1820 4960 1881 5024 ἐξ

308 5057 525 5128 οὖρα·ὠῦ
542 5059 908 5131 καταϐέϐηκε,
937 5060 1030 5112 καὶ
1047 5059 1202 5122 αὖθις
1219 5060 1354 5128 πρὸς
1370 5057 1532 5111 αὐτὸν
1545 5056 1885 5124 ἀναϐέϐηκεν

310 5152 489 5222 ὥσπερ
526 5157 584 5206 ὲν
633 5153 820 5222 κύκλῳ
867 5153 981 5224 (45)
1044 5153 1285 5224 σχήματι
1329 5151 1466 5220 πρὸς
1483 5151 1582 5218 τὴν
1601 5149 1882 5220 Πατρικὴν

311 5244 450 5310 δόξαν
477 5247 894 5310 ἀποκαταστὰς,
909 5247 997 5300 διὰ
1028 5247 1199 5300 ταῦτα
1217 5246 1313 5299 καὶ
1332 5247 1359 5298 ὁ
1374 5244 1585 5314 ψαλμδς
1605 5241 1883 5304 κυκλικῶς

375 5445 587 5500 "Itan.
644 5461 733 5504 sv,
791 5444 846 5500 8.

1988 4870 2088 4923 bile
2117 4878 2193 4921 est
2237 4881 2423 4919 nomen
2453 4871 2596 4916 tuum
2625 4861 2678 4914 in
2704 4861 2949 4913 universa
2973 4845 3136 4910 terra.
3163 4853 3433 4920 Quoniam
3469 4854 3559 4907 hic

1988 4961 2234 5030 psalmus
2290 4955 2493 5010 Christi
2548 4951 2794 5023 praedicit
2843 4947 3187 5019 mysterium,
3231 4945 3329 5014 qui
3357 4960 3387 4999 e
3417 4945 3560 4999 caelo

1987 5051 2291 5115 descendit,
2311 5060 2362 5102 et
2396 5061 2588 5102 rursus
2608 5046 2662 5098 in
2687 5042 2887 5098 caelum
2910 5039 2977 5094 ad
3009 5038 3293 5092 Paternam
3328 5035 3556 5105 gloriam

1989 5143 2260 5206 ascendit,
2293 5151 2348 5196 et
2381 5136 2635 5194 circulari
2662 5135 2897 5206 quodam
2919 5141 3070 5187 motu
3103 5129 3254 5184 illinc
3286 5123 3431 5182 unde
3462 5139 3558 5180 ve-

1987 5245 2142 5292 nerat
2175 5249 2425 5290 reversus
2447 5239 2551 5295 cst,
2576 5229 2773 5284 merito
2802 5228 2962 5283 etiam
2995 5224 3083 5280 hic
3105 5220 3355 5276 Psalmus
3377 5216 3470 5287 qui
3491 5216 3559 5272 de

1616 5575 1814 5636 Varim
1842 5575 2169 5638 lectiones.

377 5727 484 5796 (Η)
517 5727 722 5794 Suppl».
753 5723 1115 5794 dipopdtntt,
1146 5732 1203 5775 ιιι
1231 5724 1431 5792 legisse
1464 5724 1677 5780 videtur
1722 5727 1872 5783 Lati-

320 5811 411 5852 ous
442 5809 738 5866 tltlt’l’pt'th.

600 5893 868 5951 PATROL.
903 5890 1018 5949 GR.
1049 5888 1354 5950 CXXVI“.

2055 5731 2071 5787 ‹
2084 5727 2280 5800 itit-lor.
2297 5722 2592 5800 ἐγκυκλίῳ,
2613 5733 2669 5775 ιιι
2692 5721 2886 5794 legisse
2905 5721 3115 5778 videtur
3143 5723 3307 5779 etiam
3335 5725 3558 5800 Saulus,

1997 5801 2076 5852 vel
2108 5799 2286 5850 scribe
2321 5795 2543 5848 κύκλου.

3049 5885 3083 5945 5
