4082 6212
458 378 568 444 13f)

1678 362 2061 429 EUTllY‘MlI
2094 356 2455 419 ZIGABENI

3630 338 3727 403 140

463 498 683 569 Christo
719 496 1037 563 pertractat,
1075 487 1264 545 circuli
1310 486 1482 540 instar
1530 481 1604 535 ibi
1642 480 1800 532 ﬁnem
1848 474 2050 544 ιιι-οῐρὶι

2185 467 2275 521 Οεν
2306 466 2531 536 ἤρξατο,
2554 482 2631 526 εις
2664 463 2819 515 τοῦτο
2840 460 3106 531 κατέληξε
3135 476 3147 490 ⁶
3180 459 3271 513 καὶ
3303 454 3601 525 ἀρχόμενος
3625 472 3729 523 γαρ

468 590 612 644 unde
664 587 883 642 initiutn
933 583 1171 651 sumpsit
1210 597 1221 630 :
1260 580 1526 647 incipiens
1566 572 1865 643 quidemet
1901 567 2044 620 desi-

473 699 605 735 iwns
632 680 749 750 pari
784 675 1152 730 admiratione
1187 671 1382 747 plenus
1421 660 1523 733 εει,
1548 666 1737 719 dicens
1768 676 1781 713 τ
1824 657 2045 714 Domine

470 769 729 831 Dominus
760 782 961 835 noster,
981 782 1088 829 etc.

543 914 604 966 In
635 913 792 981 ﬁnem
832 924 928 977 pro
960 906 1182 962 occultis
1223 903 1328 973 ﬁlii
1364 897 1615 954 Psalmus
1649 894 1753 962 ipsi
1787 890 1974 945 David.

1060 1038 1385 1100 PSALMUS
1413 1036 1505 1092 1X.

541 1168 682 1237 Quid
707 1164 976 1237 signiﬁcet
999 1164 1055 1217 in
1078 1162 1264 1231 ﬁnem,
1294 1158 1350 1211 in
1374 1147 1810 1226 praecedentibus
1845 1145 2052 1198 dictum

472 1273 595 1318 est:
640 1273 693 1316 et
729 1260 887 1313 aliter
918 1271 1068 1310 mors
1100 1268 1194 1324 per
1242 1262 1466 1305 cruCem
1526 1254 1767 1312 congrue
1796 1236 1905 1291 dici
1958 1248 2055 1304 po-

476 1366 581 1411 test
644 1371 765 1410 esse
794 1352 919 1406 ﬁnis
954 1350 1079 1403 vita:
1111 1345 1233 1401 Filii
1272 1361 1288 1399 ι
1319 1341 1466 1407 vitae,
1499 1339 1745 1405 inquam,
1779 1331 2053 1389 humanae,

476 1450 636 1519 cujus
683 1454 911 1501 mortem
971 1439 1270 1509 Propheta,
1306 1432 1520 1488 occulta
1542 1426 1666 1481 Filii
1708 1420 2002 1494 appellavit
2041 1433 2054 1468 :

476 1536 942 1611 quemadmodum
976 1534 1094 1605 ipsa
1131 1530 1297 1586 etiam
1332 1522 1601 1580 Hebraica
1634 1518 1795 1573 lectio
1814 1514 2059 1584 apertius

477 1607 717 1703 explicat
756 1625 1125 1683 dicenszPro
1174 1629 1345 1676 morte
1395 1614 1525 1669 Filii
1576 1628 1595 1667 :
1642 1621 1698 1667 et
1759 1607 1886 1662 alibi
1942 1618 2061 1673 my—

490 1724 718 1780 sterium
791 1735 915 1775 esse
992 1715 1222 1786 legimus
1307 1706 1690 1764 absconditum
1749 1714 1778 1752 a
1838 1695 2062 1755 saeculo,

487 1818 621 1883 ipsis
659 1813 823 1866 etiam
883 1807 1089 1877 angelis
1160 1804 1426 1874 ignotum.
1481 1795 1548 1847 Et
1598 1790 1800 1853 Paulus
1834 1787 2065 1841 abscon-

484 1866 657 1961 ditum
745 1901 914 1956 fuisse
956 1866 1128 1951 “dixit
1181 1866 1531 1962 principibus
1611 1880 1774 1963 hujus
1859 1873 2064 1931 saeculi.
2099 1866 2141 1922 B

2155 562 2247 613 καὶ
2277 561 2482 630 λήγων,
2519 557 2619 610 οὐκ
2650 557 2860 625 ἀπέστη
2889 553 2982 607 τοῦ
3027 552 3325 622 θαύματος.

2159 918 2264 985 Εἰς
2284 918 2348 971 τὸ
2382 915 2553 981 τέλος
2577 912 2728 981 ὑπὲρ
2748 911 2863 965 τῶν
2891 909 3158 980 κρυφίων
3189 907 3293 961 τοῦ
3312 904 3447 960 υίοῦ
3473 903 3729 973 ψαλμός.

2746 1038 3043 1105 ΨΑΛΜΟΣ
3071 1048 3150 1102 θ’.

2235 1168 2300 1221 Τί
2328 1168 2425 1239 μὲν
2451 1165 2603 1235 δηλοῖ
2624 1168 2713 1228 εις
2739 1162 2805 1215 τὸ
2829 1160 3025 1225 τέλος,
3048 1160 3107 1211 ὲν
3130 1159 3244 1221 τοῖς
3272 1153 3637 1227 προλαϐοῦσιν
3664 1153 3738 1206 εί-

2166 1279 2329 1332 ρηται
2349 1276 2365 1292 ο
2406 1262 2498 1313 καὶ¹
2532 1258 2708 1320 ἄλλως
2738 1257 2795 1309 δὲ
2829 1255 2983 1316 τέλος
3044 1252 3143 1322 τῆς
3175 1248 3319 1304 κατὰ
3346 1250 3447 1315 τὴν
3475 1244 3741 1315 ὲνανθρώ-

2166 1372 2338 1425 πησιν
2376 1352 2472 1406 τοῦ
2525 1350 2656 1404 Υίοῦ
2696 1348 2976 1410 πολιτείας
3008 1347 3035 1399 ὁ
3068 1345 3157 1397 διὰ
3187 1340 3426 1412 σταυροῦ
3470 1338 3697 1400 θάνατος
3724 1351 3737 1366 ο

2166 1446 2292 1500 ἐπεὶ
2312 1445 2406 1498 καὶ
2428 1443 2634 1513 κρύφια
2662 1439 2895 1493 ἐνταῦθα
2916 1439 3010 1490 τὸν
3070 1432 3167 1488 τοῦ
3201 1432 3334 1486 Υἱού
3365 1428 3621 1498 ὀνομάζει
3639 1427 3739 1481 θά-

2167 1550 2377 1598 νατον,
2433 1534 2509 1596 ὡς
2570 1533 2630 1586 τὸ
2675 1527 2969 1600 Ἐϐραῖκὸν
3031 1518 3742 1588 ἀναπτύσσει.Μυστήριον

2169 1628 2279 1699 γὰρ
2316 1626 2412 1680 ἀπ’
2454 1625 2654 1687 αἰῶνος
2699 1618 3091 1692 κεκρυμμένον
3128 1614 3312 1678 τοῦτο,
3346 1612 3441 1667 καὶ¹
3493 1611 3741 1680 ἀγγέλοις

2171 1722 2471 1789 ἄγνωστον.
2517 1717 2683 1785 Λέγει
2731 1715 2842 1786 γὰρ
2896 1715 2924 1765 ὁ
2968 1710 3205 1774 Παῦλος,
3257 1709 3340 1761 ὅτι
3388 1707 3741 1773 ἀποκεκρυμ-

2177 1808 2339 1882 μένον
2384 1807 2453 1881 ἦν
2501 1812 2613 1872 τοῖς
2659 1809 2887 1877 ἄρχουσι
2919 1803 3012 1857 τοῦ
3046 1802 3243 1863 αἰῶνος
3273 1798 3464 1852 τούτου
3490 1814 3501 1827 ·
3532 1797 3596 1847 El
3639 1794 3746 1862 γὰρ

2170 1905 2468 1976 ἔγνωσαν,
2512 1903 2624 1955 οὐκ
2649 1898 2726 1953 ἂν
2772 1898 2879 1950 τὸν
2908 1895 3124 1963 Κύριον
3163 1890 3275 1960 τῆς
3309 1889 3497 1954 δόξης
3534 1885 3745 1939 ἐσταύ-

490 1997 633 2051 Nam
694 1996 742 2047 si
791 1990 1172 2062 cognovissent.
1231 1995 1504 2052 nunquam
1568 1974 1848 2030 Dominum
1887 1968 2070 2039 gloriae

2182 2007 2398 2053 οωσαν.
2430 1993 2526 2054 Εἰς
2582 1991 2676 2045 τὸν
2709 1985 3045 2040 Δεσποτικὸν
3088 1979 3182 2036 οὖν
3231 1982 3462 2034 θάνατον
3502 1981 3529 2031 ὁ
3565 1978 3746 2030 παθὼν

485 2060 872 2159 rruciﬁxissent
913 2087 982 2140 '°.
1040 2080 1283 2136 Pertinet
1335 2076 1504 2147 igitur
1564 2070 1654 2124 hic
1702 2066 1945 2151 psalmus
2004 2060 2071 2115 ad

490 2194 720 2241 mortem
782 2177 1018 2242 Domini,
1076 2190 1173 2246 per
1216 2186 1379 2242 quem
1430 2164 1638 2223 inimici
1684 2150 1926 2230 potentia
1953 2169 2074 2210 om-

488 2279 576 2334 nis
638 2276 923 2331 destructa
987 2276 1093 2324 est.
1154 2263 1395 2333 Longior
1472 2270 1603 2313 vero
1668 2261 1774 2317 est,
1830 2252 1905 2304 ita
1965 2247 2073 2301 dis-

489 2378 731 2442 ponente
780 2362 960 2421 sancti
1018 2358 1257 2429 Spiritus
1312 2349 1602 2421 sapientia,
1642 2358 1765 2414 qua:
1804 2355 1905 2395 nec
1955 2338 2079 2392 bre-

486 2479 583 2519 ves
639 2473 764 2515 esse
810 2468 1004 2511 omnes
1072 2448 1314 2519 psalmos
1366 2442 1578 2509 voluit,
1629 2449 1808 2507 neque
1883 2444 2076 2488 omnes

489 2550 545 2604 in
602 2548 827 2616 longum
881 2537 1146 2599 extendit,
1208 2532 1306 2590 sed
1335 2546 1475 2601 opus
1526 2528 1804 2599 quoddam
1859 2522 2077 2578 varium

491 2615 752 2701 reddidit,
825 2631 1168 2703 longitudine
1233 2626 1511 2696 pigritiam
1546 2620 1816 2684 excitans,
1855 2625 1910 2671 et
1949 2615 2077 2669 bre-

491 2737 657 2793 vitate
676 2732 921 2786 laborem
966 2723 1251 2792 mitigans.
1293 2715 1471 2770 Verba
1520 2720 1705 2768 autem
1764 2708 1898 2764 facit
1939 2704 2078 2761 Pro-

495 2828 658 2899 pheta
684 2824 765 2879 vel
802 2831 1062 2888 tanquam
1117 2809 1404 2869 beneﬁciis
1463 2804 1720 2869 allectus,
1768 2800 1855 2857 vel
1912 2798 2075 2853 etiam

496 2885 758 2989 tanquam
784 2929 851 2970 ex
879 2923 1073 2967 eorum
1116 2916 1377 2976 persona,
1427 2899 1522 2968 qui
1570 2893 1850 2951 beneﬁciis
1896 2885 2077 2943 allecti

497 2981 759 3071 fuissent,
784 3003 997 3059 liberati
1022 3000 1092 3054 ab
1148 2994 1355 3051 inimici
1402 2988 1719 3060 tyrannide.
1781 2981 2076 3038 Sciendum

493 3110 675 3157 autem
703 3108 809 3162 est,
840 3093 1086 3166 quaedam
1118 3089 1176 3144 in
1199 3084 1375 3143 sacris
1413 3082 1640 3136 Litteris
1675 3076 1853 3145 accipi
1876 3073 2079 3127 debere

2172 2086 2344 2141 τείνει
2403 2083 2641 2154 ψαλμδς,
2687 2082 2757 2134 δι’
2788 2073 2850 2132 οὗ
2883 2081 3031 2132 πᾶσα
3061 2073 3337 2144 κατελύθη
3374 2072 3468 2126 τοῦ
3500 2070 3747 2141 ὲχθροϋή

2174 2180 2424 2249 δύναμις.
2446 2176 2672 2247 Μακρδς
2695 2175 2750 2227 δὲ
2766 2167 2920 2233 οὗτος
2938 2168 3195 2240 ὁψαλμός
3218 2184 3232 2198 ο
3250 2174 3341 2220 και
3364 2165 3522 2219 τοῦτο
3550 2164 3647 2232 τῆς
3669 2179 3750 2214 σο-

2176 2271 2305 2339 φίας
2340 2268 2434 2322 τοῦ
2500 2266 2852 2335 Πνεύματος.
2902 2261 3041 2315 Οὐτε
3089 2260 3199 2329 γὰρ
3268 2257 3475 2318 πάντας
3539 2255 3752 2324 βραχεῖς

2176 2361 2459 2429 ἐποίησεν,
2497 2357 2624 2411 οὐτε
2659 2359 2868 2418 πάντας
2887 2353 3122 2418 ἐξέτεινε
3145 2368 3158 2383 ο
3188 2348 3318 2404 ἀλλ’
3361 2346 3606 2401 ἐποίκιλε
3659 2345 3753 2413 τὴν

2180 2454 2386 2524 βίϐλον,
2427 2453 2503 2523 τῷ
2538 2454 2703 2523 μήκει
2741 2452 2843 2520 μὲν
2885 2449 2985 2519 τὴν
3036 2444 3312 2518 ῥᾳθυμίαν
3352 2441 3659 2512 διεγείρων,
3692 2441 3752 2507 τῇ

2178 2549 2231 2601 δὲ
2270 2545 2570 2618 βραχύτητι
2602 2541 2953 2598 διαναπαύων
2999 2540 3090 2594 τὸν
3128 2539 3397 2607 κάματον.
3430 2531 3754 2587 Ποιεῖταιδὲ

2178 2640 2272 2691 τὸν
2299 2638 2458 2705 λόγον
2489 2640 2516 2691 6
2553 2635 2872 2707 Προφήτης,
2905 2632 2981 2695 ὼς
3004 2631 3098 2685 καὶ
3120 2628 3285 2693 αὐτὸς
3328 2622 3581 2679 ἐντεῦθεν
3607 2622 3759 2691 εὐερ-

2181 2730 2530 2799 γετούμενος,
2575 2729 2609 2796 ἢ
2667 2728 2762 2781 καὶ
2810 2724 3091 2795 προσώπῳ
3124 2720 3234 2774 τῶν
3263 2714 3755 2788 εὐεργετουμένων,

2182 2823 2277 2875 καὶ
2330 2823 2431 2891 τῆς
2488 2818 2582 2874 τοῦ
2624 2818 2831 2890 ’ἐχθροῦ
2853 2815 3167 2887 τυραννίδος
3213 2806 3751 2877 ἀπαλλαττομένων.

2183 2914 2356 2968 Τοῦτο
2384 2915 2440 2967 δὲ
2472 2914 2580 2986 χρὴ
2607 2912 2838 2966 καθόλου
2866 2910 3179 2978 γινώσκειν,
3205 2906 3281 2968 ὼς
3307 2905 3405 2974 τῆς
3436 2901 3584 2964 θείας
3615 2900 3752 2969 Γρα‹

2184 3009 2293 3078 φῆς
2314 3007 2384 3061 τὰ
2408 3008 2513 3077 μὲν
2545 3004 2672 3059 καθ’
2703 3004 2948 3074 ἱστορίαν
2981 3002 3152 3073 μόνην
3177 2995 3564 3070 ἑρμηνεύεται,
3588 2991 3757 3045 καοά-

2185 3118 2291 3171 περ
2329 3099 2409 3153 τό’
2473 3100 2576 3151 Ἐν
2603 3096 2763 3166 ἀρχῇ
2795 3095 3091 3161 ἐποίησεν
3121 3096 3154 3146 ὁ
3187 3090 3333 3156 Θεὸς
3360 3089 3468 3142 τὸν
3495 3082 3758 3153 οὐρανὸν

497 3194 803 3252 secundum
854 3188 1166 3249 historiam,
1212 3192 1271 3236 ut
1308 3194 1405 3234 ea:
1446 3175 1515 3229 In
1558 3172 1824 3244 principio
1881 3169 2077 3223 creavit

2184 3169 2285 3246 καί
2314 3191 2429 3259 τὴν
2459 3190 2611 3260 γῆν·
2639 3190 2709 3243 τὰ
2738 3189 2793 3242 δὲ
2827 3186 2969 3241 κατὰ
2995 3183 3289 3253 ἀναγωγὴν
3326 3181 3507 3249 μόνον,
3540 3179 3614 3239 ὼς
3667 3176 3756 3227 τό·

499 3289 639 3342 Deus
660 3283 847 3339 caelum
873 3289 922 3334 et
955 3288 1158 3331 terram
1184 3287 1201 3336 ,'
1246 3269 1494 3341 quiedam
1526 3262 1826 3320 secundum
1859 3274 2079 3315 sensum

498 3376 861 3449 anagogieum
902 3371 1101 3430 solum,
1140 3373 1199 3419 ut
1229 3360 1404 3416 illud:
1437 3358 1577 3411 Fons
1607 3369 1761 3423 aqua:
1811 3362 1934 3405 tuus
1987 3348 2081 3402 tibi

496 3472 565 3525 sit
594 3469 710 3522 uni.
739 3464 852 3519 Nisi
887 3462 1034 3517 enim
1076 3463 1269 3513 borum
1301 3466 1521 3509 sensum
1542 3449 1823 3517 exquiras,
1854 3456 2082 3499 summa:

498 3554 925 3615 inhumanitatis
943 3558 1112 3615 esset,
1143 3544 1349 3603 nemini
1382 3558 1450 3598 ne
1467 3556 1665 3612 aquam
1689 3538 1907 3608 quidem
1932 3522 2086 3590 coui-

501 3649 811 3706 municare.
844 3642 1210 3713 Perspicuum
1236 3647 1319 3692 est
1349 3636 1521 3706 igitur
1550 3648 1615 3688 co
1643 3630 1747 3686 loci
1797 3629 1866 3684 de
1913 3642 2085 3682 uxore

500 3744 740 3816 legitima
758 3751 1070 3795 sermonem
1092 3730 1304 3795 haberi,
1335 3728 1541 3799 quippe
1580 3740 1701 3795 quae
1732 3732 1928 3778 natura
1951 3735 2083 3776 sua-

505 3815 588 3891 vis
613 3836 708 3901 sit,
733 3840 789 3887 et
811 3842 947 3900 pura
988 3824 1173 3887 simul,
1193 3823 1384 3876 alienae
1409 3815 1814 3874 commistionis
1838 3826 2037 3883 expers
2065 3827 2079 3863 :

506 3927 758 3999 quaedam
789 3921 1033 3989 denique
1099 3914 1409 3971 secundum
1474 3904 1761 3965 historiam
1818 3905 1985 3961 simul
2030 3912 2085 3957 et

507 4017 866 4091 anagogicum
912 4024 1158 4073 sensum,
1181 4014 1234 4060 ut
1258 4020 1323 4060 ea
1349 4018 1471 4074 qua:
1514 4002 1579 4055 dc
1605 4016 1757 4055 aeneo
1810 4003 2086 4066 serpente,

504 4090 669 4185 quem
701 4107 879 4164 erexit
901 4102 1138 4174 Moyses,
1174 4090 1638 4173 traduntur.Nain
1671 4099 1725 4144 et
1759 4097 1945 4142 revera
1963 4100 2092 4139 COll-

507 4178 768 4272 tigerunt,
794 4205 850 4252 et
875 4194 943 4249 ad
975 4191 1258 4248 Christum
1286 4183 1578 4256 quamdam
1613 4194 1709 4248 per
1732 4178 1957 4248 ﬁguram
2001 4191 2089 4230 re-

504 4267 781 4347 feruntur.
816 4285 906 4341 Sic
936 4284 991 4337 in
1020 4278 1257 4336 Psalmis
1285 4276 1548 4345 pleraque
1578 4268 1745 4325 variis
1782 4267 1904 4323 istis
1963 4281 2085 4321 mo-

505 4384 614 4448 dis,
643 4394 755 4436 non
786 4390 897 4432 uno
927 4372 1131 4435 solum,
1160 4364 1428 4435 capienda
1463 4371 1621 4416 sunt.

578 4494 747 4548 Vens.
766 4489 821 4541 2.
852 4482 1150 4552 Conﬁtebor
1173 4479 1289 4545 tibi,
1312 4478 1552 4540 Domine,
1570 4477 1623 4529 in
1652 4483 1760 4529 toto
1780 4475 1934 4528 corde
1950 4490 2081 4529 meo.

2199 3288 2270 3345 ἸΙ
2296 3286 2459 3355 πηγή
2483 3301 2600 3339 σου
2634 3282 2741 3337 τοῦ
2771 3280 3016 3343 ὓδατος,
3040 3276 3140 3332 σοὶ
3163 3276 3320 3328 ἔστω
3346 3273 3532 3342 μόνῳ.
3564 3270 3627 3321 Et
3656 3268 3762 3337 γὰρ

2191 3381 2265 3452 μὴ
2289 3381 2548 3449 ζητήσεις
2565 3373 2802 3431 ἐνταῦθα
2820 3373 2882 3425 τὸ
2907 3372 3109 3441 νόημα,
3149 3366 3348 3435 πολλῆς
3362 3362 3761 3429 ἀπανθρωπίας

2186 3471 2248 3522 τὸ
2281 3466 2548 3530 κελεύειν,
2586 3463 2720 3536 μηδὲ
2748 3462 2941 3524 ὕδατός
2984 3478 3093 3513 τινι
3119 3459 3422 3513 κοινωνεῖν.
3451 3454 3619 3524 Δῆλον
3668 3451 3762 3504 οὖν

2187 3565 2270 3616 ὅτι
2313 3562 2443 3629 περὶ
2491 3559 2590 3628 τῆς
2651 3556 2879 3626 ἐννόμου
2910 3553 3172 3623 γυναικὸς
3206 3553 3233 3604 ὁ
3262 3550 3419 3618 λόγος
3474 3549 3642 3611 ἐστὶν,
3690 3545 3764 3609 ὡς

2190 3656 2378 3726 ἡδείας
2420 3652 2540 3724 μὲν,
2567 3651 2656 3705 διὰ
2702 3649 2800 3720 τὴν
2828 3647 2989 3716 φύσιν
3010 3688 3025 3712 ,
3066 3644 3317 3715 καθαρᾶς
3344 3642 3424 3706 δὲ,
3460 3640 3549 3693 διὰ
3570 3640 3630 3692 τὸ
3666 3640 3763 3691 ἀν·

2190 3744 2483 3815 επίμικτον
2503 3758 2518 3772 ⁸
2561 3741 2631 3795 τὰ
2681 3739 2759 3805 δὲ,
2786 3741 2883 3793 καὶ
2911 3736 3049 3793 καθ’
3082 3734 3346 3805 ἱστορίαν,
3377 3732 3475 3785 καὶ
3505 3731 3648 3785 κατὰ
3674 3731 3769 3782 ἁν-

2190 3834 2437 3905 αγωγὴν,
2473 3832 2548 3896 ὡς
2596 3832 2665 3886 τὰ
2709 3830 2839 3900 περὶ
2896 3828 2991 3882 τοῦ
3022 3826 3226 3898 χαλκοῦ
3255 3826 3432 3893 ὄφεως
3455 3823 3513 3877 ὃν
3547 3821 3764 3890 ὕψωσεν

2190 3928 2453 3998 ὶῘωῦσῆς.
2480 3926 2731 3994 Ἐγένετο
2756 3923 2887 3993 γὰρ,
2930 3921 3022 3974 καὶ
3079 3922 3159 3981 είς
3201 3916 3479 3971 τύποντοῦ
3526 3913 3764 3985 Χριστοί

2189 4022 2554 4093 λαμϐάνεται.
2586 4021 2685 4074 Διὰ
2714 4016 2873 4071 τοῦτο
2894 4018 2998 4069 κάν
3028 4015 3140 4075 τοῖς
3171 4011 3409 4081 ψαλμοῖς
3439 4008 3610 4062 πολλὰ
3656 4010 3767 4059 τῶν

2192 4114 2395 4186 ῥητῶν,
2429 4112 2679 4177 τοιαῦτα,
2710 4111 2804 4164 καὶ
2828 4109 2891 4163 οὐ
2915 4106 3091 4161 πάντα
3123 4104 3255 4159 καθ’
3285 4103 3345 4156 ἓν
3398 4102 3563 4173 μόνον
3622 4097 3766 4163 εἶδος
3826 4136 3831 4141 η

2192 4207 2581 4280 ἑρμηνεύεται.

2276 4488 2825 4562 Ἑξομολοτῆσομαί
2886 4502 3005 4547 σοι,
3048 4484 3248 4552 Κύριε,
3281 4481 3352 4537 ἐν
3393 4481 3507 4548 ὅλῃ
3553 4475 3771 4545 καρδίᾳ

504 4576 881 4638 Confessionis
937 4587 1141 4629 nomen
1206 4570 1316 4625 duo
1364 4565 1668 4638 signiﬁcat,
1726 4575 2077 4635 peccatorum

2190 4553 2634 4655 μου.ηῗΔίπλὴν”η
2658 4553 3049 4647 ἐξομολόγησις
3081 4574 3198 4644 ἔχει
3225 4572 3531 4642 σημασίαν,
3561 4567 3777 4623 ἀνακά-

511 4671 926 4732 revelationem,
952 4666 1083 4720 item
1113 4671 1167 4719 et
1196 4663 1496 4734 gratiarum
1530 4661 1826 4724 actionem,
1863 4667 1923 4713 ut
1946 4658 2036 4711 hic
2066 4673 2082 4711 t

522 4768 720 4832 Agam,
761 4760 959 4830 inquit,
987 4757 1081 4812 tibi
1103 4754 1307 4830 gratias
1332 4768 1431 4825 pro
1460 4755 1702 4824 acceptis
1724 4750 2005 4807 beneﬁciis
2032 4758 2088 4804 et

510 4872 612 4931 pro
639 4856 708 4911 iis
740 4868 861 4925 qua:
885 4849 1176 4921 accipiam,
1204 4864 1307 4905 nec
1339 4847 1696 4917 simpliciter,
1729 4844 1826 4901 sed
1869 4859 1937 4899 ex
1968 4848 2083 4896 toto

511 4950 674 5010 sorde
706 4962 849 5002 meo.

584 5060 834 5117 Narrabo
889 5059 1066 5116 omnia
1090 5057 1367 5112 mirabilia
1393 5066 1508 5109 tua.
1543 5052 1813 5110 Beneﬁcia
1851 5050 2091 5121 appellat

514 5146 1021 5220 Mi‘rabilia,‘veluti
1071 5161 1280 5222 trepaca
1343 5148 1591 5220 quaedam
1636 5145 1705 5202 de
1734 5143 1961 5200 inimico
1983 5142 2095 5212 .ad-

515 5249 791 5305 miranda.

585 5363 751 5418 Vens.
780 5364 834 5417 5.
866 5360 1113 5417 Lwtabor
1139 5368 1188 5413 et
1210 5355 1495 5412 exsultabo
1523 5354 1579 5408 in
1610 5363 1677 5409 te.
1710 5352 1980 5418 Laztabor,
2008 5351 2094 5406 in-

514 5456 655 5526 quit,
690 5465 953 5524 tanquam
982 5455 1030 5509 is
1059 5452 1147 5522 qui
1182 5449 1625 5518 experimentum
1663 5445 1851 5515 accepi
1898 5442 2093 5497 auxilii

516 5557 572 5601 et
600 5547 858 5616 potentia:
883 5554 1015 5600 tute.
1061 5542 1267 5596 Memor
1288 5540 1460 5604 enim,
1492 5538 1623 5592 alibi
1667 5540 1863 5608 inquit,
1894 5537 1973 5607 fui
2000 5537 2096 5591 Dei

516 5650 565 5696 et
587 5641 798 5695 la’latus
831 5655 949 5692 sum
984 5639 1053 5690 ’⁸.
1082 5635 1246 5689 Solus
1301 5632 1503 5702 quippe
1564 5632 1713 5687 Dens
1771 5632 2096 5686 hominibus

584 5817 828 5873 "lCor.
877 5832 938 5881 tt,
986 5816 1038 5873 8.
1102 5812 1315 5870 "Psal.
1359 5826 1543 5877 LXXVI,
1580 5809 1628 5865 4.

2194 4676 2355 4747 λυψίν
2374 4692 2433 4729 τε
2465 4674 2581 4727 τῶν
2602 4674 3029 4744 ἡμαρτημένων,
3087 4667 3182 4721 καὶ
3211 4664 3568 4737 εὐχαριστίαν
3612 4662 3779 4729 εὐερ-

2197 4770 2413 4838 γεσίας.
2448 4762 2779 4836 Εὐχαριστῶ
2816 4761 3146 4830 σοι,⁷φησὶν,
3173 4759 3271 4826 οὐχ
3317 4755 3529 4819 ἁπλῶς,
3570 4753 3687 4808 ἀλλ’
3718 4753 3781 4818 ἐξ

2197 4863 2327 4933 ὃλης
2353 4859 2581 4929 καρδίας
2612 4856 2753 4925 ὑπὲρ
2783 4849 2857 4907 ὧν
2893 4850 3159 4917 πέπονθα,
3184 4848 3281 4901 καὶ
3303 4848 3383 4901 ἔτι
3416 4844 3703 4913 πείσομαι.

2266 5049 2638 5119 Διηγὴσομαι
2661 5044 2861 5100 πάντα
2892 5039 2965 5094 τὰ
2988 5035 3295 5108 θαυμάσιὰ
3354 5050 3492 5089 σου.
3516 5061 3585 5072 -—
3617 5033 3783 5085 Θαυ-

2190 5145 2385 5216 μάσια
2409 5143 2557 5210 λέγει
2610 5141 2709 5204 τὰς
2767 5134 3118 5206 εὐεργεσίας,
3151 5132 3223 5187 τὰ
3252 5129 3395 5185 κατὰ
3417 5125 3513 5180 τοῦ
3548 5124 3759 5194 ἐχθροῦ

2196 5240 2452 5309 τρόπαια.

2264 5349 2774 5421 Εὐρρανθήσομαι
2804 5344 2904 5399 καὶ
2933 5339 3378 5412 ἀγαλλιάσομαι
3402 5335 3471 5389 ἐν
3499 5332 3707 5387 σοί.⁰Α
3722 5349 3788 5383 τε

2200 5449 2392 5516 migra
2427 5443 2610 5495 λνὸὼν
2667 5442 2763 5510 τῆς
2815 5438 2917 5509 σῆς
2967 5432 3307 5504 ἀντιλήψεως
3342 5424 3795 5494 καὶδυνάμεως.

2199 5514 2548 5606 Ἐμνήσθην
2564 5533 2668 5602 γὰρ
2684 5530 2790 5586 τοῦ
2810 5529 2979 5593 Θεοῦ,
3003 5524 3101 5581 καὶ
3117 5521 3489 5592 εὐφράνθην,
3513 5517 3595 5569 ὃτι
3614 5514 3800 5585 μόνος

2199 5627 2351 5693 οὗτος
2378 5632 2490 5680 ἐστι
2528 5625 2897 5697 παράκλησις,
2933 5621 3009 5683 ὡς
3043 5624 3137 5671 καὶ
3166 5615 3327 5686 μόνος
3358 5607 3552 5673 σώζειν
3618 5606 3808 5659 δυνά-
