4090 6212
382 344 481 410 i’i’3

1588 324 1970 387 EUi'llYMli
2008 324 2374 384 ZIGABENI

3540 318 3638 381 144

379 456 736 531 intelligenda
775 462 923 510 sunt.
955 450 1157 507 Svdere
1183 448 1327 502 enim
1351 444 1640 509 inthrouu,
1664 454 1756 495 aut
1786 455 1951 509 super

2087 458 2122 508 pl
2156 440 2250 493 καὶ
2284 437 2476 508 πρώην
2494 436 2651 506 ἔλων,
2703 437 2851 505 ὅμως
2899 434 3219 502 ἀπέκρυπτε
3252 432 3338 484 διὰ
3386 429 3480 500 τὴν
3497 433 3642 485 οἰκο-

384 560 665 616 thrmmm,
695 554 747 605 in
781 550 911 615 Deo,
938 558 993 601 et
1017 547 1072 599 in
1105 544 1282 600 Verbo
1319 539 1437 605 Dei,
1487 538 1790 606 accipimus
1858 550 1956 604 pro

378 650 627 722 iudiciali
661 652 967 717 potestate:
1029 655 1193 711 quam
1226 637 1332 693 etsi
1357 646 1518 689 antea
1573 631 1829 693 habebat,
1888 628 1959 682 ob

385 742 570 798 carnis
618 747 799 793 tamen
858 731 1323 803 dispensationem
1374 725 1631 789 celabat,
1722 730 1780 774 ut
1853 730 1964 774 tota

384 836 726 904 impleretur.
784 830 864 882 Tu
934 827 1112 889 fuisti,
1149 823 1352 893 inquit,
1388 821 1443 874 in
1492 816 1743 889 iudiciali
1806 822 1963 884 pote-

2063 534 2277 603 νομίαν,
2311 532 2399 584 ἵνα
2433 531 2584 583 πᾶσα
2616 528 2902 599 πληρωθῇ.
2933 528 3166 595 Γέγονας
3198 525 3291 578 οῦν
3315 528 3372 577 ἐν
3426 524 3645 595 ἐξουσία

2063 624 2375 694 δικαστικῇ,
2406 624 2502 675 καί
2526 622 2714 690 σχῆμα
2747 620 3062 684 δικάζοντος
3103 616 3384 681 ἀνέλαϐες,
3418 618 3445 668 6
3483 617 3642 685 μόνος

2064 718 2276 781 δίκαιος
2308 716 2523 790 κριτὴς,
2549 718 2643 769 καὶ
2694 715 2800 768 ὑπὸ
2830 714 3098 784 μηδεμιᾶς
3133 712 3358 781 ἀγνοίας
3399 711 3432 781 ἢ
3458 709 3642 763 διαθέ-

2068 827 2209 874 σεως
2240 808 2674 879 ἐμποδιζόμενος
2699 808 2780 871 είς
2811 806 3112 873 εὐθύτητα.

385 893 548 991 state,
585 938 635 982 et
666 923 968 994 iudicantis
996 933 1286 990 personam
1320 912 1635 983 smnpsisd,
1668 909 1760 978 qui
1796 910 1951 962 solus
1980 908 2166 975 justus
2196 921 2255 960 es
2279 904 2476 975 judex,
2527 902 2734 974 quique
2760 900 2911 955 nulla
2973 896 3281 970 ignorantia
3334 903 3428 949 aut
3508 893 3647 949 affe-

385 1037 477 1083 ctu
517 1021 823 1092 impediris,
861 1018 1157 1087 quominus
1190 1028 1407 1082 semper
1439 1011 1495 1064 itt
1537 1008 1795 1078 asquitate
1826 1018 2172 1074 perseveres.

460 1118 629 1172 Vens.
657 1117 703 1169 6
722 1114 1018 1182 ιιιενειιίι.ςιὶ
1043 1124 1244 1180 gentes,
1271 1120 1318 1162 et
1347 1109 1499 1175 petiit
1523 1107 1740 1174 impius.
1768 1104 1968 1174 Objur-

360 1282 361 1285 η
391 1210 561 1282 gasti,
597 1207 795 1274 inquit,
836 1212 1049 1272 genus,
1080 1201 1461 1267 improperasti
1496 1197 1575 1250 eis
1600 1210 1839 1250 errorem
1874 1211 1969 1249 eo-

394 1320 539 1365 rum,
572 1310 628 1354 et
665 1299 802 1368 fugit
839 1297 905 1350 ab
935 1296 1015 1349 eis
1045 1292 1298 1355 Satanas,
1345 1290 1629 1343 veritatem
1662 1304 1768 1341 non
1800 1287 1968 1341 susti-

390 1409 549 1449 nens.
576 1390 823 1460 Apostoli
857 1384 1150 1456 aliquando
1182 1382 1380 1436 acerbe
1412 1380 1642 1451 gentiles
1668 1380 1968 1449 reprehen-

392 1487 621 1547 debant,
656 1480 823 1535 veluti
853 1477 1059 1530 Paulus
1084 1477 1176 1544 qui
1213 1475 1534 1527 insensatos
1593 1472 1820 1526 Galatas
1868 1486 1968 1539 ap-

395 1576 669 1646 pellabat:
736 1571 880 1641 quod
931 1569 1005 1622 illi
1043 1567 1362 1628 srntientes,
1400 1564 1467 1617 ab
1503 1563 1771 1618 idolorum
1827 1564 1976 1615 cultu

396 1667 747 1723 recedebant.
787 1663 1081 1716 Destructo
1114 1670 1294 1710 autem
1339 1657 1607 1710 idolorum
1676 1655 1851 1715 cultu.
1903 1654 1977 1707 si-

400 1761 512 1813 mul
538 1760 702 1813 etiam
727 1755 915 1809 abibat
944 1767 1134 1806 eorum
1164 1749 1368 1815 praesul
1409 1750 1621 1802 daemon
1655 1764 1667 1799 :
1730 1747 1866 1801 adeo
1896 1746 1978 1800 vel

397 1851 510 1905 sola
548 1854 759 1918 poterat
779 1853 1095 1897 sanctorum
1121 1839 1447 1908 increpatio.

2153 1103 2550 1172 Ἐπετίμησας
2568 1100 2794 1163 ἔθνεσι,
2813 1095 2905 1149 καί
2929 1093 3200 1172 ἁπώλεζο
3219 1090 3468 1159 ἀσεϐής.
3482 1089 3649 1142 Ὥνεί-

2071 1195 2253 1259 δισας,
2290 1194 2447 1264 φησὶ,
2485 1195 2598 1256 τοῖς
2630 1192 2808 1245 ἔθνεσι
2830 1189 2929 1259 τὴν
2948 1186 3178 1254 πλάνην,
3210 1185 3304 1237 καὶ
3328 1182 3529 1252 ἔφυγεν
3556 1184 3649 1234 ἀπ’

2073 1286 2253 1339 αὐτῶν
2274 1288 2301 1339 6
2336 1286 2599 1349 Σατανᾶς,
2634 1286 2733 1337 οὐκ
2755 1280 2995 1349 ἐνεγκὼν
3017 1279 3116 1348 τὴν
3147 1276 3431 1346 ἀλήθειαν.
3461 1276 3523 1328 Oi
3542 1276 3651 1343 γὰρ

2074 1376 2367 1428 ἀπόστολοι
2394 1378 2490 1427 καὶ
2519 1373 2850 1443 πικρότερον
2883 1370 3035 1423 ἔστιν
3081 1363 3143 1421 οῦ
3164 1367 3514 1435 καθήπτοντο
3547 1367 3651 1416 τῶν

2075 1466 2266 1531 ἐθνῶν,
2300 1466 2374 1529 ὡς
2404 1467 2433 1517 6
2473 1463 2686 1527 Παῦλος
2710 1478 2723 1493 ⁶
2756 1458 2832 1517 Ὦ
2861 1461 3109 1528 ἀνόητοι
3140 1456 3432 1521 Γαλάται,
3466 1454 3649 1523 φησίν·

2077 1557 2459 1626 αἰσθανόμενοι
2495 1556 2627 1625 γὰρ,
2663 1553 3073 1622 ἀπηλλάττοντο
3110 1553 3211 1620 τῆς
3232 1548 3649 1616 εἰδωλομανίας

2076 1650 2284 1715 ταύτης
2317 1649 2375 1702 δέ
2402 1646 2767 1708 ἀπολωλυίας,
2789 1647 2886 1698 καί
2913 1646 2941 1697 6
2965 1643 3282 1714 προστάτης
3318 1639 3488 1711 αὐτῆς
3527 1656 3651 1692 συν-

2076 1742 2376 1811 ηφανίζετο
2428 1739 2695 1803 διάϐολος.
2750 1736 3021 1791 Τοσοῦτον
3054 1738 3089 1807 ἡ
3121 1735 3437 1805 ἐπιτίμησις
3499 1730 3657 1802 μόνον

2080 1837 2362 1907 ἰσχύσατο.

468 1943 668 1997 Nomen
699 1939 813 2008 ejus
846 1935 1033 1990 delesti
1055 1934 1110 1988 in
1137 1932 1391 1987 sreculum
1416 1941 1463 1986 et
1495 1934 1549 1984 in
1580 1931 1836 1986 mentum
1865 1946 1967 1982 sa:-

2150 1932 2221 1985 Tb
2257 1930 2445 1999 ὄνομα
2476 1928 2662 1984 αὐτοῦ
2694 1929 3028 1996 ἐξήλειψης
3069 1926 3156 1991 είς
3178 1923 3285 1977 τὸν
3310 1921 3495 1976 αἰῶνα
3562 1916 3660 1973 καὶ

399 2036 528 2089 culi.
561 2032 695 2087 Cum
730 2033 996 2084 honorem
1033 2026 1279 2080 debitum
1316 2025 1419 2079 sibi
1456 2027 1730 2078 tlzemones
1760 2023 1979 2092 rapuis-

399 2136 542 2193 sent,
577 2123 827 2179 homines
858 2121 909 2175 in
944 2134 1132 2175 eorum
1161 2117 1479 2171 servitutem
1516 2115 1722 2170 redacti
1758 2115 1978 2169 nomina

398 2221 480 2277 eis
512 2217 811 2271 dederunt:
852 2209 1313 2283 quemadmodum
1349 2206 1618 2261 Hesiodus
1677 2208 1729 2260 in
1784 2205 1977 2275 nugaei

400 2316 492 2369 illo
518 2327 681 2382 opere
698 2309 770 2361 De
785 2306 1060 2361 nativitate
1101 2304 1318 2356 deorum
1347 2300 1531 2353 tradit.
1562 2300 1740 2368 Atque
1770 2297 1851 2368 (ut
1874 2312 1980 2351 cae-

403 2419 515 2459 tera
540 2405 641 2456 alia
662 2398 931 2461 omittam)
955 2392 1191 2462 exempli
1219 2393 1391 2462 gratia
1421 2400 1630 2444 tantum
1667 2390 1868 2453 dicam,
1889 2387 1976 2441 ,Ιο-

403 2501 507 2559 vis,
529 2495 739 2557 Martis,
758 2490 1047 2561 Apollinis,
1064 2482 1813 2552 Mercurii,DianaaNenet-is,
1832 2489 1885 2534 et
1899 2496 1985 2533 co-

404 2591 573 2662 piosae
601 2586 744 2639 illius
759 2582 984 2636 deorum
1005 2576 1373 2632 multitudinis
1392 2573 1812 2638 nomina,simul
1840 2587 1904 2626 ac
1924 2573 1986 2625 li-

404 2683 491 2736 dei
516 2677 736 2733 verbum
764 2669 1175 2726 disseminatum
1210 2677 1315 2730 est,
1341 2665 1524 2719 statim
1546 2663 1855 2723 evanuisse.
1876 2676 1983 2716 non

405 2778 580 2833 solum
610 2774 661 2825 in
694 2769 797 2822 hoc
831 2766 1080 2837 przesenti
1106 2764 1330 2829 sarculo,
1356 2761 1448 2817 sed
1476 2759 1640 2815 etiam
1674 2760 1727 2813 in
1762 2757 1945 2812 futuro
1966 2799 1980 2821 ,

405 2867 550 2938 quod
579 2860 838 2918 Stet-tilum
872 2857 1059 2912 s:rculi
1094 2872 1219 2911 esse
1279 2852 1696 2923 intelligendum
1754 2858 1878 2915 est,
1930 2859 1986 2905 et

410 2959 555 3026 quod
591 2956 809 3028 proprie
843 2950 1103 3006 saeculum
1132 2948 1358 3009 dicitur,
1397 2949 1523 3017 quia
1564 2942 1741 3014 [juxta
1783 2943 1987 2998 Graeca:

408 3049 672 3106 dictioois
718 3044 852 3111 vim]
892 3042 1027 3096 αἰὼν
1069 3038 1561 3109 sempiternitalem
1595 3038 1843 3092 denotat.
1894 3037 1988 3091 Est

410 3154 594 3199 autem
636 3154 756 3194 mos
786 3149 958 3192 Sacrae
1020 3131 1321 3199 Scriptura:
1377 3142 1473 3198 per
1536 3127 1853 3195 huiusmodi
1910 3125 1990 3181 lo-

408 3233 611 3307 quendi
640 3229 884 3291 modum,
918 3222 1277 3279 honoratiora
1310 3234 1527 3289 semper
1552 3218 1899 3289 significare:
1931 3227 1991 3271 ut

409 3344 533 3383 cum
553 3322 851 3389 ,aitSaneta
872 3323 1213 3379 sanctorum,
1233 3314 1457 3369 Cantica
1472 3313 1809 3368 canticorum
1823 3351 1836 3375 ,
1853 3312 1991 3366 Sab-

411 3423 540 3476 bata
574 3418 955 3478 sabbatorum,
986 3418 1041 3465 et
1075 3408 1183 3463 alia
1232 3405 1572 3476 bujusmodi.
1615 3403 1711 3459 Vel
1736 3406 1892 3460 aliter
1909 3405 1993 3459 di-

414 3529 543 3568 cere
569 3521 727 3582 petes
756 3504 935 3574 :quod
967 3515 1031 3555 ea
1063 3499 1229 3553 verba
1254 3498 1310 3549 in
1336 3495 1589 3551 swculum
1615 3494 1797 3549 sa'culi
1824 3496 1997 3548 inten-

2080 2027 2168 2090 εἰς
2220 2023 2328 2078 τόν
2381 2022 2565 2076 αἰῶνα
2629 2020 2737 2074 τοῦ
2767 2019 3003 2085 αἰῶνος.
3050 2018 3160 2088 Τὴν
3192 2014 3286 2069 τοῦ
3326 2014 3461 2067 Θεοῦ
3496 2011 3659 2082 τιμὴν

2087 2116 2373 2184 ἀρπάσασι
2393 2116 2503 2177 τοῖς
2534 2113 2753 2181 δαίμοσι
2782 2113 2875 2165 καὶ
2898 2110 3138 2178 ὀνόματα
3179 2107 3457 2175 ἐπέθηκαν
3486 2106 3533 2157 οἱ
3565 2121 3665 2155 κα-

2082 2206 2511 2269 ταδουλωθέντες
2536 2205 2741 2269 αὐτοῖς,
2767 2204 2842 2265 ὼς
2879 2204 2913 2272 ἡ
2944 2201 3186 2270 φλύαρος
3231 2198 3477 2250 Ἡσιόδου
3530 2198 3665 2248 Θεο-

2084 2301 2256 2369 τονία
2287 2300 2619 2371 παρίστησιν
2638 2312 2653 2326 ο
2694 2297 2791 2349 καὶ
2815 2295 2913 2348 ἵνα
2951 2292 3121 2347 τᾶλλα
3146 2289 3329 2363 παρῶ,
3364 2289 3501 2350 τέως
3530 2283 3661 2354 γοῦν

2085 2394 2206 2453 Δία,
2242 2393 2336 2445 καί
2369 2392 2564 2461 ΙἌρεα,
2602 2392 2694 2442 ita".
2737 2386 3078 2449 Ἀπόλλωνα,
3133 2385 3228 2437 καὶ
3286 2380 3518 2451 Ἑρμῆν,
3570 2377 3663 2431 καὶ

2089 2487 2378 2555 Ἄρτεμιν,
2409 2483 2504 2534 καὶ
2532 2480 2882 2549 Ἀφροδίτην,
2908 2478 3003 2530 καί
3044 2475 3284 2529 τοιοῦτον
3306 2472 3495 2541 ἐσμὸν,
3521 2468 3663 2537 άπερ

2084 2552 2326 2644 ὀνόματα
2366 2573 2505 2644 μετά
2555 2572 2616 2624 τὸ
2646 2570 3074 2640 κατασπαρῆναι
3108 2568 3199 2620 τὸν
3223 2569 3323 2635 τῆς
3352 2552 3665 2629 οἱκονοξὶάς

2086 2668 2266 2736 λόγον,
2292 2664 2722 2733 ἐξηλείφθησαν,
2747 2663 2806 2716 οὐ
2844 2662 3003 2732 μόνον
3032 2660 3100 2713 δι’
3123 2660 3247 2712 ὅλου
3281 2657 3377 2710 τοῦ
3400 2656 3668 2723 παρόντος

2088 2761 2305 2824 αἰῶνος,
2346 2757 2485 2812 ἀλλά
2542 2757 2636 2809 καὶ
2681 2753 2862 2824 πολλῷ
2919 2753 3156 2824 μάλιστα
3218 2748 3312 2802 τοῦ
3356 2747 3666 2817 μέλλοντοῖ.

2088 2850 2289 2905 Τοῦτον
2315 2850 2422 2920 γὰρ
2451 2849 2623 2901 αἰῶνα
2641 2847 2829 2910 αἰῶνος
2853 2844 3085 2914 οἰητέον,
3110 2843 3166 2906 ὃς
3189 2842 3392 2912 κυρῖως
3424 2835 3560 2891 αἰὼν
3582 2835 3667 2888 διὰ

2086 2945 2148 2997 τὸ
2175 2940 2316 2996 εἶναι
2347 2943 2454 2996 ἀεί.
2482 2940 2720 3011 Σύνηθες
2778 2939 2836 2993 δὲ
2885 2940 2952 3008 τῇ
2998 2937 3193 3007 Γραφῇ
3242 2934 3313 2986 τὰ
3364 2930 3668 3001 τιμιώτερα

2089 3036 2304 3106 δηλοῦν,
2329 3035 2417 3089 διὰ
2444 3034 2538 3088 τοῦ
2569 3031 2775 3087 τοιοῦδε
2795 3034 3073 3102 σχήματος
3092 3046 3103 3060 ε
3119 3029 3253 3092 οἷον,
3275 3030 3442 3094 ’Ἅγια
3468 3023 3640 3091 ἁγίων
3650 3060 3667 3086 ,

2097 3129 2356 3200 ’ᾼσματα
2407 3126 2691 3199 ᾀσμάτων,
2748 3122 3003 3179 Σάϐϐατα
3063 3121 3377 3183 σαϐὅάτων,
3441 3117 3537 3170 καὶ
3597 3114 3666 3167 τὰ

2090 3221 2417 3277 τοιαῦτα.Ἢ
2446 3221 2506 3273 τὸ
2546 3222 2633 3285 εὶς
2653 3218 2757 3273 τόν
2781 3218 2970 3272 αἰῶνα
2988 3215 3093 3270 τοῦ
3122 3213 3368 3280 αἰῶνος,
3398 3209 3671 3269 ἐπίτασις.

2102 3316 2225 3391 ἀντὶ
2259 3313 2376 3377 τοῦ,
2413 3313 2577 3384 μέχρι
2606 3310 2807 3375 παντός
2832 3328 2847 3343 ο
2897 3307 3250 3380 ὴγνοήθησαν
3281 3308 3393 3375 γὰρ
3429 3302 3522 3356 τοῦ
3559 3299 3670 3352 λοιο

2101 3403 2205 3457 ποῦ
2235 3404 2584 3457 παντάπασιν
2604 3402 2659 3456 αἰ
2692 3400 3071 3472 δαιμονιὼδεις
3114 3396 3351 3462 τελεταὶ,
3410 3390 3669 3446 σϐεσθέν-

2101 3512 2211 3549 των
2244 3496 2428 3561 αὐτοῖς
2468 3497 2561 3550 καὶ
2591 3496 2702 3549 τῶν
2733 3494 3037 3560 ὀνομάτων.

412 3607 623 3661 sionem
655 3600 997 3672 signiﬁcant:
1034 3611 1136 3670 pro
1166 3608 1232 3648 eo
1262 3590 1410 3661 quod
1435 3597 1543 3653 est,
1572 3587 1627 3642 in
1648 3586 2069 3659 perpetuum.ln
2090 3591 2421 3646 oblivionem
2476 3593 2621 3645 enim
2688 3590 2913 3661 penitus
2994 3589 3119 3644 data
3180 3593 3311 3641 sunt
3365 3584 3672 3639 daemonum

413 3698 630 3754 illorum
679 3694 840 3753 festa.
883 3706 951 3746 ac
982 3686 1372 3744 celebritates:
1429 3695 1735 3749 eorumque
1769 3680 1994 3734 nomina
2031 3680 2208 3738 deleta
2232 3682 2639 3754 quodammodo
2671 3692 2819 3749 sunt,
2856 3691 2912 3736 et
2949 3682 3241 3737 exstincta.

482 3787 648 3841 Vens.
673 3784 724 3837 7.
750 3779 968 3836 Inimici
983 3776 1281 3848 defecerunt
1322 3773 1537 3844 framea:
1560 3786 1719 3841 usque
1765 3770 1820 3824 in
1839 3770 1999 3840 ﬁnem

411 3890 460 3935 et
491 3879 728 3932 civitates
758 3868 1094 3935 destruxisti.
1116 3866 1384 3929 Frameae,
1424 3865 1527 3919 hoc
1561 3875 1643 3919 est
1677 3862 1863 3933 gladii,
1902 3878 1996 3917 seu

412 3988 564 4026 artua
606 3968 839 4029 inimici,
873 3959 1252 4033 intelligenda
1286 3965 1433 4022 sunt,
1468 3956 1847 4029 ignominiosm
1890 3954 1995 4010 illae

414 4064 701 4135 passiones
753 4068 918 4129 atque
969 4055 1218 4117 affectus,
1271 4052 1470 4123 quibus
1518 4051 1762 4103 humana
1808 4048 1991 4100 anima

412 4176 521 4215 non
589 4171 753 4211 secus
820 4169 884 4208 ac
942 4150 1126 4222 gladio
1186 4161 1488 4217 percussa,
1544 4153 1597 4197 et
1646 4141 1865 4211 penitus
1921 4139 1986 4192 ad

413 4255 672 4307 virtutem
712 4256 926 4301 mortua
960 4242 1176 4314 iacebat
1198 4240 1328 4294 olim
1366 4239 1420 4292 in
1451 4252 1685 4305 corpore
1729 4234 1886 4302 quasi
1930 4234 1986 4287 in

411 4343 687 4414 sepulcro.
728 4336 1023 4392 Destructa
1078 4340 1258 4385 autem
1307 4328 1548 4399 gentium
1594 4326 1893 4392 impietate,
1934 4330 1989 4377 ct

410 4412 677 4491 aedificata
738 4428 965 4499 pietate,
1025 4423 1323 4476 destructa:
1386 4424 1515 4473 sunt
1562 4416 1814 4470 civitates
1895 4412 1986 4468 Vel

412 4526 670 4580 civitates
705 4522 856 4589 ipsos
886 4514 1141 4567 homines
1172 4510 1433 4579 interlige.
1480 4509 1533 4562 in
1585 4505 1787 4577 quibus
1823 4514 1985 4561 antea

2173 3773 2284 3830 Τοῦ
2345 3773 2566 3843 ἐχθροῦ
2611 3773 2902 3838 ἐξέλιπον
2935 3775 2995 3827 al
3026 3771 3314 3842 ρομςραῖαι
3356 3772 3444 3838 είς
3480 3769 3674 3838 τέλος,

2096 3866 2194 3921 καί
2250 3868 2460 3931 πόλεις
2507 3865 2804 3933 καθεῖλες.
2852 3864 3176 3935 Ῥωμφαίας
3230 3864 3395 3918 αὑτοῦ
3456 3875 3678 3933 νοητεον

2093 3959 2161 4013 τὰ
2194 3958 2342 4028 πάθη
2388 3957 2490 4029 τῆς
2522 3958 2769 4028 ἀτιμίας,
2816 3951 2982 4012 δι’ὧν
3032 3959 3065 4028 ἡ
3108 3956 3253 4029 ψυχὴ
3303 3957 3675 4029 πληττομένη,

2092 4051 2264 4122 νεκρὰ
2294 4049 2430 4121 πρὸς
2463 4051 2665 4121 ἀρετὴν
2718 4049 3016 4103 ἐντέθαπτο
3076 4049 3151 4117 τῷ
3197 4048 3430 4118 σώματι,
3487 4048 3676 4121 ῶσπερ

2093 4144 2320 4213 σήματι.
2355 4142 2711 4215 Καθῃροῦντο
2741 4143 2784 4195 δ’
2821 4144 2878 4197 ai
2901 4143 3105 4206 πόλεις,
3143 4143 3556 4212 καταλυομένης
3579 4142 3675 4210 τῆς

2091 4233 2345 4294 ἀσεϐείας
2384 4234 2587 4297 αὐτῶν,
2621 4234 2714 4286 καὶ
2745 4233 2843 4302 τῆς
2879 4232 3165 4296 εύσεΰεὶας
3211 4232 3678 4303 ἀντῳκοδομημέ-

2090 4342 2211 4395 νης.
2245 4324 2319 4376 ’Ἡ
2344 4326 2438 4378 καί⁴
2461 4325 2648 4389 πόλεις
2676 4325 3023 4396 ὑποληπτέον
3059 4326 3184 4386 τοὺς
3223 4323 3567 4395 ἀνθρώπους,
3599 4317 3681 4386 οἷς

2090 4416 2137 4466 οἱ
2165 4414 2418 4485 δαίμονες
2454 4412 2785 4468 ἐνεπαύοντο
2821 4414 2956 4485 (46).
3018 4415 3133 4468 Οὐκ
3184 4414 3415 4486 ἄκαιρον
3447 4413 3540 4467 καὶ
3576 4412 3675 4465 πό-

2090 4505 2201 4569 λεις
2229 4509 2402 4560 εἰπεῖν
2438 4508 2532 4561 καὶ
2570 4509 2697 4571 τοὺς
2721 4509 2931 4576 ἐναγεῖ,
2967 4509 3128 4570 ναοὺς
3157 4508 3265 4559 τῶν
3316 4506 3573 4560 εἰδώλων.

410 4615 732 4672 habitabant
766 4619 821 4664 et
852 4605 1211 4676 quiescebant
1261 4603 1560 4657 daemones.
1615 4600 1940 4670 Quanquam
1978 4608 2300 4655 extraneum
2344 4604 2515 4656 etiam
2559 4616 2667 4657 non
2716 4601 2882 4657 fuerit
2939 4617 3033 4673 per
3087 4602 3360 4667 civitates,
3420 4592 3681 4655 obsuena

409 4712 680 4766 idolorum
713 4703 937 4758 delubra
965 4699 1289 4769 intelligo-re.

486 4802 652 4856 Periit
681 4797 935 4852 memoria
988 4793 1103 4863 ejus
1161 4808 1278 4846 cum
1342 4790 1539 4843 sonitu.
1600 4786 1774 4844 Nemo
1838 4787 1984 4843 enim
2019 4792 2064 4848 D

411 4895 650 4965 amplius
692 4891 740 4945 ei
785 4886 1120 4944 sacrificium
1157 4883 1357 4939 offerre
1416 4882 1593 4947 novit,
1636 4890 1730 4935 aut
1759 4882 1986 4936 omnino

410 5004 534 5044 cum
574 4988 852 5040 invocare.
911 4980 1065 5046 Quod
1106 4993 1233 5031 vero
1265 4978 1364 5040 ait,
1427 4993 1545 5030 cum
1594 4977 1791 5039 sonitu,
1847 4975 1987 5029 idem

411 5091 518 5142 est,
546 5077 689 5148 quod
729 5092 853 5128 cum
888 5074 1154 5127 clamore.
1209 5070 1514 5123 Clamantia
1547 5069 1688 5123 enim
1722 5066 1989 5122 daemonia

412 5189 441 5225 ιι
472 5171 705 5225 υοιιιὶιιο
753 5165 1055 5237 fugiebant.
1082 5160 1182 5217 νει
1235 5179 1353 5215 cum
1402 5163 1603 5227 sonitu,
1653 5161 1705 5214 id
1744 5168 1829 5215 est
1868 5174 1991 5214 cum

407 5263 670 5335 jat-tantia
728 5259 842 5323 illa,
900 5272 965 5311 ac
1006 5254 1264 5323 superbia
1302 5272 1315 5308 :
1351 5263 1445 5307 aut
1493 5269 1617 5306 cum
1656 5249 1993 5307 clamoribus

421 5356 530 5409 illis
575 5365 628 5408 et
678 5352 929 5405 cantibus
994 5346 1416 5403 sacrificiorum.
1482 5342 1757 5414 Singulari
1810 5349 1992 5395 autem

416 5459 670 5499 Sermone
695 5446 748 5496 in
771 5443 1073 5497 daemonem
1100 5439 1402 5501 invehitur,
1429 5436 1656 5506 impium
1681 5451 1804 5489 eum
1832 5443 1997 5504 atque

388 5536 707 5590 inimicum
768 5535 1057 5605 appeilans
1089 5575 1103 5600 ,
1174 5531 1353 5601 ipsum
1410 5530 1513 5582 hoc
1556 5540 1721 5599 pacto
1762 5527 1994 5580 aliorum

1012 5614 1155 5647 ....i2.-.

2178 4786 2480 4844 Ἀπώλετο
2532 4787 2600 4841 τὸ
2660 4787 3058 4857 μνημόσυνίν
3091 4787 3292 4841 αὐτῶν
3326 4785 3452 4855 μετ’
3503 4785 3678 4854 ἤχου.

2096 4879 2285 4940 Οὐδεὶς
2315 4878 2420 4949 γὰρ
2447 4877 2595 4948 αὐτῷ
2616 4878 2807 4932 θυσίαν
2840 4878 3173 4949 προσφέρειν
3192 4873 3321 4941 οἵδε,
3345 4877 3377 4947 ἢ
3406 4876 3542 4940 ὅλως
3564 4878 3685 4927 ἐπι-

2098 4970 2404 5027 καλεῖσθαι.
2425 4970 2498 5023 Τὸ
2526 4969 2602 5036 δὲ,
2627 4972 2756 5040 μετ’
2788 4969 2965 5038 ἤχου,
3002 4970 3144 5033 ἀντὶ,
3168 4969 3306 5039 μετά
3325 4969 3451 5039 βοῆς
3474 4985 3488 4999 ο
3522 4966 3687 5038 βοῶν-

2099 5079 2165 5114 τα
2202 5062 2310 5133 γάρ
2353 5062 2581 5131 ἔφευγον
2629 5064 2697 5115 τὰ
2747 5062 3021 5131 δαιμόνια.
3057 5062 3125 5115 Ἦ
3176 5062 3270 5114 καὶ
3319 5061 3448 5130 μετ’
3499 5060 3681 5130 ἤχου,

2100 5156 2242 5223 ἀντὶ,
2287 5155 2477 5211 ’Ὡλετο
2534 5155 2673 5227 μετὰ
2729 5154 2829 5222 τῆς
2861 5153 3179 5219 ἀλαζονείας
3232 5152 3535 5224 ἐκείνης,ἢ
3591 5152 3685 5203 καί⁵

2101 5248 2201 5316 τῆς
2251 5253 2497 5321 κραυγῆς
2550 5248 2658 5301 τῶν
2687 5246 3004 5318 ἐπιϐωμίων
3045 5246 3329 5318 ᾀσμάτων.
3371 5244 3594 5305 Ἐνικῶς
3627 5241 3685 5296 δὲ

2105 5338 2449 5392 καθάπτεται
2493 5338 2585 5391 τοῦ
2620 5338 2893 5408 δαίμονος.
2925 5338 3100 5406 ἀσεϐῆ
3134 5336 3325 5390 τοῦτον
3358 5336 3452 5389 καὶ
3484 5334 3677 5404 ἐχθρδν

2106 5430 2411 5502 ὀνομάζων,
2442 5432 2534 5483 τὸν
2586 5432 2897 5502 προστάτην
2948 5432 3056 5484 τῶν
3106 5429 3366 5483 ἐναντίων
3399 5427 3686 5497 δυνάμεων

2110 5525 2308 5595 μᾶλλον
2361 5524 2619 5596 ὑϐρίζων,
2653 5526 2723 5588 ὼς
2760 5525 2855 5578 καὶ
2887 5527 2997 5587 τοῖς
3034 5523 3211 5587 ἄλλοις
3242 5524 3412 5575 αἴτιον
3442 5523 3677 5575 ἀποστα-

1763 5702 1963 5766 V’arite
1998 5702 2329 5766 lectiones.

491 5814 602 5890 (46',
637 5813 717 5866 ἴον.
756 5810 1183 5864 ἐπανεπαύοντο.
