4082 6212
346 321 443 390 145

1480 299 1872 387 οοΜΜΕΝτῘ
1917 324 1999 384 IN
2033 322 2392 384 estmos.

3500 269 3605 378 iis

348 437 460 499 σίας
482 432 770 504 γινόμενον
796 446 809 463 ·
850 432 918 486 δι’
948 432 1116 487 αὐτοῦ
1147 433 1226 497 δὲ,
1260 431 1358 488 καὶ
1390 435 1596 489 τούτων
1622 437 1720 506 οὐχ
1761 432 1922 507 ἦττον

2050 434 2336 488 Izcmonutu
2373 433 2662 502 pstesidem'
2717 435 2888 504 magis
2933 434 3254 504 objurgans,
3303 429 3470 486 veluti
3509 432 3602 500 qui

346 529 689 600 κατατρέχει.

412 708 515 763 Kal
552 710 584 761 ὀ
625 707 838 775 Κύριος
871 707 957 773 είς
995 705 1105 760 τὸν
1151 706 1339 762 αἰῶνα
1390 710 1584 780 μένει.
1628 711 1688 765 '0
1721 713 1928 785 Κύριος

347 804 451 862 τοῖς
481 799 697 852 ἔθνεσιν
729 796 871 851 εἶναι
904 799 1297 870 πιστευόμενος
1327 800 1455 873 ἄχρι
1489 805 1803 870 συντελείας
1823 823 1837 838 ⁸
1867 805 1930 859 τὸ

349 891 678 960 ἀμετάθετον
724 891 834 962 γὰρ
881 891 981 961 τῆς
1031 892 1319 958 εὐσεϐείας
1349 895 1460 948 τῶν
1492 895 1804 968 δεξαμένων
1828 899 1930 953 αὐ-

351 987 442 1056 τὴν
469 987 496 1040 6
527 984 685 1054 λόγος
706 983 976 1040 διδάσκει.

427 1251 778 1320 Ἠτοίμασεν
809 1253 880 1307 ἐν
925 1253 1119 1323 κρίσει
1152 1255 1261 1310 τὸν
1285 1259 1504 1326 θρόνον
1546 1259 1756 1316 αὐτοῦ.
1792 1261 1934 1333 Περὶ

349 1341 444 1408 τῆς
472 1341 614 1394 κειτά
659 1341 749 1394 τὸν
795 1343 1042 1410 παρόντα
1099 1345 1213 1414 βίον
1243 1347 1383 1419 ὑπὲρ
1413 1349 1570 1419 ἡμῶν
1611 1351 1934 1421 ἀναλήψεως

349 1435 439 1486 τοῦ
489 1434 744 1504 Σωτῆρος
799 1436 998 1507 μικρὸν
1055 1437 1263 1491 ἄνωθεν
1298 1438 1491 1506 εἰπὼν,
1540 1440 1635 1496 νῦν
1683 1443 1781 1496 καὶ
1835 1442 1934 1514 τὴν

352 1527 652 1597 μέλλουσιν
682 1528 1002 1596 αἰνίττεται,
1045 1530 1145 1601 τὴν
1191 1531 1424 1586 καθόλου
1481 1534 1579 1588 καὶ
1612 1535 1933 1592 τελευταίαν

350 1620 441 1670 nl.
473 1618 712 1689 φοϐερὰν
756 1621 923 1674 αὐτοῦ
971 1623 1279 1689 ὲπέλευσιν,
1331 1627 1462 1681 ὅταν
1487 1628 1708 1698 ἑκάστῳ
1741 1631 1933 1685 ἀποδί-

349 1711 476 1764 δωσι
527 1715 670 1767 κατά
700 1713 768 1767 τὰ
799 1713 939 1786 ἔργα
988 1717 1177 1774 αὐτοῦ.
1231 1720 1303 1774 Τὸ
1333 1720 1389 1774 δὲ
1421 1722 1932 1793 Ἠτοίμασεννάν-

351 1803 638 1874 θρωπένως
662 1806 904 1879 εἴρηται.

424 1897 530 1949 Καὶ
556 1899 743 1966 αὐτὸς
799 1901 994 1968 κρινεῖ
1041 1904 1157 1971 τὴν
1202 1908 1568 1977 οικουμένην
1606 1911 1676 1966 ἐν
1706 1912 1935 1969 δικαιο-

2030 527 2346 581 rebelliunis
2395 542 2567 581 causa
2616 527 2724 580 illis
2778 526 3009 589 exstitit,
3059 525 3294 580 tametsi'
3325 539 3421 594 per
3477 538 3614 578 eutn'

2030 632 2272 672 caeteros
2289 617 2647 672 nihilominus
2675 617 2840 670 etiam
2881 626 3094 687 cartmt.

2103 711 2270 766 Vens.
2322 710 2376 765 8.
2439 709 2508 762 Et
2577 709 2832 764 Dominus
2881 710 2935 762 in
2987 708 3243 764 saeuiunt
3307 716 3602 771 permanet.

2035 806 2321 860 Dominum
2363 819 2515 868 vero,
2559 802 2756 872 inquit,
2806 802 2993 858 ﬁdeles
3025 817 3090 857 ex
3138 802 3394 870 gentibus
3430 813 3607 865 usque

2031 897 2097 950 ad
2132 895 2669 951 consummationem
2729 909 3149 964 permansurum
3206 893 3454 947 credunt.
3513 890 3607 943 llis

2029 987 2178 1042 enim
2210 985 2414 1051 verbis,
2467 986 2638 1042 semel
2690 995 2928 1054 recepta:
2989 984 3113 1039 ﬁdei
3171 985 3466 1044 stabilitas,
3521 993 3606 1035 at—

2031 1093 2140 1149 que
2197 1077 2368 1147 ipsius
2429 1076 2696 1134 Ecclesiae
2773 1076 3305 1132 incommutabilitas
3376 1077 3608 1130 denota-

2032 1181 2146 1226 tur.

2109 1261 2329 1317 Paravit
2373 1263 2428 1316 in
2469 1262 2674 1331 judicio
2727 1263 2973 1317 thronum
3026 1276 3200 1314 suum.
3254 1259 3389 1314 Cum
3447 1257 3610 1328 paulo

2034 1356 2290 1427 superius
2329 1355 2398 1409 de
2443 1353 2744 1410 Salvatoris
2798 1353 2996 1407 dixerit
3047 1352 3447 1420 assumptione,
3490 1364 3625 1419 quae-

2037 1446 2092 1500 in
2123 1446 2382 1516 praesenti
2423 1443 2532 1498 vita
2566 1443 2705 1498 facta
2746 1449 2852 1507 est,
2905 1456 3050 1495 nunc
3079 1441 3144 1494 de
3171 1439 3357 1494 futura
3394 1440 3558 1493 tradit
3594 1456 3608 1493 :

2038 1537 2105 1591 de
2160 1535 2358 1590 ultimo
2420 1536 2682 1590 nimirum
2747 1544 2801 1590 et
2867 1535 3102 1590 terribili
3166 1535 3287 1604 ejus
3351 1532 3624 1593 adventur

2035 1625 2256 1695 quando
2316 1625 2613 1696 unicuique
2655 1625 2811 1695 juxta
2846 1626 3079 1696 propria
3111 1640 3276 1694 opera
3323 1623 3611 1678 retribuet.

2041 1718 2198 1785 Quod
2224 1734 2356 1773 vero
2386 1720 2462 1774 ait
2488 1719 2732 1783 Paravit,
2783 1719 3085 1774 humanum
3126 1719 3181 1774 in
3230 1731 3453 1772 morem-
3479 1729 3614 1770 cona-

1968 1785 2009 1839 Β
2039 1813 2383 1869 descendens
2407 1812 2624 1868 locutus
2650 1819 2755 1866 est.

2103 1904 2274 1961 ‘Vuns.
2307 1905 2360 1960 9.
2403 1905 2467 1959 Et
2494 1907 2603 1974 ipse
2632 1903 3096 1975 judicabit‘orbem
3127 1911 3280 1958 ter-rte
3303 1902 3355 1956 in
3377 1901 3615 1970 justitia',

349 1990 508 2058 σύνῃ
529 2008 542 2020 ·
581 1992 773 2058 κρινεῖ
797 1994 988 2062 λαοὺς
1011 1995 1080 2049 ἐν
1112 2000 1413 2067 εὐθύτητι.
1443 2003 1790 2073 Οἰκουμένην
1837 2005 1937 2075 μὲν

2050 1998 2294 2056 iudicabit
2325 1997 2545 2067 populos
2591 2001 2647 2050 in
2701 1996 3037 2051 rectitudine.
3101 1994 3204 2049 Per
3253 1994 3427 2048 orbem
3467 2003 3624 2046 terra:

351 2083 496 2152 λέγει
530 2087 657 2151 τοὺς
683 2089 932 2170 πιστοὺς,
987 2092 1120 2162 παρ’
1151 2087 1234 2156 οἷς
1267 2094 1438 2148 οίκεῖν
1487 2097 1803 2152 πιστεύεται
1851 2099 1940 2154 διὰ

351 2175 458 2228 τῶν
481 2178 802 2248 ἁπανταχοῦ
826 2181 969 2235 ναῶν
993 2200 1006 2214 ·
1041 2183 1203 2247 λαοὺς
1230 2184 1308 2244 δὲ.
1357 2188 1480 2252 τοὺς
1503 2189 1694 2254 ἄλλους
1725 2190 1938 2262 ἀνθρὼ-

355 2287 509 2333 πους,
551 2271 686 2338 παρ’
716 2267 799 2336 οἷς
837 2273 1030 2345 λόγχαι
1077 2275 1289 2330 δασεῖαι
1323 2278 1434 2332 τῶν
1480 2281 1693 2346 παθῶν,
1741 2277 1821 2344 οἷς
1850 2281 1940 2337 οἷα

354 2361 515 2432 θῆρες
535 2365 583 2417 οἱ
609 2364 863 2436 δαίμονες
894 2368 1322 2436 ὲμφωλεύουτιν·
1339 2372 1514 2436 ἄλλως
1548 2375 1656 2442 γὰρ
1673 2375 1938 2442 ἐκείνους,

357 2455 445 2504 καὶ
474 2453 651 2519 ἄλλως
666 2456 891 2522 τούτους
920 2463 1112 2531 κρινεῖ,
1141 2461 1383 2528 δυνατῶς
1416 2466 1679 2532 δυνατοὺς
1709 2470 1938 2535 ὲτάζων,

355 2547 448 2597 καὶ
483 2546 621 2617 πρὸς
653 2548 755 2620 τὴν
799 2550 1016 2618 πίστιν,
1053 2554 1148 2606 καὶ
1181 2555 1281 2624 τὴν
1327 2558 1587 2612 ἀπιστίαν
1631 2560 1835 2616 αὐτῶν.
1871 2563 1942 2615 Ἢ

352 2639 447 2690 καὶ
476 2638 536 2692 τδ
571 2639 766 2707 λαοὺς
800 2641 1046 2711 ἐπάγων,
1078 2645 1136 2699 τὸ
1188 2647 1291 2716 τῆς
1324 2649 1656 2722 οἰκουμένης
1679 2653 1945 2723 ἐσαφήνι-

357 2744 446 2780 σεν
469 2729 668 2799 νόημα,
704 2733 814 2814 ἀπὸ
844 2735 940 2789 τοῦ
975 2737 1328 2808 περιέχοντος
1355 2743 1482 2806 τοὺς
1513 2748 1944 2815 περιεχομένους

356 2822 735 2893 ὐποδηλώσας.
777 2828 856 2898 Τῇ
917 2830 1095 2901 κρίσει
1149 2832 1227 2898 δὲ,
1283 2833 1384 2904 τὴν
1433 2835 1788 2904 δικαιοσύνην
1849 2840 1944 2892 καὶ

356 2911 452 2981 τὴν
487 2912 760 2986 εὐθύτητα
812 2917 1096 2990 κηρύττει,
1151 2922 1212 2974 τὸ
1257 2922 1353 2976 τοῦ
1391 2925 1670 2996 κρίνοντος
1694 2928 1944 3000 ἀπαρέκ‹

250 3054 261 3065 ,
361 3005 567 3061 κλιτον.

428 3276 532 3329 Kal
560 3277 799 3346 ἐγένετο
854 3282 1068 3349 Κύριος
1103 3283 1421 3355 καταφυγὴ
1464 3283 1543 3351 τῷ
1574 3286 1808 3355 πένητι.
1844 3289 1948 3342 Πέ-

365 3385 457 3436 νης
487 3371 598 3440 γὰρ
629 3373 708 3434 είς
734 3373 1019 3428 εὐσέϐειαν
1071 3376 1166 3428 καὶ
1199 3377 1404 3448 ἀρετὴν
1431 3381 1459 3431 6
1489 3378 1549 3443 ἐξ
1597 3379 1766 3433 ἐθνῶν
1795 3381 1947 3448 λαὸς,

362 3453 402 3526 ᾧ
425 3466 816 3518 πεπιστευκότι
861 3467 1154 3540 καταφυγὴ
1185 3469 1407 3537 γέγονεν
1433 3472 1461 3522 6
1487 3471 1650 3536 Θεόςο
1694 3474 1722 3526 6
1751 3477 1859 3545 γὰρ
1887 3477 1946 3530 ὲν

365 3555 605 3624 χρήμασι
656 3557 906 3623 πλοῦτος,
959 3559 1192 3622 ἄπιστος
1247 3563 1340 3616 καὶ
1390 3563 1664 3628 ἀϐέϐαιος.
1729 3567 1796 3622 ’Ἡ
1851 3570 1945 3623 καὶ

365 3645 516 3700 τοῦτο
553 3649 802 3718 βούλεται
839 3651 1070 3722 δηλοῦν,
1123 3653 1196 3718 ὡς
1228 3654 1329 3708 οὐκ
1376 3654 1491 3709 ἔστι
1522 3659 1673 3730 παρά
1711 3659 1790 3731 τῷ
1829 3661 1948 3730 Θεῷ

369 3743 795 3811 προσωποληψία
818 3761 830 3776 ’
865 3747 960 3797 καὶ
989 3746 1079 3798 τὸν
1137 3747 1354 3816 πτωχὸν
1370 3749 1478 3816 γὰρ
1527 3753 1952 3823 καταφεύγοντα

369 3829 594 3900 δὲχετπι,
627 3835 721 3887 καὶ
748 3835 848 3888 οὐκ
874 3836 1301 3907 ἀποστρέφεται.
1544 3884 1552 3892 ,
1829 3839 1834 3842 ’

2040 2091 2161 2164 [seu
2191 2091 2372 2162 potius
2406 2104 2468 2146 ut
2500 2091 2556 2144 in
2591 2089 2786 2146 Graeco
2817 2091 3072 2154 habetur,
3108 2102 3203 2156 per
3227 2083 3618 2156 habitabitem],

2043 2185 2232 2239 ﬁdeles
2255 2183 2532 2254 intelligit,
2567 2183 2711 2252 apud
2738 2196 2878 2252 quos
2909 2181 3162 2237 habitare
3200 2179 3343 2234 Deus
3373 2178 3623 2234 creditur

2043 2279 2098 2332 in
2129 2278 2389 2332 omnibus
2419 2276 2706 2332 Ecclesiis.
2744 2275 2982 2344 Pepnlos
3013 2289 3142 2328 vero
3177 2282 3406 2328 exteras
3436 2271 3620 2324 lmmi-

2043 2385 2141 2425 nes
2169 2369 2426 2440 appellat,
2457 2369 2600 2436 apud
2631 2383 2770 2436 quos
2805 2369 2988 2422 densae
3046 2375 3174 2420 sunt
3234 2364 3525 2420 aﬂectuum
3561 2379 3623 2417 :Ic

2046 2463 2367 2533 passionum
2423 2461 2600 2526 silvae,
2636 2463 2690 2516 in
2742 2475 2977 2530 quorum
3043 2458 3268 2512 latebris
3323 2455 3622 2516 daemones.

2045 2557 2282 2610 ferarum
2349 2555 2528 2608 instar
2591 2562 3030 2609 commorantur.
3078 2551 3256 2604 Aliter
3300 2549 3444 2602 cnim
3499 2548 3624 2600 illus

2049 2646 2329 2706 Dominus,
2397 2651 2565 2714 atque
2619 2644 2782 2698 aliter
2811 2644 2945 2697 istos
3010 2639 3302 2710 judicab't,
3375 2645 3625 2708 potentes

2046 2739 2304 2793 nimirum
2335 2747 2590 2807 potenter
2628 2739 2945 2805 exquirens,
2973 2735 3129 2805 juxta
3186 2732 3403 2786 illorttm
3445 2730 3624 2790 ﬁdem,

2047 2839 2210 2899 atque
2237 2829 2643 2884 inﬁdelitatem.
2682 2827 2777 2881 Vel
2811 2827 2940 2880 dum
3001 2823 3220 2894 populos
3251 2822 3403 2884 dicit,
3450 2819 3626 2890 magis

2045 2926 2290 2980 declarat
2325 2924 2473 2995 quod
2513 2923 2725 2976 dixerat
2761 2921 2948 2975 orbem
3005 2928 3184 2980 terrae,
3241 2930 3449 2985 ponens
3480 2913 3626 2984 quod

2049 3020 2296 3071 continet
2337 3032 2436 3086 pro
2465 3031 2530 3070 eo
2558 3031 2668 3084 quo
2703 3019 3023 3068 contentum
3053 3018 3156 3064 est.
3192 3006 3411 3060 Iudicio
3445 3017 3624 3060 autem

1971 3129 2014 3188 ο
2047 3109 2322 3177 justitiam
2379 3118 2433 3164 et
2478 3105 2864 3163 rectitudinetn
2924 3101 3282 3173 complicans,
3324 3098 3627 3169 judicantis

2051 3201 2419 3264 integritatem
2452 3199 2733 3269 prmdicat.

2125 3292 2295 3349 Vens.
2333 3293 2416 3346 10.
2453 3292 2521 3346 Et
2553 3292 2727 3361 factus
2757 3299 2835 3345 est
2888 3288 3145 3343 Dominus
3184 3284 3446 3356 refugium
3497 3294 3632 3352 pan-

2049 3388 2182 3456 peri.
2235 3385 2446 3455 Pauper
2487 3385 2618 3438 olim
2666 3390 2785 3437 erat
2832 3383 3068 3452 populus
3121 3380 3366 3450 gentilis,
3432 3378 3632 3432 virtute

2053 3477 2314 3532 nimirum
2347 3485 2401 3531 et
2441 3475 2714 3545 religione
2765 3491 2780 3528 :
2822 3474 2910 3527 cui
2948 3481 3074 3543 post
3127 3480 3409 3540 acceptam
3473 3467 3630 3522 ﬁdem

2059 3572 2323 3627 Dominus
2357 3571 2537 3626 factus
2568 3580 2656 3626 est
2681 3567 2953 3640 refugium
2995 3585 3008 3619 :
3039 3566 3242 3621 divitiae
3259 3564 3402 3620 cnim
3424 3578 3544 3630 quin
3577 3560 3633 3614 in

2059 3666 2306 3736 pecuniis
2347 3661 2830 3730 consistnnl,quia
2868 3660 3092 3716 incerta:
3143 3667 3306 3727 atque
3348 3651 3634 3708 instabiles

2057 3767 2210 3820 sunt,
2243 3757 2442 3812 divitia:
2487 3770 2630 3810 verae
2676 3753 2888 3808 censeri
2945 3766 3057 3806 non
3121 3749 3346 3804 debent.
3382 3743 3475 3799 Vel
3533 3743 3638 3797 boc

2061 3846 2222 3901 nobis
2252 3844 2394 3900 forte
2425 3844 2601 3898 voluit
2650 3843 2912 3912 propheta
2952 3840 3271 3909 signiﬁcare
3319 3834 3462 3903 quod
3496 3834 3636 3904 apud

329 3917 532 3975 ill-um
582 3925 733 3978 nulla
798 3937 882 3981 est
937 3932 1183 3999 acceptio
1243 3947 1628 4000 personarum,
1695 3936 1953 4007 quodque
1992 3952 2290 4008 pauperem
2346 3950 2501 4006 atque
2548 3950 2612 3991 ac
2654 3935 2880 3990 divitem
2915 3933 2983 3986 ad
3047 3947 3106 3988 se
3142 3932 3438 4001 fugientem
3517 3942 3638 3983 sus-

372 4017 518 4082 cipit.

440 4110 664 4177 Βοηθὸς
711 4112 783 4165 ἐν
818 4115 1166 4183 εὐκαιρίαις,
1206 4116 1276 4170 ἐν
1332 4118 1601 4188 θλίψεσι.
1661 4121 1953 4189 Καταψεύ-

373 4213 518 4264 γοντι
549 4201 754 4270 βοηθεῖ,
781 4204 872 4255 καὶ
905 4204 962 4256 ἐν
995 4204 1326 4272 εὐκαιρίαις,
1357 4208 1636 4261 τουτέστιν
1663 4210 1720 4262 ὲν
1747 4210 1951 4280 εὐημε-

377 4293 535 4359 ρίαις,
561 4294 654 4346 καὶ
680 4297 738 4346 ὲν
774 4295 984 4365 θλίψεσι
1004 4313 1017 4327 ο
1055 4299 1177 4351 καθ’
1205 4299 1367 4353 ἑαυτὸ
1412 4301 1520 4372 γὰρ
1552 4300 1784 4355 ἕκαστον
1816 4305 1953 4356 ἀπο-

374 4383 543 4449 λύτως
575 4387 971 4455 ἀναγνωστέον.
1021 4391 1094 4444 Οὐ
1133 4393 1294 4462 μόνον
1318 4391 1425 4461 γὰρ
1444 4395 1496 4446 oi
1529 4395 1587 4446 ὲν
1619 4397 1950 4466 συμφοραῖς,

375 4476 506 4528 ἀλλὰ
540 4479 633 4532 καὶ
658 4479 708 4531 οί
740 4481 797 4531 ἐν
831 4484 1181 4552 εὐπραγίαις,
1213 4483 1410 4553 βοηθοῦ
1456 4484 1694 4554 μάλιστα
1722 4488 1954 4560 χρῄζου-

377 4584 478 4634 σιν,
513 4569 602 4624 ῖνα
628 4570 856 4642 βεϐαίαν
896 4575 992 4645 τὴν
1019 4576 1366 4645 εὐδαιμονίαν
1398 4576 1700 4646 φυλάξωσι,
1734 4581 1831 4634 καὶ
1878 4581 1954 4652 μὴ

377 4661 687 4729 ἐμπέσωσιν
744 4666 825 4728 είς
870 4667 1167 4737 ῥᾳθυμίαν,
1200 4668 1300 4740 τὴν
1355 4673 1568 4743 μητέρα
1598 4673 1706 4725 τῶν
1740 4689 1954 4744 συμφο-

380 4752 506 4822 ρῶν.
542 4754 699 4818 Τινὲς
726 4757 781 4810 δὲ
808 4757 889 4821 τὸ,
926 4760 994 4812 ὲν
1013 4761 1362 4829 εὐκαιρίαις,
1393 4764 1700 4836 ἐπικαίρως
1726 4767 1955 4837 εἰρήκα-

379 4859 481 4908 σιν,
540 4847 961 4917 ἑρμηνεύοντες,
1016 4851 1097 4904 ὅτι
1147 4853 1365 4920 ἐγένετο
1399 4854 1602 4924 Κύριος
1647 4855 1843 4926 βοηθὸς
1895 4859 1954 4911 ὲν

380 4935 620 5007 θλίψεσιν
653 4942 982 5014 ἐπικαίρως,
1013 4945 1181 5016 ήγουν
1209 4949 1291 5010 είς
1321 4948 1514 5022 καιρὸν
1539 4948 1793 5018 δεόμενον
1830 4949 1957 5022 βοη-

379 5027 546 5094 θείας.
1384 5021 1390 5027 ’

2132 4123 2362 4192 Adjutor
2399 4123 2452 4174 in
2483 4117 2948 4191 prosperitatibus,
2974 4117 3030 4171 in
3083 4113 3447 4170 tribulatione.
3497 4114 3638 4167 (Iou'

2062 4214 2335 4286 fugientes
2366 4215 2432 4270 ad
2470 4229 2529 4269 se
2559 4212 2701 4268 Deus
2732 4211 2980 4280 adjuvat,
3029 4208 3146 4264 sive
3171 4207 3226 4262 in
3255 4203 3642 4277 prosperitati-

2063 4311 2187 4371 bus,
2216 4310 2320 4363 hoc
2348 4316 2432 4363 est
2475 4306 2757 4364 felicitatis
2812 4312 3083 4375 tempore,
3147 4300 3493 4371 confugiant,
3526 4297 3640 4350 sive

2063 4405 2116 4458 in
2141 4404 2516 4458 tribulatione.
2553 4397 3003 4469 Unumquodque
3029 4394 3177 4451 enim
3199 4410 3294 4464 per
3314 4408 3374 4448 se
3392 4391 3643 4470 absolute

2062 4494 2352 4566 legendum
2386 4504 2492 4550 est.
2548 4491 2739 4561 Neque
2774 4490 2924 4544 enim
2959 4489 2998 4543 ii
3032 4488 3210 4543 solum
3245 4483 3646 4558 auxilip__in,di.;

2059 4599 2189 4660 gent
2231 4590 2322 4660 qui
2362 4589 2417 4644 in
2450 4585 2863 4642 calamitatibus
2900 4591 3051 4646 sunt,
3099 4581 3306 4649 sedilli
3337 4579 3503 4635 etiam
3549 4578 3641 4648 qni

2060 4683 2116 4737 in
2159 4679 2640 4751 prosperitatibus,
2675 4685 2734 4731 ut
2763 4675 3265 4738 felicitatem‘snam
3296 4677 3643 4729 conservent,

2061 4782 2206 4828 etne
2241 4772 2292 4824 in
2329 4770 2626 4841 ignaviam,
2651 4766 3025 4830 calamitatum
3074 4771 3334 4824 matrem.
3366 4759 3644 4816 decidant.

2065 4865 2245 4934 Aliqui
2311 4863 2474 4918 etiatn
2538 4862 2726 4933 legunt
2790 4857 2856 4934 1p
2929 4854 3436 4926 opportunitatibus,
3497 4850 3644 4924 [cum

2066 4952 2252 5011 (ἔπειτα
2291 4949 2465 5008 dictio
2493 4951 2750 5022 εὐκαιρία
2778 4964 2887 5025 non
2926 4947 3350 5017 prosperitatem
3410 4953 3644 5000 tantum,

2073 5042 2167 5098 sed
2203 5041 2673 5114 opportunitatem
2714 5038 2879 5095 etiam
2923 5035 3246 5109 signiticet],
3279 5035 3648 5102 intelligentes

379 5127 519 5189 quod
582 5125 848 5183 Dominus
905 5137 1212 5198 opportune
1247 5130 1299 5183 in
1344 5130 1802 5188 tribulationibus
1862 5149 1962 5188 nos
2001 5133 2232 5205 adjuvit.
2263 5134 2374 5202 lloc
2404 5143 2486 5189 est
2517 5133 2612 5189 illo
2639 5139 2888 5204 tempore
2925 5148 3034 5203 quo
3091 5140 3211 5204 cjtts
3251 5127 3458 5182 auxilio
3523 5139 3649 5177 vere

381 5220 778 5288 itnligebautus.

450 5315 557 5366 Kal
593 5313 1027 5367 ἐλπισάτωσαν
1059 5313 1155 5368 ἐπὶ
1192 5314 1292 5369 σοι
1338 5317 1392 5369 οι
1444 5314 1849 5385 γινώσκοντες
1893 5323 1960 5371 τὸ

385 5405 571 5474 ὄνομά
595 5423 734 5470 σου,
769 5405 858 5459 ὅτι
885 5408 997 5461 οὐκ
1037 5408 1424 5476 ἐγκατέλιπες
1473 5408 1616 5476 τοὺς
1646 5409 1964 5476 ἐκζητοῦν.

389 5496 489 5562 τάς
519 5513 615 5562 σε,
669 5499 867 5566 Κύριε.
913 5499 1021 5552 Καὶ
1073 5500 1259 5554 λοιπὸν
1303 5501 1581 5554 ἐλπιοῦσιν
1622 5501 1714 5554 ἐπὶ
1744 5505 1846 5562 σοὶ,
1888 5502 1965 5565 ὡς

391 5588 532 5656 μόνῳ
557 5591 844 5662 δυναμένῳ
879 5591 1090 5656 σώζειν,
1109 5596 1155 5646 ol
1187 5594 1546 5660 γινώσκοντες
1570 5596 1631 5648 τὸ
1647 5597 1817 5665 ὄνομά
1845 5613 1962 5658 σου,

391 5686 661 5740 τουτέστιν
693 5685 772 5745 σὲ.
798 5687 939 5740 κατά
965 5687 1312 5758 περίφρασιν,
1351 5690 1518 5761 ἤγουν
1541 5691 1588 5744 ot
1618 5690 1966 5753 πιστεύοντες

390 5781 468 5841 τίς
499 5781 580 5837 σέ.
615 5781 774 5847 Τινὲς
801 5783 911 5854 γὰρ
941 5781 1048 5837 ἀπὸ
1085 5783 1179 5839 τοῦ
1242 5783 1535 5858 Ἐϐραῖκοῦ
1569 5785 1628 5840 τὸ
1673 5784 1963 5842 Ἐλπισά-

2139 5320 2304 5380 Vrsas.
2334 5315 2418 5368 Η.
2452 5313 2522 5368 Et
2563 5323 2767 5382 sperent
2818 5316 2874 5368 in
2915 5323 2963 5369 te
3008 5315 3098 5385 qui
3145 5317 3398 5367 noverunt
3464 5325 3650 5362 nomen

2071 5424 2238 5475 tuum,
2281 5411 2407 5481 quia
2435 5426 2538 5464 non
2567 5408 2896 5476 dereliquisti
2944 5409 3270 5476 exquirentes
3300 5413 3367 5470 te,
3407 5401 3651 5456 Domine.

2072 5507 2366 5576 Deinceps,
2414 5502 2592 5574 inquit
2631 5519 2644 5556 ε
2680 5499 2978 5570 Sperabam
3012 5499 3065 5550 in
3091 5507 3160 5564 te,
3187 5495 3353 5550 veluti
3387 5496 3443 5552 in
3470 5511 3535 5550 eo
3559 5498 3651 5565 qui

2076 5597 2226 5652 solus
2262 5606 2438 5666 potest
2470 5595 2717 5658 salvare;
2758 5591 2858 5654 illi,
2892 5590 3139 5657 inquam,
3197 5589 3525 5657 sperabunt,
3561 5588 3651 5655 qui

2077 5705 2276 5742 nomen
2314 5699 2492 5750 tuntn,
2542 5687 2646 5741 hoc
2702 5693 2788 5738 cst
2852 5682 3086 5748 teipsum
3145 5688 3440 5735 noverunt.
3483 5680 3559 5732 Ac
3606 5679 3651 5731 si

2077 5785 2224 5840 dicat
2262 5799 2276 5838 ι
2311 5781 2349 5836 li
2405 5781 2497 5852 qui
2550 5779 2784 5836 credunt
2836 5776 2892 5832 in
2943 5785 3020 5831 te.
3072 5774 3305 5844 Quidam
3357 5773 3514 5830 etiam
3555 5781 3653 5838 pro
