4082 6212
411 340 508 403 lli

1643 351 2025 411 EUTllYMlI
2072 354 2434 413 ZlGABENl

3581 335 3682 397 14%

408 456 589 511 verbis
625 456 735 511 illis
775 456 996 526 Sperent
1025 459 1079 511 in
1114 466 1182 522 te,
1240 475 1306 512 ex
1367 459 1598 515 llebrzeo
1644 463 1978 532 interpretati

2096 479 2320 531 τωσαν,
2375 465 2495 519 ἀντὶ
2519 464 2613 518 τοῦ
2664 464 2910 517 ἐλπιοῠσι
2965 454 3543 532 μεθηρμηνεύκαυσεν.
3611 447 3683 499 Ἶι

409 558 537 603 sunt
571 568 584 603 :
618 547 912 617 Sperabunt
936 550 989 602 in
1013 558 1082 612 te.
1113 550 1299 603 futuro
1328 552 1409 607 usi
1439 561 1683 620 tempore
1702 568 1802 622 pro
1826 554 1989 608 modo

410 642 755 710 imperativo.
826 641 933 696 Sed
1000 641 1277 712 PrOpheta
1348 643 1602 699 fortassis
1663 645 1989 715 imperativo

411 750 548 789 usus
596 744 677 788 est
728 734 1083 804 pmceptoris
1129 750 1193 788 ac
1247 735 1496 791 docentis
1552 752 1704 791 more
1755 752 1818 793 ea
1875 738 1988 792 ﬁeri

402 827 626 892 jubeus,
684 842 806 896 quae
849 828 1022 897 probe
1088 843 1150 882 ac
1204 828 1436 882 ﬁrmiter
1488 829 1659 884 novit.
1716 830 1986 886 Praeterea

404 919 568 970 etiam
596 926 743 971 recte
766 918 923 981 dixit,
958 918 1064 985 Qui
1104 930 1358 974 noverunt
1388 937 1576 975 nomen
1611 932 1782 976 tuum.
1813 921 1986 978 Natu-

407 1024 521 1062 ram
555 1010 699 1063 euim
758 1009 851 1064 Dei
897 1013 1081 1067 nullus
1147 1015 1319 1069 novit.
1372 1014 1435 1069 Et
1485 1016 1705 1071 demum
1762 1031 1985 1071 causam

405 1102 661 1170 apposuit
685 1103 801 1171 spei
837 1118 951 1157 suae
976 1103 1164 1160 dicens
1199 1124 1212 1159 :
1244 1106 1503 1170 Quoniam
1529 1125 1633 1163 non
1659 1108 1990 1180 dereliquisti

401 1198 734 1265 exquirentes
777 1208 847 1258 te,
884 1195 1129 1251 Domine.
1158 1197 1271 1253 Nec
1321 1200 1462 1254 dixit
1513 1200 1858 1266 Qumrentes,
1891 1203 1985 1257 sed

402 1285 773 1354 anuirentes,
822 1297 882 1340 ut
917 1287 1397 1359 investigationem
1430 1292 1726 1361 quamdam
1760 1308 1824 1347 ex
1876 1302 1986 1347 tota

404 1378 585 1431 aninta
619 1378 925 1432 faciendam
968 1394 1089 1433 esse
1116 1380 1421 1438 denotaret.

484 1469 643 1524 Vens.
683 1470 769 1524 12.
814 1470 1043 1524 Psallite
1071 1472 1301 1528 Domino
1335 1476 1428 1544 qui
1468 1476 1677 1534 habitat
1729 1479 1783 1532 in
1829 1477 1981 1534 Sion.

403 1557 552 1615 Talis
591 1563 777 1631 itaque
810 1577 935 1615 cum
970 1565 1041 1617 sit
1081 1564 1347 1623 Dominus
1377 1577 1436 1623 ut
1463 1572 1722 1638 superius
1754 1573 1986 1627 demon-

400 1653 718 1717 stravimus,
758 1654 1005 1722 Prattite,
1034 1657 1155 1723 hoc,
1192 1667 1296 1724 est,
1334 1660 1527 1719 Canite
1568 1664 1641 1720 ei.
1702 1663 1987 1719 Ilabitanti

398 1760 530 1799 vero
560 1746 615 1799 in
650 1744 781 1801 Sion
822 1748 984 1815 dixit,
1024 1766 1133 1827 non
1186 1752 1310 1823 quia
1343 1753 1487 1811 Deus
1518 1756 1641 1812 loco
1686 1760 1986 1812 concluda-

2100 559 2195 611 καὶ
2219 559 2619 628 προστακτικὸς
2645 560 2673 610 6
2702 557 2881 624 λόγος,
2913 550 3001 608 οἷα
3024 549 3422 610 διδασκαλικδς,
3452 546 3573 610 περ“·
3609 536 3683 594 ὧν

2099 650 2334 719 βεϐαίως
2372 644 2512 704 οἶδεν
2567 649 2971 719 ἐντελλόμενος.
3018 646 3127 699 Καὶ
3164 642 3341 703 ἄλλως
3395 638 3450 691 δὲ
3500 632 3685 697 καλῶς

2099 737 2221 795 εἷπε
2252 742 2316 796 τὸ
2358 741 2546 812 ὄνομά
2591 756 2744 795 σου·
2774 739 2873 807 τὴν
2923 736 3033 807 γὰρ
3081 734 3245 788 αὑτοῦ
3296 730 3458 795 φύσιν
3506 726 3684 787 οὐδεὶς

2098 835 2417 904 ἐγνώρισεν.
2452 832 2876 906 Προσέθηκενδέ
2912 831 3006 884 καὶ
3039 828 3137 899 τὴν
3166 826 3347 879 αἰτίαν
3394 823 3492 892 τῆς
3530 818 3685 872 ἐλπί-

2097 929 2206 995 δος,
2243 929 2568 997 ἐπαγαγὼν,
2610 929 2692 981 ὅτι
2728 928 2850 980 Οὐκ
2889 922 3277 994 ἐγκατέλιπες
3325 920 3467 981 τοὺς
3516 910 3685 979 ἐκζη-

2097 1019 2358 1085 τοῦντάς
2380 1034 2473 1081 σε,
2509 1021 2707 1087 Κύριε.
2742 1017 2888 1086 Ὅρα
2919 1015 2975 1068 δὲ
3002 1013 3119 1075 πῶς
3155 1011 3256 1064 οὐκ
3287 1003 3409 1061 εἷπε
3444 1001 3684 1075 Ζητοῦν-

2096 1131 2219 1179 τας,
2249 1114 2366 1167 ἀλλ’
2400 1113 2852 1182 Ἐκζητοῦντας,
2882 1107 2981 1179 τὴν
3012 1108 3070 1174 ἐξ
3091 1107 3221 1176 ὅλης
3238 1101 3420 1174 ψυχῆς
3456 1098 3685 1169 ζήτησιν

2096 1208 2187 1262 διὰ
2217 1209 2317 1278 τῆς
2354 1206 2670 1277 προθέσεως
2694 1204 3079 1274 παραστήσας.

2175 1475 2449 1529 Ψάλλετε
2489 1472 2567 1538 τῷ
2614 1474 2807 1541 Κυρίῳ
2852 1470 2930 1534 τῷ
2966 1466 3346 1523 κατοικοῦντι
3391 1466 3461 1519 ἐν
3510 1463 3684 1520 Σιών.

2095 1566 2335 1635 Τοιούτῳ
2355 1567 2431 1626 δὲ,
2472 1565 2657 1634 φησὶν,
2691 1564 2804 1617 ὄντι
2838 1562 2914 1633 τῷ
2937 1561 3149 1631 Κυρίῳ,
3183 1554 3296 1613 οἷον
3341 1559 3454 1613 ἄνω
3488 1558 3686 1628 μικρὸν

2095 1664 2363 1731 ἐδήλωσα,
2401 1660 2653 1730 omne.
2688 1657 3077 1713 Κατοικοῦντι
3133 1653 3192 1709 δέ
3248 1648 3425 1715 εἶπεν,
3475 1652 3574 1722 οὐχ
3602 1652 3687 1706 ὅτι

2099 1754 2471 1828 περικλείεται
2507 1752 2656 1822 τόπῳ
2680 1751 2813 1813 Θεὸς
2832 1792 2846 1815 ,
2883 1748 3018 1802 ἀλλὰ
3049 1746 3138 1801 διὰ
3160 1744 3254 1799 τοῦ
3284 1746 3459 1797 εἰπεῖν
3490 1741 3687 1806 οὕτως,

400 1846 509 1900 tur,
540 1841 636 1892 sed
672 1847 729 1891 ut
754 1841 1050 1909 quamdam
1085 1844 1174 1897 Dei
1206 1844 1641 1903 benevolentiam
1672 1866 1798 1916 erga
1831 1852 1978 1906 illum

2092 1848 2193 1916 τὴν
2228 1846 2364 1917 πρὸς
2382 1845 2475 1898 τὸν
2495 1846 2663 1897 τόπον
2695 1842 2953 1910 ἐνέφηνεν
2970 1838 3285 1906 οἰκειότητα
3308 1852 3322 1866 ·
3345 1836 3549 1888 ἐνοικεῖ
3578 1833 3688 1901 γὰρ

400 1930 579 1982 locum
613 1929 1045 1988 demonstraret.
1097 1934 1359 1993 Habitare
1387 1941 1555 1995 etiam
1586 1941 1793 1996 dicitur
1840 1943 1984 1999 Deus

401 2020 456 2074 in
488 2021 764 2088 ﬁdelibus,
817 2041 922 2080 non
951 2029 1096 2097 quod
1139 2030 1209 2085 ab
1253 2032 1360 2085 illis
1412 2034 1835 2103 complectatur,
1888 2035 1983 2092 sed

398 2114 566 2167 veluti
613 2115 999 2174 benevolentia
1038 2136 1102 2177 ac
1140 2122 1521 2179 familiaritate
1576 2126 1812 2196 quadam
1867 2128 1979 2184 illis

398 2205 755 2273 coniunctus.
791 2207 1127 2267 Eshortatur
1156 2214 1321 2285 igitur
1372 2215 1644 2286 Propheta
1676 2221 1739 2275 ad
1772 2234 1979 2275 canen-

398 2296 498 2350 das
532 2298 625 2353 Dei
662 2300 853 2357 laudes
904 2304 990 2358 vel
1022 2305 1308 2373 Hebraeos,
1346 2308 1434 2376 qui
1492 2318 1626 2363 tunc
1670 2320 1849 2377 erant,
1895 2314 1980 2367 vel

399 2386 586 2443 ﬁdeles
636 2391 729 2459 qui
774 2407 922 2447 nunc
975 2401 1106 2448 sunt
1158 2410 1222 2449 ex
1260 2398 1539 2464 gentibus,
1578 2415 1811 2469 quorum
1860 2410 1979 2455 erat

400 2478 620 2536 futurus
651 2482 812 2537 Deus.
866 2483 971 2548 Qui
1015 2485 1222 2539 habitat
1268 2489 1322 2540 in
1382 2487 1531 2550 Sion.
1591 2491 1693 2544 hoc
1737 2502 1843 2558 est,
1875 2491 1977 2559 Qui

2096 1939 2192 1992 καὶ
2212 1939 2325 1999 τοῖς
2351 1936 2585 1999 πιστοῖς,
2605 1932 2788 2004 οὒχὼς
2808 1931 3219 2004 περιεχόμενος,
3239 1928 3353 1981 ἀλλ’
3369 1927 3444 1989 ὡς
3470 1926 3689 1987 οἰκείως

2092 2030 2230 2101 πρὸς
2291 2028 2490 2091 αὐτοὺς
2546 2026 2897 2096 διακείμενος
2934 2040 2948 2053 ·
2984 2024 3151 2093 ἤγουν
3200 2021 3325 2083 τοὺς
3380 2016 3688 2089 τηνικαῦτα

2104 2122 2390 2193 Ἐϐραίους
2471 2119 2695 2190 ψάλλειν
2762 2116 3156 2189 προτρέπεται,
3211 2116 3244 2185 ἢ
3306 2116 3401 2167 καὶ
3460 2112 3583 2173 τοὺς
3628 2108 3691 2174 ἐξ

2092 2216 2303 2270 ἐθνῶνο
2360 2214 2526 2277 αὐτὸς
2562 2212 2671 2282 γὰρ
2726 2212 2881 2264 ἔσται
2926 2208 3136 2262 τούτων
3177 2208 3331 2268 Θεὸς,
3368 2208 3395 2259 6
3428 2208 3487 2258 ἐν
3545 2202 3686 2256 Σιὼν

2087 2306 2474 2378 χρηματίζων,
2529 2306 2623 2358 καὶ
2655 2306 2765 2366 τοῖς
2808 2301 2981 2366 ἀξίοις
3013 2300 3419 2370 διαλεγόμενος.
3482 2298 3553 2350 Ἢ
3591 2295 3687 2347 καὶ

2089 2401 2227 2452 Σιὼν
2280 2399 2381 2469 τὴν
2437 2397 2495 2461 ἐξ
2555 2398 2727 2449 ἐθνῶν
2813 2395 3141 2466 Ἐκκλησίαν
3208 2391 3544 2462 ὑποληπτέον
3619 2390 3689 2458 ἦν

2091 2494 2317 2563 ὕστερον
2350 2495 2689 2551 ὠκειώσατο.

400 2590 662 2644 responsa
693 2584 857 2646 atque
890 2578 1113 2631 oracula
1148 2579 1240 2633 dat
1275 2582 1331 2635 in
1371 2582 1528 2648 Sion,
1594 2584 1685 2638 ubi
1714 2585 1864 2639 viros
1898 2600 1958 2640 se
1993 2583 2190 2654 dignos
2215 2586 2539 2656 alloquitur.
2581 2584 2677 2640 Vel
2753 2582 2883 2638 Sion
2932 2581 3233 2638 Ecclesiam
3302 2579 3369 2633 de
3431 2576 3687 2649 gentibus

397 2678 781 2738 congregatum
818 2671 1085 2741 iutellige,
1119 2688 1281 2741 quam
1317 2683 1511 2744 postea
1558 2677 1826 2733 Dominus
1870 2680 2163 2735 habitavit.

481 2764 809 2819 Annuntiate
836 2765 975 2820 inter
1008 2778 1187 2837 gentes
1219 2770 1402 2823 studia
1435 2772 1570 2838 ejus.
1603 2770 1730 2826 Haec
1757 2774 1821 2826 ad
1851 2787 1984 2843 apo-

398 2857 571 2912 stolos
596 2857 739 2911 dicta
771 2871 921 2921 sunt,
955 2860 1049 2928 qui
1074 2860 1485 2917 circumeuntes
1534 2864 1824 2921 universas
1855 2882 1985 2936 geu-

398 2960 483 3005 tes
522 2950 852 3004 docuerunt.
890 2949 1047 3017 Quod
1106 2968 1236 3007 vero
1293 2953 1429 3007 LXX
1499 2955 1588 3009 hic
1642 2956 1821 3010 studia
1884 2975 1983 3013 seu

395 3041 653 3095 exercitia
684 3041 963 3103 dixerunt,
1009 3043 1372 3113 Symmachus
1426 3055 1567 3100 artes
1615 3048 1891 3116 exposuit,
1929 3056 1985 3103 et

393 3133 589 3203 Aquila
646 3137 1078 3189 immutationes.
1122 3135 1402 3191 Exercitia
1444 3139 1632 3207 igitur,
1694 3149 1746 3195 et
1798 3141 1983 3194 studia

2173 2777 2600 2845 Ἀναγγείλατε
2629 2775 2697 2828 ἐν
2738 2774 2863 2839 τοῖς
2886 2773 3093 2828 ἔθνεσι
3124 2769 3198 2824 τὰ
3240 2766 3688 2835 ἐπιτηδεύματα

2088 2868 2296 2923 αὑτοῦ.
2334 2866 2507 2920 Τοῦτο
2537 2866 2676 2937 πρὸς
2700 2867 2827 2929 τοὺς
2850 2862 3205 2926 ἀποστόλους,
3235 2862 3284 2914 οἳ
3303 2857 3683 2931 πορευθέντες,

2086 2961 2477 3032 ἐμαθήτευσαν
2520 2961 2698 3014 πάντα
2726 2959 2794 3012 τὰ
2828 2956 2979 3028 ἔθνη.
3023 2956 3174 3008 Ἀντὶ
3212 2954 3268 3008 δέ
3309 2952 3402 3006 τοῦ
3439 2954 3511 3006 τὰ
3554 2952 3685 3005 ἐπι-

2087 3052 2449 3120 τηδεύματα,
2499 3052 2527 3103 6
2564 3051 2660 3120 μὲν
2695 3050 2995 3120 Σύμμαχος
3045 3046 3327 3118 μηχανὰς
3364 3046 3616 3116 εἴρηκεν
3655 3043 3686 3094 ό

2083 3146 2140 3199 δέ
2185 3144 2437 3209 Ἀκύλας,
2481 3144 2846 3213 ἐναλλαγάς.
2886 3143 2974 3205 Ὠς
3023 3143 3122 3212 μὲν
3152 3140 3246 3193 οὖν
3287 3137 3537 3210 πράξεις,
3562 3137 3689 3187 ἐπι-

394 3227 873 3296 ejusaunuutiate,
905 3229 1009 3283 hoc
1030 3237 1115 3283 est
1138 3229 1316 3299 ipsius
1358 3241 1530 3299 gesta,
1552 3232 1635 3287 vel
1659 3232 1779 3301 ejus
1806 3242 1973 3298 artes,

2088 3237 2401 3306 τηδεύματα
2424 3253 2436 3267 ·
2466 3237 2615 3300 ὡςδὲ
2647 3236 2832 3306 σοφαὶ,
2853 3234 3091 3306 μηχαναί
3113 3249 3128 3265 ⁸
3161 3232 3237 3295 ὡς
3264 3231 3319 3284 δὲ
3342 3229 3458 3284 ἀντ’
3483 3228 3683 3291 ἄλλων,

396 3320 498 3373 hoc
523 3324 604 3374 em
633 3319 1010 3374 admirandam
1044 3322 1165 3390 ejus
1202 3322 1552 3391 sapientiam.
1578 3325 1663 3378 vel
1696 3323 1820 3393 ejus
1875 3327 1977 3378 im-

396 3412 733 3465 mutationes
769 3430 781 3467 :
813 3427 936 3481 quae
966 3414 1225 3467 nimirum
1256 3414 1490 3469 aliorum
1524 3416 1644 3469 loco
1689 3430 1974 3470 successe—

395 3512 543 3556 ruat.
572 3502 705 3557 Nam
747 3506 840 3574 qui
872 3504 939 3560 de
968 3506 1125 3576 longe
1157 3514 1335 3573 erant,
1363 3506 1493 3562 facti
1526 3517 1652 3562 sunt
1677 3522 1842 3578 prope
1876 3525 1889 3561 :
1924 3515 1979 3562 et

394 3598 485 3664 qui
519 3601 571 3651 in
609 3597 852 3653 tenebris
881 3598 1113 3661 erroris,
1153 3609 1423 3653 venerunt
1458 3599 1522 3653 ad
1562 3599 1747 3654 lumen
1781 3600 1982 3653 verita-

394 3691 611 3760 tis:qui
633 3693 687 3745 in
703 3691 986 3748 oblivione
1004 3701 1183 3757 erant,
1217 3692 1385 3746 habiti
1418 3702 1544 3747 sunt
1576 3696 1627 3745 in
1659 3694 1924 3747 memoria
1962 3714 1974 3747 :

393 3798 447 3841 «ιι
487 3788 579 3859 qui
650 3794 814 3842 antea
876 3787 1077 3858 abjecﬁ
1134 3789 1377 3856 fuerant,
1445 3794 1665 3849 tandem
1729 3796 2001 3867 assumpti
2046 3806 2178 3853 sunt
2251 3817 2262 3851 :

394 3891 498 3936 est.

474 3978 640 4033 Vens.
673 3980 759 4035 15.
787 3979 1055 4047 Quoniam
1081 3982 1169 4050 qui
1188 3982 1417 4051 exquirit
1436 3983 1771 4053 sanguinem,
1799 3998 1980 4037 eorum

394 4074 709 4127 recordatus
742 4084 841 4129 est.
874 4074 998 4129 llaec
1025 4075 1167 4129 Deus
1215 4074 1287 4129 ita
1322 4076 1652 4145 dispensans
1681 4074 1980 4136 ordinavit,

398 4176 683 4236 postquam
720 4183 913 4222 eorum
943 4167 1215 4222 meminit.
1258 4166 1431 4221 Antea
1458 4168 1605 4223 enim
1639 4181 1749 4221 non
1784 4166 1979 4221 memi-

396 4268 546 4313 nerat
578 4260 649 4314 ob
678 4274 870 4314 eorum
926 4260 1336 4314 inﬁdelitatem.
1378 4258 1627 4314 Meminit
1653 4268 1832 4312 autem
1870 4272 1977 4310 non

397 4358 579 4406 terens
613 4353 851 4422 amplius
887 4367 1079 4407 eorum
1115 4352 1441 4421 sanguinem
1485 4350 1693 4406 elfundi
1718 4351 1771 4405 in
1796 4351 1973 4406 sacri—

396 4446 512 4499 tieiu
567 4444 981 4517 [sacriﬁcabant
1013 4443 1218 4513 quippe
1246 4442 1507 4512 proprios
1544 4442 1707 4505 ﬁlios,
1746 4452 1800 4497 et
1836 4443 1975 4500 ﬁlias

392 4537 701 4609 daemoniis]
726 4556 740 4591 :
775 4537 1023 4605 quinimo
1051 4539 1118 4590 de
1142 4534 1537 4591 eﬂ‘undentium
1570 4537 1823 4591 manibus
1848 4552 1973 4591 san-

391 4628 609 4694 guinem
641 4629 791 4681 illum
825 4628 1147 4695 exquisivit,
1191 4643 1354 4699 quem
1386 4628 1487 4698 ipsi
1516 4643 1627 4683 non
1676 4628 1970 4698 imposue—

2087 3333 2379 3401 ὲναλλαγαί
2402 3350 2414 3362 ο
2448 3333 2557 3387 οἵτε
2593 3334 2701 3403 γὰρ
2735 3331 2946 3404 πὸρῤω,
3005 3329 3301 3398 γεγόνασιν
3353 3325 3555 3394 ἐγγύς-
3590 3321 3687 3374 καὶ

2086 3425 2136 3476 οἱ
2169 3426 2224 3477 ἐν
2253 3424 2329 3495 τῷ
2365 3424 2549 3478 σκότει
2594 3424 2694 3492 τῆς
2733 3423 2965 3492 πλάνης,
3024 3422 3082 3473 ἐν
3106 3419 3186 3489 τῷ
3235 3418 3377 3487 φωτὶ
3413 3416 3511 3485 τῆς
3552 3413 3689 3482 ἀλη-

2090 3514 2268 3578 θείας*
2301 3516 2394 3568 καὶ
2424 3516 2473 3567 οἱ
2505 3516 2561 3569 ἐν
2587 3514 2748 3586 λήθῃ,
2777 3515 2832 3565 ἐν
2870 3513 3089 3581 μνήμῃ·
3124 3508 3218 3563 καὶ
3246 3508 3295 3561 οἱ
3331 3502 3688 3577 ἀπερριμμέ-

2089 3623 2193 3673 νοι,
2241 3606 2739 3677 προσειλημμένον
2782 3605 2878 3658 καὶ
2906 3607 2933 3658 6
2986 3603 3141 3669 Θεὸς,
3178 3600 3498 3671 ἄνθρωπος·
3531 3598 3627 3650 καὶ
3655 3596 3685 3648 6

2092 3702 2405 3771 ἄνθρωπος,
2442 3701 2596 3764 Θεός.

2333 3795 2589 3865 Deusque
2650 3797 2851 3858 homo,
2919 3803 2973 3847 et
3040 3794 3203 3847 homo
3268 3790 3411 3845 Deus
3503 3786 3681 3840 factus

2160 3982 2291 4034 Ὅτι
2330 3982 2363 4034 ό
2419 3976 2682 4045 ἐκζητῶν
2730 3978 2801 4032 τὰ
2846 3979 3085 4047 αἵματα,
3140 3972 3342 4028 αὐτῶν
3379 3969 3677 4040 ἐμνήσθη.

2084 4071 2271 4125 Ταῦτα
2305 4070 2362 4123 δὲ
2402 4069 2780 4140 ᾠκονόμησεν.
2818 4067 3006 4138 ἐπειδὴ
3038 4064 3289 4137 ἐμνήσθη
3319 4060 3521 4125 αὐτῶν,
3556 4061 3680 4112 ἐπι-

2081 4166 2433 4237 λελησμένων
2464 4166 2593 4236 πρὶν
2642 4163 2729 4217 διὰ
2761 4166 2859 4235 τὴν
2902 4163 3184 4226 ἀπιστίαν,
3235 4161 3264 4213 6
3300 4159 3375 4230 μὴ
3414 4155 3676 4227 παρορῶν

2081 4259 2149 4311 τὰ
2166 4261 2244 4322 εἰς
2275 4257 2469 4311 θυσίαν
2499 4256 2800 4326 ἐκχεόμενα
2822 4256 3051 4327 αἵματα,
3078 4253 3259 4326 ζητῶν
3282 4253 3455 4307 ταῦτα
3477 4252 3541 4304 ἐκ
3566 4250 3678 4303 τῶν

2087 4350 2288 4421 χειρῶν
2314 4350 2425 4401 τῶν
2458 4349 2782 4420 ἐκχεόντων,
2836 4350 2872 4404 ὃ.
2903 4350 3003 4403 οὐκ
3031 4348 3311 4402 ἐνέϐαλον.
3341 4346 3546 4416 Αἴματι
3580 4344 3678 4396 καὶ

2085 4442 2184 4514 τὴν
2235 4442 2516 4513 ἐκδίκησιν
2554 4443 2798 4496 διδάσκει
2853 4442 2961 4495 τῶν
2993 4440 3419 4511 ἁλληλοφονιῶν,
3459 4437 3523 4500 ἃς
3571 4434 3677 4488 ὑπὸ

2083 4539 2193 4592 τῶν
2247 4539 2519 4609 δαιμόνων
2568 4540 2913 4611 κελευόμενοι
2967 4539 3378 4609 διεπράττοντο,
3418 4535 3493 4596 ὡς
3524 4528 3673 4585 εἶναι

2083 4632 2262 4701 δῆλον,
2297 4634 2379 4686 ὅτι
2409 4637 2517 4696 πᾶς
2564 4634 2758 4702 φονεὺς
2800 4634 2956 4698 δίκας
3012 4629 3501 4703 είσπραχθήσεται.
3534 4626 3676 4695 Φησὶ

392 4727 535 4773 rant.
586 4716 683 4772 Vel
740 4719 1006 4774 ultionem
1080 4719 1290 4774 indicat
1342 4727 1656 4774 mutuarum
1723 4721 1973 4787 caedium,

2088 4722 2193 4794 γὰρ
2238 4724 2297 4776 ἐν
2322 4727 2389 4795 τῇ
2422 4724 2591 4795 βίϐλῳ
2620 4725 2721 4795 τῆς
2749 4725 3023 4787 Γενέσεως
3043 4738 3057 4754 ⁸
3100 4723 3171 4779 Τὸ
3201 4716 3347 4792 αἷμα
3371 4719 3541 4790 ὑμῶν
3572 4718 3674 4772 ἐκ·

392 4826 530 4874 quas
566 4812 724 4881 jussu
783 4813 1091 4867 daemonum
1147 4812 1441 4877 faciebant,
1508 4821 1569 4867 ut
1612 4813 1967 4868 manifestum

2084 4811 2338 4885 ζητήσω.

391 4908 503 4970 fiat,
550 4910 693 4978 quod
726 4912 906 4965 omnis
946 4910 1219 4965 homicida
1249 4910 1364 4966 luet
1400 4924 1633 4981 ptenas;
1690 4919 1749 4964 ut
1792 4910 1957 4965 etiam
2000 4910 2054 4965 in
2074 4910 2273 4967 Genesi
2299 4912 2571 4983 legimus:
2624 4912 2950 4984 Sanguinem
2970 4912 3105 4966 enim
3164 4920 3421 4975 vestrum,
3475 4909 3672 4980 inquit:

388 5007 664 5076 exquiram
700 5005 767 5061 “.

467 5100 593 5156 Non
626 5110 705 5155 est
759 5102 951 5157 oblitus
1002 5103 1290 5159 clamorem
1344 5123 1656 5175 pauperum.
1717 5105 1967 5160 Humana

395 5193 598 5247 etenim
638 5203 835 5249 natura
867 5197 967 5249 sub
996 5196 1357 5253 invisibilium
1413 5200 1720 5254 daemonum
1775 5209 1967 5268 tyran-

392 5282 520 5337 nide
554 5284 796 5349 detenta,
847 5286 1089 5341 clamare
1124 5289 1531 5358 quodammodo
1581 5290 1873 5345 videbatur
1902 5289 1966 5343 ad

389 5373 728 5443 Creatorem,
757 5380 825 5433 ob
848 5394 1070 5436 causam
1093 5389 1255 5438 tantae
1278 5382 1605 5438 calamitatis
1630 5392 1683 5436 et
1714 5382 1969 5437 miseriae.

390 5463 489 5520 Vel
522 5466 652 5522 illud
708 5469 960 5527 fortassis
1015 5474 1331 5539 signiﬁcant
1404 5475 1521 5529 haec
1576 5474 1766 5537 verba,
1820 5475 1965 5543 quod

388 5558 670 5625 prophetae
707 5561 860 5627 olim,
893 5564 1093 5619 divina)
1127 5566 1528 5622 lucarnationis
1559 5565 1963 5636 prospicientes

390 5650 737 5718 lnysh'rium.
772 5655 1103 5720 clamabant,
1138 5659 1535 5714 incarnatnlutu
1566 5656 1735 5715 Deum
1778 5659 1830 5713 in
1860 5659 1960 5713 ltu-

444 5829 487 5861 “
517 5826 653 5883 Gen.
678 5845 753 5897 rx,
788 5831 838 5885 6.

2155 5103 2274 5155 Οὐκ
2302 5100 2631 5157 ἐπελάθετο
2664 5099 2775 5169 τῆς
2797 5100 3068 5170 κραυγῆς
3091 5099 3211 5154 τῶν
3230 5099 3528 5168 πενήτων.
3559 5100 3672 5152 Τυ-

2081 5198 2415 5269 ραννουμένη
2452 5197 2561 5267 γὰρ
2616 5198 2649 5267 ἡ
2693 5195 2857 5264 φύσις
2886 5194 2995 5248 τῶν
3046 5194 3354 5265 ἀνθρώπων
3394 5193 3501 5247 ὑπὸ
3558 5194 3669 5247 τῶν

2078 5294 2326 5363 ἀοράτων
2383 5290 2616 5361 ἐχθρῶν,
2667 5289 2844 5343 ἐδόκει
2902 5289 3032 5360 βοᾷν
3082 5288 3220 5359 πρὸς
3269 5286 3359 5340 τὸν
3394 5278 3668 5355 πλάστην.

2077 5385 2381 5454 γενομένης
2407 5382 2544 5451 αὐτῇ
2575 5380 2825 5452 κραυγῆς
2853 5381 2951 5451 τῆς
2972 5378 3245 5450 τοσαύτης
3260 5377 3661 5448 ταλαιπωρίας.

2080 5474 2147 5528 Ἤ
2183 5472 2451 5528 καὶτοῦτο
2476 5472 2727 5544 βούλεται
2754 5472 2935 5540 λέγειν
2960 5489 2975 5503 ο
3017 5471 3094 5536 ὡς
3121 5474 3172 5525 oi
3195 5472 3471 5543 προφῆται
3498 5469 3663 5525 πάλιν

2076 5568 2137 5622 τὺ
2169 5568 2268 5639 τῆς
2309 5566 2458 5631 θείας
2489 5565 2957 5636 ὲνανθρωπήσεως
2983 5564 3306 5637 κατᾴδοντες
3334 5564 3661 5634 μυστήριον,

2073 5659 2333 5733 ἔκραζον,
2365 5658 2659 5721 καλοῦντες
2679 5658 2770 5712 τὸν
2797 5657 3293 5732 σαρκωθησόμενον
3322 5658 3402 5721 είς
3433 5654 3667 5727 ἀντίλη-
