4082 6212
423 263 523 333 151
1667 278 2056 338 EUTHYMII
2087 279 2421 343 ZlGABEN
2430 284 2455 341 Ι
3600 283 3703 349 152

417 393 498 442 est
531 400 620 455 pes
652 402 856 443 eorum.
886 385 1003 442 Alia
1030 388 1392 445 similitudine
1416 389 1664 446 eamdem
1696 404 1892 445 rursus
1921 405 2007 445 re-

2123 390 2265 456 τοὺς
2284 390 2502 447 αὐτῶν.
2536 392 2609 446 Τὸ
2641 392 2773 448 αὐτὸ
2804 395 2965 450 πάλιν
2988 389 3132 463 εἷπε,
3167 397 3233 451 δι’
3266 399 3462 470 ἑτέρας
3486 404 3699 466 εἰκόνος

419 479 558 548 petit
601 479 950 544 sententiam,
976 480 1271 549 quamdam
1308 481 1716 553 quodammodo
1747 496 1999 551 pompam

2123 482 2489 553 ἑμπομπεύων
2514 488 2577 555 τῇ
2614 490 2969 558 καταστροφῇ
2999 488 3106 541 τῶν
3135 489 3369 561 ἐχθρῶν.
3404 493 3615 559 Ηαγίδα
3640 496 3699 547 δὲ

419 584 590 640 agens
622 579 719 625 aut
744 572 1086 641 triumphum
1112 574 1177 627 de
1221 573 1573 629 inimicorum
1598 573 2000 629 destructione.

2123 576 2260 643 λέγει
2292 576 2394 647 τὴν
2429 577 2682 648 μελέτην,
2727 579 2825 650 τὴν
2870 580 3202 652 ἐπιδουλήνθ
3244 583 3396 636 πᾶσα
3424 584 3534 652 γὰρ
3590 601 3699 637 πα-

420 658 526 715 Per
565 662 821 731 laqueum
870 677 1000 717 vero
1032 663 1357 719 insidiarum
1390 664 1759 735 cogitationes
1793 664 2001 718 intelli-

2123 670 2222 736 τὶς,
2258 670 2315 721 ἐν
2346 672 2554 742 κρυφῇ,
2588 670 2844 744 καθάπερ
2897 674 2992 726 καὶ
3020 673 3159 744 αὕτη
3186 690 3200 704 ο
3259 675 3537 747 λαθραίως
3588 677 3700 746 γὰρ

424 755 521 823 git.
554 755 615 809 In
666 755 888 811 occulto
910 759 1113 812 etenim
1150 756 1272 812 loco
1327 756 1478 811 tendi
1534 756 1715 812 solent
1764 757 2001 823 insidiae,

2123 761 2585 827 ἐπιϐουλεύοντες,
2619 766 2700 827 είς
2731 765 2847 834 φῶς
2875 766 3074 834 ἐξῆγον
3098 767 3192 820 τὸν
3227 768 3411 836 φόνον.

414 850 887 920 quemadmodum
947 862 997 909 et
1027 855 1210 925 laquei
1266 857 1543 911 :tametsi
1619 856 1761 910 clam
1847 863 2126 911 struentes
2168 859 2424 928 insidias,
2475 869 2710 916 mortem
2769 863 3119 932 postmodum
3178 864 3231 917 in
3312 864 3491 919 lucem
3564 865 3699 921 edu-

423 953 574 1000 cant.

508 1035 678 1093 Vens.
735 1036 824 1090 ΓΙ.
882 1036 1241 1105 Cognoscetur
1310 1038 1565 1094 Dominus
1622 1039 1839 1109 judicia
1906 1042 1997 1111 fa-

426 1130 589 1183 ciens.
625 1127 846 1184 Judicia
883 1128 988 1183 hoc
1036 1128 1093 1182 in
1143 1130 1261 1184 loco
1300 1130 1537 1186 ultiones
1590 1134 1848 1202 appellat.
1902 1130 2008 1187 Re-

424 1222 619 1276 tribuit
648 1222 797 1278 enim
826 1221 1093 1278 Dominus
1116 1224 1391 1295 condigna
1429 1225 1725 1295 unicuique
1759 1239 1858 1295 pro
1894 1240 2008 1280 me-

422 1316 569 1373 ritis.

496 1408 564 1464 In
602 1413 849 1480 operibus
901 1431 1159 1469 manuum
1213 1428 1437 1468 suarum
1482 1412 1884 1481 comprehensus
1925 1422 2002 1466 est

2190 1412 2297 1464 Ἕν
2324 1409 2449 1477 τοῖς
2475 1410 2671 1479 ἔργοις
2691 1407 2812 1462 τῶν
2850 1406 3070 1477 χειρῶν
3097 1407 3307 1475 αὐτοῦ,
3339 1407 3700 1477 συνελήφθη

424 1513 691 1571 peccator.
731 1502 849 1561 Hoc
873 1507 1040 1561 etiam
1077 1506 1463 1577 superioribus
1488 1514 1574 1561 est
1601 1505 1805 1560 simile.
1836 1504 2005 1558 Poni-

2123 1504 2142 1557 5
2172 1501 2544 1571 ἁμαρτωλός.
2576 1500 2686 1554 Καὶ
2710 1500 2869 1554 τοῦτο
2896 1504 3013 1565 τοῖς
3048 1502 3422 1572 προλαϐοῦσιν
3469 1504 3661 1573 ὅμοιον
3682 1518 3699 1534 σ

424 1603 515 1648 tur
539 1596 683 1650 enim
709 1612 875 1653 causa
902 1613 1076 1668 quare
1099 1607 1467 1670 cognoscatur
1501 1598 1770 1656 Dominus
1796 1599 2009 1670 judicia

2123 1594 2350 1648 τέθειται
2376 1593 2485 1665 γὰρ
2507 1593 2656 1648 αἰτία
2680 1593 2774 1648 τοῦ
2802 1593 3175 1663 γινώσκεσθαι
3206 1595 3455 1668 κρίματα
3483 1596 3707 1650 ποιοῦν-

424 1685 606 1742 l’acere
645 1706 659 1741 :
694 1688 823 1759 quia
857 1690 1067 1747 scilicet
1114 1706 1179 1747 ex
1245 1690 1349 1747 hoc
1415 1692 1761 1762 potissimum
1828 1695 2009 1761 iustus

2123 1704 2181 1741 ια
2210 1686 2302 1741 τὸν
2332 1685 2541 1758 Κύριον
2562 1702 2575 1717 ·
2611 1686 2710 1756 οὐχ
2738 1686 2943 1757 ἥκιστα
2986 1688 3042 1741 δέ
3071 1687 3182 1741 ἀπὸ
3213 1687 3425 1743 τούτων
3447 1687 3704 1757 φαίνεται

425 1780 599 1835 videri
634 1754 832 1849 potest,
871 1784 1001 1839 dum
1060 1785 1216 1853 facit,
1251 1793 1311 1842 ut
1347 1754 1442 1857 qui
1487 1787 1612 1844 aliis
1646 1786 1879 1841 insidias
1911 1801 2011 1856 pa-

2123 1778 2321 1843 Βίκαιος
2358 1754 2573 1851 κριτὴς,
2602 1754 3136 1851 οἷς-παρασκευάζει
3158 1781 3287 1845 τοὺς
3314 1754 3704 1853 ἐνεδρεύοντας

423 1882 573 1939 rant,
608 1874 709 1945 ipsi
745 1877 985 1934 maxime
1009 1878 1064 1933 in
1095 1893 1191 1934 eas
1222 1879 1514 1935 incidant:
1548 1889 1602 1935 et
1627 1878 1773 1949 quod
1807 1878 1917 1933 doli
1952 1878 2008 1933 in

2123 1872 2320 1939 ἀλλοις,
2344 1876 2410 1943 τῇ
2444 1873 2594 1942 σφῶν
2619 1873 2811 1945 ἐνέδρᾳ.
2846 1873 3221 1945 περιπίπτειν,
3251 1874 3704 1955 ἐκ-περιτροπῆς.

425 1981 556 2022 suos
613 1968 963 2037 potissimum
1020 1978 1277 2028 auctores
1329 1979 1747 2028 convertantur.
1807 1969 2011 2026 Pecca-

2123 1964 2222 2019 Τὸν
2253 1964 2310 2017 δὲ
2347 1962 2673 2033 ἁμαρτωλὸν
2701 1962 2954 2029 ἐλκύσεις
2979 1965 3074 2018 ἐπὶ
3113 1964 3243 2030 τοὺς
3266 1968 3419 2036 τρεῖς
3464 1966 3708 2037 τρόπους

422 2067 599 2113 torem
633 2060 798 2113 etiam
859 2060 949 2117 hic
989 2060 1257 2132 intellige,
1306 2079 1419 2119 uno
1478 2079 1544 2118 ex
1594 2063 1774 2118 tribus
1832 2060 2011 2117 modis

2123 2056 2219 2127 τῆς
2238 2056 2598 2126 ἀποδοθείσης
2617 2054 2934 2127 ἐξηγήσεως
2950 2056 3061 2111 τῶν
3091 2055 3264 2113 ἐθνῶν
3282 2074 3296 2090 ⁸
3327 2056 3362 2129 ἢ
3390 2056 3485 2113 καὶ
3513 2057 3705 2123 ἁπλῶς

2182 1038 2556 1094 Γινώσκεται
2596 1042 2814 1110 Κύριος
2851 1041 3107 1111 κρίματα
3166 1043 3378 1097 ποιῶν.
3434 1045 3697 1115 Κρίματα

2111 1133 2268 1186 καλεῖ
2291 1133 2390 1197 τέις
2427 1135 2743 1207 ἐκδικήσεις
2769 1150 2785 1168 ⁸
2831 1135 3127 1189 ἀποδίδωσι
3151 1136 3263 1207 γὰρ
3295 1135 3517 1207 ἐκάστῳ
3559 1140 3701 1209 πρὸς

2111 1226 2294 1292 ἀξίαν.

416 2149 531 2218 jam
602 2150 903 2220 praedictis,
976 2167 1105 2208 cum
1193 2168 1383 2210 vocem
1442 2163 1621 2225 gentes
1678 2154 2012 2224 interpreta-

430 2255 638 2307 remur,
676 2242 761 2298 vel
793 2243 1127 2314 generaliter
1175 2246 1366 2316 accipe
1413 2260 1513 2316 pro
1542 2259 1881 2316 quocunque
1910 2242 2011 2298 do-

422 2330 566 2388 Ioso.

493 2424 831 2492 Diapsalma.
858 2424 934 2482 De
972 2426 1076 2484 hoc
1104 2427 1311 2484 dictum
1336 2436 1442 2485 est.

494 2511 669 2568 Vens.
730 2514 817 2570 18.
844 2515 1235 2575 Convertuntur
1264 2528 1565 2587 peccatores
1612 2522 1665 2576 in
1723 2523 2009 2593 infernum.

428 2602 532 2658 Per
563 2611 885 2672 peccatores
914 2605 1019 2662 hoc
1053 2607 1107 2661 in
1154 2608 1274 2664 loco
1341 2609 1590 2667 intideles
1654 2612 1928 2685 intelligit,
1958 2624 2014 2671 et

425 2709 522 2764 per
580 2695 857 2751 infernum
919 2699 1210 2770 supplicia.
1296 2700 1702 2759 Convertantur
1745 2705 1932 2775 itaque
1982 2721 2013 2761 a

428 2791 682 2857 praesenti
712 2791 970 2847 nimirum
999 2793 1134 2859 vita,
1172 2804 1226 2850 et
1260 2797 1391 2852 illuc
1451 2798 1555 2854 sub
1610 2806 1814 2853 terram
1866 2799 2015 2856 defe-

426 2893 637 2948 rantur,
661 2885 751 2940 ubi
782 2886 1043 2941 dicuntur
1073 2903 1195 2943 esse
1223 2905 1506 2959 poenarum
1531 2891 1672 2947 loca.
1705 2890 1796 2948 Vel
1827 2893 2011 2960 aliter,

426 2970 460 3025 ii
498 2974 589 3042 qui
627 2974 693 3029 de
734 2982 879 3029 terra
927 2977 1041 3031 nati
1084 2986 1216 3034 sunt
1252 2979 1305 3033 in
1339 2979 1527 3035 eadem
1586 2991 1897 3047 versentur,
1931 2984 2015 3038 ni-

428 3063 503 3116 hil
538 3064 686 3118 aliud
711 3066 954 3124 valentes
990 3070 1235 3139 cogitare
1267 3087 1430 3140 quam
1458 3080 1700 3130 terrena.
1741 3074 1807 3127 Et
1838 3091 2006 3145 quos-

426 3170 549 3208 nam
605 3156 869 3228 intelligat
905 3174 1003 3228 per
1029 3170 1370 3231 peccatores,
1399 3179 1462 3218 ex
1487 3163 1573 3219 his
1597 3175 1725 3235 quae
1766 3181 2015 3237 sequun-

426 3247 771 3304 turdeclarat
799 3251 989 3307 dicens
1020 3271 1033 3308 :

498 3336 691 3395 Omnes
722 3353 897 3413 gentes
932 3361 1050 3413 qua:
1108 3348 1498 3403 obliviscuntur
1557 3349 1745 3404 Deum.
1810 3350 2011 3407 Oblivi-

428 3440 684 3494 scuntur,
720 3435 1038 3491 voluntaria
1075 3439 1285 3493 scilicet
1315 3442 1612 3497 oblivione.

499 3522 782 3581 VsnsJQ.
817 3527 1087 3595 Quoniam
1120 3549 1222 3587 non
1280 3535 1335 3586 in
1394 3536 1552 3603 ﬁnem
1610 3538 1859 3592 oblivioni
1917 3541 2016 3594 erit

425 3634 645 3686 pauper.
682 3618 824 3686 Haac,
861 3622 1060 3692 inquit,
1097 3625 1409 3694 hujusmodi
1437 3630 1695 3698 gentibus
1722 3633 2013 3688 evenient:

425 3707 555 3772 quia
590 3707 766 3763 ﬁdelis
811 3712 892 3763 vir
948 3712 1001 3767 in
1058 3715 1390 3772 oblivionem
1441 3719 1665 3774 omnino
1722 3736 1829 3775 non
1888 3723 2015 3779 erit.

428 3797 727 3868 Pauperem
752 3817 881 3857 vero
908 3818 1030 3858 eum
1054 3805 1210 3870 dicit,
1241 3809 1333 3877 qui
1365 3811 1764 3880 temporalibus
1795 3814 2015 3884 quidem

430 3891 636 3948 divitiis
658 3903 745 3949 est
777 3909 1005 3965 pauper,
1041 3897 1137 3953 sed
1199 3900 1460 3955 virtutum
1496 3903 1696 3972 Opibus
1731 3904 1803 3959 sit
1841 3905 2014 3960 dives.

428 3983 526 4040 Vel
560 4002 857 4058 pauperem
889 3989 1023 4045 dicit
1058 3993 1319 4063 poyulum
1394 4011 1457 4049 ex
1528 3997 1804 4065 gentibus,
1850 3998 2019 4053 veluti

428 4078 521 4147 qui
562 4080 760 4135 anima:
800 4081 1122 4152 dignitatem
1155 4086 1437 4150 amiserat,
1465 4087 1797 4159 pietatisque
1837 4089 2017 4143 virtu-

429 4181 542 4224 tum
575 4174 787 4241 peculio
820 4175 978 4247 inops
1001 4188 1139 4233 erat.

504 4262 852 4332 Exspectatio
887 4284 1182 4338 pauperum
1225 4287 1325 4324 non
1356 4272 1546 4337 peribit
1573 4272 1625 4324 in
1670 4273 1849 4341 ﬁnem.
1876 4274 2016 4329 Pau-

427 4373 588 4425 peres
625 4357 715 4413 hic
744 4361 979 4429 gentiles
1012 4361 1166 4423 dicit,
1197 4378 1432 4432 quorum
1482 4367 1818 4434 exspectatio
1847 4383 2019 4439 usque

2121 2148 2447 2221 ἁμαρτωλὸν
2481 2148 2631 2219 λέγει
2655 2149 2835 2207 πάντα
2864 2149 2953 2217 ᾷὸλ
2962 2166 3060 2203 ιον.
3720 2223 3731 2235 ⁹

3721 2321 3734 2354 ι

2191 2416 2535 2484 Arsidaeum.
2572 2416 2710 2487 Περὶ
2737 2417 2932 2471 τούτου
2966 2417 3209 2489 εἴρηται.

2207 2509 2807 2578 Ἀποστραςρήτωσαν
2828 2512 2882 2565 οἱ
2912 2509 3251 2581 ἁμαρτωλοί
3272 2512 3361 2577 είς
3391 2510 3501 2566 τὸν
3525 2511 3708 2581 ᾅδην.

2133 2603 2529 2672 Ἀμαρτωλοὺς
2600 2602 2839 2656 ἐνταῦθα
2901 2603 3031 2667 τοὺς
3071 2603 3342 2666 ἀπίστους
3401 2603 3705 2673 ὀνομάζειο

2122 2694 2258 2765 ᾅδην
2286 2693 2366 2760 δέ,
2385 2695 2486 2763 τὴν
2514 2694 2760 2749 κόλασιν.
2796 2694 3396 2763 Ἀποστραφήτωσαν
3452 2695 3531 2760 δὲ,
3583 2694 3709 2748 ἀντὶ

2122 2787 2241 2853 τοῦ,
2297 2788 2406 2840 ἀπὸ
2451 2787 2553 2856 τῆς
2590 2786 2879 2857 παρούσης
2904 2786 3055 2859 ζωῆς
3084 2786 3525 2860 καταχθήτωσαν
3562 2803 3575 2815 “
3600 2787 3709 2841 ὑπὸ

2122 2880 2225 2950 γῆν
2258 2878 2368 2949 γὰρ
2400 2878 2656 2947 λέγονται
2685 2877 2754 2932 τὰ
2808 2878 3147 2950 κολαστήρια
3193 2873 3354 2933 εῖναι.
3385 2880 3457 2932 Ἢ
3505 2877 3599 2933 καὶ
3653 2878 3707 2931 οἱ

2123 2974 2189 3026 ἐκ
2216 2973 2322 3041 γῆς
2353 2970 2664 3040 γεγονότες,
2695 2970 2777 3033 είς
2824 2970 2999 3041 αὐτὴν
3045 2972 3470 3044 στραφήτωσαν,
3534 2972 3706 3043 μηδὲν

2125 3062 2266 3134 ὑπὲρ
2318 3061 2388 3116 τὰ
2445 3063 2608 3131 γήϊνα
2658 3061 2854 3131 νοῆσαι
2902 3061 3215 3132 δυνάμενοι.
3290 3063 3447 3128 ι’ίνας
3503 3063 3559 3118 δέ
3616 3062 3710 3116 λέο

2119 3172 2207 3224 γει
2257 3150 2645 3224 ἁμαρτωλοὺς,
2698 3150 2788 3206 διὰ
2843 3152 2956 3206 τῶν
3022 3150 3154 3224 ἐξῆς
3214 3153 3515 3226 ἐδήλωσεν,
3570 3154 3707 3207 ἐπε-

2121 3248 2332 3318 νεγκών
2354 3265 2369 3280 ο

2193 3342 2395 3398 Πάντα
2425 3342 2497 3396 τὰ
2527 3345 2671 3409 ἔθνη
2709 3341 2780 3395 τὰ
2817 3340 3343 3410 ἐπιλανθανόμενα
3390 3338 3497 3395 τοῦ
3528 3337 3703 3395 Θεοῦ.

2123 3437 2201 3488 Δι’
2230 3435 2478 3489 ἑκούσιον
2508 3434 2757 3501 ἄγνοιαν.

2195 3531 2317 3581 ’Ότι
2360 3530 2472 3581 οὐκ
2516 3529 2604 3591 εἰς
2639 3526 2813 3590 τέλος
2850 3522 3333 3592 ἐπιλησθήσεται
3363 3526 3398 3579 ὁ
3435 3524 3700 3592 πτωχός.

2124 3622 2297 3677 Τοῦτο
2319 3622 2397 3687 δὲ,
2442 3620 2596 3690 φησὶ,
2628 3618 3004 3672 πείσονταιτά
3049 3617 3278 3673 τοιαῦτα
3310 3617 3460 3689 ἔθνη,
3499 3619 3579 3672 ὅτι
3640 3618 3705 3671 οὗ

2126 3715 2291 3786 μέχρι
2326 3713 2524 3776 παντὸς
2551 3711 2977 3782 ἐπιλησθὴσεται
3025 3712 3053 3765 ὁ
3104 3710 3317 3774 πιστός.
3387 3710 3445 3764 Ὀ
3490 3711 3711 3781 πτωχὸς

2127 3808 2245 3877 μὲν,
2279 3806 2370 3858 τὸν
2397 3804 2506 3859 ἀπὸ
2546 3803 2849 3875 χρημάτων
2869 3802 3104 3857 πλοῦτον
3129 3818 3143 3833 °
3180 3802 3435 3867 πλούσιος
3487 3802 3565 3867 δὲ,
3612 3802 3710 3856 τὸν

2122 3902 2180 3968 ἐξ
2211 3900 2443 3968 ἀρετῶν.
2481 3899 2552 3951 Ἦ
2584 3898 2679 3950 καὶ
2707 3896 2922 3967 πτωχὸν
2966 3896 3114 3964 λέγει
3148 3895 3239 3950 τὸν
3271 3895 3330 3962 ἐξ
3362 3896 3533 3950 ὲθνῶν
3550 3895 3705 3962 λαὸν,

2123 3995 2197 4056 ὼς
2234 3990 2623 4047 ἀπολωλεκότα
2658 3989 2722 4043 τὸ
2753 3990 2851 4060 τῆς
2898 3988 3081 4060 ψυχῆς
3116 3988 3354 4059 ἀξίωμα,
3413 3989 3507 4042 καὶ
3561 4005 3709 4041 πτω-

2123 4085 2397 4156 χεύσαντα
2478 4084 2576 4152 τὴν
2666 4080 2987 4152 περιουσίαν
3055 4083 3155 4152 τῆς
3240 4078 3529 4144 εὐσεϐείας
3607 4081 3707 4133 καὶ

2124 4179 2349 4249 ἀρετῆς.

2203 4273 2275 4326 Ἦ
2310 4268 2588 4339 ὑπομονὴ
2653 4267 2773 4322 τῶν
2804 4269 3081 4335 πενήτων
3113 4269 3224 4321 οὐκ
3259 4266 3573 4322 ἀπολεῖται
3619 4270 3710 4334 είς

2122 4365 2319 4429 τέλος.
2350 4364 2599 4433 Πένητας
2625 4358 2879 4413 ἐντεῦθεν
2906 4360 3033 4424 τοὺς
3064 4359 3124 4424 ἐξ
3152 4359 3325 4414 ἐθνῶν
3372 4376 3563 4431 φησιν,
3631 4352 3711 4414 ὧν

429 4449 484 4500 in
564 4447 722 4502 linem
814 4451 995 4505 inanis
1100 4465 1208 4503 non
1291 4453 1826 4525 ρνίι.1ἰιερεειδιίο
1883 4436 2012 4515 vero

2123 4459 2155 4528 ἡ
2193 4454 2499 4527 προσδοκία
2528 4453 2589 4506 οὐ
2628 4453 2808 4524 μάτην
2832 4450 2986 4505 ἔσται
3012 4452 3178 4522 μέχρι
3233 4436 3441 4515 τέλους.
3476 4450 3712 4523 Προσδο-

430 4540 672 4605 gentinm
706 4539 964 4596 Christus
995 4552 1096 4597 est.
1136 4544 1208 4596 De
1234 4562 1341 4616 quo
1371 4548 1497 4602 alili
1552 4549 1818 4619 scriptum
1860 4564 1940 4607 est
1996 4571 2009 4607 :

430 4629 548 4697 Ipse
582 4632 681 4684 erit
713 4636 1038 4703 exspectatio
1062 4639 1293 4706 gentium
1326 4640 1394 4692 9".
1439 4640 1501 4694 Et
1555 4642 1624 4696 ad
1681 4658 1819 4713 quas
1884 4645 2010 4700 alibi

430 4736 528 4789 per
558 4722 724 4777 alium
768 4726 1090 4795 prOphetam
1142 4730 1343 4783 clamat
1402 4733 1635 4788 dicens:
1698 4733 2012 4804 Exspectate

430 4830 511 4868 me
537 4815 589 4868 in
614 4825 843 4885 tempore
868 4823 1277 4877 resurrectionis
1314 4840 1460 4878 metr.

502 4907 668 4966 Vens.
692 4911 783 4965 20.
811 4911 1079 4984 Exsurge.
1117 4914 1373 4981 Domine;
1404 4934 1508 4971 non
1526 4919 1812 4987 prwvaleat
1836 4920 2012 4976 homo.

428 5000 586 5057 Alius
620 5002 893 5074 interpres
927 5005 1182 5069 reddidit,
1220 5005 1343 5062 Non
1405 5019 1596 5065 temere
1650 5021 1777 5083 agat
1837 5012 2014 5067 homo.

2125 4548 2219 4601 κία
2268 4546 2378 4600 τῶν
2417 4544 2610 4610 ἐθνῶν,
2673 4546 2701 4597 ὁ
2754 4544 3030 4614 Χριστός·
3091 4543 3202 4599 Καί
3246 4543 3452 4609 αὐτὸς,
3517 4544 3710 4613 φησὶν,

2124 4641 2300 4695 ἔσται
2340 4637 2681 4708 προσδοκία
2703 4635 2921 4701 ἐθνῶν,
2950 4636 3087 4707 πρὸς
3120 4635 3216 4699 οὒς
3268 4636 3366 4690 καὶ
3413 4636 3483 4690 δι’
3514 4637 3709 4710 ἐτέρου
3798 4650 3805 4655 ‘

2125 4733 2410 4804 προφήτου
2440 4731 2570 4802 βοᾷο
2601 4729 2962 4798 ’Υπόμεινόν
2986 4744 3064 4797 με
3089 4729 3178 4792 εἰς
3206 4727 3420 4796 καιρὸν
3441 4727 3704 4783 ἁναστά·

2120 4825 2275 4891 σεὼς
2290 4841 2434 4895 μου.

2205 4916 2550 4983 Ἀνάστηθι,
2588 4914 2785 4983 Κύριε,
2807 4911 2894 4981 μὴ
2923 4913 3338 4979 κραταιούσθω
3370 4913 3689 4982 ἄνθρωπος

2126 5008 2344 5070 Ἄλλος,
2372 5004 2472 5073 Μὴ
2505 5002 2927 5072 θρασυνέσθω,
2961 5002 3188 5073 εἴρηκεν
3219 5017 3235 5034 ·
3270 5000 3433 5055 τοῦτο
3454 5001 3511 5054 δέ
3536 5001 3711 5070 λέγει,

432 5093 548 5150 Hoc
576 5104 757 5152 autem
785 5097 912 5152 dicit
976 5100 1237 5170 propheta
1297 5102 1368 5157 ob
1430 5112 1651 5158 mutuas
1703 5104 1847 5159 inter
1894 5121 2012 5160 sese

2123 5101 2212 5155 διὰ
2241 5098 2340 5161 τὰς
2372 5098 2495 5153 κατ’
2514 5094 2761 5168 ἀλλήλων
2790 5094 3197 5157 ἐπαναστάσεις
3228 5092 3338 5146 τῶν
3393 5091 3587 5146 ἐθνῶν.
3644 5090 3714 5144 Ol

430 5186 719 5242 hominum
754 5189 1182 5247 insurrectiones
1228 5203 1392 5263 atque
1459 5195 1806 5251 insolentias.
1859 5197 2012 5251 Veris

2125 5194 2235 5263 γὰρ
2265 5191 2565 5263 ἄνθρωποι,
2594 5189 2748 5261 παρὰ
2767 5186 2830 5241 τὺ
2865 5188 2940 5258 μὴ
2985 5186 3134 5258 ἔχειν
3168 5184 3393 5258 ἀληθεῖς
3443 5184 3706 5239 διδασκά-

432 5281 634 5350 quippe
668 5297 733 5336 ac
751 5282 901 5338 sanis
931 5294 1185 5339 carentes
1213 5289 1668 5356 praeceptoribus,
1701 5297 1862 5357 atque
1895 5287 2012 5343 ideo

2123 5289 2272 5350 λους,
2299 5285 2668 5355 ἀγνοήσαντες
2698 5282 2778 5336 ὅτι
2807 5281 2881 5352 γῆ
2928 5281 3090 5345 εἰσιν,
3149 5281 3290 5350 ὺπέρ
3336 5280 3435 5350 τὴν
3494 5280 3712 5331 ἑαυτῶν

434 5384 636 5427 terram
671 5390 731 5431 se
756 5391 819 5430 ac
849 5377 1038 5431 limum
1094 5393 1217 5434 esse
1278 5380 1615 5450 ignOrantes,
1673 5395 1841 5450 supra
1883 5394 2012 5450 pro-

2126 5379 2492 5450 ἐθρασύνοντο
2520 5376 2683 5448 φύσιν
2714 5393 2728 5407 °
2766 5378 2860 5430 καὶ
2891 5376 3073 5431 πάντα
3122 5374 3456 5445 τολμῶντες,
3493 5372 3575 5424 ἔτι
3614 5372 3711 5423 καὶ⁵

434 5467 609 5534 priam
658 5477 913 5523 naturam
978 5486 1101 5528 sese
1170 5474 1495 5529 extollentes
1572 5481 1776 5528 temere
1844 5472 2012 5527 multa

2125 5474 2204 5535 εἰς
2244 5470 2401 5533 θεοὺς
2432 5469 2658 5532 ἑαυτοὺς
2695 5467 3019 5538 ἐνέγραφον.
3058 5464 3347 5530 Ἐπέξελθε
3385 5458 3500 5523 οὖν,
3548 5460 3705 5530 φησι,

437 5557 789 5627 agebantzet
811 5562 994 5616 omnia
1023 5564 1315 5631 audentes,
1357 5565 1498 5620 inter
1538 5566 1668 5620 deos
1730 5564 1892 5620 etiam
1953 5581 2012 5621 sc

2127 5566 2218 5619 καὶ
2245 5561 2600 5617 κατάστειλον
2640 5560 2702 5614 τὸ
2728 5559 2971 5615 τοιοῦτον
3016 5556 3307 5630 φρύαγμα.
3336 5555 3493 5610 Ἔστι
3523 5552 3579 5606 δέ
3611 5550 3712 5603 καὶ

498 5742 545 5776 ’³
577 5740 712 5799 Gen.
744 5757 890 5803 ms.
930 5742 1014 5797 10.
