4082 6212
312 349 407 414 1:13

1466 359 1618 418 COM
1630 358 1862 420 MENT.
1908 361 1992 420 IN
2027 364 2158 422 PSA
2172 362 2398 423 LM’OS.

3471 362 3571 431 154

308 471 733 544 γλαφυρώτερον
774 476 990 530 εἰπεῖν·
1055 478 1189 548 πρὸς
1240 479 1339 547 μὲν
1382 478 1444 531 το
1510 480 1630 533 κατ’
1678 481 1873 550 εἰκόνα1

1990 487 2358 542 ascribebant.
2391 487 2490 542 Exi
2530 488 2714 558 itaque
2736 498 2815 553 tu,
2851 487 3024 555 Deus,
3057 489 3256 559 inquit,
3281 495 3332 542 et
3359 494 3568 540 tantam

305 567 427 630 θεός
459 568 611 621 ἐστιν
634 570 927 640 ἄνθρωπος
949 589 962 603 ·
1000 572 1139 643 πρὸς
1171 573 1230 626 δὲ
1264 573 1333 627 τὰ
1363 572 1544 644 γεώδη
1578 574 1752 645 πάθη,
1785 577 1882 631 άν-

301 659 541 727 θρωπος.
581 661 802 716 Τούτων
840 662 932 717 οὖν
957 665 1406 736 ἐπικρατούντων
1441 666 1498 718 ἐν
1534 665 1881 736 ἀνθρώποις,

299 753 610 823 ἀναστῆναι
644 755 741 807 τοῦ
773 755 1005 810 θανάτου
1028 757 1342 826 παρακαλεῖ
1368 757 1460 811 τὸν
1489 760 1752 829 Χριστὸν,
1806 749 1890 814 διέ

297 832 533 909 δείξαντα
556 845 648 900 διὰ
679 847 789 900 τῶν
814 848 1161 913 ἀποστόλων,
1195 848 1271 920 μὴ
1324 851 1765 922 κατεπαίρεσθαι
1815 852 1886 906 τά

299 936 454 1007 πάθη
506 939 610 1009 τῆς
656 940 854 1012 ψυχῆς,
904 941 1040 1013 μηδὲ
1109 941 1202 996 τὸν
1252 943 1381 1014 χοῦν
1431 943 1527 997 τοῦ
1577 943 1715 1008 νοός.
1774 944 1888 998 Καὶ

296 1032 477 1096 ἄλλως
537 1034 596 1088 δέ
631 1051 646 1067 ο
693 1037 834 1105 μετά
881 1037 980 1106 τὴν
1045 1037 1346 1092 ἀνάστασιν
1369 1039 1466 1092 τοῦ
1523 1037 1887 1110 κηρύγματος

297 1123 649 1190 ἀπλωθέντος
692 1129 774 1190 εἰς
798 1127 900 1197 τὴν
943 1128 1298 1201 οἰκουμένην,
1353 1131 1410 1183 αἰ
1463 1130 1586 1184 κατ’
1637 1128 1886 1198 ἀλλήλων

294 1218 706 1282 ἐπαναστάσεις
728 1219 837 1273 τῶν
869 1219 1080 1274 πόλεων
1107 1221 1431 1292 ἐπαύθησαν

1991 591 2181 631 eorum
2222 576 2580 631 elevationem
2609 593 2927 648 compesce.
2963 579 3096 633 lilud
3125 579 3288 632 etiam
3328 576 3435 629 dici
3471 591 3569 643 po-
3661 597 3672 611 -

1992 677 2099 724 test
2125 668 2271 739 quod
2295 684 2358 723 ea
2385 670 2620 733 ratione,
2646 686 2753 740 qua
2807 673 2874 725 ad
2914 671 3206 740 imaginem
3267 677 3322 722 et
3375 667 3572 722 simili-

1994 760 2238 816 tudinem
2272 761 2361 816 Dei
2405 761 2570 816 homo
2626 761 2801 817 factus
2860 770 2966 824 est,
3037 761 3178 815 Deus
3213 760 3416 813 dicitur
3456 774 3471 811 :
3507 773 3570 812 ea

1989 868 2119 909 vero
2151 869 2258 924 qua
2292 854 2524 908 terrenis
2557 853 2846 910 aﬂ'cctibus
2879 870 2941 908 ac
2970 853 3321 923 passionibus
3361 851 3573 906 detine-

1993 951 2104 1008 tur,
2142 942 2304 996 homo
2328 943 2524 997 merito
2550 943 2875 1014 appellatur.
2911 943 3048 997 Cum
3081 943 3263 1011 itaque
3321 941 3402 994 hze
3447 956 3574 1008 pas-

1987 1034 2172 1091 siones
2204 1035 2258 1088 in
2300 1033 2618 1089 hominibus
2662 1035 3041 1104 praevalerent,
3106 1033 3360 1088 hortatur
3401 1032 3568 1084 Deum

1986 1125 2258 1195 Propheta
2292 1133 2350 1180 ut
2374 1135 2632 1196 exsurgat
2665 1142 2693 1180 a
2722 1134 2916 1190 morte,
2973 1133 3028 1180 et
3089 1133 3148 1178 ut
3213 1141 3308 1193 per
3347 1132 3569 1179 sanctos

1987 1219 2268 1288 apostolos
2300 1218 2494 1273 doceat
2530 1219 2806 1288 quomodo
2825 1218 3109 1288 passiones
3135 1233 3298 1287 Supra
3331 1218 3570 1272 animam

295 1327 361 1367 se
385 1314 644 1368 extollere
679 1330 787 1368 non
821 1315 1038 1380 debent,
1071 1332 1250 1385 neque
1285 1318 1464 1387 pulvis
1500 1331 1669 1388 supra
1721 1315 2088 1370 intellectum.
2126 1313 2220 1369 Vel
2258 1315 2421 1369 aliter
2484 1323 2606 1384 post
2679 1314 3139 1368 resurrectionem
3205 1311 3420 1365 Domini
3487 1309 3571 1362 di-

293 1407 516 1476 vulgato
549 1407 845 1479 Evangelio
909 1410 966 1468 in
1003 1412 1345 1467 Iuniversum
1398 1413 1611 1480 orbem,
1671 1421 1875 1466 mutuae
1915 1410 2019 1466 illae
2056 1411 2301 1482 gentium
2350 1409 2783 1466 insurrectiones
2823 1417 2987 1478 atque
3041 1407 3348 1462 insolentia:
3415 1405 3569 1476 quic-

293 1509 514 1554 verunt.

367 1595 757 1665 Κριθήτωσαν
783 1597 928 1666 ἔθνη
967 1599 1228 1655 ἐνώπιόν
1253 1615 1394 1656 σου.
1430 1601 1578 1655 Ἀντὶ
1601 1601 1720 1668 τοῦ,
1759 1603 1872 1672 Τῆς

293 1693 399 1758 σῆς
451 1692 762 1760 ἐπισκοπῆς
791 1693 1204 1764 ἀξιωθήτωσαν.
1249 1696 1307 1750 ’0
1341 1696 1544 1768 κρίνων
1609 1698 1716 1768 γὰρ
1770 1699 1872 1768 ὁρᾷ

290 1781 390 1833 τὸν
430 1783 777 1852 κρινόμενον.
837 1786 1035 1855 Κρίσιν
1065 1787 1120 1839 δὲ
1155 1787 1254 1857 τὴν
1283 1790 1424 1842 κατά
1474 1790 1567 1843 τοῦ
1622 1790 1869 1843 διαϐόλου

2056 1595 2377 1652 Ιιιᾱῑεεηιιιν
2409 1602 2583 1663 gentes
2616 1593 2670 1647 in
2699 1603 2983 1660 conspectu
3022 1601 3130 1643 tuo.
3178 1587 3291 1642 Hoc
3324 1596 3407 1642 cst
3441 1603 3566 1657 pru-

1983 1690 2219 1744 tet-tione
2252 1696 2306 1742 et
2336 1685 2590 1741 custodia
2628 1693 2721 1739 tua
2752 1685 2932 1756 digna:
2966 1683 3291 1737 eﬂiciantur.
3315 1679 3450 1733 Nam
3473 1679 3566 1749 qui

1975 1779 2190 1864 iudicat
2221 1777 2287 1832 ad
2325 1793 2446 1832 eum
2480 1775 2573 1845 qui
2619 1775 2902 1846 iudicatur
2954 1775 3200 1844 aspicere
3259 1773 3416 1827 solet.
3465 1770 3566 1825 Ju-

289 1873 507 1943 νόησον,
535 1869 742 1945 περὶῆς
767 1877 860 1929 καὶ
893 1878 980 1930 διὰ
1015 1879 1237 1933 Ἡσαΐου
1266 1882 1432 1951 φησὶν
1457 1885 1484 1936 ό
1513 1882 1645 1945 Θεός
1669 1897 1685 1915 ⁶
1721 1882 1867 1936 Ἰδοὺ

1984 1871 2190 1926 dicium
2233 1884 2365 1924 vero
2399 1869 2531 1922 illud
2569 1867 2811 1938 intellige
2841 1866 2988 1937 quod
3033 1875 3221 1920 contra
3252 1865 3563 1919 datmouem

289 1973 323 2021 ὀ
345 1969 486 2034 παῖς
510 1987 632 2037 μου
659 1971 732 2023 ὃν
760 1971 1028 2040 ᾑρέτισα,
1064 1976 1096 2028 ὀ
1151 1974 1440 2042 ἐκλεκτός
1500 1994 1640 2044 μου,
1685 1979 1776 2040 εἰς
1812 1976 1884 2029 ὃν

289 2061 642 2127 ηθδόκησεν·
675 2064 712 2129 ἠ
758 2063 926 2134 ψυχή
950 2083 1071 2132 μου
1092 2081 1107 2095 ⁶
1151 2066 1320 2133 θήσω
1353 2068 1418 2120 τὸ
1483 2066 1731 2136 Πνεῦμά
1761 2084 1880 2136 μου

241 2167 246 2178 ‘
288 2155 385 2207 ἐπ’
411 2155 596 2220 αὐτῷ,
632 2157 727 2210 καὶ
759 2159 961 2225 κρίσιν
986 2159 1109 2226 τοῖς
1129 2159 1375 2216 ἔθνεσιν
1405 2160 1656 2226 ἐξοίσει.

362 2335 782 2402 Κατάστησον.
839 2338 1039 2406 Κύριε,
1086 2336 1422 2406 νομοθέτην
1491 2338 1586 2391 ἐπ’
1628 2338 1874 2402 αὐτούς.

302 2427 572 2482 Ἐνταῦθα
606 2428 699 2480 τὸν
725 2430 963 2500 Χριστὸν
1010 2430 1330 2491 αἰνίττεται,
1375 2430 1518 2484 κατὰ
1568 2432 1663 2485 τό·
1733 2430 1878 2499 Ἐγὼ

289 2520 671 2585 κατεστάθην
697 2521 999 2586 βασι.1εὺς
1028 2521 1130 2576 ὑπ’
1166 2521 1355 2576 αὐτοῦ
1380 2539 1392 2554 ·
1431 2523 1555 2576 νέον
1602 2521 1714 2590 γὰρ
1750 2521 1880 2575 ἔδω-

290 2628 385 2663 κεν
415 2613 602 2681 νόμον,
635 2612 724 2666 τὸν
757 2613 850 2666 τοῦ
880 2614 1238 2681 Εὐαγγελίου.

361 2790 700 2845 Γνώτωσαν
758 2791 903 2859 ἔθνη
960 2792 1050 2846 ὅτι
1128 2793 1434 2862 ἄνθρωποί
1485 2796 1667 2848 εἰσιν.
1743 2791 1872 2861 Ὀψέ

293 2899 418 2934 ποτε
479 2883 831 2953 μαθέτωσαν,
897 2885 972 2948 ὼς
1000 2884 1280 2956 ἄνθρωποι
1339 2886 1460 2956 ζῇν,
1512 2885 1609 2939 καὶ
1655 2883 1730 2948 ὡς
1795 2881 1872 2954 μὴ

294 2973 474 3043 θηρία.

1993 1962 2300 2016 fnrieudum
2338 1969 2457 2017 erat
2491 1978 2504 2015 :
2538 1961 2740 2030 dequo
2789 1975 2886 2028 per
2943 1959 3134 2014 Isaiam
3194 1958 3324 2013 dicit
3380 1957 3566 2012 Deus:

1990 2054 2126 2108 Ecce
2163 2069 2292 2121 puer
2323 2069 2469 2106 meus
2498 2068 2650 2121 quem
2704 2051 2859 2122 elegi,
2898 2051 3094 2104 electus
3155 2065 3299 2103 meus
3360 2049 3412 2100 in
3461 2063 3567 2116 quo

1986 2146 2306 2202 coma-Iacuit
2341 2146 2518 2198 anima
2540 2161 2674 2210 mea,
2699 2160 2892 2214 ponam
2934 2141 3190 2208 Spiritum
3215 2157 3384 2196 meum
3411 2155 3571 2208 super

1983 2257 2098 2296 eum
2135 2248 2184 2293 et
2205 2238 2468 2308 judicium
2499 2236 2682 2303 afferet
2709 2234 2947 2307 gentibus
2981 2234 3073 2289 ’⁸-

2057 2332 2225 2385 Vens.
2253 2329 2345 2383 2|.
2381 2327 2679 2391 Constitue,
2715 2327 2957 2392 Domine,
2989 2324 3348 2394 legislaturem
3401 2338 3563 2388 super

1975 2441 2084 2481 eos.
2113 2424 2215 2478 Per
2241 2421 2607 2491 legislatorem
2642 2419 2729 2473 hic
2755 2419 3032 2472 Christum
3076 2416 3350 2485 intelligit,
3394 2415 3553 2484 juxta

1975 2515 2105 2570 illud
2140 2531 2152 2569 :
2197 2512 2304 2583 Ego
2338 2520 2512 2564 autem
2539 2510 2858 2563 constitutus
2885 2524 3002 2562 sum
3035 2505 3146 2560 Rea:
3196 2507 3261 2558 ab
3321 2521 3400 2565 eo.
3457 2504 3552 2572 qui

1975 2607 2257 2677 legislatur
2286 2619 2482 2660 novam
2507 2604 2586 2659 eis
2623 2604 2794 2672 legem
2835 2601 2959 2655 tulit
2992 2615 3005 2653 :
3054 2607 3304 2654 sanctum
3337 2596 3547 2651 scilicet

1975 2699 2358 2766 Evangelium.

2051 2788 2385 2858 Cognoscant
2404 2796 2578 2858 gentes
2608 2784 2745 2857 quod
2762 2786 2994 2839 homines
3022 2793 3166 2838 sunt.
3201 2781 3334 2838 Sero
3365 2779 3561 2836 saltem

1981 2880 2276 2949 aliquando
2303 2879 2594 2935 addiscant
2630 2880 2811 2933 vivere
2853 2888 2909 2931 ut
2952 2877 3230 2939 homines,
3261 2884 3310 2930 et
3353 2887 3458 2927 non
3503 2878 3566 2926 ut

1981 2972 2130 3027 ferae.
2160 2970 2282 3044 [Vel
2313 2971 2470 3026 aliter
2507 2990 2519 3025 :
2555 2970 2886 3033 Doceantur,
2911 2969 3113 3037 inquit,
3172 2966 3317 3036 quod
3365 2979 3564 3019 corru-

292 3073 504 3141 ptibiles
532 3079 682 3138 sunt,
743 3070 998 3142 quodque
1055 3071 1215 3142 longe
1270 3078 1403 3128 sunt
1465 3087 1498 3126 a
1540 3070 1688 3128 diis:
1748 3084 1870 3141 quae
1909 3069 2133 3140 propria
2164 3083 2260 3124 eos
2285 3067 2543 3139 gloriatio
2574 3083 2640 3122 ac
2673 3065 2933 3135 superbia
2973 3064 3040 3119 de
3104 3064 3303 3132 seipsis
3369 3061 3564 3117 suadet

297 3162 580 3236 cogitare.]

357 3259 480 3313 ἰνα
515 3259 593 3322 τί,
645 3259 843 3326 Κύριε,
863 3259 1215 3328 ἀφέστηκας
1261 3259 1567 3331 μακρόθεν
1593 3274 1612 3324 ;
1660 3256 1873 3312 Ἐντεῦ-

2051 3251 2248 3309 PSAL.
2280 3251 2329 3305 Χ
2360 3249 2590 3306 JUXTA
2630 3247 3003 3304 HEBRIEOS.
3040 3245 3204 3303 Vens.
3237 3248 3287 3301 1.
3336 3245 3558 3317 thnid,

298 3347 381 3402 θεν
405 3352 488 3413 εἰς
515 3351 646 3414 τοὺς
693 3352 818 3421 περὶ
872 3352 1136 3422 προνοίας
1177 3351 1455 3406 εἰσϐάλλει
1494 3351 1708 3419 λόγους,
1755 3349 1866 3404 τῶν

295 3442 544 3512 πονηρῶν
577 3441 681 3513 μὲν
699 3443 1142 3514 εὐημερούντων,
1170 3443 1633 3515 δυσπραγοῦντων
1671 3442 1730 3496 δὲ
1758 3442 1869 3496 τῶν

297 3535 511 3602 ἀγαθῶν
539 3550 554 3564 ·
587 3535 684 3588 καὶ
711 3533 994 3605 προσώπῳ
1019 3535 1126 3589 τῶν
1150 3535 1485 3606 θλιϐομένων
1514 3537 1752 3588 ποιεῖται
1771 3533 1869 3604 τὴν

295 3626 678 3694 δικαιολογίαν.
719 3627 896 3694 Διατί,
917 3629 1106 3697 φησὶν,
1143 3628 1363 3698 ἀφῆκας
1393 3628 1520 3689 τοὺς
1542 3625 1867 3696 ἀνθρώπους

293 3718 362 3780 ὡς
402 3718 555 3788 ἔτυχε
602 3718 910 3789 φέρεσθαι;
961 3721 1026 3773 ὲκ
1063 3721 1382 3791 μεταφορᾶς
1423 3718 1534 3772 τῶν
1576 3715 1863 3789 πόρρωθεν

297 3810 614 3878 ἱσταμένων,
647 3809 741 3864 καὶ
767 3810 1144 3880 ἀμελούντων.

1973 3346 2215 3406 Domine,
2249 3343 2516 3398 recessisti
2546 3343 2696 3412 longe
2728 3343 2752 3396 ?
2783 3341 2982 3410 Incipit
3006 3350 3245 3394 tractare
3277 3338 3341 3393 de
3372 3338 3556 3393 divina

1975 3437 2322 3494 Providentia
2358 3454 2370 3490 :
2407 3450 2469 3489 ac
2488 3435 2653 3489 veluti
2679 3424 2969 3503 pravorum
2991 3432 3272 3508 hominum
3297 3448 3383 3486 res
3419 3432 3558 3487 bene

1977 3545 2042 3587 ac
2066 3529 2299 3586 feliciter
2324 3528 2704 3589 succederent,
2725 3535 2912 3581 contra
2940 3535 3143 3590 autem,
3173 3525 3308 3592 justi
3341 3539 3404 3578 ac
3429 3523 3559 3578 boui

1975 3622 2077 3676 viri
2110 3619 2405 3674 infeliciter
2447 3618 2733 3688 degerent,
2785 3632 2850 3672 ex
2908 3632 3137 3686 persona
3189 3615 3464 3685 iustorum
3503 3613 3558 3668 in

1978 3710 2362 3766 alnictionibus
2409 3709 2788 3765 exsistentium
2856 3723 3160 3762 sermonem
3230 3707 3410 3762 facit:
3497 3715 3554 3761 et

1981 3803 2258 3858 rationem
2315 3798 2726 3867 quodammodo
2798 3798 3035 3866 exquirit
3069 3812 3096 3848 a
3131 3796 3263 3860 Deo,
3318 3795 3556 3850 dicens:

287 3899 468 3972 Quare
508 3899 788 3970 permittis
820 3900 1073 3955 homines
1104 3909 1310 3956 temere
1351 3915 1416 3954 ac
1471 3914 1602 3956 casu
1629 3897 1759 3955 ferri
1788 3908 1899 3966 quo
1937 3907 2059 3948 sors
2082 3891 2256 3960 jubet,
2290 3902 2390 3943 nec
2419 3887 2583 3942 ullam
2613 3902 2801 3942 eorum
2836 3902 3021 3940 curam
3065 3887 3233 3942 habes
3274 3888 3464 3958 ?quod
3490 3904 3557 3944 ex

296 3995 601 4064 metaphora
643 3995 860 4049 illorum
903 4004 1184 4066 sumptum
1210 4005 1317 4063 est,
1343 3996 1436 4066 qui
1465 3995 1657 4065 procul
1692 3993 1971 4056 abierunt,
2011 3997 2066 4042 et
2089 3984 2412 4041 relictorum
2451 3983 2655 4038 nullam
2673 3999 2860 4036 curam
2899 3981 3128 4037 habent.

368 4086 690 4158 ’Υπερορᾷς
728 4089 800 4142 ἐν
829 4091 1162 4158 εὐκαιρίαις
1191 4091 1261 4144 ἐν
1284 4091 1612 4159 θλίψεσιν;
1663 4088 1865 4159 ’Υπερ-

2039 4081 2279 4152 Despicis
2313 4081 2366 4134 in
2390 4077 2835 4148 prosperitatibus
2864 4077 2914 4129 in
2945 4077 3285 4130 tribulatione
3314 4076 3338 4129 ?
3366 4075 3556 4145 Despi-

296 4183 414 4252 ορᾷν
440 4184 579 4242 ἐστι,
624 4179 684 4233 τὸ
713 4180 1134 4251 προσποιεῖσθαι
1185 4180 1259 4251 μὴ
1322 4182 1482 4251 όρᾷν,
1551 4178 1696 4233 ἀλλὰ.
1741 4179 1866 4240 τοὺς

1979 4188 2090 4229 :ere
2127 4180 2211 4228 est
2241 4171 2618 4231 dissimulare,
2650 4184 2756 4222 non
2794 4167 2998 4230 videre,
3020 4182 3084 4221 ac
3115 4168 3271 4236 quasi
3300 4168 3554 4223 deorsum

298 4273 594 4344 ὀφθαλμούς
621 4272 804 4342 αἰρειν
841 4271 983 4343 ὑπὲρ
1007 4272 1066 4325 τὸ
1093 4271 1395 4342 ὁρώμενον.
1430 4272 1556 4326 Ἴνα
1591 4271 1865 4334 τίτοίνυν,

299 4365 442 4433 φησὶ,
478 4363 694 4434 παρὼν,
727 4364 1031 4431 ἀφεστάναι
1080 4364 1256 4428 δοκεῖς
1307 4364 1395 4417 διὰ
1448 4363 1548 4434 τὴν
1591 4362 1869 4432 μακροθυ-

299 4457 418 4522 μίαν
443 4494 458 4518 ,
483 4457 580 4510 καὶ
617 4455 834 4524 βλέπων
885 4458 1129 4520 ἅπαντα,
1179 4459 1451 4526 προσποιῇ
1506 4455 1582 4527 μὴ
1625 4455 1864 4524 βλέπειν,

295 4545 371 4598 διὰ
399 4547 459 4598 τὸ
493 4546 569 4617 μὴ
596 4545 901 4616 ἐπαμύνειν
931 4549 1044 4610 τοῖς
1089 4545 1401 4616 πράγμασι,
1447 4546 1540 4598 καὶ
1585 4543 1776 4598 ταῦτα-
1808 4543 1866 4595 ἐν

297 4640 494 4708 καιροῖς
521 4637 798 4702 δεομένοις
821 4637 922 4706 τῆς
951 4639 1049 4708 σῆς
1089 4640 1418 4708 ἐπισκοπῆς,
1467 4637 1635 4708 ἤγουν
1670 4637 1730 4688 ἐν
1757 4633 1868 4687 θλί-

293 4725 409 4794 ψεσι
436 4729 546 4782 τῶν
573 4729 763 4792 κακῶς
802 4728 1122 4798 πασχόντων
1153 4747 1168 4796 ;
1196 4729 1382 4782 Ταῦτα
1405 4728 1461 4781 δὲ
1489 4728 1640 4796 λέγει
1676 4743 1861 4796 παρα-

298 4813 490 4877 καλῶν,
520 4815 622 4867 οὐκ
647 4817 926 4884 ἐγκαλῶν.
956 4811 1066 4870 Εἰδ⁹
1110 4818 1178 4870 ἂν
1206 4819 1233 4870 ό
1259 4817 1392 4879 Θεὸς
1427 4815 1564 4886 πρὸς
1591 4815 1765 4869 ταῦτα
1800 4814 1864 4868 ea

294 4905 674 4976 γεγραμμένον
693 4924 708 4938 ο
737 4910 809 4961 Αἰ
838 4908 1117 4977 ἁμαρτίαι
1149 4906 1319 4977 ὑμῶν
1339 4905 1617 4961 διιστῶσι
1633 4904 1864 4975 μεταξὺ

293 4995 432 5063 ἐμοῦ
455 5000 554 5052 καὶ
593 4998 787 5069 ὑμῶν.

1967 4265 2239 4334 aspicere,
2288 4275 2480 4318 etnon
2520 4262 2585 4316 ad
2611 4275 2724 4315 rem
2775 4259 2948 4319 illam,
3013 4266 3309 4327 qmeante
3365 4260 3555 4313 oculos

1971 4357 2150 4427 posita
2183 4362 2287 4410 est.
2339 4355 2479 4420 Quid
2542 4353 2735 4421 igitur,
2789 4351 2986 4419 inquit,
3026 4359 3081 4403 tu
3148 4350 3239 4419 qui
3296 4349 3554 4405 omnibus

1976 4463 2220 4517 praesens
2247 4461 2308 4502 es
2340 4453 2492 4500 tanta
2548 4453 2638 4497 tua
2704 4442 3126 4511 longanimitate
3179 4454 3244 4495 ac
3289 4442 3553 4512 patientia

1975 4539 2172 4594 abesse
2202 4537 2427 4602 videris,
2490 4545 2545 4592 et
2608 4551 2732 4591 cum
2793 4535 2981 4590 omnia
3036 4534 3248 4600 videas,
3325 4534 3556 4590 simulas

1973 4647 2080 4687 non
2110 4632 2316 4696 videre,
2351 4638 2410 4684 ut
2436 4629 2596 4684 rebus
2627 4629 2835 4685 nostris
2870 4628 3136 4682 auxilium
3176 4642 3282 4682 non
3354 4625 3498 4682 feras
3525 4666 3544 4692 ,

1971 4733 2136 4793 atque
2175 4725 2275 4777 hoc
2311 4737 2376 4776 eo
2411 4721 2758 4790 potissimum
2794 4729 3064 4790 tempore,
3110 4717 3329 4788 quando
3371 4727 3558 4788 prote-

1969 4816 2156 4871 ctione
2189 4824 2279 4866 tua
2321 4811 2670 4882 potissimum
2720 4811 3056 4881 indigemus,
3140 4823 3290 4863 nunc
3339 4809 3555 4863 scilicet

1967 4921 2093 4963 cum
2117 4906 2172 4960 in
2198 4902 2646 4958 tribulationibus
2672 4902 2958 4956 constituti
2986 4900 3203 4956 Silanus?
3226 4899 3348 4954 Haec
3369 4908 3550 4954 autem

1970 5015 2079 5053 non
2107 5012 2378 5053 accusans
2415 5005 2509 5050 aut
2570 4997 2802 5065 culpans
2851 4996 3022 5050 Deum
3084 4994 3388 5066 PrOpbeta,
3453 4991 3550 5049 sed

296 5104 482 5160 rogans
509 5091 714 5146 dicitet
736 5091 1056 5148 exhortans.
1089 5090 1226 5147 Nam
1249 5091 1493 5163 alioquin
1520 5091 1860 5161 respondere
1897 5089 1946 5145 ei
2017 5091 2162 5145 Deus
2199 5089 2494 5160 potuisset,
2547 5085 2604 5142 id
2674 5086 2821 5157 quod
2891 5085 3018 5141 alibi
3102 5093 3364 5158 scriptum
3420 5093 3550 5142 est:

294 5180 507 5239 Peccata
535 5196 712 5240 vestra
741 5186 983 5240 dividunt
1015 5190 1261 5268 intenme
1288 5198 1338 5241 et
1370 5203 1481 5242 ros.

369 5279 470 5332 ‘Er
498 5276 582 5343 τῷ
610 5280 1173 5349 ὐπερηςρανεύεσθαι
1224 5283 1332 5335 τὸν
1361 5282 1577 5352 ἀσεϐῆ,
1619 5283 1864 5354 ἐμπυρί-

297 5364 434 5424 (εται
467 5373 499 5425 ό
524 5371 906 5440 πτωχός-,Τοῦ
939 5371 1194 5440 ἀσεϐοῦς,
1230 5375 1420 5445 φησὶν,
1472 5367 1860 5448 ἐπαιρομένου,

2037 5279 2204 5333 Vens.
2237 5277 2293 5331 2.
2325 5275 2465 5328 Dum
2491 5275 2724 5344 superbit
2748 5274 2963 5342 impius,
2987 5273 3292 5327 incenditur
3321 5287 3546 5340 pauper.

1963 5371 2214 5438 Quando,
2255 5370 2452 5440 inquit,
2479 5370 2682 5440 aliquis
2709 5367 3015 5430 extollitur,
3045 5364 3266 5436 quando
3295 5364 3432 5419 bene
3468 5364 3545 5429 illi

297 5457 374 5512 δια
428 5461 489 5514 τὸ
550 5463 871 5519 εὐοδοῦσθαι
933 5465 1069 5533 πρὸς
1132 5465 1367 5534 ἅπαντα,
1431 5468 1646 5538 βλέπων
1731 5470 1862 5522 πᾶσι

1979 5472 2161 5520 :uncta
2196 5461 2523 5524 succedunt,
2588 5470 2720 5515 tunc
2754 5460 2798 5514 si
2837 5457 2961 5528 quis
3030 5453 3268 5509 ﬁdelium
3313 5466 3418 5519 est,
3449 5453 3542 5520 qui

299 5555 652 5617 προσκύπτων
683 5555 936 5621 εὐσεϐὴς,
1001 5560 1361 5630 πυρπολεῖται
1430 5560 1508 5629 τῷ
1563 5560 1712 5629 ζήλῳ
1760 5561 1862 5629 τῆς

1979 5555 2349 5625 ’requeutibus
2389 5562 2652 5624 urgeatur
2683 5548 3112 5610 calamitatibus,
3151 5548 3198 5602 is
3257 5545 3374 5602 zelo
3401 5563 3544 5616 quo-

299 5637 724 5707 εὲδοκιμήσεως,
755 5639 869 5696 οἶόν
899 5662 1019 5700 τινα
1055 5649 1263 5702 καπνὸν
1289 5651 1379 5702 τὸν
1443 5652 1746 5722 στεναγμὸν
1775 5651 1862 5704 διὰ

1979 5649 2083 5704 lam
2117 5657 2279 5719 atque
2303 5646 2653 5704 aemulatione
2681 5637 2960 5714 Opinionis
2995 5655 3057 5695 ac
3113 5640 3238 5696 boui
3305 5639 3545 5695 nominis

349 5819 389 5850 "
415 5819 520 5876 ιω.
551 5835 699 5889 sun,
750 5824 833 5880 10.
