4082 6212
497 297 604 362 155

489 503 760 571 quosdam
795 504 927 560 furni
957 507 1136 562 instar
1165 511 1392 576 emittit,
1422 512 1734 580 deplorans,
1769 512 1916 584 quod
1950 527 2075 567 cum

489 594 608 666 ipse
639 597 911 668 ejusmodi
939 601 1031 667 sit,
1065 604 1338 659 obscurus
1369 613 1551 660 tamen
1582 613 1687 670 est,
1729 615 1894 676 atque
1916 607 2078 678 igno-

490 689 740 760 tus(47).
777 689 869 746 Vel
906 693 1068 749 aliter
1098 696 1263 751 etiam
1297 698 1565 766 intellige,
1593 697 1739 768 quod
1769 699 2073 756 extollente

1745 263 2134 366 Eurtirnu
2178 305 2546 366 ZIGABENI

490 425 630 479 pene
663 413 1006 480 accenditur,
1059 423 1225 484 atque
1283 431 1347 472 ex
1401 417 1624 488 proprio
1682 432 1779 472 ore
1836 419 2067 486 gemitus

2183 419 2278 474 τοῦ
2373 419 2648 489 στόματος
2728 421 3100 492 ἀναπέμπων,

3667 303 3770 371 156

3193 421 3276 474 ὅτι
3357 419 3606 485 τοιοῦτος
3675 418 3776 484 ὧν.

2187 517 2391 587 εὑροεῖ.
2425 515 2496 568 Ἢ
2559 517 2654 570 καὶ
2677 515 2774 569 τοῦ
2809 517 3065 586 δαίμονος
3095 515 3467 586 ἐπαιρομένου
3507 516 3651 569 κατά
3676 517 3776 570 τοῦ

2187 608 2538 678 ἀνθρωπίνου
2575 608 2793 678 γένους,
2825 610 2853 663 ὁ
2879 608 3097 680 πτωχὸς
3127 609 3227 681 τὴν
3267 611 3471 680 ἀρετὴν
3515 608 3777 678 φλέγεται

2183 699 2323 772 πρὸς
2380 699 2450 753 τὰ
2472 700 2647 772 πάθη.

491 795 552 836 se.
587 782 756 852 impio
780 784 1028 842 daemone
1059 789 1329 845 adversus
1380 789 1683 846 humanum
1739 807 1938 863 genus,
1987 792 2081 847 ille
2113 792 2207 862 qui
2235 792 2535 850 virtutibus
2565 805 2652 850 est
2716 809 2947 866 pauper,
3001 794 3172 850 nimia
3250 794 3579 852 accenditur
3647 810 3778 866 pas-

488 895 664 936 SlOlle.

559 971 973 1042 Coadjuuantur
1031 977 1085 1030 in
1112 977 1347 1031 consiliis
1378 995 1494 1050 qua:
1543 981 1800 1049 cogitant.
1850 980 1964 1035 Hoc
2003 982 2070 1034 de

487 1064 674 1135 impiis
701 1065 866 1119 etiam
900 1065 1107 1120 dictum
1142 1079 1247 1124 est.
1299 1071 1736 1137 Ceadjuvautur,
1779 1074 1978 1143 inquit,
2015 1073 2068 1127 in

487 1154 577 1210 his
609 1172 732 1224 qua:
773 1157 1550 1232 consulunt.Coadjutorium
1610 1179 1738 1220 vero
1789 1165 1894 1219 hoc
1941 1180 2069 1234 pro-

486 1248 807 1316 speritatem
839 1250 1101 1322 intellige.
1145 1252 1239 1308 Vel
1275 1255 1681 1325 coadjuvantur
1705 1273 1734 1310 a
1765 1258 1879 1311 suis
1909 1256 2067 1310 simi-

485 1339 652 1396 libus.
683 1341 1102 1399 Observandum
1133 1356 1218 1401 est
1263 1358 1444 1403 autem
1470 1349 1616 1419 quod
1667 1351 1929 1419 propheta
1971 1365 2070 1405 ειη-

484 1447 785 1500 penumero
811 1442 919 1489 tam
949 1436 1016 1491 de
1047 1438 1254 1506 pravis,
1295 1454 1459 1508 quam
1520 1440 1588 1494 de
1623 1439 1810 1510 probis
1832 1440 2074 1495 homini-

483 1522 590 1579 bus
637 1526 896 1596 loquens,
957 1529 1224 1600 singulari
1299 1532 1616 1601 aliquando,
1667 1542 1720 1588 et
1776 1533 2070 1603 aliquando

483 1617 682 1685 plurali
743 1621 916 1676 utitur
986 1638 1290 1680 sermone:
1353 1626 1481 1694 quia
1550 1641 1779 1681 numero
1851 1625 2070 1696 quidem

484 1710 646 1762 multi
680 1719 832 1779 sunt,
868 1714 960 1768 sed
1018 1716 1221 1770 virtute
1256 1725 1350 1772 aut
1409 1717 1543 1771 vitio
1580 1734 1771 1772 unum.
1835 1718 1932 1773 \‘cl
1965 1719 2067 1772 ali-

483 1807 569 1852 ter
606 1799 787 1865 :Quia
819 1801 1008 1858 Grazca
1042 1805 1214 1861 dictio
1251 1807 1728 1878 συλλαμϐάνονται
1780 1824 1888 1862 nou
1945 1818 2068 1862 tan-

2230 975 2770 1045 Συλλαμόάνονται
2787 975 2858 1030 ἐν
2874 975 3262 1041 διαϐουλιοις,
3288 969 3382 1042 οῖς
3407 973 3780 1043 (Stator/Cor.

2170 1087 2284 1124 ται.
2304 1071 2415 1125 Καὶ
2438 1067 2598 1124 τοῦτο
2628 1068 2757 1140 περὶ
2779 1065 2887 1120 τῶν
2911 1066 3146 1134 ἀσεϐῶν,
3171 1067 3252 1120 ὅτι
3270 1065 3474 1139 τρόπον
3494 1066 3618 1119 τινὰ
3641 1083 3775 1118 συν-

2167 1151 2458 1234 εργοῦντάι
2477 1162 2556 1224 εἰς
2578 1159 2613 1214 ἆ
2630 1159 3036 1229 βουλεύσονται.
3065 1158 3370 1229 Συνεργίαν
3389 1156 3447 1210 δὲ
3477 1158 3774 1226 νομιστέον

2168 1255 2269 1325 τὴν
2291 1254 2574 1308 εὐόδωσιν.
2604 1253 2677 1306 Ἦ
2705 1253 2801 1306 καὶ
2832 1248 3226 1322 συνεργοῦνται
3253 1250 3404 1321 παρά
3422 1251 3530 1304 τῶν
3545 1251 3770 1321 ὁμοίων.

2171 1344 2605 1417 Παρατηρητέον
2633 1344 2690 1397 δὲ
2716 1343 3001 1407 πολλάκις,
3036 1343 3119 1396 ὅτι
3147 1342 3240 1395 ἐπὶ
3263 1341 3370 1396 τῶν
3401 1341 3644 1410 ἀγαθῶν,
3675 1345 3770 1397 καὶ

2173 1439 2268 1492 ἐπὶ
2299 1436 2410 1491 τῶν
2435 1436 2716 1508 πονηρῶν,
2757 1435 2918 1490 τοῦτο
2937 1435 3035 1506 μὲν
3075 1433 3481 1506 πληθυντικῶς,
3520 1436 3680 1489 τοῦτο
3711 1436 3770 1490 δὲ

2173 1531 2369 1594 ἑνικῶς
2405 1531 2630 1602 ἐκφέρει
2653 1530 2744 1586 τὸν
2759 1530 2938 1598 λόγον·
2957 1529 3011 1582 οἴ
3028 1545 3089 1581 τε
3101 1528 3212 1598 γὰρ
3233 1527 3432 1597 ἀγαθοὶ
3443 1528 3519 1598 τῷ
3543 1527 3768 1599 ἀριθμῷ

2175 1624 2277 1696 μὲν
2347 1622 2535 1678 πολλοί
2584 1623 2714 1690 εἱσι,
2777 1625 2844 1695 τῇ
2903 1622 2959 1676 δέ
3025 1621 3346 1691 ἀγαθότητι,
3408 1616 3517 1685 εἷς·
3575 1623 3670 1675 καὶ
3717 1623 3773 1674 οἱ

2169 1717 2402 1790 πονηροὶ
2437 1717 2518 1778 δὲ.
2580 1717 2658 1788 τῷ
2717 1717 2818 1786 μὲν
2869 1715 3113 1786 ἀριθμῷ,
3150 1715 3340 1768 πολλοὶ
3365 1755 3380 1780 ,
3415 1717 3481 1784 τῇ
3507 1713 3564 1767 δὲ
3596 1731 3771 1782 πονη-

2174 1810 2286 1882 ρίᾳ,
2319 1808 2421 1874 εἷς.
2439 1811 2510 1863 ’Ἡ
2537 1811 2634 1865 καὶ
2661 1813 2790 1881 περὶ
2826 1810 2938 1863 τῶν
2971 1808 3214 1862 εὺσεΰῶν
3235 1811 3263 1862 ὁ
3285 1807 3466 1875 λόγος,
3500 1808 3582 1860 ὅτι
3603 1809 3659 1859 ἐν
3683 1803 3769 1871 οἷς

483 1897 597 1943 tum
628 1893 899 1962 significat
922 1898 1332 1966 coadjuvantur,
1380 1902 1476 1956 sed
1508 1902 1674 1956 etiam
1725 1902 2067 1972 comprehen-

2174 1879 2578 1970 διαλογίζονται
2625 1879 2756 1972 περὶ
2777 1902 2886 1956 τῶν
2923 1901 3138 1955 ἀσεϐῶν
3170 1903 3267 1968 τῆς
3287 1900 3610 1970 εὐημερίας,
3639 1900 3773 1953 συ).-

483 1983 706 2050 duntur,
745 1984 930 2039 dicere
975 2003 1291 2056 possumus,
1353 1991 1686 2062 Prophetam
1765 1993 1855 2048 hic
1914 1993 2062 2062 loqui

484 2073 552 2126 de
589 2075 696 2130 illis
757 2077 1034 2146 lidelibus,
1073 2084 1166 2153 qui
1231 2083 1283 2138 in
1338 2087 1577 2156 propriis
1640 2079 2066 2157 cogitationibus

2178 1995 2588 2067 λαμϐάνονται⁹
2627 1995 2900 2061 τουτέστι,
2943 1995 3375 2066 περιπίπτουσιν
3409 1995 3466 2046 ἐν
3493 1993 3773 2062 μικροψυ-

2176 2089 2350 2159 χίαις,
2376 2090 2436 2143 οὐ
2466 2091 3004 2161 καταστοχαζὸμενοι
3028 2089 3138 2143 τῶν
3167 2090 3451 2160 χριμάτων
3487 2089 3582 2140 τοῦ
3610 2087 3771 2143 Θεοῦ.

486 2170 1046 2239 comprehenduntur,
1083 2193 1220 2244 quas
1253 2179 1318 2233 de
1343 2181 1545 2252 impiis,
1585 2191 1639 2236 et
1699 2185 1766 2237 de
1829 2183 2048 2238 illorum

2172 2186 2461 2253 asperitate
2484 2186 2869 2256 cogitant;ac
2899 2186 2944 2240 si
3007 2185 3240 2248 diceret,
3305 2183 3451 2254 quod
3511 2183 3582 2238 ob
3640 2200 3777 2256 pro-

484 2263 657 2333 priam
695 2265 1066 2324 inﬁrmitatem
1101 2271 1382 2340 labuntur,
1419 2291 1524 2329 non
1588 2279 1836 2333 valentes
1889 2275 2172 2345 percipere
2207 2288 2301 2332 aut
2331 2280 2917 2349 eonsiderarejudieia
2945 2281 3062 2337 Dei.

552 2351 718 2410 Vsus.
756 2358 806 2411 5.
839 2358 1103 2422 Quoniam
1140 2361 1393 2416 laudatur
1420 2374 1664 2433 peccator
1699 2368 1752 2420 in
1791 2366 2071 2420 desideriis

484 2445 680 2500 anima:
730 2463 862 2511 suae,
897 2460 945 2502 et
975 2452 1211 2514 iniustus
1265 2453 1614 2509 bencdicitur.
1649 2454 2069 2512 Observandum

481 2543 566 2586 (ιιι
597 2537 745 2604 quod
777 2537 970 2604 dictio,
1003 2543 1278 2610 quoniam,
1320 2561 1416 2600 seu
1454 2546 1601 2614 quia,
1631 2547 1775 2616 apud
1810 2545 2072 2604 Hebraeos

484 2641 592 2680 nou
625 2643 845 2697 semper
880 2646 1102 2687 causam
1133 2635 1337 2700 reddit,
1393 2637 1489 2692 sed
1543 2638 1842 2706 aliquando
1869 2640 2070 2695 adver—

482 2716 633 2770 lr.um
671 2728 759 2774 est
803 2725 1171 2781 confirmandi
1206 2745 1219 2781 :
1250 2729 1550 2800 aliquando
1600 2732 1766 2786 etiam
1829 2733 2072 2790 abundat

476 2809 638 2878 juxta
681 2813 961 2872 idiOmatis
988 2835 1170 2875 usum.
1198 2822 1375 2886 Adeo,
1408 2823 1586 2892 inquit
1610 2825 1906 2898 Propheta,
1929 2828 2072 2884 inter

481 2917 578 2954 eos
614 2905 804 2961 vitium
838 2912 1144 2979 praevaluit,
1183 2922 1242 2969 ut
1295 2924 1349 2971 et
1385 2925 1707 2988 peccatores
1737 2920 1806 2975 de
1855 2921 2073 2979 delictis

481 2989 794 3063 laudentur,
828 3015 952 3068 quae
984 3003 1138 3056 carni
1168 3018 1230 3057 ac
1265 3007 1504 3075 propriae
1537 3008 1752 3062 libidini
1780 3010 2072 3081 obtempe-

482 3093 673 3140 rantes
706 3089 1088 3155 committunt,
1119 3103 1172 3148 et
1203 3094 1240 3148 ii
1271 3098 1478 3164 pariter
1505 3097 1602 3167 qui
1646 3099 1849 3168 injuria
1877 3115 2072 3169 quem-

485 3175 629 3242 piam
673 3178 935 3245 alliciunt,
972 3199 1001 3237 a
1032 3186 1117 3238 sui
1156 3186 1433 3244 similibus
1463 3190 1730 3261 majorem
1785 3193 1914 3249 inde
1947 3209 2069 3251 scc-
2094 3159 2140 3222 C

484 3267 613 3322 leris
641 3270 868 3336 gloriam
903 3289 1339 3347 consequantur.

555 3357 719 3418 Vens.
751 3365 805 3420 4.
839 3365 1084 3424 Irritavit
1120 3371 1410 3428 Dominum
1465 3388 1731 3444 peccator.
1782 3379 1863 3433 Ad
1899 3379 2067 3435 ultio-

479 3467 604 3506 nem
644 3455 812 3510 Deum
849 3465 1172 3529 commovit,
1230 3466 1350 3524 suis
1381 3483 1508 3523 eum
1545 3485 1748 3542 urgens
1785 3481 1950 3544 atque
1980 3473 2069 3528 in-

479 3551 658 3605 citans
699 3552 941 3608 delictis.

549 3641 850 3699 Secundum
889 3648 1288 3708 multitudinem
1353 3657 1451 3711 ira:
1481 3673 1596 3712 sua:
1633 3675 1740 3713 non
1794 3663 2060 3732 exquiret.

476 3731 596 3788 Non
627 3737 830 3807 exiget,
881 3739 1081 3812 inquit,
1142 3746 1285 3802 Deus
1352 3764 1546 3817 pcnnas
1593 3751 1686 3806 irae
1714 3767 1827 3807 sua:
1869 3755 2066 3809 condi-

477 3843 636 3896 gnos,
691 3829 844 3898 juxta
880 3833 1055 3888 illud:
1094 3836 1156 3891 Si
1180 3838 1491 3910 iniquitates
1534 3844 1915 3912 observaveris,
1959 3847 2068 3902 Do-

476 3921 635 3984 mine,
687 3921 925 3991 Domine,
977 3929 1093 3996 quis
1125 3932 1402 3986 sustinebit
1422 3933 1508 3989 '7?
1537 3935 1676 3991 Iram
1721 3939 1868 3993 enim
1939 3941 2059 4007 Dei,

471 4010 676 4103 justam
713 4030 933 4084 pugnam
967 4027 1022 4075 et
1076 4023 1410 4094 condignum
1441 4030 1773 4099 supplicium
1805 4033 2062 4103 appellat.

476 4099 814 4173 Misericors,
856 4109 1084 4180 inquit,
1130 4112 1277 4170 Deus
1305 4127 1387 4171 est
1418 4134 1432 4170 :
1463 4132 1710 4175 summas
1743 4136 1807 4178 ac
1840 4099 2064 4179 meritas

473 4207 793 4260 pwnasuon
819 4201 1046 4272 iulliget.
1072 4204 1178 4259 Alii
1210 4205 1472 4279 [legunt]:
1507 4209 2062 4300 lrritavitDomiuum

474 4298 733 4352 peccator
765 4294 1072 4348 secundum
1127 4299 1541 4355 multitudinem
1600 4303 1704 4360 irae
1768 4294 1904 4374 suae,
1958 4310 2064 4366 hoc

472 4386 558 4431 est
593 4381 885 4451 condigne,
921 4394 976 4440 et
1011 4395 1176 4456 prout
1206 4390 1456 4460 exigebat
1485 4394 1674 4450 divina
1707 4398 1808 4462 ira,
1847 4417 1969 4471 qua).
1991 4405 2061 4459 ab

2247 2369 2376 2423 Ὅτι
2426 2371 2756 2426 ἐπαινεῖται
2789 2375 2821 2426 ὁ
2857 2374 3208 2443 ἁμαρτωλὸς
3247 2376 3318 2429 ἐν
3375 2374 3506 2441 ταῖς
3557 2375 3772 2428 ἐπιου’

2165 2461 2331 2530 μίαις
2360 2461 2474 2530 τῆς
2499 2463 2711 2532 ψυχῆς
2743 2464 2956 2530 αὑτοῦ,
3010 2466 3110 2519 καὶ
3159 2470 3192 2520 ό
3237 2465 3468 2521 ἀδικῶν
3522 2467 3776 2521 ἐνειιλο-

2170 2552 2382 2620 τεῒται.
2421 2554 2533 2608 Καὶ
2574 2553 2735 2609 τοῦτο
2770 2559 3216 2630 παρατηρητέον,
3254 2559 3330 2623 ὡς
3373 2559 3434 2613 τὸ
3475 2559 3565 2615 ὅτι
3609 2561 3769 2630 παρὶ

2169 2648 2283 2709 τοῖς
2325 2647 2604 2718 Ἑϐραίοις
2625 2688 2639 2712 ,
2669 2650 2772 2704 οὐκ
2807 2651 2898 2704 ἀεὶ
2926 2649 3290 2720 αἰτιολογικὸν
3322 2652 3766 2722 παραλαμϐάνε-

2169 2755 2298 2792 ται·
2331 2739 2450 2792 ἀλλ’
2481 2740 2629 2802 ἔστιν
2660 2743 2748 2796 ὅτε
2802 2745 2898 2798 καὶ
2930 2743 3290 2815 βεϐαιωτικὸν
3351 2747 3448 2800 καὶ
3493 2747 3772 2817 παρέλκον

2173 2831 2387 2886 τίθεται
2444 2835 2588 2888 κατά
2631 2853 2753 2889 τινα
2813 2837 3128 2908 συνήθειαν.
3170 2836 3360 2903 Οὕτως
3407 2839 3524 2905 οὖν,
3571 2840 3766 2910 φησιν,

2176 2925 2487 2996 ἐκράτησεν
2520 2930 2552 2996 ή
2593 2928 2783 2992 κακία,
2817 2928 2891 2993 ὼς
2917 2931 3045 2994 τοὺς
3075 2931 3495 3002 ἁμαρτάνοντας
3525 2934 3772 2987 ἐπαινεῖ-

2175 3016 2301 3070 σθαι
2331 3017 2533 3087 μᾶλλον
2562 3019 2622 3072 ὲν
2665 3021 2779 3084 τοῖς
2825 3020 3303 3092 πλημμελήμασιν
3335 3017 3411 3078 ὧν
3453 3023 3766 3094 ἐπιθυμοῦ-

2177 3127 2283 3178 σιν,
2318 3110 2394 3174 ὡς
2424 3111 2714 3182 ἐμπαθεῖς,
2752 3112 2846 3166 καὶ
2878 3113 3006 3177 τοὺς
3038 3113 3361 3179 ἀδικοῦντας
3394 3116 3767 3186 εὐφημεῖσθαι

2173 3205 2328 3275 παρά
2356 3203 2466 3258 τῶν
2497 3205 2722 3277 ὁμοίων,
2754 3207 2815 3259 ὲν
2844 3201 2927 3270 οἷς
2962 3207 3192 3274 ἀνοσίως
3220 3209 3545 3280 πράττουσι.

2243 3383 2573 3454 Πιφὼξυνε
2611 3385 2721 3438 τὸν
2743 3385 2969 3452 Κύριον
3001 3386 3035 3439 ό
3064 3388 3436 3460 ᾀμαρτωλός.
3480 3389 3575 3452 Εἰς
3609 3390 3765 3443 ἐκδί-

2171 3496 2333 3549 κησιν
2362 3479 2610 3548 ἠρέθισε,
2672 3480 2806 3549 παρ’
2842 3479 3039 3533 ἑαυτοῦ
3100 3480 3298 3547 ὀξύνας
3361 3482 3458 3536 καὶ
3508 3483 3760 3553 ταχύνεις

2169 3573 2358 3634 αὑτὸν,
2383 3571 2449 3624 δι’
2479 3562 2556 3626 ὧν
2581 3571 2905 3642 ἐργάζεται.

2242 3663 2404 3722 Κατὰ
2434 3665 2505 3717 τὸ
2534 3664 2771 3731 πλῆθος
2807 3665 2914 3735 τῆς
2951 3666 3136 3737 ὀργῆς
3165 3666 3354 3721 αὐτοῦ
3377 3669 3489 3721 οὐκ
3517 3667 3767 3738 ἐκζητήλ

2169 3772 2288 3811 σει.
2316 3756 2431 3810 Οὐκ
2463 3755 2630 3822 ἀξίως
2661 3757 2762 3827 τῆς
2797 3759 2970 3829 ὀργῆς
3000 3758 3166 3812 αὐτοῦ
3215 3759 3515 3830 ἀπαιτήσει
3543 3760 3700 3824 δίκας
3731 3760 3763 3815 ὁ

2167 3850 2322 3914 Θεὸς.
2377 3849 2520 3904 Ἐὰν
2556 3850 2667 3921 γὰρ
2697 3851 2952 3920 ἀνομίας
2977 3851 3446 3922 παρατηρήσῃς,
3483 3853 3575 3918 τίς
3617 3855 3764 3907 ὑπο⁹

2167 3942 2485 4011 omiserat;
2537 3943 2708 4014 Ὀργὴ
2741 3944 2797 3997 δὲ
2824 3945 2984 4010 Θεοῦ,
3007 3947 3040 4016 ἡ
3065 3945 3250 4000 δικαία
3277 3947 3538 4016 τιμωρία.
3582 3944 3766 4017 Ἐλεή-

2169 4035 2613 4107 μων,φησὶν,ὣν,
2633 4038 2734 4090 οὐκ
2754 4036 2951 4105 ἐπάγει
2979 4037 3203 4092 κόλασιν
3230 4038 3488 4108 ἄκρατον.
3509 4039 3666 4090 Ἔστι
3695 4037 3757 4092 δὲ

2166 4130 2263 4184 καὶ
2295 4131 2498 4202 ἑτέρως
2527 4131 2668 4184 κατά
2692 4147 2870 4194 τινας,
2901 4130 2985 4184 ὅτι
3027 4130 3329 4201 Παρώξυνε
3356 4131 3448 4184 τὸν
3483 4132 3690 4201 Κύριον
3725 4133 3758 4186 ὁ

2167 4222 2491 4292 ἁμαρτωλὸς
2523 4221 2667 4276 κατά
2690 4222 2749 4275 τὸ
2781 4222 2990 4292 πλῆθος
3017 4222 3119 4294 τῆς
3165 4223 3337 4294 ὀργῆς
3367 4224 3555 4289 αὐτοῦ,
3592 4241 3755 4277 τουτ-

2167 4317 2314 4370 έστιν
2343 4317 2511 4382 ἀξίως
2535 4319 2639 4386 τῆς
2673 4315 2806 4388 παρ’
2859 4316 3028 4370 αὐτοῦ
3061 4317 3236 4389 δήπου
3281 4315 3375 4370 τοῦ
3419 4316 3754 4388 ἀμαρτωλοῦ

2165 4406 2558 4477 ἀναπτομένης
2588 4406 2666 4475 τῷ
2699 4406 2821 4478 Θεῷ
2852 4407 3025 4478 ὀργῆς
3052 4421 3068 4437 ⁸
3109 4407 3506 4478 ἀναπτομένης
3553 4407 3631 4469 δὲ,
3663 4406 3757 4462 διὰ

473 4467 595 4535 ipso
631 4481 920 4537 peccatore
955 4477 1196 4546 propriis
1242 4480 1547 4538 sceleribus
1581 4485 1838 4553 instigata
1865 4467 2050 4548 iuerat

2172 4501 2266 4554 τῶν
2315 4467 2571 4571 πονηρῶν
2625 4467 3073 4570 πράξε’ων”,ἐίτα
3122 4499 3206 4566 τὸ,
3261 4467 3374 4554 ούκ
3413 4467 3755 4567 ἐπιζητήσει,

471 4569 525 4610 et
565 4573 818 4624 accensa,
858 4567 1087 4636 etquod
1126 4570 1397 4639 sequitur,
1429 4589 1533 4628 non
1562 4581 1824 4647 exquiret,
1865 4582 2045 4652 legen-

473 4648 602 4702 dum
634 4649 828 4706 dicunt
880 4671 975 4725 per
1024 4659 1510 4732 interrogationem
1532 4709 1548 4732 ,
1585 4670 1668 4725 vel
1699 4675 1863 4730 etiam
1893 4648 2056 4734 abso-

472 4741 588 4796 lute
617 4784 632 4808 ,
667 4754 720 4798 et
755 4755 888 4804 tunc
942 4751 1012 4806 sit
1074 4770 1294 4824 sensus,
1354 4762 1500 4829 quod
1541 4763 1683 4820 Deus
1743 4783 1844 4836 per
1877 4771 2055 4840 poeni-

470 4838 699 4892 teutiam
751 4841 908 4898 illum
943 4861 1050 4902 non
1089 4852 1362 4920 exquiret,
1395 4856 1487 4925 qui
1522 4857 1594 4912 ita
1624 4875 1749 4915 eum
1791 4838 2050 4922 irritavit.

543 4927 708 4986 Vnus.
743 4933 795 4988 5.
861 4936 985 4992 Non
1015 4951 1093 4995 est
1123 4941 1262 4998 Deus
1295 4947 1349 4999 in
1379 4961 1659 5018 conspectu
1693 4953 1832 5022 ejus.
1890 4955 2056 5012 Putat

466 5033 728 5092 peccator
776 5033 921 5100 quod
973 5051 1098 5091 eum
1151 5037 1296 5094 Deus
1345 5049 2049 5113 peccatacommittentom

468 5131 580 5171 non
617 5119 817 5176 videat.
850 5123 946 5179 Vel
990 5131 1191 5185 aliter:
1229 5131 1371 5189 Deus
1420 5136 1512 5203 qui
1570 5137 1775 5208 ubique
1811 5156 2052 5209 praesens

465 5215 573 5266 est,
599 5224 628 5261 a
664 5217 974 5278 peccatoris
1006 5220 1182 5274 oculis
1209 5237 1318 5278 non
1347 5226 1671 5296 percipitur.

457 5368 468 5386 Ἰ
542 5297 845 5372 Inquinata:
873 5320 997 5362 sunt
1031 5311 1127 5364 vim
1153 5313 1300 5370 illius
1353 5316 1408 5370 in
1439 5321 1587 5372 omni
1611 5329 1864 5390 tempore.
1907 5320 2046 5376 Cum

608 5487 659 5520 ⁹⁷
694 5491 840 5547 Psal.
871 5510 1058 5562 cxxtx,
1082 5496 1137 5551 5.

2161 4593 2282 4646 κατ’
2306 4590 2579 4664 ἐρώτησιν
2604 4590 2986 4658 ἀναγνωστέον
3007 4607 3020 4622 ο
3057 4591 3089 4661 ἢ
3117 4591 3212 4644 καὶ
3249 4586 3409 4653 αὖθις
3454 4590 3594 4645 κατά
3617 4591 3756 4644 ἀπύ-

2162 4703 2328 4754 φασιν
2365 4683 2500 4755 (48),
2521 4677 2656 4739 οἷον
2692 4683 2851 4736 Οὕτω
2877 4682 3185 4751 παροξύνας
3221 4683 3312 4737 τὸν
3341 4683 3495 4749 Θεὸν,
3528 4685 3628 4738 οὐκ
3659 4686 3756 4738 ἐκ-

2164 4781 2392 4849 ζητήσει
2417 4776 2580 4830 αὑτὸν
2609 4775 2697 4830 διὰ
2729 4777 3044 4847 μετανοίας.

2235 4962 2355 5014 Οὐκ
2381 4959 2554 5014 ἔστιν
2584 4960 2618 5012 ὀ
2651 4959 2796 5024 Θεὸς
2840 4959 3101 5014 ἐνώπιον
3157 4961 3369 5016 αὐτοῦ.
3419 4961 3504 5023 Ὠς
3548 4961 3748 5030 οἴεται,

2161 5052 2222 5104 οὐ
2250 5051 2440 5122 βλέπει
2471 5049 2634 5102 αὐτὸν
2686 5048 2834 5103 οὕτω
2874 5051 3183 5122 πράττοντα
3209 5054 3237 5105 ό
3267 5053 3427 5117 Θεός·
3464 5052 3496 5124 ἤ
3520 5054 3579 5104 οὐ
3605 5051 3753 5125 λαμ-

2159 5143 2382 5196 ϐάνεται
2419 5142 2525 5211 πρὸ
2558 5141 2856 5212 ὀφθαλμῶν
2887 5144 3076 5211 αὐτοῦ,
3115 5145 3191 5208 ὡς
3217 5146 3432 5218 παρών.

2228 5323 2642 5388 Matinio-Errat
2683 5327 2742 5380 al
2775 5324 2902 5381 ὁδοὶ
2957 5327 3149 5384 αὐτοῦ
3188 5329 3258 5384 ἐν
3307 5331 3488 5386 παντὶ
3533 5330 3746 5404 καιρῷ.

1801 5640 1998 5701 Varire
2038 5639 2376 5709 lectiones.

542 5783 756 5859 (47-48)
783 5789 970 5848 Graeca
999 5793 1075 5849 ita
1103 5806 1301 5852 sonant
1323 5813 1337 5851 :
1359 5795 1496 5866 quod
1529 5798 1652 5853 talis
1685 5815 1800 5854 cum
1821 5802 1888 5857 sit
1921 5800 2198 5874 (iuipiusvi
2229 5803 2442 5880 dclicct)
2471 5817 2759 5876 prospcrct.

3801 5198 3812 5216 \

3813 5226 3834 5252 Χ
