4082 6212
259 359 361 425 15³7

1426 354 1815 415 (ΣΟΜΜΕΝΤ.
1855 353 1936 412 ΙΝ
1979 356 2110 416 PSA
2122 360 2346 422 LMOS.

3407 349 3511 417 158

246 475 341 545 Μὴ
364 470 653 534 δοκοῦντις
675 468 1000 540 ρλὲπεσθαι,
1022 468 1220 540 μαιραὶ
1240 469 1482 538 γίνονται
1513 470 1568 523 αἱ
1599 470 1824 540 πράξεις

1932 483 2193 542 peccator
2218 491 2317 530 sua
2350 474 2519 531 videri
2549 492 2656 531 non
2689 482 2844 546 putat
2868 460 3090 540 delicta,
3127 468 3509 544 perversiores

243 567 342 620 τοῦ
373 562 705 635 ἀμαρτωλοῦ
731 562 827 617 καὶ
857 563 1290 633 μεμολυσμέναι.

326 654 786 725 Ἅνταναιρεῖται
815 655 887 708 τὰ
917 651 1172 725 κρίματά
1205 667 1324 711 σου
1350 654 1833 725 ἀπό’προσώπου

242 751 453 806 αὐτοῦ.
491 749 880 821 Ἀφαιροῦνται
929 750 986 803 αἱ
1019 751 1235 821 κρίσεις
1270 767 1367 804 σου
1400 748 1509 803 ἀπὸ
1564 747 1659 801 τοῦ
1708 746 1830 810 νοὸς

247 841 422 897 αὐτοῦ
446 859 462 874 ·
497 841 626 906 νοῦς
677 843 786 912 γὰρ
843 840 949 914 δρᾷ
975 856 992 874 ο
1026 839 1307 894 τουτέστιν
1340 838 1717 901 ὲκϐἀλλονται,
1754 835 1830 907 μὴ

243 935 660 1006 ἑνθυμουμένου
693 933 919 997 ταύτας.
946 933 1085 1005 μηδὲ
1114 932 1494 1003 λογιζομένου,
1526 931 1610 986 ὅτι
1635 930 1831 1001 κριτὴς

244 1023 297 1081 εἴ
322 1028 560 1093 δῖκαιος,
599 1028 695 1081 καὶ
749 1025 998 1097 ἰσχυρὸς,
1052 1025 1150 1081 καὶ
1207 1023 1584 1095 μακρόθυμος.
1618 1020 1832 1092 Παρελ-

242 1135 420 1172 κουσα
442 1117 502 1171 δὲ
531 1120 564 1189 ἡ
596 1119 729 1174 ἀντι
759 1116 1019 1186 πρόθεσις
1039 1157 1055 1183 ,
1092 1116 1187 1171 καὶ
1219 1114 1827 1188 καταχρηστικὼτερον,

243 1211 445 1281 ὥσπερ
480 1211 573 1263 ἐπὶ
598 1209 700 1278 τῆς
732 1209 1144 1272 ἀνταποδόσεως
1169 1206 1603 1280 ὴρμηνεύκαμεν
1625 1219 1640 1235 ο
1666 1206 1831 1276 ἢρκει

241 1304 353 1374 γὰρ
386 1304 584 1365 εἰπεῖν,
620 1296 1055 1371 Ἀναιρεῖται.Ἣ
1079 1300 1172 1355 καὶ
1190 1298 1384 1363 ἄλλως·
1403 1297 1712 1367 Ἀναὶρεσις
1730 1294 1829 1365 μὲν

243 1397 347 1465 τῆς
378 1394 683 1465 ἁμαρτίας,
714 1395 773 1447 al
804 1393 898 1447 τοῦ
923 1390 1058 1446 Θεοῦ
1089 1392 1320 1463 κρίσεις,
1348 1391 1416 1457 ἃς
1440 1394 1468 1444 ὁ
1498 1388 1829 1461 ἁμαρτάνων

245 1487 662 1557 ἐνθυμούμενος
720 1484 994 1539 παύεταιο
1060 1484 1446 1554 ἀνταναῖρεσις
1505 1482 1562 1535 δὲ
1619 1481 1830 1535 τούτων

244 1579 425 1645 αὖθις,
464 1579 500 1648 ἡ
529 1575 669 1649 λήθη
706 1578 911 1631 αὐτῶν.

199 1840 203 1861 ί
317 1853 572 1909 Πάντων
630 1852 752 1905 τῶν
804 1849 1037 1920 ἐχθρῶν
1097 1850 1289 1906 αὑτοῦ
1335 1848 1822 1921 κατακυριεύσει.

246 1948 464 2009 Πάντας
490 1947 779 2016 ἀμυνεῖται
808 1944 935 2008 τοὺς
963 1944 1398 2014 ἀνθισταμένους
1424 1944 1597 2014 αὐτῷ,
1617 1944 1704 1997 διὰ
1725 1942 1828 2015 τὴν

241 2039 339 2092 τοῦ
391 2035 530 2091 Θεοῦ
566 2035 954 2108 μακροθυμίαν
1006 2035 1511 2108 παραχωρούμενος
1562 2028 1826 2100 πολλάκις

242 2131 400 2202 νικᾷν
429 2131 528 2184 καὶ
551 2132 611 2184 ὲν
636 2132 752 2194 τοῖς
781 2130 1063 2200 πολέμοις.

314 2216 503 2278 εἶπεν
540 2222 653 2293 τὰρ
681 2223 752 2277 ἐν
775 2222 989 2291 καρδίᾳ
1022 2222 1213 2278 αὐτοῦ
1237 2236 1251 2253 ⁸
1294 2224 1378 2277 οὐ
1401 2220 1490 2292 μὴ
1516 2218 1821 2276 σαλευθῶ.

247 2316 570 2386 Παράμονον
600 2316 819 2385 ἐνόμισε
852 2316 951 2386 τὴν
994 2314 1338 2386 εὐημερίαν
1381 2314 1708 2383 σαλευθῆναι
1741 2310 1821 2379 δὲ,

246 2408 303 2460 τὸ
326 2408 744 2479 μετατραπῆναι
771 2407 874 2477 τῆς
907 2406 1213 2478 δυνάμεως.

326 2588 470 2643 Ἀπὸ
496 2586 712 2657 γενεᾶς
739 2590 827 2654 εις
868 2588 1083 2657 γενεὰν
1122 2587 1270 2642 ἄνευ
1294 2572 1509 2642 κακοῦ.
1539 2585 1732 2640 Aelim
1762 2584 1825 2639 τὸ

241 2684 476 2753 ἔσομαι,
498 2682 533 2753 ἦ
563 2682 923 2752 διαϐήσομαι
946 2699 961 2715 ·
987 2682 1236 2752 ἐνενόησε
1276 2680 1386 2751 γὰρ
1423 2681 1505 2734 ότι
1543 2681 1825 2747 ἀνέπαφος

243 2774 396 2826 ἔσται
426 2773 753 2837 κακώσεως,
811 2771 921 2825 ἀπὸ
962 2774 1159 2841 γενεᾶς
1187 2772 1267 2835 εἰς
1293 2772 1511 2840 γενεὰν,
1548 2771 1820 2834 τουτέστι,

243 2866 371 2936 παρ’
421 2864 555 2935 an»
583 2864 763 2935 ζωήν·
821 2864 1019 2933 γενεὰν
1067 2864 1181 2932 γὰρ
1228 2865 1467 2920 ἐνταῦθα
1520 2865 1620 2937 τὴν
1669 2865 1820 2935 ζωὴν

245 2957 479 3029 οἰητέον,
540 2960 843 3024 τουτέστιν,
873 2957 983 3012 ἀπὸ
1013 2958 1111 3030 τῆς
1139 2958 1337 3012 ἑαυτοῦ
1388 2958 1518 3029 ἄχρι
1567 2959 1667 3030 τῆς
1701 2956 1825 3029 μετ’

247 3050 426 3104 αὐτόν.

309 3230 393 3291 Οὗ
437 3235 591 3302 ἀρᾶς
627 3236 695 3289 τὸ
735 3237 931 3304 στόμα
957 3236 1146 3291 αὐτοῦ
1180 3236 1364 3306 γέμει,
1421 3234 1518 3288 καὶ
1555 3233 1818 3301 πικρίας,

251 3328 345 3383 καὶ
373 3327 588 3383 δόλου.
624 3320 700 3381 Ob
722 3344 870 3391 τινος
906 3327 1096 3382 αὑτοῦ
1132 3326 1201 3380 τὸ
1237 3325 1462 3394 στόμι’
1496 3323 1727 3394 σύνηθες
1764 3322 1823 3375 δὲ

249 3417 340 3471 καὶ
363 3417 524 3471 τοῦτο
552 3418 614 3471 τὸ
637 3417 825 3488 σχῆμα
857 3419 925 3489 τῇ
957 3415 1064 3470 τῶν
1113 3414 1382 3487 Ἑϐραίων
1413 3413 1701 3483 διαλέκτῳ,
1725 3412 1823 3466 καὶ

252 3506 517 3579 πολλαχοῦ
574 3509 851 3577 κείμενον,
921 3508 1068 3576 λέγω
1111 3506 1178 3579 δὴ
1235 3507 1297 3561 τὸ
1350 3505 1707 3574 συζευγνύειν
1752 3502 1823 3557 τὰ

251 3595 421 3666 ἄρθρα
475 3598 598 3660 ταῖς
651 3595 1019 3666 ἀντωνυμιαις
1037 3638 1053 3663 ,
1084 3595 1163 3661 ὡς
1195 3596 1265 3650 τό
1285 3612 1301 3631 ο
1338 3595 1642 3664 Μακάριος
1672 3590 1748 3651 οὗ
1788 3596 1821 3649 δ

254 3690 394 3753 Θεὸς
428 3688 634 3743 Ἰακὼϐ
675 3689 908 3759 βοηθὸς
943 3689 1133 3745 αὐτοῦ
1153 3704 1170 3723 ·
1229 3689 1325 3744 καὶ
1355 3689 1419 3743 τό
1439 3704 1457 3718 ·
1516 3687 1823 3758 Μακάριος

253 3780 439 3849 ἀνὴρ,
479 3775 531 3848 ᾧ
571 3781 747 3835 ἐστιν
784 3781 1115 3849 ἀντίληψις
1145 3780 1307 3846 αὐτῷ
1335 3780 1497 3850 παρὰ
1538 3780 1675 3836 σοῦ.
1720 3781 1823 3834 Πι-

259 3874 565 3944 πλησμένον
588 3874 644 3926 δέ
673 3875 824 3927 ἐστιν
881 3875 1042 3945 ἀρᾶς,
1076 3876 1471 3947 καταρωμένου
1505 3876 1641 3929 πᾶσι
1669 3890 1685 3905 ’
1728 3876 1824 3931 καὶ

255 3967 501 4034 πικρίας,
526 3965 764 4034 ὀργίλως
794 3965 1174 4036 φθεγγομένου
1195 3982 1210 3997 °
1236 3966 1332 4020 καὶ
1361 3963 1536 4030 δόλου,
1571 3965 1651 4030 μὴ
1674 3980 1823 4035 χρω-

260 4054 417 4124 μένου
448 4059 561 4111 τοῖς
590 4055 651 4109 λο
663 4073 771 4125 τοις
788 4057 931 4109 κατὰ
962 4056 1061 4126 τὴν
1092 4056 1348 4129 καρδίαν,
1376 4054 1495 4110 ἀλλ’
1525 4055 1688 4126 ἔτερα
1720 4053 1823 4126 μὲν

256 4146 520 4217 λέγοντος,
552 4148 721 4220 ’ἐτερα
750 4147 810 4202 δὲ
838 4148 1194 4220 κρύπτοντος.

333 4330 478 4385 Ὑπὸ
507 4330 625 4399 τὴν
650 4328 943 4401 γλῶσσαν
969 4331 1161 4387 αὐτοῦ
1216 4330 1407 4399 κόπος
1462 4331 1564 4388 καὶ
1606 4332 1814 4398 πόνος.

271 4424 479 4479 Ἐκεῖνα
510 4424 836 4495 φθέγγεται,
871 4423 911 4480 ἃ
942 4424 1113 4485 κόπον
1141 4426 1234 4479 καὶ
1264 4425 1429 4481 πόνον
1446 4426 1562 4488 τοῖς
1594 4425 1821 4480 ἐπιϐου-

260 4515 562 4588 λευομένοις
586 4518 943 4589 παρέχουσιν.
980 4519 1054 4573 Ἥ
1081 4518 1177 4573 καὶ
1200 4520 1261 4572 ὲν
1281 4520 1347 4590 τῇ
1375 4517 1698 4587 διδασκαλίᾳ
1719 4518 1821 4571 αὒ-

262 4611 344 4664 τοῦ
378 4611 626 4681 κάματος
649 4612 747 4664 καὶ
775 4609 961 4682 ὀδύνη,
994 4605 1070 4664 ὧν
1100 4609 1422 4681 μεθέξουσιν
1453 4610 1502 4663 οἱ
1530 4608 1680 4679 αὐτῷ
1703 4627 1823 4664 πει-

264 4700 490 4770 θόμενοι,
548 4699 626 4771 μὴ
673 4700 1023 4771 εὑρίσκοντες
1050 4699 1150 4771 τὴν
1181 4701 1389 4756 ἄνεσιν.
1440 4702 1511 4753 Ἥ
1543 4700 1639 4754 καὶ
1668 4699 1823 4772 κάμῃ

262 4793 345 4845 καὶ
384 4793 780 4863 όδυνηθήσεται
828 4793 865 4864 ή
907 4791 1129 4861 γλῶσσα
1177 4790 1381 4858 αὐτοῦ,
1431 4791 1503 4846 τὰ
1537 4790 1681 4845 κατὰ
1712 4789 1822 4845 τῶν

266 4886 504 4956 πολέμων
562 4887 937 4958 φθεγγομένη.
990 4886 1091 4940 Διὰ
1150 4886 1210 4940 δὲ
1269 4887 1371 4956 τῆς
1433 4876 1823 4954 γλωσσαλγίας

266 4976 449 5048 ταύτης
477 4977 579 5050 τὴν
608 4979 898 5049 συνέχειαν
925 4978 1037 5033 τῶν
1066 4978 1244 5047 λόγων
1277 4978 1571 5051 ἐδήλωσεν.

338 5255 681 5324 Ἑγκάθηται
717 5255 788 5308 ἐν
818 5256 1032 5326 ἐνέδρᾳ
1056 5273 1206 5326 μετα
1226 5257 1562 5312 πλουσίων.
1593 5259 1825 5329 Ἔνεδρά

270 5344 370 5398 ἐστι
395 5346 559 5410 τόπος
588 5346 842 5417 κρύφιος,
866 5339 913 5415 ᾧ
934 5364 1021 5411 τις
1058 5347 1549 5418 ὲγκαταδυόμενος.
1597 5350 1824 5418 ἀφανῶς

272 5436 556 5493 ἐπιτίθεται
604 5443 721 5502 τοῖς
752 5439 1033 5510 παριοῦσι.
1068 5439 1378 5508 Καταλέγει
1404 5439 1464 5494 δὲ
1492 5441 1522 5495 ό
1540 5440 1697 5510 λόγος
1725 5445 1824 5507 τὰς

274 5529 549 5595 πολυειδεῖς
579 5530 783 5593 κακίας
817 5531 928 5585 τῶν
959 5531 1246 5602 πονηρῶν,
1279 5531 1347 5595 ἃς
1370 5537 1547 5589 ποιεῖν
1574 5535 1819 5602 εἰώθασι,

277 5620 385 5683 τοὺς
413 5621 615 5688 δόλους,
642 5623 743 5684 τὰς
786 5622 1097 5687 ἐπιϐουλὰς,
1127 5623 1225 5687 τὰς
1258 5625 1537 5694 ἁρπαγὰς,
1574 5629 1695 5692 τοὺς
1724 5629 1822 5697 φά-

324 5796 511 5857 "l‘sal.
536 5815 698 5867 chv,
734 5801 790 5856 5.
838 5798 1043 5856 "Psal.
1071 5816 1297 5871 uuln,
1343 5801 1400 5860 θ.

1935 579 2151 635 semper
2183 574 2352 637 atque
2378 567 2782 637 inquinatiores
2818 568 2955 622 liunt
2981 565 3102 633 ejus
3136 577 3341 619 mores.

2008 659 2339 729 Auferuntur
2360 659 2574 727 judicia
2605 669 2695 713 tua
2721 677 2751 713 α
2789 659 2927 726 facie
2968 657 3108 726 ejus.
3138 655 3378 720 Judicia,
3420 656 3509 710 in-

1932 754 2074 823 quit,
2110 763 2201 808 tua
2237 753 2307 809 ab
2338 753 2458 822 ejus
2485 752 2770 807 intellectu
2809 750 3161 806 auferuntur.
3191 748 3307 815 lpse
3331 748 3509 813 siqui-

1932 844 2056 897 dem
2114 843 2428 898 intellectus
2480 843 2670 897 oculos
2705 842 2870 895 etiam
2906 853 3040 894 suos
3087 837 3272 891 habet.
3306 836 3507 889 Verum

1934 935 2254 1004 hujusmodi
2294 933 2628 1003 delinquens
2656 940 2821 987 tantm
2849 931 3114 986 caecitatis
3138 939 3243 993 est,
3276 935 3335 981 ut
3355 926 3508 994 judi—

1933 1025 2041 1091 cia,
2073 1040 2195 1095 quae
2227 1040 2257 1080 a
2288 1034 2341 1080 te
2371 1024 2751 1095 proferuntur,
2784 1038 2893 1077 non
2926 1022 3129 1082 videat.
3168 1036 3275 1074 non
3327 1018 3511 1072 consi-

1931 1119 2108 1183 deret,
2137 1133 2245 1172 nou
2277 1118 2696 1176 animadvertat.
2731 1123 2784 1170 te
2808 1114 3043 1179 iustum,
3073 1112 3268 1167 fortem
3303 1118 3356 1164 et
3381 1109 3507 1163 lon-

1934 1207 2469 1281 ganimemjudicem
2501 1223 2646 1263 esse.
2683 1205 2978 1262 Redundat
3006 1216 3187 1259 autem
3226 1199 3510 1273 praeposi-

1932 1306 2010 1358 tio
2041 1302 2183 1367 ἀντὶ,
2220 1308 2275 1357 et
2319 1300 2545 1356 abusive
2597 1308 2918 1369 usurpatur,
2960 1307 3020 1352 ut
3064 1298 3118 1351 in
3159 1311 3293 1350 voce
3343 1295 3508 1348 ἀντα-

1937 1395 2211 1456 ποδόσεως
2243 1394 2588 1462 interpretati
2619 1406 2833 1447 sumus.
2870 1389 2966 1444 Sat
2999 1390 3143 1443 enim
3173 1395 3291 1442 erat
3319 1387 3503 1441 dicere

1930 1489 2263 1558 ἀναιρεῖται.
2296 1484 2392 1540 Vel
2423 1485 2528 1539 alia
2560 1485 2774 1539 ratione
2805 1498 2819 1535 :
2847 1480 3064 1537 Peccati
3092 1481 3308 1548 quidem
3333 1479 3503 1534 oblit-

1931 1578 2129 1631 teratio
2155 1583 2285 1632 sunt
2320 1574 2414 1630 Dei
2443 1574 2676 1644 judicia,
2723 1572 2928 1645 quippe
2960 1588 3081 1641 quae
3114 1572 3422 1642 recogitans
3454 1571 3503 1625 is

1930 1670 2024 1737 qui
2060 1678 2273 1738 peccat,
2308 1683 2337 1721 a
2368 1676 2597 1747 peccato
2625 1665 2862 1721 desistit.
2899 1663 3225 1721 Divinarum
3260 1662 3503 1718 vicissim

1852 1796 1900 1859 Β
1930 1762 2260 1818 oblitteratio
2285 1759 2616 1831 iudiciorum
2653 1769 2737 1814 est
2766 1773 2955 1814 eorum
2988 1755 3217 1813 oblivio.

2000 1855 2252 1910 Omnium
2289 1854 2627 1909 inimicorum
2680 1869 2900 1907 suorum
2932 1852 3313 1906 dominabitur.
3344 1846 3501 1905 Ulci-

1928 1955 2116 2003 scetur
2160 1961 2354 2001 omnes
2407 1945 2498 2015 qui
2551 1945 2824 2001 adversus
2875 1960 3002 1999 eum
3053 1944 3501 2004 insurrexerunt.

1927 2041 2059 2106 Deo,
2112 2039 2530 2112 longanimitate
2561 2053 2682 2101 sua,
2719 2037 3074 2107 permittente
3107 2036 3261 2090 illum
3291 2033 3503 2104 saepius

1927 2137 1983 2191 in
2014 2135 2156 2190 bello
2180 2134 2431 2189 inimicos
2460 2147 2593 2187 suos
2626 2144 2912 2200 superare.

2003 2225 2164 2282 Vens.
2195 2226 2249 2281 6.
2290 2225 2435 2279 Dixit
2474 2224 2614 2278 enim
2646 2223 2700 2277 in
2727 2221 2883 2276 corde
2905 2234 3038 2274 suo:
3068 2215 3189 2271 Non
3232 2215 3495 2271 movebar.

1926 2319 2094 2374 Putat
2156 2316 2477 2372 felicitatem
2541 2327 2698 2369 suam
2730 2311 2825 2366 diu
2878 2326 3005 2366 esse
3056 2320 3501 2379 permansurum.

1926 2410 2132 2468 Moveri
2169 2408 2314 2464 enim
2349 2406 2462 2471 hic,
2515 2404 2765 2474 intellige
2819 2417 2920 2472 pro
2965 2402 3191 2461 mutari,
3252 2411 3282 2453 a
3327 2398 3497 2469 priori

1925 2504 2189 2560 nimirum
2226 2498 2473 2571 petentia
2504 2503 2669 2565 atque
2699 2510 2728 2548 a
2757 2491 2996 2563 propriis
3023 2492 3248 2547 viribus.

1936 2635 1955 2643 .-
1997 2598 2039 2650 Α
2076 2592 2411 2668 generatione
2458 2590 2514 2644 in
2566 2587 2960 2658 generationem
2994 2584 3106 2638 sine
3145 2581 3310 2636 malo.
3357 2579 3504 2634 Sub-

1926 2690 2174 2760 intellige
2228 2687 2459 2741 verbum
2516 2699 2629 2746 ero,
2685 2681 2770 2735 vel
2818 2679 3150 2748 pertransibo
3180 2690 3201 2729 :
3232 2674 3498 2739 cogitavit

1924 2785 2072 2842 enim
2107 2789 2369 2851 peccator
2406 2778 2498 2833 ille
2524 2785 2579 2832 et
2609 2774 2864 2836 credidit,
2904 2789 2964 2829 se
2998 2787 3025 2825 a
3068 2768 3418 2839 generatione
3442 2765 3498 2819 in

1926 2876 2357 2949 generationem.
2410 2870 2513 2925 hoc
2546 2876 2631 2923 est
2680 2882 2778 2937 per
2825 2873 2990 2918 totam
3025 2863 3212 2926 vitam,
3253 2861 3496 2913 futurum

1925 2948 2139 3037 absque
2167 2964 2463 3020 afﬂictione
2495 2960 2706 3029 aliqua.
2746 2956 3168 3012 Generationem
3219 2952 3361 3005 enim
3408 2948 3499 3002 hic

1926 3061 2112 3131 posuit
2143 3073 2245 3127 pro
2267 3056 2375 3110 vita
2409 3071 2425 3108 :
2465 3050 2623 3123 quasi
2652 3050 2824 3113 dicat,
2882 3048 2951 3101 ab
2983 3044 3104 3116 ejus
3134 3043 3243 3098 vita
3279 3040 3346 3095 ad
3377 3054 3498 3096 eam

1923 3168 2048 3223 qum
2074 3151 2179 3205 erit
2210 3156 2337 3218 post
2367 3146 2487 3215 ejus
2514 3132 2770 3198 mbrtem.

1993 3243 2164 3299 Vsus.
2193 3242 2246 3296 7.
2306 3238 2479 3307 Cujus
2528 3233 2903 3289 maledictione
2937 3246 2993 3284 os
3028 3227 3142 3297 ejus
3170 3225 3406 3295 plenum,
3445 3229 3497 3275 et

1924 3335 2285 3393 amaritudine
2317 3340 2366 3387 et
2400 3330 2545 3386 dolo.
2568 3327 2747 3383 Verba
2796 3325 2887 3378 illa
2935 3321 3009 3377 0s
3031 3320 3168 3391 ejus,
3203 3332 3352 3374 more
3391 3314 3500 3370 He-

1923 3429 2099 3486 braiei
2139 3423 2423 3482 idiomatis
2452 3421 2631 3493 posita
2659 3428 2811 3480 sunt.
2842 3413 3306 3487 quemadmodum
3354 3406 3498 3462 mul-

1925 3524 1998 3578 tis
2041 3522 2096 3575 in
2122 3520 2260 3575 locis
2300 3514 2600 3586 reperitur.
2647 3510 2839 3566 Solent
2866 3510 3010 3564 enim
3046 3501 3254 3560 llebraai
3291 3512 3498 3571 prono-

1925 3615 2070 3670 mina
2103 3609 2357 3667 articulis
2390 3606 2762 3677 conjungere;
2796 3597 3105 3671 cujusmodi
3129 3603 3183 3650 et
3213 3592 3346 3649 illud
3371 3597 3494 3646 est:

1924 3708 2122 3763 Beatus
2143 3702 2299 3772 cujus
2322 3699 2465 3754 Deus
2486 3696 2656 3752 Iacob
2685 3695 2814 3763 adju
2826 3702 2907 3745 tor
2934 3691 3049 3759 ejus
3067 3688 3133 3741 ‘°.
3165 3685 3293 3741 Item
3317 3680 3450 3736 illud
3476 3694 3495 3733 :

1922 3798 2118 3853 Beatus
2145 3795 2225 3847 vir
2252 3791 2338 3845 cui
2361 3797 2440 3844 est
2470 3787 2736 3841 auxilium
2768 3785 2817 3837 ei
2852 3782 2947 3834 abs
2979 3791 3025 3833 te
3047 3778 3114 3831 ”.
3172 3775 3273 3829 Est
3303 3783 3491 3826 autem

1923 3886 2312 3945 maledictione
2347 3883 2570 3953 plenum
2600 3894 2685 3941 os,
2713 3891 2837 3931 cum
2869 3871 3127 3929 omnibus
3161 3864 3493 3921 maledicat:

1922 3989 1977 4038 et
2007 3974 2394 4036 amaritudine,
2421 3961 2549 4027 cum
2574 3968 2837 4024 iracunde
2879 3964 2947 4019 ad
2994 3976 3186 4017 omnes
3210 3959 3493 4027 loquatur.

1921 4074 2057 4129 Dolo
2083 4072 2246 4127 etiam
2273 4067 2492 4137 plenum
2523 4064 2748 4126 dicitur,
2784 4074 2911 4115 cum
2956 4071 3063 4111 non
3093 4070 3158 4108 ex
3189 4049 3354 4105 corde
3381 4060 3499 4101 ser-

1924 4177 2142 4221 monem
2177 4157 2444 4231 proferat,
2476 4154 2573 4211 sed
2613 4153 2720 4207 alia
2747 4150 2927 4214 dicat,
2953 4155 3006 4203 et
3042 4145 3144 4199 alia
3178 4144 3231 4197 in
3275 4144 3495 4196 secreto

1922 4252 2089 4309 animi
2125 4250 2348 4306 habeat.

1992 4345 2098 4402 Sub
2134 4345 2319 4415 lingua
2346 4342 2463 4410 ejus
2499 4337 2653 4393 labor
2677 4340 2727 4388 et
2754 4331 2928 4386 dolor.
2987 4329 3082 4393 Ea,
3140 4322 3357 4389 inquit,
3415 4315 3499 4415 lo;

1852 4470 1900 4529 ι)
1925 4439 2130 4510 quitur,
2163 4396 2289 4503 quae
2336 4396 2578 4488 laborem
2605 4435 2661 4482 et
2688 4424 2932 4493 dolorem
2988 4420 3057 4524 iis
3089 4418 3332 4529 pariunt,
3370 4396 3512 4529 qtlti:

1927 4503 2031 4587 bus
2073 4526 2308 4584 insidias
2335 4523 2513 4578 tendit
2546 4537 2561 4574 :
2599 4520 2687 4574 vel
2717 4517 2843 4587 quia
2891 4513 2945 4568 in
2976 4509 3093 4581 ejus
3127 4504 3377 4563 doetriua
3415 4503 3495 4553 la-

1926 4623 2031 4680 bor.
2060 4629 2146 4677 est
2194 4627 2251 4674 et
2281 4616 2459 4679 dolor,
2491 4626 2727 4682 quorum
2763 4614 2927 4664 erunt
2972 4601 3271 4675 participes
3319 4594 3414 4665 qui
3443 4591 3497 4648 ei

1926 4717 2332 4781 obtemperant,
2354 4707 2485 4762 dum
2510 4704 2717 4758 nullam
2742 4701 2799 4754 in
2820 4698 2942 4768 ejus
2969 4694 3218 4751 doctrina
3251 4685 3496 4758 requiem

1926 4779 2248 4867 invenient;
2282 4801 2370 4856 vel
2395 4799 2450 4853 in
2477 4797 2667 4852 labore
2703 4800 2758 4848 et
2778 4791 2968 4846 dolore
2992 4794 3110 4843 erat
3140 4786 3322 4853 lingua
3350 4779 3496 4848 ejus,

1927 4898 2140 4957 laboris
2178 4895 2442 4951 nimirum
2497 4898 2553 4944 et
2599 4880 2811 4942 doloris
2860 4882 3028 4938 verba
3084 4879 3351 4934 adversus
3399 4886 3498 4927 eos

1931 4991 2221 5066 proferens
2258 4999 2399 5056 quos
2426 4979 2809 5051 impugnabat.
2843 4972 3172 5045 ilujusmodi
3207 4977 3398 5066 autem.
3420 4967 3502 5019 ιο-

1932 5057 2138 5151 quendi
2171 5076 2336 5134 modo
2359 5072 2749 5145 loquacitatem
2785 5068 2936 5122 illius
2967 5080 3032 5120 ac
3056 5057 3496 5117 maledicentiam

1931 5170 2215 5228 indicavit.

2004 5262 2169 5317 Vsus.
2192 5260 2247 5315 8.
2280 5256 2437 5314 Sedet
2478 5256 2529 5308 in
2561 5252 2771 5309 insidiis
2800 5267 2919 5305 cum
2942 5246 3212 5302 divitibus.
3235 5242 3337 5296 Per
3367 5237 3503 5292 insi-

1928 5353 2049 5409 dias
2095 5348 2377 5404 occultum
2441 5345 2768 5400 insidiarum
2804 5341 2986 5395 locum
3031 5331 3302 5403 intelligit,
3351 5326 3498 5382 unde

1926 5444 2282 5501 insidiatores
2311 5441 2547 5497 latenter
2593 5437 2773 5494 solent
2804 5433 3064 5502 impetum
3094 5426 3298 5479 facere.
3342 5420 3494 5475 Con-

1927 5544 2184 5593 numerat
2207 5544 2390 5591 autem
2413 5532 2688 5600 Propheta
2709 5527 2823 5590 hic,
2843 5517 3170 5588 multiplicia
3201 5528 3495 5586 pravorum

1929 5629 2214 5687 hominum
2258 5627 2415 5691 vitia,
2448 5624 2606 5680 dolos
2638 5616 2909 5679 videlicet,
2952 5608 3209 5673 insidias,
3245 5607 3495 5678 rapinas,
