4090 6212
519 301 626 371 159

1740 318 2133 381 EUTHYMII
2164 315 2537 385 'ZTGABEN'I

3684 335 3787 402 160

514 430 716 491 czedes,
778 436 946 501 atque
1000 434 1105 487 alia
1148 434 1488 504 hujusmotli.
1543 440 1860 493 Aliscoudet
1917 445 2089 505 enim.

2200 455 2346 501 νςυς.
2395 443 2488 492 καὶ
2522 441 2588 493 τὰ
2626 442 2872 498 τοιαῦτα.
2918 444 3490 517 Ἑγκατακρύπτεται.
3523 450 3685 519 φησὶ,
3718 455 3786 524 τῇ

516 519 715 587 inquit,
752 538 810 576 se
842 524 896 577 in
940 524 1180 593 insidiis,
1210 528 1375 581 simul
1414 545 1537 583 cum
1592 532 1680 591 iis,
1715 535 1806 599 qui
1841 536 1988 589 vitiis
2017 539 2101 591 di-

515 614 685 665 tiores
719 623 885 680 sunt;
934 616 1035 671 hoc
1072 625 1157 673 est
1200 622 1293 690 qui
1330 623 1710 691 prmclariores
1741 635 1796 679 et
1831 629 2102 683 celebrio-

511 717 602 756 res
660 712 787 757 sunt
844 706 899 760 in
960 707 1388 781 delictiszquos
1434 718 1603 773 veluti
1666 722 1855 777 eadem
1910 742 2098 782 secum

511 796 818 853 sentientes
846 801 1028 858 socios
1060 805 1165 859 sibi
1200 806 1440 863 habebit.
1499 812 1703 869 Deinde
1738 817 1971 875 insidias
2003 821 2102 877 de-

511 886 751 954 clarans,
793 893 1121 951 insidiarum
1154 900 1316 954 etiam
1350 917 1575 959 causam
1604 907 1778 965 addit:

496 1049 501 1053 ς
586 978 653 1034 1η
704 985 930 1041 occultis
980 997 1039 1041 ut
1087 992 1380 1062 interﬁciat
1427 998 1782 1059 innocentem.
1820 1003 1888 1060 Ut
1914 1010 2098 1075 morti,

511 1072 712 1142 inquit,
741 1079 862 1134 sine
894 1094 1060 1136 causa
1089 1100 1213 1139 eum
1249 1083 1478 1159 tradat,_
1508 1095 1598 1158 qui
1634 1098 1781 1151 nulla
1817 1115 1940 1154 cum
1969 1103 2101 1157 al‘l'e-

512 1166 584 1218 cit
617 1165 838 1233 injuria.
876 1171 1029 1229 Hanc
1070 1178 1216 1232 enim
1249 1184 1578 1249 particulam
1611 1188 1705 1241 τοῦ
1730 1230 1743 1251 ,
1794 1208 1916 1259 quae
1962 1210 2098 1251 cau-

509 1272 625 1310 sam
659 1260 957 1330 signiﬁcat,
988 1267 1255 1325 adhibere
1284 1284 1497 1331 veteres
1532 1293 1971 1342 consueverunt.

566 1349 744 1428 ‘Vsns.
778 1354 832 1408 9.
871 1356 1027 1412 Oculi
1061 1363 1176 1431 ejus
1210 1364 1265 1417 in
1290 1382 1570 1435 pauperem
1608 1375 1917 1437 respiciunt.
1946 1380 2099 1437 Assi-

510 1442 675 1500 duam
710 1463 774 1502 ac
806 1462 1127 1521 perpetuam
1166 1458 1327 1528 hujus
1356 1462 1697 1522 insidiatoris
1735 1474 2094 1531 attentionem

510 1546 694 1593 narrat
725 1558 738 1594 :
775 1543 868 1610 qui
924 1560 1046 1598 cum
1080 1558 1563 1615 pertranseuutem
1619 1559 1856 1629 aliquem
1893 1565 2098 1623 viderit

511 1644 729 1685 summa
776 1635 948 1691 animi
995 1640 1375 1701 sollicitudine
1433 1651 1769 1721 considerat,
1818 1660 2097 1727 quomodo

514 1734 639 1775 eum
664 1730 1121 1795 comprehendat.

582 1810 891 1872 Insidiatur
916 1822 971 1875 in
1003 1824 1314 1883 abscondito
1347 1836 1501 1903 quasi
1520 1837 1598 1893 leo
1616 1839 1672 1894 in
1697 1844 1949 1912 spelunca
1974 1865 2093 1905 sua.

511 1899 757 1961 Tandem
792 1913 992 1979 repetit
1026 1922 1389 1987 sententiam,
1450 1931 1608 1985 vario
1656 1939 2094 2008 quodammodo,

510 2001 827 2067 propalaus,
881 2014 934 2060 ct
993 2009 1042 2062 in
1092 2013 1369 2079 publicum
1402 2022 1699 2082 traducens
1738 2046 1927 2087 eorum
1970 2053 2095 2093 sce-

507 2086 622 2142 lera
673 2101 798 2146 actu
828 2110 891 2150 ac
942 2102 1148 2158 malitia
1183 2109 1553 2185 undecunque
1590 2120 1796 2189 plena:
1837 2126 2095 2201 ferasque

505 2181 920 2246 quodammodo
970 2190 1094 2249 illos
1130 2195 1247 2251 ﬁeri
1309 2181 1676 2265 demonstrat.
1714 2181 2095 2287 Namqugm-

506 2270 804 2331 admodum
839 2277 947 2344 leo,
980 2299 1045 2339 ex
1083 2293 1305 2360 propria
1331 2310 1569 2357 caverna
1610 2316 1707 2357 aut
1755 2309 1966 2367 latebra
2010 2315 2095 2369 in-

508 2356 855 2426 ﬁrmioribus
890 2375 1225 2435 animalibus
1258 2384 1574 2457 insidiatur,
1610 2410 1733 2463 qua:
1792 2401 1927 2457 nihil
1983 2408 2096 2464 tale

507 2457 763 2516 timentia
802 2480 1001 2523 secura
1036 2484 1433 2541 pertranseunt
1471 2503 1483 2537 :
1514 2486 1585 2541 ita
1625 2492 1791 2547 etiam
1827 2498 1933 2554 iste
1966 2499 2096 2559 fecit

507 2552 749 2610 occultis
779 2572 915 2613 usus
946 2561 1286 2623 latebrarum
1327 2572 1569 2634 insidiis.

571 2642 878 2705 Insidiatur
894 2660 1147 2722 utrapiat
1181 2678 1487 2735 pauperem,
1522 2685 1577 2727 ut
1612 2680 2094 2755 rapiatpauperem

1674 2735 1683 2745 υ
1808 2735 1818 2750 ι
1864 2735 2093 2755 “’⁷Γ”“’””

505 2735 631 2791 dum
656 2743 879 2798 attrahit
918 2764 1059 2806 eum.
1094 2752 1227 2810 Cum
1264 2758 1403 2816 leoni
1441 2779 1564 2820 eum
1609 2769 1682 2825 ob
1732 2772 2003 2846 insidias,
2039 2790 2093 2837 et

506 2832 740 2887 caedium
774 2840 1133 2909 cupiditatem
1169 2859 1571 2922 comparaverit
1604 2901 1619 2926 ,
1664 2875 1872 2933 perstat
1913 2872 2094 2932 adhuc

506 2920 565 2975 in
593 2932 1036 2999 comparatione,
1076 2939 1281 2998 docens
1309 2962 1614 3019 congruere
1629 2957 1678 3011 ei
1702 2959 1876 3017 leonis
1901 2979 2087 3035 opera.

506 3012 662 3035 ,μμ
725 3020 737 3032 .
863 3024 875 3035 .
1040 3030 1052 3035 -

503 3012 689 3085 lrruit,
724 3020 919 3092 inquit,
949 3037 1006 3082 ut
1040 3030 1140 3093 leo,
1172 3045 1228 3089 ut
1266 3012 1500 3107 prtedam
1540 3040 1737 3118 rapiat,
1768 3062 1828 3108 ut
1860 3012 2091 3116 adrlate-

2207 530 2402 598 ἐνέδρα
2441 534 2579 602 μετά
2610 535 2720 587 τῶν
2748 537 3043 600 πλουσίων,
3076 539 3179 609 τὴν
3210 538 3412 593 κακίαν
3446 540 3556 594 τῶν
3586 543 3795 613 ἐπιφα-

2207 625 2480 691 νεστέρων
2512 625 2694 695 αὐτῷ·
2755 628 2982 693 τούτους
3007 632 3118 700 γὰρ
3173 631 3251 694 ὡς
3302 633 3507 701 ὁμοίως
3564 634 3793 705 ἔχοντας

2206 717 2695 788 προσεταιρίζεται
2715 736 2727 748 ·
2754 715 2876 774 εἶτα
2915 723 3234 793 σαφηνίζων
3263 724 3365 793 τὴν
3394 724 3640 796 ἔνεδραν,
3673 729 3795 801 ἆμα

2202 806 2259 859 δὲ
2291 808 2388 861 καὶ
2415 808 2511 880 τὴν
2536 812 2719 866 αἰτίαν
2753 813 2925 884 αὐτῆς
2962 815 3299 886 προστιθεὶς,
3327 818 3645 890 ἐπήγαγεν⁸

2287 990 2391 1044 Ἑν
2416 991 2794 1064 ἀποκρύφοις
2828 997 2935 1052 τοῦ
2976 997 3328 1053 ἀποκτεῖναι
3378 1001 3597 1057 ἀθῶον.
3623 1002 3788 1057 Ὥστε

2204 1081 2518 1138 θανατῶσαι
2572 1085 2862 1158 ἄνθρωπον
2895 1090 3161 1152 ἀναίτιον,
3213 1091 3383 1161 μηδὲν
3417 1093 3781 1164 ἀδικήσαντα.

2204 1176 2278 1228 Τὸ
2308 1178 2415 1232 τοῦ
2448 1179 2557 1251 γὰρ
2614 1182 2985 1251 αἰτιολογικὸν
3039 1184 3305 1248 πολλάκις
3361 1186 3783 1257 παραλαμϐάνει

2201 1269 2312 1324 τῶν
2344 1273 2597 1329 παλαιῶν
2624 1276 2657 1346 ἡ
2691 1275 2998 1341 διάλεκτος.

2276 1366 2340 1418 Ol
2391 1366 2689 1435 ὀφθαλμοί
2738 1370 2931 1423 αὐτοῦ
2972 1369 3060 1436 είς
3098 1368 3208 1423 τὸν
3254 1370 3486 1439 πένητα
3526 1370 3790 1426 ἀποϐλέ-

2201 1472 2411 1515 πουσι.
2463 1459 2576 1529 Τὴν
2624 1459 2866 1531 ἔμμονον
2919 1462 3085 1516 αὐτοῦ
3137 1463 3494 1530 κατασκοπὴν
3548 1463 3788 1518 ἐνταῦθα

2198 1550 2492 1620 διηγεῖται,
2532 1551 2823 1621 βλέποντος
2855 1555 3084 1621 ἀτενῶς,
3115 1555 3248 1609 πότε
3276 1556 3543 1627 παριόντα
3592 1557 3788 1611 τοῦτον

2201 1641 2476 1713 εὐκαίρως
2508 1643 2864 1716 συλλήψεται.

2272 1843 2606 1912 Ἐνεδρεύει
2627 1845 2699 1901 ἐν
2724 1847 3054 1917 ἀποκρύφῳ
3075 1846 3155 1914 ὡς
3172 1847 3333 1902 λέων
3353 1847 3424 1901 ἐν
3450 1846 3524 1916 τῇ
3547 1849 3790 1919 μάνδρᾳ

2198 1935 2407 1990 αὐτοῦ.
2474 1936 2549 1991 Τὸ
2596 1938 2729 1993 αὐτὸ
2763 1940 2856 1993 καὶ
2904 1938 3001 1993 νῦν
3059 1939 3231 2010 δηλοῖ,
3292 1940 3391 2011 τὴν
3442 1943 3788 2012 πανουργίαν

2199 2027 2413 2083 ἐκείνου
2474 2031 2730 2103 ποικίλην
2786 2032 3183 2103 ὲκπομπεύων,
3236 2034 3331 2086 καὶ
3389 2034 3580 2105 θηρίον
3615 2035 3781 2090 αὑτὸν

2198 2118 2463 2190 ἄντικρυς
2520 2122 2895 2192 γεγενημένον
2957 2123 3253 2176 δείκνυσιν.
3289 2123 3506 2195 ’Ὠσπερ
3560 2126 3586 2178 ὁ
3638 2124 3781 2179 λέων
3839 2128 3843 2135 “

2197 2209 2283 2280 τῷ
2340 2211 2529 2282 οίκείῳ
2583 2213 2779 2283 φωλεῷ
2835 2214 3288 2284 ὲγκρυπτόμενος
3328 2232 3341 2246 ⁸
3381 2215 3539 2269 τοῦτο
3589 2215 3699 2285 γὰρ
3746 2217 3783 2287 ἡ

2201 2300 2416 2370 μάνδρα
2480 2300 2776 2371 βούλεταιο
2812 2306 2927 2367 τοῖς
2974 2305 3392 2375 ἀσθενεστέροις
3445 2305 3609 2370 ζώοις
3664 2308 3788 2359 ἑπι-

2200 2392 2448 2447 6ουλεύει
2467 2435 2482 2460 ,
2509 2397 2947 2467 παρερχομένοις
2973 2398 3146 2466 ἀπονή
3158 2415 3265 2469 ρως
3285 2414 3299 2428 °
3328 2397 3471 2451 οὕτω
3498 2399 3595 2451 καὶ
3624 2393 3783 2462 οὗτος

2199 2487 2366 2552 ποιεῖ,
2394 2484 2470 2555 τῷ
2495 2487 2804 2561 ἀποκρύφῳ
2826 2488 2980 2562 τόπῳ
3013 2489 3209 2561 φωλεῷ
3229 2490 3535 2562 χρώμενος.

2279 2675 2609 2745 Ἐνεδρεύει
2668 2681 2774 2735 τοῦ
2828 2681 3095 2751 ἁρπάσαι
3154 2685 3397 2754 πτωχὸν
3420 2726 3434 2747 ,
3510 2682 3784 2754 ἁρπάσαι

2197 2769 2438 2838 πτωχὸν
2458 2770 2528 2823 ἐν
2546 2771 2624 2837 τῷ
2653 2772 2914 2828 suam
2959 2777 3170 2830 αὐτόν.
3225 2777 3416 2829 Λέοντι
3444 2777 3554 2848 γὰρ
3612 2777 3783 2831 αὑτὸν

2195 2859 2523 2929 ἀπεικάσας,
2562 2868 2707 2920 κατά
2739 2884 2799 2919 τε
2846 2868 2946 2937 τὴν
2987 2868 3305 2941 ἐπιϐουλὴν,
3364 2870 3465 2924 καὶ
3512 2870 3611 2940 τὴν
3661 2870 3783 2923 ἀπ-

2195 2952 2406 3024 ήνειαν,
2434 2956 2620 3010 καὶτὸ
2666 2959 2906 3027 φονικὸν,
2960 2960 3219 3031 ἐπέμεινε
3261 2963 3328 3033 τῇ
3368 2962 3568 3031 τροπῇ,
3606 2978 3785 3031 προσι-

2194 3045 2453 3114 αρμόζων
2489 3048 2640 3119 αὐτῷ
2670 3050 2738 3105 τὰ
2763 3051 2900 3122 ἔργα
2925 3051 3021 3104 τοῦ
3052 3052 3289 3115 λέοντος.
3344 3051 3609 3123 Ἀρπάζει
3644 3053 3778 3123 γάρ,

506 3107 635 3165 bras
684 3114 887 3171 trahat.
910 3118 1092 3191 Neque
1115 3127 1262 3181 enim
1284 3130 1573 3191 insidiatur
1591 3141 1831 3200 utferam
1848 3148 2087 3218 aliquam

2197 3107 2476 3195 ἐπιπεσὼν
2526 3107 2805 3214 αίςρνίδιον.
2840 3107 2875 3200 ’ό
2920 3146 3078 3210 λέων,
3138 3148 3236 3201 καὶ
3298 3147 3485 3202 ἐλκὺει
3521 3148 3660 3219 πρὸς
3680 3146 3781 3217 τὴν

502 3203 875 3268 perniciosam
907 3222 1003 3268 aut
1030 3214 1307 3276 inimicam
1333 3227 1536 3296 capiat,
1560 3232 1650 3286 sed
1677 3244 1733 3288 ut
1765 3253 2081 3310 pauperem,

502 3304 801 3362 pauperem
837 3300 1086 3372 inquam,
1121 3317 1174 3362 et
1203 3310 1364 3370 bonis
1390 3324 1445 3372 et
1476 3321 1685 3378 viribus
1714 3300 1989 3390 humanis.
2022 3334 2088 3390 Et

502 3382 630 3438 dum
662 3390 938 3449 attrahere
970 3411 1096 3453 eum
1146 3402 1320 3474 di‘cit,
1377 3413 1555 3481 magis
1602 3416 1848 3477 declarat
1883 3429 2087 3497 rapinae

503 3476 719 3497 “HL,”
810 3482 845 3497 ,,

503 3476 751 3534 modum.
808 3482 1152 3553 Repetitione
1183 3510 1313 3551 vero
1346 3497 1460 3566 illa,
1494 3513 1551 3556 ut
1580 3512 1775 3576 rapiat,
1810 3476 2084 3575 sumtrnam

505 3566 669 3637 hujus
696 3571 931 3633 hominis
962 3581 1296 3649 impietatem
1330 3590 1575 3650 denotat.
1607 3566 1703 3655 vel
1737 3566 1859 3660 ideo
1886 3606 2088 3665 fortas-

503 3659 581 3712 sis
594 3677 905 3722 sermonem
933 3671 1312 3743 ingeminavit.
1335 3694 1392 3738 ut
1409 3695 1831 3760 exaggeratione
1847 3703 2082 3769 quadam

507 3748 571 3769 n_
835 3760 847 3769 ,
1017 3766 1026 3769 -

504 3748 672 3807 Deum
707 3760 879 3829 magis
908 3766 1176 3825 excitaret
1205 3773 1271 3827 ad
1306 3748 1627 3838 vindictam.

572 3932 736 3991 Vens.
772 3938 857 3995 10.
892 3940 960 3998 In
986 3946 1172 4018 laqueo
1207 3968 1303 4009 suo
1331 3956 1636 4019 humiliabit
1665 3984 1806 4027 eum.
1840 3971 1952 4032 Hoc
1974 3986 2082 4046 est,

1754 4022 1806 4027 μγ
1840 4022 1952 4032 --νν
1976 4022 2080 4046 νυνι

498 4022 622 4081 dolo
673 4036 727 4083 et
751 4032 1046 4095 calliditate
1079 4057 1177 4096 sua
1200 4046 1249 4099 ei
1269 4049 1643 4112 dominabitur
1675 4079 1688 4115 :
1727 4065 1808 4118 vel
1837 4071 2080 4126 occisum

498 4119 554 4173 in
610 4129 811 4182 terram
854 4133 1125 4199 projiciet.
1184 4139 1416 4202 Humilis
1464 4150 1610 4205 enim
1664 4164 1750 4211 est
1791 4160 1883 4229 qui
1931 4161 2081 4221 humi

500 4222 808 4281 prostratus
844 4221 1011 4289 jacet.

572 4302 935 4368 lnclinabitur
956 4356 971 4381 ,
999 4326 1048 4371 et
1071 4323 1221 4376 cadet
1261 4342 1381 4380 cum
1416 4330 1725 4394 dominatus
1750 4341 1913 4410 fuerit
1942 4362 2081 4414 pau-

499 4402 706 4462 perum.
742 4400 842 4456 Ubi
877 4416 1071 4474 potens
1102 4411 1205 4467 iste
1228 4429 1529 4487 pauperum
1550 4400 1860 4490 dominatus
1891 4400 2077 4505 fuerit,

502 4501 634 4545 tunc
674 4503 728 4546 et
760 4496 875 4565 ipse
920 4498 1242 4562 humiliatus
1296 4509 1650 4575 inclinabitnr

1675 4578 1687 4587 ,
1858 4578 2078 4599 τμη.-.

500 4578 635 4637 Nam
693 4588 787 4656 qui
836 4591 1041 4650 cadunt
1102 4603 1254 4667 prius
1304 4607 1661 4670 inclinantur.
1719 4616 1846 4675 llrec
1897 4631 2079 4680 autem

499 4678 681 4730 omnia
714 4680 862 4748 fient,
889 4695 947 4741 ut
980 4698 1035 4744 et
1061 4692 1463 4759 immedicabile
1495 4705 1618 4776 ejus
1649 4710 1842 4767 vitium
1868 4726 2075 4787 pateat,

498 4776 553 4819 et
588 4768 676 4825 Dei
714 4778 920 4842 pariter
954 4782 1342 4854 longanimitas
1369 4835 1384 4860 ,
1435 4807 1489 4852 et
1523 4816 1819 4873 pauperum
1849 4768 2077 4879 tipprcs-

499 4872 685 4929 sarum
720 4869 1001 4941 patientia,
1025 4884 1078 4931 et
1098 4881 1413 4941 coruindem
1441 4888 1660 4947 demum
1693 4895 1956 4953 vindicta.

572 5044 735 5102 Vsus.
757 5052 776 5104 l
797 5052 841 5106 Ι.
871 5052 1013 5110 Dixit
1037 5059 1175 5114 enim
1196 5062 1249 5116 in
1269 5067 1424 5122 corde
1443 5084 1539 5123 suo
1559 5071 1798 5129 :Oblitus
1819 5086 1895 5130 est
1915 5076 2077 5147 Deus,

498 5143 687 5193 orertit
721 5143 913 5211 [aciem
944 5166 1099 5206 suam
1125 5170 1188 5209 ne
1208 5156 1379 5213 videat
1436 5161 1490 5215 in
1524 5164 1704 5231 ﬁnem.
1733 5167 1783 5221 ls
1813 5171 1927 5239 cui}
1952 5188 2078 5239 per-

2195 3234 2390 3288 ἐαυτοῦ
2419 3237 2683 3308 μάνδραν.
2729 3239 3030 3311 Ἐνεδρεύει
3067 3240 3177 3311 (49)
3209 3241 3288 3304 δὲ,
3318 3244 3506 3309 φησὶν,
3549 3242 3649 3311 οὐχ
3693 3240 3781 3292 ἵνα
3845 3266 3848 3269 λ

2195 3325 2503 3393 ἐπίϐουλον,
2527 3328 2559 3399 ἢ
2580 3329 2861 3399 πολέμιον,
2880 3329 2913 3401 ἢ
2938 3330 3123 3402 θηρίον
3140 3331 3257 3402 ἕλῃ,
3277 3330 3415 3383 ἀλλὰ
3433 3328 3751 3401 πτωχὸν,τὴ
3765 3361 3782 3376 -

2195 3418 2253 3471 ὲν
2284 3420 2533 3490 χρήμασι
2570 3423 2914 3492 περιουσίαν,
2963 3424 3058 3476 καὶ
3102 3423 3633 3491 καταπεπονημένον
3678 3437 3782 3492 την

2193 3506 2548 3581 ἀνθρωπίνην
2583 3510 2764 3581 ίσχύν.
2807 3510 3117 3580 Ἐξηγεῖται
3144 3511 3201 3564 δὲ
3229 3512 3325 3565 καὶ⁸
3364 3506 3779 3612 τηνάρπαγὴνέ

2200 3599 2284 3652 ὃτι
2320 3601 2600 3672 ἑλκυσμός
2645 3604 2784 3657 ἐστι.
2834 3602 2935 3657 Διὰ
2988 3603 3047 3657 δὲ
3088 3604 3188 3674 τῆς
3241 3601 3641 3671 ὲπαναλήιίεωε
3678 3599 3779 3652 τοὲ

2192 3688 2458 3759 ὀνόματος
2488 3693 2770 3762 ἁρπαγῆς,
2819 3693 3072 3764 ἐμφαίνει
3114 3692 3500 3763 σχετλιασμόν.
3559 3690 3629 3741 Ἣ
3680 3706 3782 3743 και

2191 3780 2281 3834 διὰ
2305 3781 2407 3850 τῆς
2440 3786 2723 3854 συνεχείας
2752 3785 2862 3839 τῶν
2892 3784 3215 3856 παθητικῶν
3258 3783 3543 3855 ῥημάτων,
3574 3780 3778 3849 διεγεί-

2195 3890 2277 3943 ρει
2308 3873 2401 3928 τδν
2427 3875 2561 3929 Θεὸν
2580 3878 2659 3940 είς
2683 3878 2918 3947 ἄμυναν.

2274 3965 2372 4018 Ἐν
2395 3964 2474 4035 τῇ
2509 3967 2728 4037 ξπαγίδι
2778 3968 2967 4023 αὑτοῦ
3022 3968 3376 4022 ταπεινώσει
3421 3968 3629 4020 αὐτόν.

2189 4058 2267 4128 τῷ
2295 4058 2411 4132 ίδίῳ
2434 4060 2570 4132 δόλῳ
2595 4060 3064 4134 κυριεύσειαὺτοῦ
3100 4078 3115 4093 ο
3153 4062 3184 4130 ἢ
3218 4062 3311 4115 καὶ
3352 4063 3430 4125 εἰς
3472 4060 3577 4131 γῆν
3626 4058 3809 4151 stos:

2190 4153 2411 4216 κτείνας
2445 4169 2459 4184 ο
2493 4155 2754 4218 ταπεινὸς
2778 4154 2909 4226 γὰρ,
2935 4156 2962 4208 ὁ
2996 4155 3315 4226 πρόσγειος.

2260 4349 2453 4418 Κύψει
2476 4350 2573 4404 καί
2606 4350 2877 4405 πεσεῖται
2901 4351 2971 4405 ἐν
3002 4351 3079 4418 τῷ
3130 4353 3323 4408 αὐτὸν
3381 4357 3779 4424 κατακυριεῦ-

2188 4456 2292 4495 σαι
2314 4440 2432 4494 τῶν
2453 4442 2749 4508 πενήτων.
2776 4443 2906 4496 Ὅτε
2930 4444 3359 4516 κατακυριεύσει
3384 4449 3494 4501 τῶν
3524 4450 3777 4518 πενήτων

1674 4562 1689 4587 ,
1739 4534 1793 4579 ct
1857 4531 2078 4599 peribit.
2116 4506 2159 4560 θ
2188 4534 2215 4584 ὁ
2249 4532 2539 4602 δυνάστης,
2568 4506 2691 4587 τότε
2725 4535 2823 4589 καὶ
2870 4536 3037 4601 αὐτὸς
3096 4506 3422 4608 κλιθήσεται
3473 4544 3775 4597 ταπεινού-

2192 4641 2352 4693 μενος
2413 4626 2509 4679 καὶ
2568 4628 2871 4682 ἀπολεῖται.
2926 4630 2989 4683 Οί
3048 4631 3159 4702 γάρ
3214 4634 3508 4698 πίπτοντες
3551 4636 3769 4706 πρῶτον

2188 4715 2478 4767 κύπτουσι.
2505 4716 2677 4770 Τοῦτο
2703 4718 2759 4770 δὲ
2778 4718 3011 4786 γίνεται,
3045 4720 3130 4773 ίνα
3165 4723 3261 4775 καὶ
3289 4724 3351 4776 τὸ
3383 4725 3621 4811 ἀνίατον.
3666 4727 3772 4779 σὺ-

2186 4805 2280 4887 το.ὗ
2300 4810 2464 4878 φανῇ,
2498 4810 2677 4862 καὶτὸ
2704 4812 3060 4882 μακρόθυμον
3093 4813 3185 4867 τοῦ
3233 4815 3390 4880 Θεοῦ,
3447 4818 3541 4870 καὶ
3567 4806 3621 4887 η’
3656 4820 3773 4874 τῶν

2189 4875 2539 4953 πεπονθότων
2564 4875 2837 4974 ὑπομονὴ.
2873 4875 3029 4977 καινή
3065 4906 3347 4978 ἐκδίκησις
3378 4875 3501 4962 ⁷τῶν
3549 4875 3771 4964 ἀδικου-

2191 4989 2393 5059 μένων.
2684 5016 2689 5019 ·

2258 5077 2409 5137 Eius
2438 5082 2548 5151 γὰρ
2577 5083 2649 5138 ἐν
2691 5084 2905 5153 καρδίᾳ
2957 5087 3148 5141 αὑτοῦ
3180 5104 3194 5118 ’
3260 5088 3695 5155 Ἐπιλέλησται
3735 5094 3771 5146 ό

2189 5175 2355 5242 Θεὸς,
2398 5176 2785 5246 ἀπέστρεψεν
2813 5180 2880 5234 τὸ
2910 5183 3247 5250 πρόσωπον
3288 5183 3499 5241 αὐτοῦ.
3544 5185 3651 5239 τοῦ
3675 5185 3766 5254 μὴ

499 5235 727 5291 missum
757 5254 883 5295 esse
920 5242 1160 5301 diximus
1207 5252 1407 5307 anima:
1457 5271 1570 5309 sua:
1596 5261 2079 5329 concupiscentias

2197 5235 2439 5322 ϐλέπειν
2475 5235 2791 5337 ehem-10c.
2827 5235 3340 5345 Παραχωροὺμενος
3369 5283 3479 5347 γὰρ
3519 5276 3766 5347 πληροῦν
3840 5302 3855 5320 κ

498 5331 722 5398 explere
761 5333 810 5387 in
840 5336 995 5391 valde
1025 5339 1295 5400 absurdus
1324 5345 1525 5415 decidit
1575 5351 1866 5419 opiniones
1900 5374 1912 5408 :
1948 5358 2076 5410 dum

498 5422 639 5478 intra
672 5428 916 5499 seipsum
958 5444 1175 5504 reputat
1204 5438 1350 5507 quod
1414 5440 1553 5497 Deus
1606 5446 1841 5514 propriae
1896 5449 2080 5517 provi-

495 5515 696 5573 dentia:
723 5522 928 5581 oblitus
976 5527 1069 5594 sit,
1104 5545 1211 5600 qua
1253 5533 1516 5588 tnuudum
1562 5538 1850 5605 gubcrnat,
1897 5515 2077 5610 quod-

2182 5361 2280 5423 τὰς
2314 5362 2611 5430 ἐπιθυμίας
2636 5363 2735 5433 τῆς
2759 5363 2939 5434 ψυχῆς
2957 5367 3146 5431 αὐτοῦ,
3178 5368 3316 5437 πρὸς
3357 5368 3766 5455 ἀτόπους-,ὐπο-

2182 5453 2378 5524 λὴψεις
2406 5454 2686 5518 ἐκπίπτει,
2722 5455 3077 5527 λογιζόμενος
3102 5462 3159 5512 ὲν
3196 5461 3375 5531 ἐαυτῷ
3404 5453 3764 5531 ἐπιλελῆσθαι

2183 5545 2277 5598 τὸν
2306 5545 2438 5597 Θεὸν
2458 5546 2557 5617 τῆς
2587 5547 2683 5600 τοῦ
2738 5552 2945 5621 κόσμου
3006 5554 3285 5623 προνοίας,
3334 5555 3762 5627 ἀποστρέψαντα

1822 5700 2021 5763 Varia:
2052 5702 2380 5767 lectiones.

573 5811 687 5880 (‘9)
720 5813 901 5872 Cura:
936 5823 1013 5878 sic
1044 5842 1055 5878 ;
1092 5823 1210 5880 Non
1239 5832 1375 5884 cnim
1403 5831 1708 5902 iusiJiatur,
1745 5844 1797 5885 ut
1838 5834 1939 5887 insi
1961 5836 2207 5890 liatorcm
2237 5837 2459 5909 aliquem
2489 5839 2683 5910 capiat,
2720 5841 2795 5895 t'et'
2821 5842 3113 5913 inimicum,
3140 5845 3214 5899 t‘el
3238 5846 3431 5916 fuam.
