4090 6212
328 316 420 381 ir'l
1479 325 1628 383 COM
1643 325 1881 384 MENT.
1929 323 2008 381 ΙΝ
2049 322 2401 388 PSALMOS.

3485 332 3588 397 162

321 440 420 506 τὴν
459 435 772 505 ἐπισκοπὴν
819 435 1024 488 αὲτοῦσ
1077 436 1216 490 ὥστε
1263 436 1339 508 μὴ
1378 439 1599 509 βλέπειν
1641 440 1777 501 ὃὶως
1834 437 1900 490 τὰ

2009 451 2115 502 que
2144 437 2471 502 custodiam,
2502 446 2555 492 et
2592 441 2987 509 protectionem
3019 457 3172 497 suam
3192 444 3263 499 ita
3295 451 3583 510 averterit.

316 529 582 597 γινόμενα
611 543 627 560 ο
656 527 718 580 τὸ
742 530 850 598 γὰρ
881 531 968 595 είς
994 530 1188 596 τέλος,
1222 531 1298 600 πῆ
1330 531 1451 600 μὲν,
1481 529 1543 583 τὸ
1600 531 1730 601 ἄχρι
1767 547 1902 585 παν-

317 620 436 684 τὸς,
485 619 564 687 πῆ
601 619 681 681 δὲ,
709 619 771 672 τὸ
798 619 933 684 ὅλως
963 621 1216 691 ἐμφαίνει
1249 638 1264 652 ο
1288 622 1489 676 ταύτὸν
1514 622 1570 676 δὲ
1601 623 1694 676 καὶ
1732 623 1902 692 ἄμφω

315 710 568 777 δύναται,
601 715 715 776 τοῖς
753 712 1096 787 λεπτὼτερον
1131 714 1642 786 ἐπισκεπτομένοις.
1699 716 1822 787 Χρὴ
1844 715 1900 768 δὲ

317 801 633 869 γινώσκειν,
664 805 840 860 ὅτιτὰ
868 808 1251 880 προρρηθέντα
1278 807 1526 862 νοοῦνται
1569 806 1664 861 καὶ
1698 809 1778 870 εἰς
1810 810 1902 860 τὸν

335 891 629 946 Ἰουδαϊκὸν
682 893 854 964 δῆμον
907 899 1002 950 καὶ
1043 899 1137 950 τὸν
1189 898 1449 969 Χριστὸν,
1513 897 1902 969 προσαρμοζό-

322 999 464 1052 μενα
499 985 642 1037 κατὰ
666 988 851 1057 μέρος.
907 991 1019 1044 Καὶ
1057 985 1212 1054 οὗτος
1259 989 1371 1060 γὰρ
1442 991 1700 1061 ἐνήδρευε
1766 991 1903 1061 μετὰ

320 1074 430 1127 τῶν
466 1076 746 1145 ἀρχόντων
785 1079 882 1132 τοῦ
911 1081 1044 1135 λαοῦ
1081 1083 1171 1136 τὸν
1207 1083 1386 1154 ἀθῷον
1433 1084 1541 1138 ἀπὸ
1598 1084 1897 1154 ἁμαρτίας,

321 1164 416 1215 τὸν
441 1165 508 1218 δι’
540 1168 686 1236 ἡμᾶς
722 1172 1140 1240 πτωχεύσαντα,
1170 1173 1270 1226 καὶ
1295 1175 1382 1228 ἀεὶ
1429 1175 1750 1245 παρετήρει,
1804 1175 1900 1226 καὶ

325 1256 505 1309 πάντα
539 1260 734 1324 ἐποίει,
770 1262 863 1314 καὶ
907 1264 1062 1327 τέλος
1099 1265 1187 1316 ὅτε
1218 1263 1381 1317 αὐτὸν
1429 1265 1742 1331 ἀπέκτεινε,
1803 1268 1899 1319 καὶ

324 1350 449 1409 τοὺς
473 1351 804 1416 ἀποστόλους
828 1355 1037 1419 ἐδίωξε,
1066 1357 1184 1409 τότε
1227 1356 1319 1409 καὶ
1347 1356 1510 1420 αὐτὸς
1561 1359 1732 1429 ἄρδην
1789 1358 1897 1412 ὑπὸ

329 1441 624 1512 Ῥωμαίων
654 1446 1047 1519 ἐξωλοθρεύθη.

393 1617 738 1691 Ἀνάστηθι,
787 1626 964 1694 Κύριε
1005 1629 1039 1680 ό
1102 1629 1248 1696 Θεός
1312 1649 1458 1700 μου,
1525 1633 1894 1703 ὑψωθήτωή

304 1710 439 1778 χεᾲ)
463 1727 604 1768 σου.
641 1716 931 1788 Κινήθητι,
967 1722 1155 1789 φησιν,
1196 1725 1276 1784 εἰς
1315 1725 1602 1794 ἐκδίκησιν
1639 1739 1653 1752 ⁶
1712 1727 1776 1780 τὸ
1816 1728 1893 1793 δὲ,

2012 535 2071 579 ιιι
2127 543 2355 594 prorsus
2408 544 2513 583 non
2570 529 2747 587 videat
2798 548 2923 602 qua:
2970 533 3121 588 ﬁant.
3163 534 3317 600 Quod
3351 552 3479 590 vero
3509 538 3586 591 ait

2009 617 2064 669 in
2103 617 2284 684 ﬁnem,
2313 618 2438 672 alibi
2467 634 2563 689 pro
2579 637 2948 694 usquequaque
2977 626 3274 695 accipitur;
3303 628 3428 682 alibi
3461 644 3586 683 rero

2010 723 2110 777 pro
2135 711 2371 763 omnino.
2406 711 2711 784 Utrumque
2739 726 2917 770 tamen
2946 718 3012 770 ad
3042 717 3184 770 idem
3213 719 3386 772 tendit
3439 730 3585 774 recte

2010 800 2387 856 consideranti
2423 821 2438 857 :
2466 820 2653 859 verum
2684 810 2936 875 praedicta
2967 811 3150 865 omnia
3190 812 3416 881 intelligi
3457 828 3584 882 pos-

2007 901 2138 945 sunt
2163 893 2230 948 de
2259 896 2462 966 pOpulo
2496 895 2811 954 Judteorum
2840 941 2856 967 ,
2905 910 2960 956 et
2997 905 3063 956 de
3098 902 3339 958 Christo.
3373 904 3584 974 Quippe

2008 996 2132 1035 cum
2167 986 2402 1052 pepulus
2442 988 2610 1044 simul
2657 1005 2783 1046 cum
2844 993 3182 1062 principibus
3236 995 3582 1049 innocentem

2009 1071 2292 1128 Christum
2320 1114 2335 1138 ,
2375 1085 2430 1132 et
2460 1089 2687 1148 peccato
2719 1082 2867 1135 omni
2901 1097 3126 1151 prorsus
3177 1095 3454 1139 carentem
3482 1126 3497 1149 ,
3532 1095 3587 1139 et

2007 1177 2304 1232 pauperem
2340 1180 2564 1238 propter
2594 1186 2694 1226 nos
2743 1172 2995 1226 effectum
3029 1217 3043 1239 ,
3085 1176 3348 1231 insidiose
3397 1177 3586 1233 obser-

2007 1255 2188 1308 varint
2222 1266 2282 1312 ut
2312 1271 2613 1330 caperent,
2663 1266 2960 1334 omniaque
2998 1267 3102 1320 alia
3151 1267 3380 1321 fecerint
3406 1309 3422 1334 ,
3468 1285 3589 1338 qua!

2007 1347 2262 1414 superius
2293 1347 2434 1404 dicta
2467 1362 2632 1407 sunt:
2663 1363 2715 1408 et
2755 1355 2974 1410 tandem
3015 1369 3305 1427 postquam
3333 1376 3456 1414 eum
3487 1377 3584 1415 oc-

2004 1435 2256 1491 ciderunt
2285 1480 2302 1506 ,
2337 1444 2614 1511 apostolos
2645 1447 2808 1500 etiam
2840 1451 3118 1517 persecuti
3144 1451 3260 1505 sint
3293 1469 3308 1505 :
3365 1452 3583 1524 ipsi-lue

2003 1538 2282 1598 postremo
2315 1550 2343 1586 ιι
2371 1534 2632 1592 Romanis
2668 1538 2916 1596 funditus
2957 1541 3160 1596 iuerint
3220 1544 3403 1599 deleti.

2073 1620 2241 1678 Vens.
2277 1623 2362 1679 t2.
2393 1624 2652 1700 Exsurge,
2675 1631 2896 1687 Domine
2938 1634 3073 1690 Deus
3098 1654 3264 1704 meus,
3315 1641 3572 1694 exaltetui

2005 1726 2196 1766 manus
2225 1723 2338 1770 tua.
2389 1717 2836 1788 Commovearis,
2891 1726 3069 1796 inquit
3095 1769 3109 1793 ,
3151 1730 3218 1784 ad
3258 1732 3573 1786 vindictam.

315 1804 634 1876 Ὑψιωθήτω
663 1809 698 1876 ἠ
725 1783 855 1879 χείρ
879 1783 1043 1877 (mu,-
1063 1783 1207 1866 κατὰ
1255 1783 1592 1886 μεταφορὰν.
1653 1783 1894 1874 Είὼθατι

2003 1801 2150 1869 Quod
2191 1821 2319 1861 vero
2355 1810 2428 1864 ait
2459 1831 2471 1865 :
2511 1814 2794 1869 Erattetur
2827 1834 3011 1872 manus
3043 1831 3156 1884 tua,
3182 1837 3274 1890 per
3292 1826 3576 1891 metapho-

304 1895 415 1966 γὰρ
445 1898 495 1949 οἱ
521 1898 847 1963 κολάζοντες
887 1919 1038 1965 τινας
1074 1905 1324 1975 ἐπαίρειν
1363 1908 1463 1972 τὴν
1504 1912 1686 1978 χεῖρα,
1717 1929 1895 1965 κατα-

309 1988 590 2058 φέρουσιν
615 1992 710 2060 τὴν
753 1995 1018 2062 μάστιγα.
1069 1997 1138 2047 Ἢ
1170 1999 1265 2048 καὶ
1294 1997 1498 2067 ὑψηλὴ,
1518 2002 1704 2069 φησιν,
1739 1999 1898 2065 οὖσα,

310 2084 406 2132 καὶ
438 2082 758 2154 ὑπερφερὴς
791 2087 826 2154 ὴ
866 2084 1099 2154 δύναμίς
1133 2103 1252 2152 σου,
1277 2089 1371 2141 νῦν
1408 2089 1647 2158 μάλιστα
1686 2093 1746 2146 τὸ
1770 2095 1904 2147 αὐτὸ

313 2171 588 2242 δειλθήτω
615 2191 629 2204 ο
655 2179 810 2246 χεῖρα
837 2178 949 2247 γὰρ
979 2177 1114 2230 Θεοῦ
1146 2178 1351 2248 ταύτην
1381 2180 1747 2252 ὑποληπτέον.

395 2440 493 2505 Μὴ
516 2441 773 2510 ἐπιλάϐῃ
805 2441 925 2496 τῶν
949 2445 1227 2511 πενήτων
1269 2461 1388 2511 σου
1429 2450 1519 2512 εἰς
1590 2449 1781 2517 τέλος.
1824 2453 1899 2506 Τὸ

319 2529 410 2592 εις
443 2529 637 2597 τέλος,
659 2535 780 2586 ἀντὶ
806 2536 922 2600 τοῦ,
956 2536 1121 2606 μέχρι
1154 2539 1377 2601 παντός.

392 2620 638 2675 Ἕνεκεν
667 2625 829 2690 τίνος
861 2626 1243 2697 παρὼργισεν
1262 2635 1294 2684 ό
1321 2631 1552 2700 ἀσεϐὴς
1581 2631 1688 2687 τὸν
1711 2636 1894 2698 Θεόν;

318 2713 535 2784 Σίόδρα
568 2717 962 2790 δεινοπαθήσας
992 2722 1082 2774 ἐπὶ
1105 2725 1216 2786 τοῖς
1250 2725 1520 2788 τοιούτοις
1565 2726 1673 2780 τῶν
1721 2744 1895 2796 πονη-

321 2804 433 2873 ρῶν
467 2807 832 2879 τολμήμασιν,
862 2813 941 2875 είς
993 2813 1262 2885 ἐρώτησιν
1291 2815 1626 2887 χρηματίζει
1663 2817 1757 2872 τὸν
1809 2817 1898 2872 λό-

319 2913 416 2964 γον
453 2915 467 2928 '
503 2894 621 2954 εἶτα
644 2901 764 2956 λύει
801 2905 900 2973 τὴν
927 2905 1181 2976 ἀπορίαν,
1205 2907 1504 2977 ἐπαγαγών
1523 2924 1539 2940 ⁸

1999 1910 2116 1948 ram
2147 1897 2351 1952 dictum
2379 1910 2484 1955 est.
2512 1904 2702 1958 Solent
2731 1907 2874 1962 enim
2898 1911 2987 1977 qui
3013 1912 3253 1979 aliquem
3279 1917 3574 1982 castigant,

2001 2000 2224 2040 manum
2259 1991 2490 2058 erigere,
2520 2005 2580 2046 ut
2625 1997 2812 2064 plagas
2847 2013 2909 2051 ac
2934 2002 3157 2054 verbera
3191 2004 3450 2057 inierant.
3490 2009 3579 2059 γει

2005 2073 2169 2128 aliter
2200 2093 2215 2131 :
2241 2078 2376 2132 Cum
2418 2085 2663 2149 potentia
2693 2093 2786 2136 tua
2811 2087 3020 2140 excelsa
3053 2104 3266 2157 semper
3289 2094 3382 2153 sit,
3405 2103 3457 2145 et
3489 2111 3584 2146 su-

2006 2161 2218 2229 blimis,
2245 2182 2388 2222 nunc
2427 2171 2698 2238 praecipue
2741 2187 2947 2242 quaeso,
2977 2174 3155 2245 inquit
3185 2216 3197 2240 ,
3229 2179 3299 2231 ita
3333 2183 3587 2236 omnibus

2005 2267 2292 2323 appareat.
2326 2256 2429 2314 Per
2473 2276 2699 2316 manum
2730 2267 2876 2319 enim
2929 2265 3070 2334 Dei,
3119 2268 3239 2337 ejus
3288 2275 3585 2339 potentiam

2005 2345 2312 2418 intelligere
2337 2351 2628 2408 debemus.

2077 2438 2163 2493 Ne
2187 2440 2513 2496 obliviscaris
2542 2459 2833 2512 pauperum
2863 2457 3074 2500 tuorum
3109 2453 3162 2503 in
3194 2450 3376 2520 ﬁnem.
3414 2451 3477 2506 In
3516 2455 3586 2522 ﬁ-

1998 2545 2139 2595 nem,
2176 2531 2278 2586 huc
2311 2541 2417 2596 est,
2446 2533 2500 2586 in
2533 2544 2878 2605 perpetuum.

2075 2621 2238 2678 Vens.
2271 2623 2358 2682 15.
2405 2624 2627 2694 Propter
2655 2629 2783 2699 quid
2824 2629 3059 2684 irritavit
3118 2631 3310 2699 impius
3357 2633 3582 2690 Deum?

2002 2711 2165 2784 Egre
2197 2714 2377 2771 ferens
2432 2715 2703 2787 PrOpheta
2728 2728 2838 2772 tam
2889 2721 3122 2789 grandes
3156 2738 3442 2790 pravorum
3482 2730 3581 2779 lo-

2001 2805 2212 2858 minum
2245 2821 2435 2874 ausus,
2461 2823 2559 2878 per
2591 2811 2814 2865 modum
2852 2812 3301 2884 interrogationis
3355 2833 3575 2872 sermo-

2001 2911 2122 2950 nem
2155 2897 2389 2953 format:
2423 2909 2476 2954 et
2493 2900 2752 2972 deinceps
2778 2903 3175 2959 dubitationem
3197 2910 3581 2976 respondendo

2004 2987 2186 3050 solvit,
2223 2989 2439 3044 dicens:

385 3073 536 3132 Εἴπε
585 3080 694 3150 γὰρ
728 3081 800 3135 ἐν
851 3084 1064 3152 καρδίᾳ
1113 3087 1338 3142 αὐτοῦ⁹
1398 3090 1521 3144 Οὐκ
1563 3089 1895 3162 ἐκζητήσει.

2079 3079 2220 3134 Dixit
2241 3083 2380 3136 enim
2402 3084 2454 3136 in
2486 3085 2638 3137 corde
2666 3101 2782 3149 suo,
2807 3084 2928 3139 Non
2956 3087 3210 3157 exquiret.
3245 3087 3359 3151 Est,
3384 3092 3580 3161 inquit,

320 3169 518 3234 Τοῦτο,
545 3173 699 3242 φησι,
738 3173 839 3244 τῆς
873 3177 1262 3247 ἀνοσιουργίας
1286 3179 1437 3234 ἐστὶν
1462 3181 1634 3234 αἴτιον
1659 3197 1674 3212 ·
1730 3183 1900 3238 οἴεται

2006 3181 2286 3228 tantorum
2319 3175 2587 3230 scelerum
2634 3193 2823 3242 causa,
2859 3179 3004 3248 quod
3035 3181 3351 3238 existimant
3406 3185 3574 3240 Deum

321 3264 452 3334 γὰρ,
481 3263 558 3327 ὡς
585 3266 685 3320 οὐκ
719 3267 965 3332 ἐξετάσει
989 3268 1124 3334 Θεδς
1158 3269 1229 3324 τὰ
1254 3270 1529 3343 δρώμενα.

391 3357 671 3425 Βλέπεις,
709 3360 800 3414 ὅτι
834 3362 916 3416 σὺ
953 3363 1148 3418 πόνον
1184 3364 1283 3418 καί
1315 3366 1512 3436 θυμὸν
1562 3369 1900 3437 κατανοεῖς,

317 3448 430 3502 τοῦ
461 3450 838 3516 παραδοῦναι
874 3454 1065 3508 αὑτὸν
1097 3457 1186 3520 εις
1228 3455 1434 3524 χεῖράς
1471 3473 1610 3513 σου.
1652 3459 1726 3512 Τὸ
1756 3458 1904 3515 Βλέ-

321 3556 477 3606 πεις,
501 3542 882 3610 ἀναγνωστέον
917 3545 1042 3599 καθ’
1095 3547 1278 3611 ἑαυτὸ,
1327 3550 1612 3613 στίξοντας
1661 3552 1897 3618 τελείαν,

322 3633 410 3686 ἵνα
443 3628 564 3706 ᾗτδ
587 3635 766 3705 νόημα
791 3635 1033 3690 τοιοῦτον
1069 3648 1084 3667 δ
1109 3640 1184 3702 ὡς
1227 3642 1275 3692 εἰ
1309 3641 1401 3692 καὶ
1434 3641 1592 3695 τοῦτο
1637 3645 1899 3715 μυριάκις

319 3723 350 3774 ὁ
383 3723 616 3794 πονηρὸς
643 3727 838 3792 οἴεται,
873 3727 960 3781 διὰ
995 3729 1097 3800 τὴν
1123 3728 1220 3799 σὴν
1248 3731 1632 3803 μακροθυμίαν
1651 3736 1730 3797 είς
1761 3736 1900 3789 ἁπό-

319 3836 477 3871 νοιαν
519 3821 1069 3892 ἐκτραχηλιζόμενος,
1125 3824 1261 3878 ἀλλά
1311 3827 1375 3879 σὺ
1435 3827 1654 3896 βλέπεις
1696 3830 1898 3893 πάντα,

319 3910 527 3982 διήκων
559 3913 872 3983 ἀπανταχῆ,
896 3914 1030 3968 διότι
1062 3917 1126 3969 σὺ
1153 3917 1284 3987 ὁρᾷς
1323 3917 1564 3986 ἀκριϐῶς
1594 3919 1690 3970 τόν
1723 3935 1781 3970 τε
1803 3919 1904 3970 πό-

321 4022 416 4058 νον
445 4005 554 4058 τῶν
581 4006 978 4075 ἀδικουμένων,
1006 4008 1103 4062 καὶ¹
1135 4008 1227 4063 τὸν
1273 4008 1447 4076 θυμὸν
1495 4009 1604 4060 τῶν
1651 4009 1903 4062 ἀδικούν-

318 4114 454 4154 των.
508 4100 850 4170 Κατανῦησις
905 4102 1038 4171 γὰρ,
1094 4104 1126 4172 ἠ
1189 4102 1535 4174 λεπτομερὴς
1588 4101 1900 4170 διάγνωσις.

335 4185 610 4256 Ἀκριὸῶς
639 4187 695 4239 δὲ
730 4189 884 4258 ὁρᾷς,
909 4188 996 4241 ἵνα
1031 4190 1289 4260 παραδῷς
1321 4190 1485 4245 αὐτὸν
1531 4189 1759 4261 ὕστερον
1824 4194 1903 4256 είς

320 4277 426 4339 τὰς
465 4278 740 4347 τιμωρίας
771 4295 866 4331 σου
905 4296 919 4311 ο
949 4279 1110 4333 τοῦτο
1151 4281 1260 4351 γὰρ
1324 4284 1382 4336 at
1441 4285 1621 4354 χεῖρες
1667 4283 1903 4338 ἐνταῦθα

322 4367 575 4422 νοοῦνται
608 4385 623 4400 ·
674 4370 933 4440 φοϐερὸν
978 4373 1047 4426 δὲ
1071 4374 1360 4443 ἐμπεσεῖν
1393 4378 1478 4443 εις
1517 4376 1722 4446 χεῖρας
1750 4377 1899 4432 Θεοῦ

323 4458 565 4528 ζῶντος.

404 4739 506 4791 Σοὶ
535 4737 1067 4806 ἐγτκαταῖἐλειπται
1110 4743 1142 4794 ὀ
1193 4744 1450 4809 πτωχός.
1500 4743 1720 4796 Πάντων
1767 4743 1906 4796 ἀπο-

325 4832 700 4902 στραφέντων,
728 4831 876 4904 αὑτῷ
909 4851 990 4886 σοι
1011 4834 1156 4904 μόνῳ
1175 4834 1568 4904 ἀπέμεινενείς
1599 4837 1901 4907 ἀντίληψιν.

410 4921 682 4991 Ὀμφανῴ
710 4923 791 4977 σὺ
822 4922 982 4993 ἦσθα
1007 4925 1259 4993 βοηθός.
1305 4925 1394 4989 Ὠς
1434 4926 1688 4998 Πλάστης
1741 4928 1908 4981 αὑτοῦ

2006 3264 2208 3336 ﬂagitia
2232 3282 2423 3322 eorum
2455 3283 2562 3323 non
2592 3267 2922 3338 disquirere.

2078 3358 2242 3415 Vsus.
2278 3361 2365 3415 14.
2406 3359 2582 3430 Vides,
2632 3365 2883 3433 quoniam
2909 3374 2963 3418 tu
2989 3365 3243 3433 laborem,
3273 3378 3321 3420 ct
3345 3367 3581 3436 furorem

2004 3453 2336 3520 consideras,
2370 3466 2426 3507 ut
2465 3457 2646 3510 tradas
2667 3472 2785 3510 eum
2808 3456 2863 3509 in
2886 3474 3074 3512 manus
3120 3468 3262 3512 tuas.
3296 3457 3449 3524 Quod
3482 3462 3580 3524 aii,

2014 3543 2196 3611 Vides,
2221 3562 2317 3616 per
2345 3562 2405 3601 se
2432 3547 2719 3619 legendum
2745 3557 2848 3612 est,
2869 3563 2933 3604 ac
2963 3551 3146 3604 statim
3172 3559 3360 3620 postea
3379 3554 3585 3605 sisten-

1999 3639 2152 3704 dum,
2211 3647 2271 3693 ut
2331 3639 2406 3694 sit
2463 3655 2662 3696 sensus
2713 3657 2727 3692 :
2781 3639 2934 3695 Licet
2999 3641 3198 3696 millies
3249 3657 3450 3710 praVi's
3508 3642 3582 3695 ita

1999 3732 2302 3797 existimet,
2346 3732 2418 3785 ob
2452 3740 2602 3786 tuam
2636 3733 2898 3786 nimirum
2926 3734 3244 3800 patientiam
3299 3734 3372 3786 ita
3406 3734 3459 3786 in
3493 3747 3586 3786 ar-

2000 3823 2314 3890 rogantiam
2349 3821 2537 3888 lapsus
2572 3840 2586 3875 :
2625 3830 2680 3874 tu
2712 3829 2919 3882 tamen,
2943 3836 2976 3874 ο
3004 3821 3170 3887 Dens,
3197 3821 3350 3875 vides
3381 3823 3584 3882 omnia,

2009 3925 2344 3980 quocunque
2398 3921 2714 3979 penetrans,
2741 3919 2796 3963 et
2841 3909 2897 3962 in
2938 3923 3131 3965 omnes
3178 3918 3363 3978 partes
3397 3925 3586 3979 perve-

2005 4005 2190 4059 niens.
2225 4001 2462 4073 Ideoque
2490 4012 2547 4056 tu
2590 4015 2805 4058 summa
2839 4001 3126 4070 diligentia
3155 4001 3436 4054 hominum
3468 4015 3588 4053 om-

2005 4099 2154 4153 nium
2181 4097 2384 4167 injuria
2412 4094 2736 4150 aﬂ‘ectorum
2759 4093 3001 4148 laborem
3027 4092 3317 4162 perspicis,
3339 4091 3588 4158 iramque

2005 4196 2060 4243 et
2098 4187 2342 4243 furorem
2378 4203 2570 4243 eorum
2599 4185 2690 4256 qui
2718 4184 2973 4253 injuriam
3008 4183 3277 4240 inierunt.
3313 4184 3586 4240 Cons'rde-

2005 4295 2127 4333 rare
2157 4287 2363 4342 autem,
2387 4287 2471 4332 est
2498 4276 2774 4331 subtiliter
2798 4274 3132 4330 discernere.
3154 4273 3367 4344 Magno,
3387 4274 3584 4344 inquit,

2004 4387 2129 4427 cum
2156 4371 2405 4425 exainine
2438 4378 2490 4423 tu
2519 4368 2781 4439 perapicis
2813 4378 2870 4422 ut
2902 4367 2954 4422 in
2981 4367 3221 4422 futurum
3259 4367 3382 4421 illus
3410 4367 3586 4436 poenis

1933 4464 1984 4523 D
2013 4463 2216 4520 tradas.
2274 4462 2352 4516 lla
2421 4462 2567 4516 enim
2637 4461 2739 4515 hoc
2787 4460 2998 4515 inloco
3031 4475 3226 4514 manus
3275 4463 3396 4527 sign
3425 4462 3587 4515 ticant

2001 4558 2161 4626 juxta
2193 4553 2325 4608 illud
2377 4554 2607 4624 apostoli
2644 4573 2658 4610 :
2699 4551 2974 4608 Horribile
3009 4569 3072 4607 nc
3107 4553 3258 4608 valde
3297 4555 3585 4608 timendum

2005 4659 2083 4704 est
2102 4647 2332 4703 incidere
2354 4649 2404 4701 in
2437 4663 2624 4702 manus
2655 4646 2751 4700 Dei
2786 4647 2999 4700 viventis
3025 4646 3065 4700 ί.

2084 4739 2198 4795 Tibi
2221 4741 2431 4794 reiictus
2481 4749 2558 4793 est
2595 4753 2813 4806 pauper.
2838 4737 3037 4791 Omnes
3068 4752 3096 4791 a
3132 4753 3370 4808 paupere
3405 4740 3582 4794 aversi

2012 4843 2161 4900 sunt,
2192 4833 2338 4888 unde
2375 4840 2470 4884 tuo
2507 4839 2714 4884 tantum
2743 4830 2951 4881 auxilio
2983 4829 3206 4883 relictus
3229 4837 3335 4884 est.

2087 4923 2344 4993 Orphano
2375 4933 2430 4973 tu
2471 4921 2575 4974 eris
2600 4921 2835 4988 adjutor.
2871 4919 3154 4988 Tanquam
3183 4921 3303 4987 ejus
3333 4919 3583 4984 Creator,

327 5015 428 5067 καὶ
456 5017 756 5086 Δεσπότης.
821 5015 1006 5070 Ταῦτα
1061 5017 1309 5070 νοοῦνται
1351 5019 1450 5085 μὲν
1496 5019 1590 5072 καὶ¹
1632 5021 1761 5090 περὶ
1802 5021 1900 5072 τῶι

2014 5022 2068 5067 et
2094 5013 2376 5064 Dominus.
2416 5010 2537 5062 lfatc
2573 5017 2754 5060 tamen
2793 5023 2899 5061 non
2927 5016 3137 5061 tantum
3163 5008 3228 5060 tle
3256 5008 3587 5074 pauperibus

326 5108 518 5172 ἁπλῶς
547 5110 793 5178 πενήτων
845 5107 937 5162 καὶ
981 5109 1263 5178 όρῑοανῶψ
1305 5109 1404 5179 οὐχ
1465 5110 1670 5180 ἥκιστα
1714 5110 1771 5163 δέ
1817 5111 1900 5164 uati

2017 5113 2070 5158 et
2107 5103 2370 5170 orphanis
2423 5101 2822 5170 intelliguntur,
2873 5100 2969 5154 sed
3008 5101 3072 5152 de
3106 5099 3346 5168 gentium
3387 5097 3589 5165 populo

323 5201 460 5269 περὶ
484 5199 576 5252 τοῦ
598 5200 658 5265 ἐξ
686 5199 856 5254 ἐθνῶν
894 5199 1045 5264 λαοῦ,
1075 5199 1309 5270 πένητος
1341 5201 1440 5270 μὲν
1465 5201 1636 5265 ὄντος,
1681 5201 1772 5254 διὰ
1809 5202 1900 5264 τὰς

2015 5193 2107 5264 qui
2139 5193 2340 5246 dictaui
2379 5193 2446 5244 ob
2475 5205 2694 5245 causam
2745 5205 2946 5259 panper
2987 5198 3100 5244 erat
3132 5205 3146 5253 ;
3179 5199 3232 5243 et
3283 5185 3587 5254 orphanus,

325 5293 739 5363 προειρημένας
769 5291 970 5358 αἰτίας,
1006 5291 1246 5363 ὀρφανοῦ
1279 5293 1355 5357 δὲ,
1381 5291 1469 5345 διὰ
1491 5293 1552 5346 τὸ
1603 5292 1678 5363 μὴ
1707 5293 1900 5364 γνωρί-

2011 5287 2139 5356 quia
2171 5294 2378 5354 patrem
2415 5297 2475 5334 ac
2506 5281 2763 5337 iactarent
2816 5298 2974 5336 suum
3019 5297 3123 5334 non
3155 5284 3402 5332 noverat.

327 5383 448 5447 ζειν
482 5383 572 5436 τὸν
595 5383 787 5438 ἑαυτοῦ
831 5383 1055 5455 Πατέρα
1087 5383 1182 5437 καὶ
1215 5384 1455 5454 Ποιητὴν
1481 5382 1638 5436 Θεόν.
2419 5462 2428 5463 7
2659 5461 2666 5463 _
2790 5461 2795 5463 Α
2823 5460 2832 5463 _
3203 5452 3213 5463 ι
3309 5459 3318 5463 _
3441 5444 3472 5463 ,,
3517 5462 3520 5463 ν
3552 5445 3567 5463 _.

2084 5464 2250 5519 \‘Ens.
2276 5464 2360 5519 15.
2396 5462 2618 5516 Conterc
2651 5460 2921 5512 brachium
2950 5452 3239 5527 peccatoris
3271 5459 3318 5503 ct
3346 5444 3588 5512 maligni.

399 5476 745 5543 Σύντριψον
771 5477 880 5528 τὸν
901 5475 1207 5545 βραχίονα
1253 5474 1358 5529 τοῦ
1399 5473 1777 5568 ἀμαρτωλοῦΔ
1811 5473 1908 5526 καὶ
2013 5558 2047 5568 “
2089 5473 2250 5568 Vens.
2396 5473 2921 5568 Conterevraenium
3271 5473 3533 5568 ειῖιιιέἷὶιιιίεέιέ

2011 5558 2115 5615 Per
2192 5557 2475 5614 brachium
2561 5553 2859 5624 potentiam
2940 5563 3002 5601 ac
3079 5546 3222 5598 vires
3313 5537 3587 5612 intelligit.

327 5567 626 5634 πονηροῦ.
658 5565 930 5638 Βραχίονα
960 5567 1059 5639 τὴν
1091 5569 1319 5637 δύναμιν
1351 5565 1500 5634 λέγει
1529 5581 1541 5594 ⁸
1582 5565 1674 5618 καὶ
1717 5563 1826 5638 γὰρ
1853 5564 1910 5615 ἐν

419 5747 436 5778 ⁸
469 5744 634 5801 llebr.
673 5743 847 5810 3,51.
