4090 6212
567 314 669 378 163

565 524 654 570 tor
685 525 864 568 autem
899 512 990 565 ille
1036 520 1140 574 est,
1193 511 1286 579 qui
1342 507 1810 576 concupiscentia:
1847 504 2150 558 dominanti

532 679 536 682 Ι
567 607 799 666 inservit
824 605 1122 678 [malignus
1139 620 1270 660 vero
1291 603 1338 659 is
1357 604 1450 674 qui
1476 600 1763 672 proposito
1786 615 1850 655 ac
1866 599 2151 653 voluntate

535 692 790 772 ~propria
852 713 1055 768 pravus
1105 704 1190 752 est
1249 707 1303 752 et
1348 696 1664 750 scelestus:
1718 706 1818 763 pro
1864 699 2154 762 peccatore

567 793 734 848 etiam
765 799 819 846 et
844 791 1081 858 maligno
1103 790 1280 858 ipsum
1303 796 1458 858 potes
1479 785 1781 839 daemonem
1805 779 2151 852 intelligere]

639 885 919 949 Qureretur
950 890 1217 951 peccatum
1254 878 1397 932 illius
1439 887 1488 930 et
1537 892 1638 928 non
1671 874 1984 928 invenietur.
2013 871 2151 938 Quia

565 979 616 1034 si
650 980 792 1032 Deus
827 983 1118 1039 peccatum
1150 972 1298 1026 illius
1338 968 1688 1039 exquisierit,
1724 978 1779 1022 et
1823 964 2153 1037 longanimis

566 1084 698 1139 erga
727 1083 852 1122 eum
887 1082 994 1120 non
1023 1064 1214 1130 fuerit,
1233 1063 1420 1117 statim
1447 1060 1644 1131 peribit
1673 1059 1950 1128 judicatus
1977 1065 2152 1111 morte

568 1160 788 1229 dignus.
856 1154 1095 1224 Intelligi
1162 1155 1328 1206 etiam
1384 1158 1617 1221 possunt
1683 1150 1798 1202 hac
1858 1148 2023 1200 verba
2086 1147 2157 1201 de

561 1252 814 1316 Christo,
869 1251 945 1304 ita
1001 1258 1061 1304 ut
1104 1246 1475 1318 praenuntient
1505 1259 1570 1300 ea
1619 1257 1740 1310 quae
1789 1240 1999 1294 Pilatus
2033 1246 2153 1293 erat

562 1347 842 1407 dicturus,
869 1343 1091 1412 quando
1130 1341 1207 1394 ait
1255 1358 1266 1392 :
1303 1337 1531 1392 Nullam
1577 1351 1800 1391 causam
1851 1333 2056 1388 invenio
2096 1332 2152 1384 in

563 1437 779 1491 homine
801 1438 821 1467 ³
855 1451 873 1501 ;
907 1436 1036 1488 item
1069 1441 1124 1488 et
1167 1431 1313 1501 quod
1345 1430 1460 1500 ipse
1485 1428 1742 1483 Christus
1769 1425 1950 1480 dixit:
1996 1425 2152 1479 Nunc

565 1533 810 1600 princeps
837 1527 994 1596 hujus
1029 1527 1215 1580 mundi
1243 1525 1488 1594 ejicietur
1519 1522 1692 1591 foras,
1729 1531 1780 1574 et
1825 1521 1878 1573 in
1919 1535 1998 1572 me
2048 1535 2153 1571 non

565 1621 795 1674 inveniet
824 1617 1113 1688 quidquam
1133 1617 1176 1672 ³.
1210 1615 1402 1684 Neque
1443 1615 1590 1668 enim
1623 1611 1836 1667 Pilatus
1867 1623 2148 1681 peccatum

569 1712 796 1782 aliquod
837 1710 1050 1765 invenit
1081 1716 1305 1779 propter
1329 1708 1476 1777 quod
1510 1705 1685 1761 occidi
1714 1704 1878 1759 Jesus
1900 1703 2146 1767 deberet,

568 1805 882 1875 nequeipse
908 1803 1073 1858 etiam
1101 1801 1336 1862 daemon,
1363 1807 1610 1867 tempore
1650 1810 1758 1866 quo
1793 1793 2146 1848 immaculata

567 1898 662 1953 illa
690 1896 898 1952 Christi
931 1896 1115 1948 anima
1142 1894 1210 1947 ab
1236 1893 1358 1960 ejus
1381 1905 1609 1960 corpore
1641 1897 1892 1960 separata
1927 1896 2033 1951 est,
2067 1887 2151 1940 vel

567 1988 845 2043 tantillum
870 1985 1050 2056 potuit
1079 1987 1328 2039 invenire
1369 1991 1678 2052 peccatum,
1713 1979 1928 2034 tametsi
1959 1979 2013 2032 in
2048 1979 2151 2032 hoc

567 2082 801 2136 multum
822 2078 1157 2134 incubuerit.

644 2174 805 2229 Vsus.
843 2172 932 2227 i6.
968 2171 1226 2224 Dominus
1257 2168 1369 2222 Rea:
1400 2178 1476 2223 est
1497 2169 1550 2223 in
1578 2169 1852 2230 seculum,
1884 2176 1932 2220 et
1969 2166 2020 2220 in
2047 2181 2149 2219 sre-

565 2268 745 2323 culum
779 2265 985 2321 surculi.
1018 2263 1193 2318 Verba
1227 2262 1341 2317 hazc
1377 2262 1443 2316 ad
1493 2277 1588 2316 eos
1631 2262 1775 2316 dicta
1825 2267 1956 2315 sunt
1985 2297 2000 2324 ,
2054 2259 2146 2327 qui

565 2361 1014 2418 scandalizentur
1045 2397 1060 2421 ,
1115 2356 1262 2426 quod
1312 2355 1465 2425 pravi
1501 2355 1748 2408 homines
1800 2368 1908 2408 non
1963 2354 2147 2406 statim

565 2454 888 2524 puniantur.
925 2449 1197 2518 Regnum,
1233 2447 1429 2516 inquit.
1464 2456 1518 2500 et
1549 2446 1814 2514 judicium
1845 2443 1936 2498 Dei
1965 2486 1979 2510 ,
2038 2459 2146 2496 non

566 2547 654 2596 est
724 2538 793 2594 ad
853 2547 1070 2607 tempus
1136 2576 1153 2601 ,
1226 2535 1324 2591 sed
1393 2545 1737 2604 perpetuum.
1787 2531 1942 2588 Unde
2023 2535 2144 2587 licet

567 2631 749 2687 nullas
779 2642 923 2684 nunc
961 2626 1092 2682 dent
1117 2642 1332 2697 poenas,
1357 2626 1652 2696 aliquando
1685 2637 1867 2680 tamen
1917 2638 2010 2679 eas
2051 2625 2147 2678 da-

569 2729 725 2780 bunt.
759 2721 854 2778 Vel
891 2719 1093 2776 Christi
1120 2734 1346 2788 regnum
1382 2717 1710 2788 praenuntiat
1738 2757 1751 2777 .
1801 2716 1948 2786 quod
2010 2717 2142 2770 olim

565 2815 787 2886 quidem
814 2827 1030 2882 semper
1057 2811 1247 2866 habuit
1274 2820 1333 2865 ut
1373 2810 1538 2873 Deus,
1573 2810 1667 2863 sed
1719 2820 1840 2878 post
1895 2825 2148 2863 resurre-

566 2907 808 2965 ctionem
843 2906 1006 2962 etiam
1039 2905 1220 2959 denuo
1249 2903 1461 2973 accepit
1493 2913 1552 2956 ut
1588 2903 1752 2956 homo
1789 2919 1803 2956 :
1866 2901 2008 2955 Data
2065 2909 2142 2954 est

565 3003 711 3060 enim
735 3001 883 3065 mihi,
903 3000 1103 3070 inquit,
1121 2999 1296 3053 omnis
1313 3007 1546 3066 potestas
1571 2998 1624 3050 in
1650 2997 1779 3050 cwlo
1794 3005 1842 3049 et
1866 2997 1918 3049 in
1945 2994 2142 3061 terra‘;

1779 301 1984 359 EUTii
2000 300 2165 359 ἰ’ΜίΙ
2199 299 2367 356 ZIGA
2383 299 2558 357 BENI

567 425 624 477 In
657 425 882 476 brachio
914 417 1117 474 etenim
1163 418 1325 470 robur
1363 415 1601 469 hominis
1637 414 1913 468 consistit.
1957 414 2146 468 Pecca-

2259 413 2490 480 τούτῳὴ
2521 411 2616 464 τοῦ
2650 410 2937 480 ἀνθρώπου
2983 409 3215 479 δύναμις
3241 425 3250 436 ·

3735 296 3830 357 164

3309 409 3631 479 ἁμαρτωλὸς
3683 411 3761 472 δὲ,
3813 415 3839 464 ὁ

2257 507 2378 566 ταῖς
2433 503 2826 574 τυραννούσαις
2901 503 3224 572 ἐπιθυμίαις
3293 502 3689 570 δεδουλωμένος
3748 507 3838 556 καὶ

2260 595 2521 666 πονηρός.

2329 873 2738 940 Ζητηθήσεται
2773 875 2810 940 ἠ
2841 872 3092 937 ἁμαρτία
3117 869 3324 936 αὐτοῦ,
3371 869 3465 923 καὶ
3503 872 3578 924 οὺ
3612 870 3698 940 μὴ
3739 873 3836 926 εὐ-

2249 966 2421 1037 ρεθῇ.
2479 967 2540 1019 Ei
2602 965 2863 1037 ἐξετάσῃς
2914 967 3021 1036 γὰρ
3074 965 3172 1036 τὴν
3208 963 3488 1033 ἁμαρτίαν
3516 964 3708 1026 αὑτοῦ,
3741 967 3836 1016 καὶ

2263 1062 2338 1130 μὴ
2375 1061 2835 1131 μακροθυμήσῃς,
2871 1059 3070 1112 αὐτίκα
3114 1058 3398 1111 ἀπολεῖται
3444 1056 3626 1118 αὐτὸς,
3687 1055 3835 1120 ἄξιος

2259 1152 2499 1207 θανάτου
2523 1150 2754 1221 κριθείς.
2784 1149 3141 1219 Λαμϐάνεται
3171 1149 3229 1202 δέ
3267 1147 3362 1201 καὶ
3415 1148 3495 1210 εἰς
3547 1147 3780 1216 Χριστὸν
3803 1148 3830 1197 ό

2256 1243 2436 1312 λόγος,
2473 1241 2885 1313 προαγορεύων,
2911 1243 3046 1309 ὅπερ
3079 1239 3306 1308 ὕστερον
3333 1240 3361 1291 ὁ
3401 1236 3639 1300 Πιλᾶτος
3684 1238 3831 1308 εἴρη-

2256 1355 2343 1398 κε,
2401 1337 2477 1398 ὼς
2526 1335 2823 1404 Οὐδεμίαν
2877 1333 3077 1387 αἰτίαν
3117 1330 3377 1398 eiulans)
3411 1329 3481 1384 ἐν
3510 1327 3689 1392 αὐτῷ.
3725 1328 3835 1381 Καὶ

2257 1428 2434 1491 αὖθις,
2460 1428 2597 1496 ὅπερ
2626 1428 2653 1479 ὁ
2681 1425 2916 1494 Χριστὸς
2937 1421 3113 1487 εἶπεν,
3143 1423 3227 1476 ὅτι
3257 1423 3387 1476 Νῦν
3413 1425 3446 1475 ό
3487 1422 3686 1489 ἄρχων
3725 1421 3834 1472 τοῦ

2255 1522 2490 1590 κόσμου
2530 1519 2748 1572 τούτου
2777 1517 3035 1587 ἔρχεται,
3062 1515 3161 1569 καὶ
3183 1515 3255 1569 ἐν
3283 1515 3412 1584 ἐμοὶ
3439 1514 3684 1582 εὑρήσει
3735 1517 3835 1565 ου-

2253 1613 2394 1668 δένο
2430 1610 2559 1666 οὔτε
2588 1612 2700 1682 γὰρ
2741 1609 2770 1662 ὁ
2808 1609 3038 1672 Πιλᾶτος
3075 1607 3236 1678 εὗρεν
3289 1608 3588 1676 ἁμαρτίαν,
3648 1605 3715 1658 δι’
3765 1606 3834 1674 ἣν

2255 1705 2448 1778 ἔμελλε
2485 1705 2668 1758 θανεῖν
2695 1706 2721 1757 ὁ
2749 1702 3008 1773 Χριστὸς,
3049 1700 3173 1755 οὔτε
3207 1703 3234 1754 ὁ
3262 1699 3506 1762 διάϐολος
3533 1701 3590 1751 ἐν
3623 1697 3700 1768 τῷ
3725 1716 3833 1768 χω-

2259 1798 2568 1871 ρισμῷητῆς
2595 1797 2872 1868 ἀχρὰντου
2902 1793 3068 1848 αὑτοῦ
3103 1794 3281 1864 ψυχῆς
3312 1793 3410 1862 τὴν
3436 1790 3648 1846 οἱανοῦν
3679 1791 3835 1860 ἰσχυο

2257 1910 2347 1947 σεν
2387 1893 2572 1962 εὑρεῖν
2595 1889 2891 1960 ἁμαρτίαν,
2923 1887 3093 1942 πολλὰ
3130 1887 3345 1955 καμὼν.

2322 2173 2534 2239 Κύριος
2559 2168 2866 2234 βασιλεὺς
2903 2169 2991 2232 εις
3036 2167 3143 2220 τὸν
3179 2163 3385 2226 αἰῶνα,
3442 2163 3536 2216 καὶ
3580 2164 3668 2227 εὶς
3725 2161 3830 2212 τὸν

2250 2265 2436 2320 αἰῶνα
2467 2264 2572 2318 τοῦ
2603 2261 2835 2328 αἰῶνος.
2867 2260 3039 2314 Τοῦτο
3068 2258 3204 2329 πρὸς
3233 2257 3360 2320 τοὺς
3407 2253 3832 2323 σκανδαλιζομέο

2251 2375 2394 2422 νους,
2427 2357 2521 2409 ἐπὶ
2553 2355 2613 2408 τὸ
2643 2353 2718 2425 μὴ
2757 2353 2957 2407 διδόναι
3005 2351 3161 2421 δίκην
3219 2349 3383 2412 εὐθὺς
3431 2347 3523 2401 τὸν
3570 2345 3828 2415 πονηρόν.

2234 2452 2368 2508 .οὑκ
2402 2451 2518 2502 ἐστι
2550 2451 2681 2520 γὰρ,
2713 2445 2871 2517 φησι,
2907 2446 3245 2518 πρόσκαιρος
3303 2445 3336 2512 ὴ
3383 2439 3634 2512 βασιλεία
3662 2440 3755 2492 καὶ
3795 2441 3826 2508 ἡ

2251 2544 2436 2616 κρίσις
2459 2541 2554 2595 τοῦ
2601 2538 2736 2594 Θεοῦ
2764 2556 2779 2571 ⁸
2815 2539 2959 2592 ἀλλὰ
3012 2537 3115 2593 κᾶν
3163 2536 3238 2608 μὴ
3278 2536 3376 2589 νῦν
3435 2533 3596 2588 δώσει
3648 2533 3826 2601 δίκην,

2247 2635 2411 2692 δώσει
2444 2636 2596 2689 ποτέ.
2625 2635 2696 2686 Ἦ
2742 2633 2838 2686 καὶ
2862 2633 2962 2704 τὴν
3013 2631 3109 2686 τοῦ
3153 2629 3395 2701 Χριστοῦ
3453 2625 3832 2698 προανεφώνει

2253 2729 2554 2801 βασιλείαν,
2583 2728 2649 2797 ἣν
2676 2726 2754 2790 ὡς
2799 2725 2935 2790 Θεὸς
2965 2725 3125 2796 ἔχων,
3154 2723 3311 2776 ἔλαὸε
3340 2723 3434 2775 καὶ
3481 2721 3557 2783 ὡς
3617 2719 3830 2790 ἀνορω-

2251 2839 2353 2886 πος
2376 2824 2515 2893 μετὰ
2549 2821 2646 2892 τὴν
2687 2821 3010 2875 ἀνάστασιν.
3056 2818 3268 2884 Ἐδόθη
3297 2834 3401 2887 μοι
3449 2816 3580 2886 γὰρ,
3637 2814 3828 2882 φησὶ-ι,

2249 2916 2503 2982 ἐξουσία
2531 2914 2601 2968 ἐν
2637 2912 2876 2984 οἱφανῷ
2899 2914 2995 2968 καὶ
3027 2911 3126 2966 ἐπὶ
3165 2911 3297 2982 γῆς,
3322 2910 3464 2964 ὥστε
3520 2907 3828 2980 βασιλεύειν

2250 3014 2352 3066 οὐκ
2411 3012 2470 3065 ἐν
2517 3010 2594 3082 τῷ
2655 3009 2888 3080 παρόντι
2941 3009 3102 3076 μόνον
3147 3006 3326 3068 αἰῶνι,
3365 3003 3501 3059 ἀλλὰ
3535 3006 3627 3058 καὶ
3663 3005 3720 3056 ἐν
3748 3001 3827 3070 τῷ

565 3096 644 3152 ita
671 3106 730 3151 ut
754 3109 864 3150 non
899 3096 952 3149 iu
986 3092 1239 3163 praesenti
1262 3099 1471 3145 tantum
1496 3089 1720 3153 sreculo,
1744 3087 1838 3144 sed
1873 3089 1924 3142 in
1957 3086 2142 3143 futuro

2253 3105 2516 3174 μέλλοντι.

559 3189 730 3243 etiam
761 3193 1090 3255 regnaturus
1128 3184 1224 3240 sit.

641 3280 888 3336 Peribitis
911 3287 1084 3350 gentes
1118 3294 1184 3330 ex
1231 3287 1377 3330 terra
1433 3277 1608 3331 illius.
1659 3275 1763 3330 Per
1815 3283 2008 3346 gentes
2049 3287 2148 3328 eos

566 3371 822 3441 intelligit
857 3370 960 3424 hoc
999 3370 1051 3422 in
1087 3370 1208 3422 loco
1247 3369 1336 3436 qui
1391 3367 1760 3436 evangelicam
1812 3366 1984 3438 legem
2038 3384 2145 3422 non

567 3471 952 3532 susceperunt.
991 3460 1193 3516 Gentes
1228 3460 1499 3528 siquidem
1532 3462 1650 3515 sine
1683 3461 1798 3528 lege
1845 3469 1991 3514 sunt.
2047 3460 2149 3516 l'er

565 3564 769 3608 terram
807 3561 990 3606 autem
1027 3552 1193 3611 illius,
1216 3559 1403 3605 totum
1437 3552 1625 3606 orbem
1662 3550 1912 3620 intelligit
1972 3550 2144 3622 [cum

565 3646 772 3700 dictum
804 3645 876 3699 sit
905 3662 918 3699 :
973 3644 1187 3696 Domini
1217 3656 1290 3696 est
1324 3652 1467 3697 terra
1494 3654 1542 3697 et
1568 3643 1840 3708 plenitudo
1866 3642 1980 3704 eius
2012 3645 2073 3707 5;
2117 3659 2146 3696 a

564 3753 674 3808 qua
703 3739 801 3791 hos
832 3737 1280 3791 exterminandos
1302 3751 1426 3790 esse
1461 3733 1726 3807 praedicit]
1762 3735 1865 3790 ﬁde
1889 3735 2145 3790 nimirum

563 3830 864 3899 divulgata.
917 3827 1010 3883 Vel
1060 3843 1154 3897 per
1210 3839 1413 3882 terram
1460 3827 1713 3890 Domini,
1759 3843 1985 3898 regnum
2026 3830 2147 3888 e;us

563 3920 841 3991 intelligit,
867 3935 894 3971 a
925 3935 1034 3990 quo
1059 3934 1251 3975 omnes
1283 3920 1560 3984 deciderit,
1595 3921 1686 3989 qui
1718 3920 1858 3974 male
1887 3921 2144 3976 vixerint.

635 4011 799 4066 Vens.
823 4011 906 4066 i7.
937 4010 1260 4066 Desiderium
1284 4027 1568 4079 pauperum
1596 4011 2144 4078 exaudisti,-Damine,

561 4103 1008 4171 prw'iarationem
1030 4104 1207 4156 cordis
1235 4115 1415 4156 eorum
1455 4103 1658 4156 audivit
1709 4104 1856 4156 auris
1893 4116 2006 4156 tua.
2047 4105 2148 4172 Dg-

551 4195 824 4249 siderium
851 4237 866 4259 ,
927 4195 1145 4264 inquit,
1187 4210 1531 4264 pauperum,
1589 4202 1642 4247 et
1692 4195 2144 4264 praeparationem

555 4287 746 4341 cordis
780 4302 968 4342 eorum
997 4327 1011 4351 ,
1045 4288 1334 4341 clamantia
1391 4287 1797 4356 quodammodo
1843 4287 1908 4339 ad
1960 4295 2013 4341 te
2041 4326 2056 4349 ,
2092 4295 2144 4342 ct

561 4381 888 4450 injustornm
947 4381 1374 4439 destructionem
1427 4383 1670 4449 optautia
1705 4421 1717 4443 ,
1760 4387 1816 4434 tu
1847 4380 2138 4434 exaudisti.

2334 3281 2710 3344 Ἀπολεῖσθε,
2746 3282 2915 3347 ἔθνη,
2939 3279 3006 3334 ἐκ
3035 3277 3146 3346 τῆς
3171 3277 3283 3348 γῆς
3311 3275 3519 3330 αὐτοῦ.
3544 3273 3708 3344 Ἔθνη
3732 3270 3828 3325 νῦν

2251 3373 2510 3444 ὀνομάζει
2543 3373 2670 3435 τοὺς
2701 3371 2776 3442 μὴ
2809 3370 3138 3440 δεξαμένους
3179 3368 3270 3421 τὸν
3328 3365 3686 3435 εὖαγγελικὺν
3741 3365 3828 3415 νό-

2255 3485 2355 3536 μον
2385 3467 2491 3518 ο·τὰ
2525 3466 2634 3535 γὰρ
2661 3465 2809 3534 ἔθνη,
2843 3465 3040 3535 ἄνομα.
3093 3465 3202 3518 Τοῦ
3249 3462 3470 3530 Κυρίου
3529 3460 3584 3514 δὲ
3638 3460 3676 3526 ἡ
3731 3456 3828 3526 γῆ.

2255 3557 2537 3621 εὐσεϐείας
2576 3555 3013 3626 ἐξαπλουμένης.
3042 3557 3112 3608 Ἤ
3133 3557 3227 3608 καὶ
3259 3555 3363 3624 γῆν
3408 3554 3617 3623 Κυρίου
3675 3551 3831 3604 καλεῖ

2253 3650 2354 3716 τὴν
2389 3648 2668 3718 βλσιλείαν
2694 3648 2885 3714 αὐτοῦ,
2941 3643 3010 3720 ἦς
3041 3648 3451 3702 ἁποπεσοῦνται
3507 3647 3554 3698 ol
3609 3645 3828 3714 ἀνόμως

2254 3741 2545 3811 ζήσαντες.

2326 4005 2446 4075 Τὴν
2473 4008 2797 4078 ἐπιθυμίαν
2825 4008 2944 4061 τῶν
2959 4009 3236 4076 πενήτων
3255 4009 3649 4077 εἰσήκουσας,
3712 4009 3827 4062 Kri-

2235 4117 2341 4168 -ριε
2363 4118 2376 4130 ·
2411 4101 2486 4169 τῇ
2513 4101 2829 4170 ἑτοιμασίᾳ
2852 4100 2962 4169 τῆς
2989 4102 3236 4170 καρδίας
3267 4101 3453 4156 αὑτοῦ
3484 4100 3829 4170 προσέσχες

2248 4193 2316 4248 τὸ
2350 4191 2462 4260 οὖς
2485 4205 2629 4247 σου.
2667 4193 2884 4264 Τρόπον
2915 4194 3036 4248 τινὰ
3094 4195 3446 4267 κεκραγότων
3501 4196 3666 4263 ἄμφω
3691 4195 3827 4263 πρδις

2250 4289 2311 4339 σέ
2345 4303 2358 4316 ·
2391 4284 2700 4355 ἐπεθύμουν
2731 4288 2829 4354 μὲν
2862 4285 2970 4356 γὰρ
3020 4289 3472 4357 καταστραφῆναι
3529 4285 3657 4348 τοὺς
3714 4285 3829 4338 d65-

2249 4396 2379 4442 κους
2410 4395 2424 4409 ο
2455 4374 2597 4449 ἦσαν
2619 4379 2674 4432 δὲ
2713 4378 2888 4443 εὐθεῖς
2915 4382 2981 4450 τῇ
3030 4381 3246 4451 καρδίᾳ,
3298 4382 3568 4451 μηδεμιᾶς
3628 4382 3827 4445 κακίας

563 4472 729 4526 Erant
767 4474 912 4527 enim
961 4473 1014 4526 hi
1070 4486 1338 4540 pauperes
1396 4474 1685 4542 praeparati
1723 4467 1780 4527 et
1824 4474 1953 4528 recti
1978 4473 2143 4528 corde

2250 4472 2666 4542 ἐμποδιζούσης.
2701 4473 2769 4526 Ἣ
2801 4475 2892 4526 καὶ
2914 4475 2994 4527 ὅτι
3028 4474 3334 4544 ἐπεθύμουν
3385 4475 3482 4545 τὴν
3545 4475 3825 4545 ἐνανθρὼ-

560 4583 626 4621 ac
660 4566 808 4619 nullo
841 4565 972 4618 vitio
1005 4565 1272 4634 impediti.
1309 4563 1406 4620 Vel
1443 4563 1694 4620 fortassis
1741 4581 1807 4621 eo
1866 4567 2145 4636 pertinent

2250 4583 2412 4637 πησιν
2439 4566 2531 4619 τοῦ
2567 4565 2821 4637 Σωτῆρος
2845 4568 2894 4619 οἱ
2935 4570 3212 4638 προφῆται
3247 4585 3262 4598 ο
3294 4567 3506 4637 ἕτοιμοι
3572 4568 3629 4620 δέ
3683 4565 3826 4639 ἦσαν

563 4658 676 4710 lucc
707 4657 891 4723 verba,
933 4668 987 4710 ut
1021 4658 1408 4728 prophetarum
1476 4656 1717 4714 indicent
1771 4659 2140 4723 desiderium,

557 4745 1112 4816 quilnearnatiouem
1160 4747 1372 4802 Domini
1424 4749 1728 4816 optabant,
1791 4758 1847 4804 et
1907 4751 2139 4818 prompti

559 4847 718 4893 erant
745 4840 810 4893 ad
841 4841 1244 4910 susceptionem
1281 4841 1402 4895 ﬁdei
1428 4857 1442 4896 :
1472 4841 1508 4896 ii
1538 4841 1795 4896 nimirum
1828 4843 1920 4912 qui
1953 4853 2139 4912 pcatea

557 4947 677 4985 eam
711 4943 1095 5000 susceperunt.

633 5018 798 5075 VERS.
835 5021 918 5074 i8.
952 5020 1018 5074 Ut
1040 5021 1248 5090 judiccs
1279 5022 1479 5090 pupillo
1511 5034 1558 5077 et
1586 5023 1798 5079 humili.
1827 5025 2138 5094 Exaudisti,

2243 4659 2323 4722 εἰς
2385 4658 2655 4730 ὑποδοχὴν
2705 4663 2804 4731 τῆς
2861 4660 3100 4725 πίστεως
3151 4663 3200 4714 οε
3280 4661 3486 4732 ταύτην
3560 4662 3822 4728 ὑποδεξά-

2246 4768 2419 4821 μενοι.

2312 5019 2516 5087 ιιζρῒναι
2547 5020 2790 5090 ὀρφανῷ
2815 5020 2912 5074 καὶ
2938 5022 3219 5091 ταπεινῷ.
3253 5025 3616 5096 Εξσήκουσας,
3663 5027 3820 5096 φησὶ.

556 5109 730 5181 inquit
759 5153 774 5176 ,
815 5124 869 5167 et
920 5113 1202 5168 attendisti
1241 5125 1299 5168 ut
1340 5115 1511 5184 judex
1574 5118 1732 5172 lieres
1782 5120 2030 5190 orphano
2084 5129 2141 5175 et

2250 5116 2331 5166 ut
2356 5115 2680 5185 προσέσχες,
2711 5113 2852 5167 ὥστε
2893 5117 3088 5188 κριτὴς
3138 5119 3397 5186 γενέσθαι
3444 5119 3666 5190 ὀρφανῷ
3727 5122 3822 5173 καὶ

557 5203 776 5268 humili,
808 5212 861 5260 et
894 5206 1191 5261 vindictam
1251 5222 1439 5262 eorum
1475 5209 1704 5267 faceres.

641 5295 708 5350 Ut
738 5314 839 5351 non
877 5310 1102 5367 apponat
1132 5301 1278 5353 ultra
1312 5301 1656 5372 magniﬁcare
1690 5319 1744 5358 se
1786 5303 1940 5360 homo
1973 5322 2130 5374 super

554 5396 773 5442 terram.
808 5387 876 5444 Ut
899 5391 1081 5445 omnis
1111 5393 1277 5445 homo
1308 5408 1697 5462 oppressorum
1737 5411 1970 5451 cernens
2015 5400 2131 5451 vin-

554 5479 757 5533 dictam
787 5521 801 5545 ,
838 5482 1124 5536 audaciam
1173 5497 1238 5538 ac
1291 5484 1654 5539 temeritatem
1707 5486 1987 5555 deponat,
2038 5505 2136 5544 nec

556 5568 818 5636 glorietur
843 5574 970 5642 quis
1005 5574 1240 5646 amplius
1297 5585 1391 5630 aut
1445 5577 1742 5633 extollatur
1795 5593 1960 5650 super
1996 5581 2133 5634 infe-

651 5753 671 5782 ²
705 5745 865 5805 Joau.
902 5766 1016 5817 xrx,
1050 5752 1106 5814 6.

2244 5208 2501 5277 ταπεινῷ,
2532 5208 2626 5261 καὶ
2657 5209 2938 5279 ἐκδικῆσαι
2967 5211 3147 5266 αὐτόν.

2322 5301 2558 5383 Ἵναμὴ
2599 5302 2835 5370 προσθῇ
2867 5305 2954 5358 ἐτι
3009 5304 3116 5358 τοῦ
3157 5304 3563 5375 μεγαλαυχεῖν
3593 5305 3728 5375 ἄν·οί
3745 5326 3822 5359 w-

2247 5410 2361 5460 πος
2393 5393 2490 5446 ἐπὶ
2525 5393 2635 5460 τῆς
2654 5393 2784 5464 γῆς.
2816 5395 2935 5450 Ἵνα
2967 5398 3072 5460 πᾶς
3103 5397 3412 5468 ἄνθρωπος,
3449 5398 3663 5470 βλέπων
3721 5402 3823 5470 τὴν

2245 5486 2526 5554 ἐκδίκησιν
2546 5486 2655 5540 τῶν
2685 5487 3080 5556 ἀδικουμένων,
3115 5488 3191 5560 μὴ
3225 5491 3470 5563 τολμήσῃ
3506 5492 3586 5544 ἔτι
3643 5511 3818 5562 μεγα·

2243 5578 2484 5649 λαυχείν,
2539 5578 2837 5632 τουτέστιν.
2869 5581 3194 5653 ἐπαίρεσθαι
3248 5586 3341 5638 καὶ
3394 5584 3820 5648 ἀλαζονεύεσθαι

1191 5757 1208 5786 ³
1249 5755 1408 5812 Joan.
1467 5775 1563 5825 xu,
1601 5759 1690 5813 51.
1753 5759 1770 5789 ⁸
1805 5757 1996 5812 Matth.
2031 5773 2226 5825 xxviii,
2266 5760 2349 5815 l8.
2421 5762 2440 5792 ⁵
2482 5761 2627 5817 I‘sal.
2661 5777 2816 5830 nni,
2856 5763 2905 5819 1.
