4090 6212
372 339 474 403 165

1560 335 1961 395 COMMENT.
2006 333 2079 393 lN
2130 332 2495 395 PSALMOS.

3539 327 3641 390 166

370 457 510 513 κατὰ
548 454 659 510 τῶν
711 453 1143 525 ὑποδεεστέρων.
1190 452 1262 506 Τὸ
1306 452 1387 513 δὲ,
1432 452 1531 505 ἐπὶ
1570 450 1681 519 τῆς
1731 451 1866 521 τῆς,
1901 451 1962 504 τὸ

2067 454 2241 510 riores
2274 466 2367 507 se:
2394 450 2538 518 quod
2565 465 2692 506 vero
2724 449 2800 503 ait
2834 465 2990 519 super
3018 458 3235 512 terram,
3260 448 3401 502 idem
3438 451 3653 519 εἱειιιςε-

371 550 601 604 καθόλου
666 547 761 601 καὶ
800 546 1151 619 περιεκτικὸν
1215 546 1327 600 τῶν
1376 542 1685 615 ἀνθρώπων
1746 544 1956 612 ὑποση-

373 643 583 714 μαίνει.

638 732 743 798 Εις
767 731 833 786 τὸ
872 730 1045 797 τέλος
1074 729 1321 800 italum-
1368 727 1450 795 τῷ
1496 728 1693 783 Δαϐἰδ.

832 868 840 881 .
948 823 1292 879 ΨΣΑΛΜΟΣ
1336 823 1395 876 Ι’.

442 917 645 971 Τοῦτον
674 912 774 990 ᾖσε
813 917 906 971 τδν
960 913 1181 987 ψαλμὸν
1228 913 1561 983 διωκόμενος
1618 912 1725 966 ὑπὸ
1767 910 1961 967 Σαούλ.

366 1012 470 1077 Εἰς
491 1011 672 1077 τέλος
707 1009 786 1074 δὲ,
817 1009 915 1064 ᾶτε
939 1006 1253 1079 πρόρρησιν
1285 1005 1426 1077 ἔχων
1458 1005 1556 1076 τῆς
1589 1006 1962 1075 γεγενημένης

372 1101 452 1173 τῷ
481 1101 645 1157 Δαὸὶδ
678 1101 1038 1172 ἐκδικήσεως,

465 1279 596 1334 Ἐπί
621 1277 702 1346 τῷ
728 1280 925 1349 Κιφίφ
946 1279 1207 1335 πέποιθα
1241 1295 1253 1309 ·
1281 1276 1408 1346 πῶς
1440 1276 1626 1347 ἐρεῖτε
1660 1273 1734 1344 τῇ
1785 1272 1962 1345 ψυχῇ

378 1389 517 1439 μου,
557 1371 1026 1427 Μεταναστεύου
1054 1370 1154 1424 ἐπὶ
1183 1370 1248 1424 τὰ
1301 1368 1431 1439 ὄρη,
1490 1370 1569 1436 ὡς
1592 1367 1961 1437 στρουθιον;

390 1463 543 1517 Ἐπεὶ
599 1463 738 1536 πρὸς
777 1463 882 1535 τήν
935 1463 1143 1534 ἔρημον
1195 1463 1422 1533 φυγόντι
1488 1460 1884 1516 συνεϐούλευον
1910 1462 1961 1515 oi

371 1553 751 1624 εὐνοῖκώτεροι
792 1554 1199 1625 μεταναστῆναι
1235 1552 1439 1624 μᾶλλον
1474 1553 1570 1608 ἐπὶ
1589 1553 1659 1608 τὰ
1690 1554 1819 1626 ὅρη,
1871 1552 1959 1609 διὰ

366 1646 467 1717 τήν
496 1646 750 1701 ἐντεῦθεν
769 1646 1105 1716 ἀσφάλειαν,
1128 1648 1375 1702 αἰτιᾶται
1406 1646 1660 1714 τούτους,
1725 1647 1804 1711 ὡς
1858 1649 1960 1702 οὐκ

365 1738 635 1808 ἄμεμπτα
665 1739 1073 1810 παραινοῦντας
1092 1755 1109 1771 ·
1144 1740 1272 1794 Ἐπὶ
1296 1737 1377 1805 τῷ
1400 1739 1599 1810 Κυρίῳ
1632 1739 1761 1810 γὰρ,
1799 1739 1953 1811 φησὶ,

365 1806 646 1894 πέποιθα,
678 1806 860 1884 πάσαν
892 1831 1064 1901 ἄλλην
1098 1829 1358 1902 βοήθειαν
1392 1806 1820 1904 παραδραμῶν.
1844 1806 1955 1886 Καὶ
1984 1806 2029 1863 Β

363 1917 507 1972 διατί
532 1918 725 1986 λέγετε
753 1922 822 1991 τῇ
844 1919 993 1990 ψυχῇ
1033 1936 1160 1991 μου,
1182 1920 1465 1974 τουτέστιν
1499 1920 1623 1988 ἐμοί
1644 1937 1657 1951 ·
1680 1920 1956 1975 Μετὰὁαι·

363 2027 423 2065 νε
453 2010 747 2082 στρουθίου
776 2009 937 2080 δίκην
968 2012 1065 2064 ἐπὶ
1094 2010 1164 2064 τὰ
1190 2011 1317 2082 ὅρη,
1339 2012 1438 2065 καλ⁸
1460 2012 1719 2086 καθάπερ
1754 2013 1957 2082 ὲπτοη-

374 2101 542 2172 μένον
614 2101 757 2170 ἄγαν
820 2101 1025 2172 πτηνὸν
1059 2100 1363 2173 ινδιάτριῦε
1424 2100 1671 2169 τούτοις;
1698 2104 1963 2173 Παρατη-

379 2192 576 2260 ρητέον
602 2190 684 2256 δὲ,
713 2193 798 2244 δτι
826 2191 1092 2255 πολλάκις
1117 2192 1226 2246 ἀπὸ
1259 2191 1361 2262 τῆς
1394 2191 1575 2262 ψυχῆς
1601 2192 1795 2245 ἑαυτὸν
1850 2192 1965 2245 ὀνο-

384 2277 549 2345 μάζει
578 2278 717 2333 κατὰ
739 2278 1096 2350 περίφρασιν,
1127 2280 1203 2344 ὡς
1232 2283 1290 2335 ὲν
1310 2280 1412 2352 τῷ,
1435 2281 1664 2336 Πολλοὶ
1709 2283 1964 2352 λέγουσι

380 2365 457 2437 τῇ
491 2368 669 2438 ψυχῇ
684 2387 829 2440 μου,
865 2373 1301 2444 προειρήκαμεν.

446 2556 576 2611 Ὅτι
598 2556 727 2611 ἰδοὺ
757 2560 812 2613 οι
832 2559 1169 2629 ἁμαρτωλοί
1202 2560 1441 2614 ἕτειναν
1466 2560 1667 2628 τόξον,
1711 2560 1958 2630 ἡτοίμα-

375 2650 670 2717 σανβέλη
701 2651 789 2717 εἰς
807 2649 1132 2721 φαρέτραν.
1160 2653 1259 2707 Διὰ
1287 2653 1388 2725 τῆς
1411 2654 1685 2718 ὲντάσεως
1736 2653 1833 2705 τοῦ
1864 2654 1957 2705 τὸ·

378 2739 494 2805 ξου,
526 2743 623 2796 καὶ
654 2744 750 2812 τῆς
773 2740 1093 2814 ἑτοιμασίας
1115 2743 1223 2798 τῶν
1245 2746 1302 2798 ἐν
1330 2747 1398 2816 τῇ
1452 2745 1709 2816 φαρέτρα
1761 2744 1952 2815 βελῶν,

371 2834 474 2904 τὴν
516 2834 644 2904 ὅλην
688 2833 782 2887 τοῦ
850 2835 1092 2903 πολέμου
1149 2837 1512 2907 παρασκευὴν
1556 2836 1845 2908 ἐδήλωσεν.
1884 2838 1956 2889 Ἢ

373 2924 472 2978 καὶ
502 2927 585 2980 ὅτι
608 2926 782 2990 τόξοις
806 2926 901 2980 ἐπὶ
930 2927 1052 2989 τοὺς
1083 2926 1386 2998 φεύγοντας
1415 2927 1680 2997 ἐχρῶντο.
1707 2927 1882 2980 Ταυτὶ
1901 2926 1957 2980 δὲ

374 3019 446 3069 ei
478 3016 619 3088 ῥητὰ
669 3016 887 3090 τίθησιν
930 3019 1112 3072 αἰτίαν
1147 3019 1249 3089 τῆς
1289 3018 1690 3088 πεποιθήσεως.
1747 3016 1959 3091 Τεθάρ-

374 3108 521 3178 ρηκα
550 3109 678 3179 γὰρ,
730 3110 917 3180 φησὶν,
942 3110 1026 3162 ὅτι
1056 3108 1358 3179 πολεμοῦσί
1393 3126 1484 3179 μοι
1534 3109 1584 3161 οἱ
1615 3107 1952 3179 ἁμαρτωλοί.
1985 3146 2028 3203 c

372 3201 487 3255 Καὶ
517 3202 626 3270 γὰρ
661 3202 1066 3273 ἁμαρτάνουσι,
1094 3199 1534 3262 καταδιώκοντες
1566 3200 1657 3255 τὸν
1690 3198 1954 3268 ἀναίτιον,

373 3295 471 3346 καὶ
500 3294 858 3365 ἀμειϐόμενοι
892 3292 1112 3364 Θανάτῳ
1138 3293 1231 3346 τὸν
1264 3294 1563 3364 γενόμενον
1606 3291 1793 3356 αὐτοῖς
1850 3310 1959 3347 σω·

375 3384 571 3457 τηρῖα,
600 3386 801 3452 αἴτιον,
844 3387 904 3440 ὲν
937 3385 1019 3457 τῷ
1063 3384 1275 3439 ἀνελεῖν
1331 3402 1392 3439 τε
1456 3383 1673 3449 Γολιὰθ,
1711 3386 1822 3438 ’καὶ
1878 3384 1959 3456 τῷ

377 3477 709 3545 καταδιῶξαι
740 3479 804 3532 τὸ
829 3479 1137 3548 ἀποπνίγον
1170 3478 1262 3534 τὸν
1292 3478 1466 3534 Σαοὺλ
1489 3475 1788 3549 δαιμόνιον.

458 3665 567 3720 Τοῦ
605 3662 1045 3728 κατατοξεῦσαι
1073 3661 1144 3717 ἐν
1183 3662 1533 3733 σκοτομήνῃ
1562 3661 1705 3729 τοὺς
1763 3660 1960 3729 εὐθεῒς

378 3751 455 3823 τῇ
486 3753 720 3823 καρδίᾳ.
768 3742 1311 3825 Παρεσκευάσθησαν
1350 3751 1430 3817 δὲ,
1468 3751 1613 3805 ὥστε
1647 3748 1960 3805 θανατῶσαι

384 3846 555 3914 ἡμᾶς,
585 3844 713 3907 τοὺς
739 3844 1073 3915 ἁπονήρους,
1129 3844 1225 3898 καὶ
1271 3841 1438 3913 μηδὲν
1488 3842 1546 3895 ἐν
1603 3839 1802 3909 καρδίᾳ
1839 3852 1965 3889 σκο-

373 3934 498 3988 λιὸν
518 3933 761 4004 ἔχοντας.
780 3933 1202 3999 Κατατοξεῦσαι
1218 3933 1308 4001 δὲ,
1334 3930 1609 4000 λαθραίως
1661 3927 1722 3992 ἐξ
1753 3923 1967 3979 επιϐου-

381 4022 482 4095 λῆς
512 4041 526 4055 ’
559 4025 719 4079 τοῦτο
745 4026 852 4096 γὰρ
876 4028 908 4095 ὴ
945 4020 1385 4094 σκοτομήνη-νῦν
1413 4018 1693 4089 σημαίνει.
1719 4014 1831 4070 Καὶ
1856 4012 1966 4087 γὰρ

370 4114 437 4166 ὀί
470 4116 527 4167 ὲν
567 4116 817 4187 ἀσελήνῳ
871 4114 1029 4170 νυκτὶ
1087 4113 1435 4187 βαλλόμενοι,
1488 4108 1617 4172 τοὺς
1670 4104 1967 4176 βάλλοντας

379 4207 485 4278 οὐχ
515 4206 737 4277 ὁρῶσιν.
779 4200 863 4262 Ἦ·
882 4209 977 4262 καὶ
999 4207 1076 4272 ὡς
1108 4209 1168 4263 ὲν
1199 4201 1697 4276 σκοτομήνῃγκατ⁹
1726 4198 1967 4269 ἔλλειψιν

389 4298 480 4355 τοῦ
508 4302 912 4374 ὲπιρῤήματος.
945 4301 1037 4372 Τῷ
1063 4300 1245 4372 φθόνῳ
1259 4300 1386 4372 ’γὰρ
1422 4295 1823 4360 σκοτισθέντες,
1867 4294 1967 4366 οὐχ

383 4391 557 4461 δρῶσι
582 4393 707 4446 τίνα
730 4393 971 4459 τοξεύειν
1002 4393 1298 4462 ¹ἐπείγουσι
1332 4409 1348 4426 ·
1383 4392 1477 4448 τδν
1513 4390 1967 4465 εὐεργέτηνγὰρ

384 4482 481 4537 καὶ
513 4485 900 4555 φίλον-αὐτῶν.

2067 558 2157 603 cat
2191 547 2338 618 quod
2371 546 2512 600 inter
2542 545 2812 600 homines.

2416 723 2483 780 In
2512 724 2667 795 linem
2693 724 2943 779 Psalmns
2976 725 3076 793 illsi
3108 721 3296 779 David.

2624 816 2845 872 PSALM
2857 819 2893 873 U
2906 818 2945 872 S
3018 815 3086 871 Χ.

2134 911 2417 968 Psalmum
2446 911 2596 966 hunc
2629 911 2828 966 cecinit
2858 911 3052 965 beatus
3079 909 3248 965 David
3280 926 3404 964 eum
3461 926 3645 981 perse-

2063 1016 2329 1076 queretur
2365 1021 2489 1061 eum
2526 1004 2697 1061 Saul:
2738 1014 2794 1060 et
2829 1005 2882 1057 in
2903 1003 3065 1072 ﬁnem
3101 1003 3418 1057 inscribitur
3449 1044 3466 1067 ,
3517 1008 3646 1073 quia

2062 1100 2309 1155 continet
2369 1096 2712 1168 prophetiam
2750 1096 3004 1151 vindicta:
3025 1110 3186 1165 quam
3208 1092 3351 1149 Deus
3383 1095 3502 1164 ejus
3527 1112 3649 1166 grao

2063 1191 2137 1247 tia
2176 1190 2230 1246 in
2250 1184 2489 1245 'Saulem
2520 1184 2778 1243 illaturus
2806 1196 2950 1243 erat.

2126 1281 2292 1338 Vens.
2308 1281 2364 1338 2.
2384 1280 2449 1337 In
2474 1281 2700 1337 Domina
2718 1278 2924 1350 conﬁdo
2942 1296 2961 1334 :
2983 1278 3244 1351 quomodo
3267 1278 3444 1333 dicitis
3457 1283 3650 1333 animm

2061 1390 2212 1441 mem,
2250 1373 2592 1443 Transmigra
2631 1372 2687 1426 in
2710 1378 2912 1425 montes
2946 1371 3087 1424 sicut
3099 1371 3314 1438 passer?
3339 1368 3471 1424 Cum
3497 1369 3652 1440 iugc-

2059 1475 2143 1520 ret
2164 1464 2357 1520 beatus
2379 1462 2547 1519 David
2579 1463 2635 1518 in
2667 1462 2976 1528 desertum,
2995 1461 3368 1518 suadebantei
3398 1463 3645 1517 benevoli

2060 1555 2236 1626 ipsius
2275 1560 2337 1609 ut
2368 1555 2435 1609 ad
2474 1563 2691 1610 montes
2729 1553 2916 1624 potius
2946 1553 3308 1624 pertransiret
3338 1592 3355 1616 ,
3388 1556 3644 1609 tutiorem

2058 1647 2170 1703 illic
2195 1661 2321 1702 eum
2370 1646 2616 1702 futurum
2669 1659 2794 1702 esse
2846 1654 3250 1701 asseverantes.
3310 1642 3641 1715 Hujusmoili

2060 1738 2226 1810 igitur
2254 1739 2463 1795 amicos
2492 1745 2755 1809 tanquam
2782 1751 2892 1791 non
2928 1746 3073 1793 recte
3100 1735 3401 1793 suadentes
3432 1778 3447 1801 ,
3474 1753 3642 1793 aecn-

2058 1841 2145 1889 sat
2169 1831 2684 1904 praesentiPsalmo.
2708 1829 2849 1901 Ego,
2870 1829 3291 1901 inquit,ronﬁdo
3315 1832 3369 1883 in
3394 1829 3640 1893 Domino,

2057 1932 2113 1980 et
2142 1938 2307 1977 omne
2339 1922 2485 1977 aliud
2518 1921 2786 1976 auxilium
2815 1923 3021 1992 respui.
3056 1922 3238 1987 Quare
3266 1922 3436 1988 igitur
3460 1922 3646 1976 dicitis

2060 2015 2259 2070 animat
2284 2028 2417 2070 mea:
2444 2053 2460 2080 ,
2499 2012 2602 2066 hoc
2633 2019 2720 2066 est
2754 2011 2889 2065 mihi
2918 2013 3024 2081 ipsi
3050 2051 3065 2076 ,
3104 2020 3164 2065 ut
3193 2014 3435 2081 passeris
3474 2012 3649 2068 imlar

2067 2116 2449 2178 pertranseam
2483 2103 2552 2156 ad
2583 2101 2845 2156 montes?
2874 2109 2929 2156 et
2957 2101 3124 2156 veluti
3171 2101 3363 2155 timida
3397 2103 3512 2156 avis
3540 2103 3663 2173 illic,

2067 2191 2471 2266 pet-maneam?
2501 2190 2642 2247 Illud
2676 2190 3077 2247 observandum
3107 2199 3192 2246 est
3219 2190 3368 2261 quod
3389 2189 3653 2263 Propheta

2065 2301 2450 2357 saepenumero
2496 2283 2988 2360 circumloquendo
3048 2298 3144 2354 per
3191 2286 3432 2339 animam
3496 2299 3651 2339 suam

2061 2378 2305 2447 seipsuni
2354 2376 2625 2447 intelligit,
2657 2379 2794 2431 utin
2840 2376 2999 2432 tertio
3028 2376 3191 2430 etiam
3235 2375 3457 2431 Psalmo
3520 2377 3655 2432 dixi-

2057 2484 2204 2534 mus,
2244 2469 2353 2524 ibi:
2383 2468 2541 2524 Multi
2569 2469 2755 2522 dicunt
2783 2469 2975 2522 animi:
3008 2484 3157 2522 metr.

2135 2558 2301 2616 Vens.
2328 2561 2383 2615 5.
2424 2560 2692 2626 Quoniam
2723 2575 2838 2613 ecce
2863 2569 3157 2629 peccatores
3180 2558 3525 2614 intenderunt
3558 2578 3647 2614 ar-

2056 2671 2199 2718 cum,
2234 2664 2552 2722 paraverunt
2586 2655 2809 2725 sagittas
2840 2672 2969 2710 suas
3015 2655 3070 2708 in
3097 2655 3372 2725 pharetra.
3412 2656 3519 2712 Per
3558 2658 3674 2716 in-.

2059 2752 2270 2799 lentum
2296 2759 2510 2809 areum,
2542 2752 2596 2797 et
2621 2759 2716 2813 per
2745 2744 2974 2812 sagittas
2998 2753 3331 2814 prteparatas
3353 2760 3473 2814 quae
3493 2760 3649 2800 erant

2059 2836 2114 2892 in
2148 2836 2403 2906 pharetra
2440 2878 2455 2900 ,
2512 2845 2685 2889 totum
2731 2836 2859 2891 belli
2912 2845 3243 2903 apparatum
3294 2838 3646 2907 signiﬁcavit.

2059 2925 2155 2983 Vel
2187 2929 2316 2997 quia
2346 2928 2432 2982 his
2460 2927 2583 2983 telis
2612 2936 2805 2982 contra
2828 2925 3099 2997 fugientes
3147 2928 3465 2983 utebantur.
3518 2929 3645 2984 Har

2061 3025 2242 3073 autem
2273 3018 2437 3073 verba
2469 3017 2681 3074 ﬁduciae
2699 3019 2870 3088 ipsius
2891 3018 3058 3073 David
3085 3033 3304 3072 causam
3331 3021 3644 3075 ostendun'.

2061 3103 2177 3166 liae
2205 3110 2376 3175 enim,
2401 3111 2602 3182 inquit,
2642 3110 2711 3165 de
2740 3125 2910 3166 causa
2941 3125 3043 3181 ego
3081 3109 3321 3177 conﬁdo,
3361 3113 3489 3181 quia
3516 3127 3646 3182 pec-

2062 3209 2282 3258 catores
2311 3210 2441 3258 sunt
2476 3203 2569 3273 qni
2600 3211 2845 3273 pugnant
2905 3202 3198 3257 adversum
3249 3217 3356 3261 me.
3415 3202 3650 3260 Peccant

2061 3296 2262 3350 etenim
2291 3294 2421 3349 dum
2454 3302 2661 3350 temere
2688 3311 2773 3349 me
2816 3294 3227 3365 insequuntur,
3269 3304 3324 3351 et
3357 3306 3531 3351 morte
3564 3315 3653 3351 nne

2061 3385 2274 3442 allicere
2298 3386 2510 3452 volunt,
2544 3387 2636 3457 qui
2661 3388 2708 3441 ei
2744 3385 2943 3441 salutis
2971 3402 3146 3442 causa
3188 3386 3288 3452 iui,
3317 3390 3537 3459 quando
3556 3404 3652 3441 oc.-

2061 3480 2169 3536 eidi
2197 3478 2415 3536 Guliath
2443 3520 2460 3548 ,
2492 3492 2549 3536 et
2592 3482 2815 3553 quando
2845 3494 2876 3535 a
2920 3478 3085 3536 Saule
3118 3480 3480 3537 suﬂ'ocanlem
3511 3480 3649 3552 ejeci

2060 3573 2389 3628 daemonem.

2140 3662 2209 3719 Ut
2247 3667 2496 3736 sagittent
2529 3666 2583 3718 in
2610 3664 2833 3719 obscuro
2888 3673 3060 3720 rectos
3123 3662 3301 3718 corde.
3349 3662 3646 3731 Prmparali

2063 3765 2194 3811 sunt
2220 3795 2234 3818 ,
2268 3760 2329 3810 ut
2352 3772 2454 3811 nos
2482 3756 2730 3809 insontes
2772 3755 3003 3824 perdant
3031 3794 3047 3820 ,
3082 3755 3175 3824 qui
3229 3756 3285 3807 in
3325 3753 3491 3807 corde
3516 3753 3649 3805 nihil

2066 3861 2177 3900 non
2205 3854 2418 3899 rectum
2453 3846 2721 3916 gerimus.
2760 3844 2834 3899 Ut
2866 3847 3126 3916 sagittent
3155 3859 3373 3898 veroex
3408 3845 3651 3907 insidiis,

2069 3933 2214 4004 quod
2248 3934 2436 3989 Graeca
2464 3934 2695 4000 ditione,
2725 3936 3043 4004 σκοτομήνη
3107 3933 3508 4004 significantius
3543 3951 3655 3991 ex-

2068 4024 2330 4098 primitur
2358 4023 2519 4100 [qnte
2548 4033 2765 4080 noctem
2800 4025 3075 4095 signiﬁcat
3120 4025 3340 4096 quando
3371 4025 3503 4080 luna
3554 4027 3654 4081 ob—

2069 4127 2290 4174 scurata
2319 4129 2425 4187 est,
2456 4129 2510 4175 et
2543 4131 2708 4189 quam
2737 4118 2931 4174 Latine
2963 4118 3128 4174 unico
3158 4118 3425 4176 vocabulo
3473 4119 3656 4176 dicere

2069 4223 2361 4281 possumus
2388 4206 2891 4281 obscurilunium].
2919 4207 3055 4265 Nam
3092 4209 3135 4265 si
3163 4208 3289 4279 quis
3323 4225 3389 4266 eo
3410 4219 3656 4281 tempore

2068 4316 2373 4373 percussus
2398 4300 2585 4366 fuerit,
2628 4301 2910 4357 inimicum
2948 4304 3133 4360 videre
3165 4319 3274 4358 non
3312 4305 3530 4374 poterit.
3561 4304 3657 4361 Vel

2071 4393 2253 4461 aliter,
2312 4394 2661 4466 subintellige
2699 4395 2786 4450 hic
2835 4395 3159 4452 adverbium
3217 4398 3398 4469 quasi,
3477 4406 3536 4451 ut
3584 4398 3657 4453 sit

1999 4478 2047 4536 D
2075 4494 2302 4552 senSus,
2362 4484 2510 4558 quod
2534 4486 2743 4543 inimici
2763 4498 2979 4545 summa
3004 4489 3229 4554 invidia,
3258 4489 3417 4559 quasi
3453 4489 3660 4545 obscu-

385 4577 590 4633 rilunio
614 4570 1249 4649 quodam‘ob‘tenebrati,
1299 4592 1409 4635 non
1445 4564 1952 4649 cognoscimt,’nec
1992 4575 2204 4643 vident,
2236 4578 2490 4650 quisnam
2521 4578 2570 4635 is
2624 4579 2698 4636 sit
2724 4595 2887 4653 quem
2952 4582 3212 4652 sagittare
3278 4583 3656 4651 contendunt,

387 4673 950 4743 quodque'adversus
996 4673 1234 4728 amicum
1280 4684 1331 4728 ct
1368 4670 1779 4728 benefactorem
1823 4669 2071 4743 dirigunt
2104 4671 2232 4727 tela.

461 4768 592 4819 Ὀτι
620 4764 659 4821 d
686 4765 769 4821 σὺ
791 4766 1132 4836 κατηρτίσω
1157 4763 1330 4819 αὐτοὶ
1356 4764 1656 4819 καθεῖλον.
1674 4763 1806 4819 ’Καὶ
1838 4761 1969 4818 τοῦ-

392 4873 456 4910 το
486 4856 584 4923 τῆς
618 4856 1000 4929 πεποιθήσεως
1031 4856 1207 4910 αίτία.
1243 4854 1578 4928 Τεθάῥρηκα
1611 4855 1721 4926 γὰρ
1748 4854 1854 4921 ἔτι,
1883 4855 1968 4909 ὅτι

2149 4762 2377 4819 Vens-1.
2410 4764 2676 4832 Quoniam
2703 4782 2821 4836 qua’
2835 4764 3508 4835 perfecistidrstruaeruut.
3533 4765 3662 4822 Haec

2076 4866 2160 4912 est
2213 4858 2381 4912 etiam
2432 4858 2539 4911 alia
2594 4857 2809 4912 ﬁducia:
2838 4873 3027 4912 causa.
3060 4846 3320 4921 Conﬁdo,
3363 4856 3558 4926 inquit.
3596 4871 3660 4911 ea

392 4947 454 5001 δν
515 4948 580 5000 σὺ
621 4947 848 5019 ἔχρισας
886 4948 967 5011 είς
1011 4946 1261 5019 βασιλέα,
1309 4947 1563 5001 καθεῖλον
1600 4949 1650 5001 οἱ
1689 4946 1835 5018 ἀμφὶ
1879 4946 1966 5000 τὸν

2082 4947 2250 5021 etiam
2298 4948 2366 5004 de
2420 4964 2617 5015 causa,
2665 4950 2924 5019 quoniam
2975 4950 3052 5004 iili
3096 4964 3221 5005 eum
3268 4949 3662 5004 destruxerunt

392 5038 588 5094 Σαούλ.
629 5040 1004 5108 Κατηρτίσω
1032 5041 1164 5111 γὰρ,
1200 5038 1374 5109 λέγει,
1422 5038 1486 5092 τδ
1537 5037 1652 5111 (50)
1703 5038 1977 5104 ποιήσω’

2083 5058 2246 5114 quem
2282 5052 2335 5097 tu
2372 5044 2426 5097 in
2463 5040 2666 5115 Regem
2701 5045 2928 5100 unxisti.
2967 5042 3232 5115 Perﬁcere
3265 5059 3395 5099 vero
3434 5044 3523 5098 hic
3561 5056 3660 5110 po-

392 5130 677 5187 καθελεῖν
700 5128 778 5196 δὲ,
800 5124 1264 5197 τδκατᾱόαλεῒν,
1291 5131 1354 5183 ὲκ
1381 5130 1695 5201 μεταφορᾶς
1715 5129 1823 5183 τῶν
1848 5130 1966 5183 ἀνα·

2078 5133 2199 5188 ‘suit
2247 5148 2347 5202 pro
2391 5134 2589 5202 facere,
2644 5144 2700 5190 et
2743 5145 3013 5190 destruere
3052 5151 3151 5207 pro
3191 5135 3413 5205 dejicere
3440 5148 3459 5185 :
3516 5129 3661 5199 Quod

393 5226 753 5297 τρεπομένων
787 5224 1266 5297 οἰκοδομημάτων.
1293 5221 1477 5278 Τοῦτο
1496 5223 1554 5278 δὲ
1584 5222 1981 5294 τολμήσαντες,

2082 5223 2464 5292 ‘metaphorice
2487 5233 2724 5279 tractum
2754 5233 2839 5281 est
2871 5226 2941 5280 ab
2967 5225 3239 5289 aediﬁciis,
3261 5236 3382 5292 quae
3403 5225 3663 5275 evertun-

392 5320 587 5391 ἔχουσί
616 5332 675 5373 σε
696 5319 977 5389 πολέμιον,
1036 5319 1097 5372 ὃν
1139 5317 1237 5387 οὐχ
1266 5340 1267 5343 η
1295 5317 1714 5387 ὑποστήσονται.
1761 5314 1835 5368 ’Ἡ
1883 5314 1966 5367 καλ

2084 5324 2196 5370 tur.
2243 5315 2493 5387 Cumque
2535 5316 2669 5372 talia
2700 5318 2959 5380 audeant,
2996 5327 3049 5372 te
3088 5316 3370 5372 inimicum
3416 5308 3662 5371 habent;

395 5414 481 5468 ὅτι
504 5411 603 5477 οὓς,
630 5412 753 5465 ἔθου
787 5411 1003 5481 νόμους,
1042 5411 1443 5480 ἀνατρέπουσιν
1474 5424 1490 5440 ·
1551 5407 1806 5462 ἐνετείλω
1867 5409 1966 5479 γὰρ

2086 5425 2249 5480 quem
2313 5418 2495 5465 tamen
2564 5427 2671 5466 non
2726 5410 3108 5470 sustinebunt,
3175 5402 3304 5473 quia
3376 5400 3520 5470 leges
3568 5415 3664 5455 eas

398 5504 609 5576 μηδένα
637 5494 865 5570 ἀδικεῖν,
903 5503 1110 5574 μηδένα
1136 5500 1482 5556 ἀποκτείνειν
1505 5501 1687 5555 ἀθῶον

2087 5508 2405 5558 everterunt
2430 5518 2576 5574 quas
2613 5511 2669 5559 tu
2706 5502 2969 5574 posuisti."
2993 5494 3265 5555 Mandasti
3297 5492 3442 5548 enim
3494 5493 3667 5549 nemi-

404 5613 531 5653 nem
566 5595 768 5667 injuria
792 5600 915 5651 ‘esse
954 5595 1300 5651 afﬁciendum
1336 5593 1663 5650 :‘mandasti
1696 5592 1862 5651 etiam
1892 5589 2219 5649 innocentes
2250 5594 2430 5651 Occidi
2468 5611 2576 5652 non
2606 5597 2808 5652 debere
2840 5593 2861 5665 ί
2925 5606 3048 5660 quae
3090 5594 3365 5658 praecepta
3436 5584 3505 5644 ab
3585 5588 3667 5644 eis

404 5708 635 5765 prorsus
659 5689 1051 5764 negliguntur].

1724 5782 1942 5849 'Varite
1967 5782 2275 5848 lectiones

479 5888 592 5959 (ὅθ)
627 5905 722 5958 rp.
762 5886 1026 5960 ἐποιήσω.
