4090 6212
491 289 593 359 16⁸1

557 401 750 455 Justus
771 404 946 451 autem
979 394 1101 464 quid
1139 391 1260 460 fecit
1293 390 1316 443 ?
1351 387 1493 454 Quid
1545 384 1693 448 fecit,
1735 382 1933 449 inquit,
1964 380 2048 446 ju-
2087 382 2125 433 Α

488 502 634 555 stus,
668 501 730 543 ut
759 483 1078 556 huiusmodi
1123 479 1561 551 persecutionem
1596 475 1870 529 sustinere
1904 473 2061 525 debe-

489 591 573 641 ret
600 583 623 635 ?
648 580 791 650 quod
826 579 895 633 de
920 576 1106 643 seipso
1151 571 1429 641 Propheta
1470 567 1623 631 dicit,
1657 564 1821 619 veluti
1851 563 1943 633 qui
1974 562 2059 614 in-

486 674 631 743 juria
677 685 772 725 eos
810 668 1034 722 minime
1074 664 1338 726 aﬂeccrit,
1375 662 1467 732 qui
1503 659 1607 713 sibi
1663 658 1799 712 adeo
1842 654 2059 709 fuerant

487 763 721 821 inimici.
757 759 852 816 Vel
885 761 949 814 de
973 773 1211 828 superna
1236 757 1329 811 Dei
1358 754 1607 809 custodia
1631 759 1684 805 et
1716 750 2059 821 protectione

469 854 641 924 'loqui
680 852 937 916 intendit,
977 850 1168 904 dicens
1202 865 1215 901 :
1260 848 1402 901 Deus
1432 845 1525 914 qui
1574 844 1794 915 proprie
1838 856 1901 895 ac
1932 855 2059 895 vere

480 942 668 1012 justus
693 938 916 1003 dicitur,
946 937 1038 1007 qui
1064 950 1281 990 omnem
1313 948 1529 1003 semper
1569 932 1684 985 odit
1709 929 2059 1001 injustitiam,

1718 271 2105 335 EllTllYMll
2153 267 2515 329 ZIGABENI

2237 378 2298 429 Ὀ
2331 376 2399 427 δὲ
2428 375 2663 438 δικαίας
2700 376 2754 426 τί
2778 374 3033 439 ἐποίησε
3066 390 3083 437 ;
3112 373 3175 426 Τί
3205 374 3261 426 δὲ
3295 373 3552 425 ἔπταισεν
3586 376 3611 425 ὁ
3664 375 3747 427 δίο

2161 488 2339 532 καιος,
2368 470 2455 521 ἵνα
2484 467 2658 531 οὕτως
2708 468 3014 536 διώκηται;
3050 466 3187 537 Περὶ
3242 467 3435 519 ἑαυτοῦ
3492 468 3548 520 δὲ
3594 468 3749 521 τοῦτό

2164 577 2351 629 φησιν,
2378 559 2452 622 ὡς
2487 559 2586 612 οὐκ
2605 558 2962 627 ἀδικήσαντος
2995 558 3120 621 τοὺς
3148 556 3492 619 ἀδικοῦντας.
3523 558 3594 610 Ἢ
3624 562 3747 627 περὶ

2162 653 2261 720 τῆς
2311 651 2518 707 ἄνωθεν
2567 651 2881 720 ἐπισκοπῆς
2938 649 3192 719 βούλεται
3247 648 3572 703 διδάσκειν³
3619 651 3648 703 ὁ
3695 652 3751 703 δὲ

2169 745 2323 806 Θεὸς,
2349 746 2376 796 ὁ
2402 743 2605 812 κυρίως
2631 743 2861 804 δίκαιος,
2892 742 2920 792 ὁ
2965 742 3143 812 μισῶν
3175 744 3272 811 τὴν
3309 742 3549 805 ἀδικίαν,
3586 744 3613 796 ὁ
3652 743 3753 812 μό-

2169 855 2256 901 νος
2290 837 2493 905 κρίνων
2512 837 2709 906 ὀρθῶς,
2733 837 2938 890 τούτων
2969 835 3110 889 οὕτω
3138 835 3459 904 γινομένων,
3488 835 3542 888 τί
3564 836 3754 906 ἐποίη-

2171 946 2300 992 σεν;
2334 924 2445 999 ἆρα
2486 929 2780 1000 παρεῖδενς
2816 929 2892 980 Οὐ
2926 927 3025 997 μὲν
3055 924 3171 980 οὖν.

486 1034 578 1105 qui
603 1033 754 1089 solus
785 1031 1174 1101 rectcjudicat,
1208 1029 1337 1099 quid
1389 1028 1721 1096 fecitipost
1768 1032 1918 1078 tanta
1960 1023 2220 1078 nimirum
2248 1024 2455 1079 scelera
2484 1038 2604 1093 quae
2667 1022 2735 1078 ab
2800 1021 2907 1076 illis
2960 1029 3174 1091 patrata
3233 1021 3422 1077 sunt?
3493 1022 3753 1094 numquid

487 1127 739 1181 fortassis
767 1126 1033 1196 despiciet
1072 1132 1167 1177 aut
1190 1137 1298 1177 non
1337 1122 1591 1176 videbit?
1627 1120 1871 1175 Minime.

558 1220 723 1275 Vens.
749 1220 803 1275 5.
835 1220 1091 1273 Dominus
1123 1217 1177 1271 in
1218 1216 1408 1284 templo
1446 1225 1629 1270 sancto
1688 1231 1807 1276 suo,
1864 1213 2052 1266 Domi-

486 1328 584 1366 nus
613 1312 667 1365 in
707 1310 833 1365 coelo
859 1312 1004 1365 sedes
1044 1310 1185 1380 ejus.
1242 1308 1356 1370 Est,
1418 1304 1637 1374 inquit,
1679 1304 1945 1359 Dominus
1998 1305 2052 1357 in

487 1402 690 1471 templo
724 1399 1067 1465 Jerusalem;
1105 1405 1187 1453 est
1231 1398 1393 1451 etiam
1456 1394 1723 1449 Dominus
1768 1394 1968 1449 sedens
2001 1394 2054 1448 in

488 1493 651 1547 ccelo.
687 1492 853 1558 Quasi
886 1491 1072 1545 dicat:
1112 1488 1325 1557 Ubique
1370 1487 1525 1541 adest
1561 1485 1726 1552 Deus,
1760 1493 1814 1541 et
1866 1501 2056 1540 omnes

490 1583 759 1652 prospicit
782 1582 876 1651 qui
913 1580 1115 1649 injuria
1149 1578 1500 1633 adiciuntur:
1534 1576 1679 1647 quod
1712 1593 1779 1632 ex
1821 1593 2059 1648 sequen-

491 1676 640 1729 tibus
669 1675 840 1744 magis
872 1674 1036 1728 etiam
1068 1672 1315 1726 declarat
1346 1671 1558 1725 dicens:

563 1765 718 1822 Oculi
770 1765 881 1834 ejus
937 1764 991 1818 in
1047 1780 1326 1833 pauperem
1389 1765 1739 1832 prospiciunt,
1795 1766 2137 1863 palpebrwB

488 1858 604 1927 ejus
625 1858 904 1926 exquirunt
930 1855 1078 1925 ﬁlios
1110 1856 1402 1909 hominum.
1437 1856 1555 1909 Non
1596 1856 1737 1913 dixit
1764 1859 2061 1927 Aspiciunt,

491 1949 587 2005 sed
618 1949 982 2015 Prospiciunt,
1039 1950 1439 2019 protectionem
1487 1951 1636 2004 illam
1698 1951 1957 2007 nimirum
1991 1953 2066 2008 si-

488 2040 776 2111 gniﬁcans,
828 2054 990 2109 quam
1045 2055 1110 2093 ex
1165 2040 1277 2095 alto
1328 2041 1512 2096 habet.
1548 2042 1707 2098 Oculi
1756 2051 1939 2099 autem
1968 2043 2062 2098 Dei

490 2131 824 2201 intelligendi
858 2138 1007 2195 sunt,
1033 2132 1306 2201 exquisita
1340 2133 1430 2187 illa
1466 2134 1700 2189 scientia
1730 2143 1784 2189 et
1818 2136 2064 2206 cognitio

489 2237 672 2278 rerum
699 2222 945 2275 omnium
990 2238 1109 2290 quae
1142 2224 1280 2276 fiunt
1316 2240 1330 2277 :
1387 2224 1658 2293 palpebrae
1707 2241 1836 2279 vero
1872 2227 2062 2296 hujus,

490 2312 611 2383 ejus
645 2315 979 2383 cognitionis
1010 2316 1280 2368 velamen.
1317 2315 1598 2384 Palpebrae
1624 2318 1895 2389 siquidem
1946 2328 2067 2389 teg-

491 2406 637 2460 mina
657 2406 943 2459 oculorum
1001 2416 1151 2458 sunt.
1178 2408 1285 2460 Per
1318 2408 1613 2474 palpebras
1655 2410 1824 2478 igitur
1857 2411 2068 2480 signiti-

491 2509 619 2549 care
674 2495 866 2559 voluit,
920 2496 1065 2562 quod
1118 2496 1161 2549 si
1218 2496 1439 2565 quando
1485 2498 1701 2553 videtur
1758 2499 1898 2555 Deus
1958 2515 2065 2555 non

495 2585 769 2655 aspicere,
798 2586 893 2640 sed
922 2587 975 2638 in
1028 2586 1371 2643 absconditis
1407 2590 1575 2643 animi
1618 2606 1679 2644 ac
1711 2592 1913 2647 mentis
1952 2608 2067 2646 mo-

491 2678 626 2743 rari,
672 2685 803 2730 tunc
866 2688 1045 2731 tamen
1106 2680 1277 2733 nihilo
1333 2682 1515 2737 minus
1568 2682 1712 2737 videt
1752 2700 1766 2737 :
1807 2685 1888 2738 vel
1921 2686 2067 2755 quod

495 2769 681 2825 omnia
737 2772 1023 2841 prOSpicit,
1084 2773 1247 2826 veluti
1303 2776 1394 2844 qui
1425 2791 1530 2829 non
1590 2776 1768 2832 oculis
1827 2787 2065 2845 tantum,

493 2862 592 2917 sed
622 2862 758 2932 ipsis
811 2864 973 2917 etiam
1040 2864 1317 2933 palpebris
1366 2867 1667 2930 intueatur,
1708 2879 1761 2923 et
1810 2885 1873 2923 ex
1916 2871 2067 2924 omni

491 2960 647 3021 parte
675 2953 856 3007 omnia
888 2963 1206 3025 cognoscat.
1246 2954 1547 3028 Exquirere
1584 2960 1752 3014 etiam
1803 2961 1945 3016 idem
1974 2972 2060 3019 est

488 3043 637 3113 quod
665 3060 1014 3115 cognoscere.
1047 3037 1217 3100 Filio's
1260 3058 1444 3104 autem
1496 3050 1785 3106 hominum
1845 3068 1945 3122 pro
1968 3056 2067 3111 ho-

2231 1207 2449 1274 Κύριος
2479 1204 2549 1258 ἑν
2588 1201 2712 1267 ναῷ
2737 1202 2885 1280 ἁγίῳ
2917 1199 3126 1263 αὐτοῦ,
3163 1201 3378 1267 Κύριος
3413 1199 3485 1253 ἐν
3520 1201 3753 1269 οὐρανῷ

2164 1305 2197 1355 ό
2227 1303 2440 1369 θρόνος
2471 1295 2679 1355 αὑτοῦ.
2722 1296 2811 1348 Ἐν
2842 1294 2918 1363 τῷ
2943 1295 3087 1347 κατὰ
3113 1294 3214 1365 τὴν
3249 1294 3615 1366 Ἰερουσαλὴμ
3642 1294 3755 1363 ναῷ

2167 1394 2306 1456 ἔστι,
2334 1393 2430 1445 καὶ
2456 1390 2533 1459 τῷ
2564 1386 2782 1457 οὐρανῷ
2811 1386 3070 1457 κάθηται,
3102 1384 3402 1450 τουτέστιν,
3434 1384 3753 1455 ἁπανταχοῦ

2168 1483 2422 1553 πάρεστι,
2457 1481 2695 1543 καὶτοὺς
2736 1478 3125 1548 άῖικουμένους
3163 1479 3285 1547 ὁρᾷ.
3323 1476 3495 1530 Τοῦτο
3528 1474 3637 1548 γὰρ
3666 1479 3757 1531 διὰ

2168 1575 2279 1629 τῶν
2307 1570 2431 1641 sea;
2465 1572 2750 1642 ἐπήνανεν
2778 1586 2795 1603 ο

2248 1755 2311 1805 Ol
2346 1751 2639 1822 ὀφθαλμοί
2693 1750 2880 1804 αὑτοῦ
2936 1751 3025 1816 εἰς
3070 1751 3177 1803 τόν
3235 1748 3468 1819 πένητα
3515 1750 3755 1804 ἐπιϐλέ-

2166 1862 2353 1901 πουσι
2377 1862 2388 1874 ·
2442 1845 2515 1898 τὰ
2556 1843 2843 1914 βλέφαρα
2897 1844 3086 1898 αὐτοῦ
3117 1843 3373 1909 ἐξετάζει
3409 1843 3549 1910 τούς
3584 1844 3755 1911 υίοὺς

2166 1937 2285 1991 τῶν
2313 1935 2664 2003 ἀνθρώπων.
2700 1936 2813 1989 Οὐκ
2855 1932 2977 1988 εἶπε
3010 1936 3336 1999 Βλέπονσιν,
3371 1935 3488 1989 ἀλλ’
3516 1937 3753 1991 ἐπιϐλέ-

2166 2044 2379 2095 πουσι,
2411 2030 2511 2099 τὴν
2543 2029 2602 2094 ἐξ
2648 2028 2819 2097 ὕψους
2859 2027 3036 2096 δηλῶν
3082 2028 3412 2098 ἐπισκοπὴν.
3454 2027 3754 2098 Ὀφθαλμώ⁵

2165 2120 2222 2173 δὲ
2247 2119 2407 2184 Θεοῦ,
2435 2121 2467 2191 ἠ
2501 2120 2738 2191 ἀκριϐὴς
2766 2119 2969 2188 γνῶσις
2995 2118 3105 2171 τῶν
3135 2119 3439 2187 γινομένων
3464 2135 3476 2149 ·
3503 2118 3754 2189 βλέφαρα

2166 2213 2246 2279 δὲ,
2304 2216 2336 2284 ἠ
2387 2213 2561 2284 ἐποχὴ
2606 2213 2707 2283 τῆς
2757 2212 3016 2282 τοιαύτης
3061 2216 3354 2280 γνώσεωςο
3384 2213 3456 2267 τὰ
3507 2213 3755 2284 βλέφαρα

2168 2307 2299 2375 γὰρ,
2328 2305 2645 2377 καλύπτραι
2668 2305 2775 2357 τῶν
2804 2304 3122 2375 ὀφθαλμῶν.
3155 2306 3252 2358 Διὰ
3281 2305 3466 2374 μέντοι
3493 2308 3599 2358 τῶν
3630 2305 3754 2375 βλεο

2169 2399 2362 2466 φάρων
2395 2398 2768 2468 παρέστησεν,
2805 2397 2881 2462 ὡς
2910 2397 3008 2451 καὶ
3036 2398 3122 2450 ὅτε
3146 2398 3297 2452 δοκεῖ
3346 2398 3421 2470 μὴ
3453 2400 3606 2471 ὀρᾷν,
3642 2392 3753 2452 οἷον

2169 2492 2227 2543 ἐν
2256 2493 2369 2554 τοῖς
2400 2489 2753 2561 ἀποκρότοις
2771 2491 2872 2561 τῆς
2911 2490 3113 2561 ψυχῆς,
3154 2491 3253 2542 οὐκ
3285 2490 3507 2544 ἔλαττον
3536 2492 3660 2562 ὁρᾷ.
3685 2491 3754 2543 Ἦ

2170 2583 2263 2636 καὶ
2306 2584 2367 2635 τὸ
2417 2584 2757 2653 παντέφορον
2807 2583 2976 2637 αὑτοῦ
3036 2584 3313 2638 δείκνυσιν
3365 2584 3638 2648 ἐντεῦθεν,
3692 2584 3753 2636 οὐ

2174 2675 2334 2744 μόνον
2368 2674 2691 2745 ὀφθαλμοῖς,
2743 2675 2880 2729 ἀλλὰ
2912 2678 3003 2729 καὶ
3034 2675 3328 2746 βλεφάροις
3374 2676 3627 2746 ὁρῶντος.
3660 2673 3758 2727 καὶ

2170 2769 2510 2839 πανταχόθεν
2566 2771 2746 2824 πάντα
2781 2769 3166 2838 γινώσκοντος.
3214 2769 3522 2836 Ἐξετάζειν
3568 2768 3648 2831 δὲ,
3696 2770 3758 2821 τὴ

2169 2860 2574 2928 διαγινώσκειν.
2613 2862 2775 2925 Υἱοὺς
2804 2862 2857 2914 δὲ
2900 2861 3225 2931 ἀνθρώπων,
3256 2862 3465 2923 πάντας
3507 2859 3632 2922 τοὺς
3665 2860 3758 2911 ἁν-

2172 2952 2446 3024 Θρώπους.
2483 2953 2696 3017 Ἀπλῶς
2728 2954 2905 3018 διττὸς
2946 2957 3042 3008 καὶ
3085 2957 3112 3009 ὁ
3160 2954 3351 3024 πένης,
3393 2953 3537 3006 κατά
3569 2969 3628 3005 τε
3657 2952 3756 3021 τὴν

2173 3046 2230 3097 ὲν
2249 3046 2499 3117 χρήμασι
2530 3047 2876 3118 περιουσίαν,
2896 3048 2990 3101 καὶ
3007 3048 3105 3117 τὴν
3131 3049 3187 3100 ὲν
3214 3049 3463 3118 ἀρεταῖς.
3499 3045 3677 3112 Σαφὲς
3699 3045 3754 3097 δὲ

493 3136 733 3193 minibus
767 3137 1091 3206 simpliciter
1119 3138 1323 3207 posuit.
1357 3140 1576 3212 Pauper
1616 3158 1746 3198 vero
1778 3143 2065 3215 dupliciter

2174 3139 2369 3204 οὕτως’
2407 3140 2511 3194 Τὸν
2541 3140 2641 3211 μὲν
2665 3136 2760 3194 οὖν
2791 3141 2936 3194 κατὰ
2972 3140 3069 3212 τὴν
3096 3141 3153 3193 ἐν
3175 3140 3421 3211 χρήμασι
3441 3139 3757 3210 περιουσίαν

490 3229 716 3293 dicitur,
767 3229 1083 3297 patrimonii
1126 3231 1340 3289 scilicet
1372 3235 1746 3304 possessione,
1795 3244 1851 3291 et
1900 3239 2070 3293 virtu-

494 3325 632 3371 tum.
663 3317 861 3372 Verum
912 3319 1045 3373 illud
1099 3322 1451 3377 manifestum
1485 3334 1569 3379 est
1622 3325 1768 3394 quod
1819 3328 2069 3397 pecuniis

495 3423 811 3477 pauperem,
872 3412 962 3481 qui
997 3412 1199 3471 virtute
1221 3415 1377 3472 dives
1416 3418 1508 3477 sit,
1566 3419 1827 3487 respiciat
1877 3421 2063 3476 Domi-

496 3516 645 3555 nus:
688 3502 943 3572 quodque
989 3515 1205 3569 contra,
1234 3510 1532 3566 virtutibus
1586 3525 1881 3582 pauperem
1932 3514 2068 3569 abo-

492 3591 762 3656 minatur,
798 3609 1128 3668 quamquam
1175 3598 1426 3668 pecuniis
1476 3599 1548 3656 sit
1590 3602 1764 3659 dives.
1820 3604 2067 3658 Primum

2176 3234 2386 3303 πένητα
2418 3232 2727 3298 ὲπιὸλέπει,
2760 3232 3098 3286 πλουτοῦντα
3129 3232 3228 3303 τὴν
3277 3232 3500 3303 ἀρετήν’
3552 3230 3643 3283 τὸν
3698 3230 3757 3283 δὲ

2179 3326 2324 3380 κατὰ
2352 3325 2450 3396 τὴν
2480 3326 2539 3378 ὲν
2570 3325 2795 3396 ἀρεταῖς
2822 3326 3252 3397 ἀποστρέφεται,
3305 3322 3641 3377 πλουτοῦντα
3698 3322 3756 3374 ὲν

2173 3421 2447 3492 χρήμασι.
2477 3418 2581 3472 τὸν
2612 3419 2712 3490 μὲν
2739 3418 2832 3473 οὖν
2868 3420 3086 3491 πρῶτον
3118 3419 3244 3490 ὁρᾷ,
3294 3416 3628 3472 πλουτοῦντα
3677 3407 3760 3477 οἷς

2193 3514 2222 3566 ὁ
2261 3511 2519 3584 δεύτερος
2550 3512 2774 3566 πένεται
2798 3527 2811 3541 ο
2834 3513 2924 3565 τὸν
2959 3512 3016 3565 δὲ
3049 3512 3302 3583 δεύτερον
3324 3510 3756 3580 ἀποστρέφεται,

2183 3604 2483 3674 πενόμενον
2505 3600 2587 3668 οἷς
2615 3603 2885 3674 ὁπρῶτος
2941 3603 3185 3670 πλουτεῖ,
3251 3602 3373 3657 κατ’
3429 3600 3756 3671 ἐναλλαγήν,

489 3683 658 3756 igitur
683 3702 978 3760 pauperem
1020 3689 1287 3747 Dominus
1341 3694 1588 3761 respicit,
1634 3696 1726 3766 qui
1772 3698 1939 3754 rebus
1963 3699 2031 3755 iis
2056 3698 2322 3765 abundat,
2358 3700 2561 3771 quibus
2593 3697 3147 3769 secundusindiget:
3190 3712 3222 3753 a
3277 3696 3523 3753 secundo
3578 3705 3757 3749 autem

492 3784 778 3849 avertitur,
853 3785 945 3852 qui
976 3783 1042 3840 iis
1075 3792 1247 3848 caret,
1280 3785 1483 3855 quibus
1520 3788 1765 3845 abundat
1800 3793 2031 3863 primus.

564 3876 727 3931 Vens.
760 3875 814 3931 6.
868 3876 1127 3932 Dominus
1183 3880 1412 3949 exquirit
1470 3882 1681 3951 justum
1732 3897 1780 3940 et
1817 3888 2062 3957 impium.

488 3968 591 4024 Per
614 3970 717 4023 hoc
750 3968 1065 4024 declaratur
1088 3971 1220 4041 quid
1251 3972 1565 4044 signiﬁcent
1597 3977 1688 4031 illa
1707 3979 1895 4043 verba,
1920 3981 2066 4049 ﬁlios

487 4059 794 4121 hominum;
820 4060 999 4128 iustos
1023 4061 1284 4116 nimirum
1318 4064 1656 4135 etinjustos,
1692 4083 1833 4136 quos
1866 4069 2067 4139 impios

486 4151 651 4204 etiam
681 4152 937 4222 appellat,
981 4153 1111 4223 quia
1170 4154 1341 4210 Deum
1392 4157 1696 4227 negligunt,
1736 4162 1866 4213 dum
1925 4162 2069 4218 illius

487 4252 753 4312 percepta
786 4244 1083 4300 observare
1107 4256 1494 4303 contemnunt.

559 4332 663 4399 Qui
697 4342 868 4388 autem
899 4336 1073 4405 diligit
1106 4336 1454 4404 injustitiam,
1489 4338 1601 4394 odit
1627 4342 1865 4398 animam
1888 4363 2063 4402 suam.

488 4423 611 4479 llaec
651 4436 735 4481 est
788 4436 969 4482 autem
1024 4442 1194 4483 eausa
1242 4443 1415 4499 quare
1471 4432 1716 4489 conﬁdat
1769 4435 2061 4510 Propheta.

2254 3890 2471 3957 Κύριος
2521 3887 2782 3954 ἐξετάζει
2829 3887 2939 3942 τὸν
2971 3887 3229 3952 δίκαιον,
3271 3886 3370 3941 καί
3408 3887 3515 3941 τὸν
3542 3886 3758 3955 ἀσεϐῆ·

2176 3978 2351 4033 Τοῦτο
2417 3978 2761 4049 διακριτικὸν
2794 3979 2898 4049 τῆς
2955 3979 3065 4032 τῶν
3115 3976 3420 4049 ἀνθρώπων
3455 3977 3757 4048 σημασίας.

2176 4072 2257 4126 ὅτι
2292 4074 2537 4135 καὶτοὺς
2560 4071 2803 4135 δικαίους
2835 4070 3008 4139 λέγει,
3054 4072 3147 4125 καὶ
3182 4070 3309 4131 τοὺς
3352 4068 3595 4131 ἀδίκους.
3628 4069 3761 4123 ἀσε-

2175 4162 2403 4227 ϐοῦντας
2431 4165 2489 4216 ὲν
2518 4162 2596 4234 τῷ
2635 4163 2926 4235 ἀτιμάζειν
2950 4161 3105 4230 Θεὸν,
3139 4161 3231 4215 διὰ
3254 4160 3355 4231 τῆς
3379 4161 3492 4216 τῶν
3527 4160 3760 4216 ὲντολῶν

2177 4255 2344 4309 αὑτοῦ
2387 4256 2874 4327 καταφρονήσεως.

2256 4347 2312 4399 '0
2335 4346 2404 4399 δὲ
2427 4346 2677 4417 ἀγαπῶν
2707 4346 2823 4416 τὴν
2869 4347 3136 4413 ἀδικίαν,
3178 4345 3351 4415 μισεῖ
3386 4346 3501 4413 τὴν
3540 4343 3764 4399 ἑαυτοῦ

2175 4435 2409 4506 ψυχήν.
2435 4437 2543 4489 Καὶ⁹
2558 4436 2716 4489 τοῦτο
2746 4437 2981 4506 θάρσους
3005 4437 3090 4490 ait
3102 4454 3201 4499 ιον,
3236 4436 3330 4489 καὶ
3354 4434 3759 4497 διδασκαλικὸν,

487 4515 885 4572 Documentum
925 4530 1186 4588 prarterca
1223 4524 1514 4579 continent
1557 4524 1674 4580 haec
1708 4530 1893 4598 verba,
1921 4534 2065 4602 quod

2176 4530 2253 4594 ὡς
2298 4530 2483 4595 ἄδικος
2512 4530 2610 4600 τῆς
2663 4529 2857 4583 ἑαυτοῦ
2908 4528 3059 4599 ζωῆς
3091 4529 3185 4582 τὸν
3224 4528 3453 4582 θάνατον
3486 4527 3763 4596 κατεργά-

487 4608 729 4675 iniustus
783 4610 1020 4680 quisque
1056 4612 1179 4668 vitae
1239 4616 1476 4684 propriae
1515 4626 1747 4674 mortem
1781 4633 2063 4692 operatur,

486 4699 683 4754 animae
765 4715 878 4755 sure
933 4703 1187 4760 inimicus
1236 4704 1490 4764 eﬂ‘ectus.
1578 4709 1772 4767 Pravis
1861 4716 2063 4770 etenim

486 4805 552 4845 ac
604 4792 854 4849 scelestis
911 4796 1223 4853 actionibus
1258 4799 1397 4866 suis,
1434 4800 1603 4857 Deum
1643 4818 1859 4874 semper
1889 4807 2064 4877 magis

485 4884 662 4936 irritat
686 4899 749 4939 ac
785 4896 1044 4955 provocat
1070 4890 1337 4947 adversus
1360 4894 1598 4949 animam
1632 4911 1810 4951 suam.

556 4972 725 5030 Vens.
756 4976 810 5030 7.
849 4976 997 5032 Pluet
1042 4997 1202 5049 super
1240 4994 1543 5049 peccatores
1590 4984 1828 5055 laqueos.
1864 4987 2063 5043 Addu-

483 5076 595 5134 cet,
624 5068 825 5139 inquit,
859 5068 1126 5126 Dominus
1194 5074 1466 5143 supplicia
1514 5090 1680 5145 super
1724 5089 2061 5149 peccatores,

480 5163 683 5231 quibus
710 5162 920 5218 detenti
976 5179 1008 5219 a
1066 5164 1301 5234 pristino
1349 5167 1555 5239 impetu
1615 5185 2058 5242 compescentur.

482 5253 595 5310 llac
630 5264 812 5312 autem
835 5256 1031 5326 pluvia:
1057 5258 1404 5328 metaphora,
1445 5275 1718 5316 summam
1749 5265 2059 5334 supplicio-

480 5364 603 5404 rum
639 5350 1033 5407 abundantiam
1064 5365 1129 5405 ac
1177 5353 1590 5421 perpetuitatem
1616 5355 1918 5414 denotavit.

553 5445 699 5514 Ignis
722 5455 770 5499 et
802 5446 1026 5515 sulphur
1057 5455 1105 5499 ct
1140 5446 1361 5515 spiritus
1417 5448 1665 5517 procellae
1699 5466 1826 5519 pars
1873 5452 2060 5506 colicis

479 5538 615 5605 ejus.
657 5540 802 5610 Ignis
826 5542 1045 5612 quidem
1079 5541 1495 5598 ellicacissimus
1518 5552 1638 5611 est;
1672 5543 1905 5613 sulphur
1930 5560 2060 5600 vero

480 5630 697 5699 pinguis
732 5641 786 5686 et
823 5649 1009 5689 crassa
1066 5635 1215 5689 illius
1264 5647 1412 5688 esca.
1475 5632 1591 5689 Hoc
1649 5634 1797 5690 enim
1845 5634 2057 5692 fomitis

481 5734 710 5788 genere,
742 5722 883 5791 ignis
944 5723 1096 5781 valde
1133 5726 1396 5780 nutritur.
1442 5724 1680 5796 Spiritus
1745 5727 1909 5782 etiam
1955 5743 2053 5784 seu

2177 4623 2361 4693 ζηται,
2388 4621 2584 4693 ἐχθρὸς
2614 4621 2715 4692 τῆς
2745 4621 2952 4684 οἰκείας
2977 4620 3158 4691 ψυχῆς
3193 4619 3496 4690 γινόμενος.
3524 4620 3623 4673 Διὰ
3651 4620 3757 4689 γὰρ

2177 4714 2287 4769 τῶν
2340 4714 2574 4770 ἀνοσίων
2620 4713 2879 4786 πράξεων
2936 4712 3233 4784 παροξύνει
3278 4714 3400 4766 κατ’
3449 4711 3617 4781 αὐτῆς
3665 4715 3758 4764 τ“ν

2173 4807 2328 4862 Θεόν.

2251 4984 2583 5053 Ἐπιϐρέξει
2649 4983 2747 5038 ἐπὶ
2808 4984 3197 5052 ἁμαρτωλοὺς
3267 4984 3546 5054 παγίδας.
3601 4985 3741 5037 Ἐπις

2166 5078 2373 5150 ὀρέξει,
2407 5078 2687 5131 τουτέστιν
2734 5077 2945 5131 ἀνωθεν
2984 5078 3199 5143 ἐπάξει,
3251 5079 3366 5140 τοῖς
3403 5077 3755 5148 ἁμαρτωλοῖς

2166 5171 2422 5239 παγίδας,
2470 5170 2590 5242 ἦτοι
2644 5170 2939 5242 τιμωρίας,
3000 5171 3070 5223 δι’
3114 5164 3189 5223 ὧν
3236 5170 3620 5241 Οηρευόμενοι,
3654 5169 3757 5239 τῆς

2164 5263 2344 5333 ὁρμῆς
2372 5264 2677 5329 ὲφέξονται.
2735 5264 2812 5334 Τῇ
2865 5264 3050 5334 μέντοι
3093 5262 3264 5334 βροχῇ
3320 5262 3421 5332 τὴν
3467 5262 3754 5331 δαψίλειαν

2170 5357 2263 5408 καὶ
2291 5353 2576 5424 συνέχειαν
2604 5353 2713 5407 τῶν
2742 5354 3028 5423 τιμωριῶν
3063 5352 3308 5424 ᾐνίξατο.

2239 5447 2368 5516 Πῦρ
2406 5446 2504 5500 καί
2535 5446 2697 5500 θεῖον
2739 5448 2835 5501 καὶ
2866 5446 3105 5516 πνεῦμα
3144 5445 3486 5517 καταιγίδος
3512 5446 3550 5514 ἡ
3582 5446 3755 5515 μερίς

2166 5538 2272 5593 τοῦ
2300 5539 2592 5607 ποτηρίου
2646 5538 2855 5600 αὑτοῦ.
2918 5539 3261 5609 Δραστηριον
3320 5538 3421 5607 μὲν
3475 5538 3537 5589 τὸ
3593 5538 3702 5606 πῦρ
3734 5554 3749 5567 ο

2166 5630 2374 5701 λιπαρὰ
2417 5631 2473 5684 δὲ
2514 5631 2693 5703 τροφὴ
2726 5631 2922 5701 πυρὸς,
2964 5632 3024 5684 τὸ
3062 5631 3237 5683 θεῖον·
3266 5629 3407 5695 εἶδος
3453 5631 3561 5699 γὰρ
3591 5629 3751 5682 τοῦτο

2165 5724 2288 5779 λίαν
2320 5723 2615 5795 θρεπτικὸν
2643 5725 2834 5793 πυρός’
2857 5724 3313 5795 ἀναῤῥιπιστικὺν
3330 5725 3386 5777 δὲ
3404 5725 3501 5796 τῆς
3525 5721 3761 5807 φλογὸς,
