  <div class='ocr_page' id='page_1' title='image "/cluster/home/n/w/nwhite01/storage/ocr_20150623/128/hvd.32044073502403/091.png"; bbox 0 0 4082 6212; ppageno 0'>
   <div class='ocr_carea' id='block_1_1' title="bbox 478 175 2496 242">
    <p class='ocr_par' dir='ltr' id='par_1_1' title="bbox 478 175 2496 242">
     <span class='ocr_line' id='line_1_1' title="bbox 478 175 2496 242; baseline -0.003 -1"><span class='ocrx_word' id='word_1_1' title='bbox 478 175 570 242; x_wconf 68' lang='grc'><strong>171</strong></span> <span class='ocrx_word' id='word_1_2' title='bbox 1690 176 2011 236; x_wconf 79' lang='lat' dir='ltr'><strong>EUTHYM</strong></span> <span class='ocrx_word' id='word_1_3' title='bbox 2036 175 2088 234; x_wconf 95' lang='lat' dir='ltr'><strong>ll</strong></span> <span class='ocrx_word' id='word_1_4' title='bbox 2127 175 2496 237; x_wconf 82' lang='lat' dir='ltr'><strong>ZlGABENI</strong></span> 
     </span>
    </p>
   </div>
   <div class='ocr_carea' id='block_1_2' title="bbox 3642 177 3746 246">
    <p class='ocr_par' dir='ltr' id='par_1_2' title="bbox 3642 177 3746 246">
     <span class='ocr_line' id='line_1_2' title="bbox 3642 177 3746 246; baseline 0.019 -3"><span class='ocrx_word' id='word_1_5' title='bbox 3642 177 3746 246; x_wconf 72' lang='lat'><strong>172</strong></span> 
     </span>
    </p>
   </div>
   <div class='ocr_carea' id='block_1_3' title="bbox 473 254 2063 362">
    <p class='ocr_par' dir='ltr' id='par_1_3' title="bbox 473 288 2054 350">
     <span class='ocr_line' id='line_1_3' title="bbox 473 288 2054 350; baseline -0.003 -5"><span class='ocrx_word' id='word_1_6' title='bbox 473 292 800 350; x_wconf 80' lang='lat' dir='ltr'><strong>Sabhatttm,</strong></span> <span class='ocrx_word' id='word_1_7' title='bbox 857 289 1018 345; x_wconf 89' lang='lat' dir='ltr'><strong>redit.</strong></span> <span class='ocrx_word' id='word_1_8' title='bbox 1076 289 1183 343; x_wconf 80' lang='lat' dir='ltr'><strong>Pro</strong></span> <span class='ocrx_word' id='word_1_9' title='bbox 1242 300 1428 343; x_wconf 72' lang='lat' dir='ltr'><strong>ortam</strong></span> <span class='ocrx_word' id='word_1_10' title='bbox 1487 290 1675 350; x_wconf 75' lang='lat' dir='ltr'><strong>etiam,</strong></span> <span class='ocrx_word' id='word_1_11' title='bbox 1730 297 1784 342; x_wconf 88' lang='lat' dir='ltr'><strong>ct</strong></span> <span class='ocrx_word' id='word_1_12' title='bbox 1829 304 1938 342; x_wconf 87' lang='lat' dir='ltr'><strong>non</strong></span> <span class='ocrx_word' id='word_1_13' title='bbox 1984 288 2054 342; x_wconf 83' lang='lat' dir='ltr'><strong>De</strong></span> 
     </span>
    </p>
   </div>
   <div class='ocr_carea' id='block_1_4' title="bbox 2169 254 3751 362">
    <p class='ocr_par' dir='ltr' id='par_1_4' title="bbox 2169 288 3751 362">
     <span class='ocr_line' id='line_1_4' title="bbox 2169 288 3751 362; baseline 0.003 -22"><span class='ocrx_word' id='word_1_14' title='bbox 2169 288 2346 358; x_wconf 68' lang='grc' dir='ltr'>ὀγδόη.</span> <span class='ocrx_word' id='word_1_15' title='bbox 2378 289 2492 341; x_wconf 71' lang='grc' dir='ltr'>Οὐκ</span> <span class='ocrx_word' id='word_1_16' title='bbox 2533 290 2941 361; x_wconf 77' lang='grc' dir='ltr'>ἐπιγέγραπται</span> <span class='ocrx_word' id='word_1_17' title='bbox 2976 291 3051 357; x_wconf 76' lang='grc' dir='ltr'>δὲ,</span> <span class='ocrx_word' id='word_1_18' title='bbox 3088 292 3349 362; x_wconf 46' lang='lat' dir='ltr'><strong>&quot;spira;</strong></span> <span class='ocrx_word' id='word_1_19' title='bbox 3389 293 3603 361; x_wconf 82' lang='grc' dir='ltr'>ὀγδόης,</span> <span class='ocrx_word' id='word_1_20' title='bbox 3634 294 3751 347; x_wconf 77' lang='grc' dir='ltr'>ἀλλ’</span> 
     </span>
    </p>
   </div>
   <div class='ocr_carea' id='block_1_5' title="bbox 475 379 2055 452">
    <p class='ocr_par' dir='ltr' id='par_1_5' title="bbox 475 379 2055 452">
     <span class='ocr_line' id='line_1_5' title="bbox 475 379 2055 452; baseline -0.003 -14"><span class='ocrx_word' id='word_1_21' title='bbox 475 399 667 439; x_wconf 74' lang='lat' dir='ltr'><strong>ut-tava</strong></span> <span class='ocrx_word' id='word_1_22' title='bbox 706 384 1034 450; x_wconf 79' lang='lat' dir='ltr'><strong>inscriptum</strong></span> <span class='ocrx_word' id='word_1_23' title='bbox 1067 392 1174 438; x_wconf 86' lang='lat' dir='ltr'><strong>est.</strong></span> <span class='ocrx_word' id='word_1_24' title='bbox 1205 382 1391 452; x_wconf 83' lang='lat' dir='ltr'><strong>Neque</strong></span> <span class='ocrx_word' id='word_1_25' title='bbox 1414 382 1557 435; x_wconf 86' lang='lat' dir='ltr'><strong>enim</strong></span> <span class='ocrx_word' id='word_1_26' title='bbox 1587 380 1743 433; x_wconf 72' lang='lat' dir='ltr'><strong>docet</strong></span> <span class='ocrx_word' id='word_1_27' title='bbox 1782 379 2055 444; x_wconf 76' lang='lat' dir='ltr'><strong>Psaitltlls,</strong></span> 
     </span>
    </p>
   </div>
   <div class='ocr_carea' id='block_1_6' title="bbox 473 471 2061 547">
    <p class='ocr_par' dir='ltr' id='par_1_6' title="bbox 473 471 2061 547">
     <span class='ocr_line' id='line_1_6' title="bbox 473 471 2061 547; baseline -0.004 -18"><span class='ocrx_word' id='word_1_28' title='bbox 473 480 604 547; x_wconf 89' lang='lat' dir='ltr'><strong>quid</strong></span> <span class='ocrx_word' id='word_1_29' title='bbox 635 479 703 530; x_wconf 84' lang='lat' dir='ltr'><strong>sit</strong></span> <span class='ocrx_word' id='word_1_30' title='bbox 735 484 950 538; x_wconf 85' lang='lat' dir='ltr'><strong>octava,</strong></span> <span class='ocrx_word' id='word_1_31' title='bbox 983 477 1076 528; x_wconf 89' lang='lat' dir='ltr'><strong>sed</strong></span> <span class='ocrx_word' id='word_1_32' title='bbox 1115 482 1270 544; x_wconf 77' lang='lat' dir='ltr'><strong>rogat</strong></span> <span class='ocrx_word' id='word_1_33' title='bbox 1317 475 1459 527; x_wconf 87' lang='lat' dir='ltr'><strong>diem</strong></span> <span class='ocrx_word' id='word_1_34' title='bbox 1511 473 1660 526; x_wconf 86' lang='lat' dir='ltr'><strong>iilttttt</strong></span> <span class='ocrx_word' id='word_1_35' title='bbox 1706 474 1817 526; x_wconf 88' lang='lat' dir='ltr'><strong>cito</strong></span> <span class='ocrx_word' id='word_1_36' title='bbox 1854 471 2061 526; x_wconf 79' lang='lat' dir='ltr'><strong>adven-</strong></span> 
     </span>
    </p>
   </div>
   <div class='ocr_carea' id='block_1_7' title="bbox 475 563 2060 636">
    <p class='ocr_par' dir='ltr' id='par_1_7' title="bbox 475 563 2060 636">
     <span class='ocr_line' id='line_1_7' title="bbox 475 563 2060 636; baseline -0.006 -12"><span class='ocrx_word' id='word_1_37' title='bbox 475 584 612 636; x_wconf 85' lang='lat' dir='ltr'><strong>tare,</strong></span> <span class='ocrx_word' id='word_1_38' title='bbox 653 581 707 621; x_wconf 92' lang='lat' dir='ltr'><strong>ut</strong></span> <span class='ocrx_word' id='word_1_39' title='bbox 762 569 1014 621; x_wconf 83' lang='lat' dir='ltr'><strong>homines</strong></span> <span class='ocrx_word' id='word_1_40' title='bbox 1051 565 1332 627; x_wconf 89' lang='lat' dir='ltr'><strong>nimirum,</strong></span> <span class='ocrx_word' id='word_1_41' title='bbox 1389 565 1479 634; x_wconf 88' lang='lat' dir='ltr'><strong>qui</strong></span> <span class='ocrx_word' id='word_1_42' title='bbox 1532 565 1635 618; x_wconf 85' lang='lat' dir='ltr'><strong>sul)</strong></span> <span class='ocrx_word' id='word_1_43' title='bbox 1680 579 1818 617; x_wconf 70' lang='lat' dir='ltr'><strong>szeva</strong></span> <span class='ocrx_word' id='word_1_44' title='bbox 1857 563 2060 616; x_wconf 63' lang='lat' dir='ltr'><strong>daemu-</strong></span> 
     </span>
    </p>
   </div>
   <div class='ocr_carea' id='block_1_8' title="bbox 472 657 2057 733">
    <p class='ocr_par' dir='ltr' id='par_1_8' title="bbox 472 657 2057 733">
     <span class='ocr_line' id='line_1_8' title="bbox 472 657 2057 733; baseline -0.006 -15"><span class='ocrx_word' id='word_1_45' title='bbox 472 681 604 718; x_wconf 90' lang='lat' dir='ltr'><strong>num</strong></span> <span class='ocrx_word' id='word_1_46' title='bbox 663 665 1055 733; x_wconf 81' lang='lat' dir='ltr'><strong>Opprimuutur</strong></span> <span class='ocrx_word' id='word_1_47' title='bbox 1115 663 1443 732; x_wconf 75' lang='lat' dir='ltr'><strong>tyrannide,</strong></span> <span class='ocrx_word' id='word_1_48' title='bbox 1509 669 1674 728; x_wconf 89' lang='lat' dir='ltr'><strong>atque</strong></span> <span class='ocrx_word' id='word_1_49' title='bbox 1728 657 1892 710; x_wconf 77' lang='lat' dir='ltr'><strong>idolis</strong></span> <span class='ocrx_word' id='word_1_50' title='bbox 1945 672 2057 710; x_wconf 84' lang='lat' dir='ltr'><strong>ser-</strong></span> 
     </span>
    </p>
   </div>
   <div class='ocr_carea' id='block_1_9' title="bbox 471 751 2062 822">
    <p class='ocr_par' dir='ltr' id='par_1_9' title="bbox 471 751 2062 822">
     <span class='ocr_line' id='line_1_9' title="bbox 471 751 2062 822; baseline -0.008 -11"><span class='ocrx_word' id='word_1_51' title='bbox 471 758 650 822; x_wconf 84' lang='lat' dir='ltr'><strong>viunt,</strong></span> <span class='ocrx_word' id='word_1_52' title='bbox 689 764 842 808; x_wconf 90' lang='lat' dir='ltr'><strong>tanto</strong></span> <span class='ocrx_word' id='word_1_53' title='bbox 888 757 1053 809; x_wconf 82' lang='lat' dir='ltr'><strong>cilius</strong></span> <span class='ocrx_word' id='word_1_54' title='bbox 1100 753 1381 807; x_wconf 86' lang='lat' dir='ltr'><strong>servitutis</strong></span> <span class='ocrx_word' id='word_1_55' title='bbox 1434 752 1564 820; x_wconf 72' lang='lat' dir='ltr'><strong>jttgu</strong></span> <span class='ocrx_word' id='word_1_56' title='bbox 1630 751 1929 802; x_wconf 75' lang='lat' dir='ltr'><strong>liberentur</strong></span> <span class='ocrx_word' id='word_1_57' title='bbox 1960 766 1973 802; x_wconf 87' lang='lat'><strong>:</strong></span> <span class='ocrx_word' id='word_1_58' title='bbox 2009 756 2062 800; x_wconf 90' lang='lat' dir='ltr'><strong>et</strong></span> 
     </span>
    </p>
   </div>
   <div class='ocr_carea' id='block_1_10' title="bbox 473 843 2060 911">
    <p class='ocr_par' dir='ltr' id='par_1_10' title="bbox 473 843 2060 911">
     <span class='ocr_line' id='line_1_10' title="bbox 473 843 2060 911; baseline -0.003 -11"><span class='ocrx_word' id='word_1_59' title='bbox 473 856 750 903; x_wconf 74' lang='lat' dir='ltr'><strong>dzemont-s</strong></span> <span class='ocrx_word' id='word_1_60' title='bbox 782 849 1209 902; x_wconf 80' lang='lat' dir='ltr'><strong>commissorum</strong></span> <span class='ocrx_word' id='word_1_61' title='bbox 1251 848 1302 898; x_wconf 90' lang='lat' dir='ltr'><strong>in</strong></span> <span class='ocrx_word' id='word_1_62' title='bbox 1345 843 1507 897; x_wconf 85' lang='lat' dir='ltr'><strong>Deu.u</strong></span> <span class='ocrx_word' id='word_1_63' title='bbox 1542 843 1836 897; x_wconf 81' lang='lat' dir='ltr'><strong>criminum</strong></span> <span class='ocrx_word' id='word_1_64' title='bbox 1871 857 2060 911; x_wconf 74' lang='lat' dir='ltr'><strong>pmnas</strong></span> 
     </span>
    </p>
   </div>
   <div class='ocr_carea' id='block_1_11' title="bbox 474 941 924 1010">
    <p class='ocr_par' dir='ltr' id='par_1_11' title="bbox 474 941 924 1010">
     <span class='ocr_line' id='line_1_11' title="bbox 474 941 924 1010; baseline -0.004 -16"><span class='ocrx_word' id='word_1_65' title='bbox 474 944 627 994; x_wconf 84' lang='lat' dir='ltr'><strong>luant</strong></span> <span class='ocrx_word' id='word_1_66' title='bbox 665 941 924 1010; x_wconf 88' lang='lat' dir='ltr'><strong>majores.</strong></span> 
     </span>
    </p>
   </div>
   <div class='ocr_carea' id='block_1_12' title="bbox 549 1031 2059 1104">
    <p class='ocr_par' dir='ltr' id='par_1_12' title="bbox 549 1031 2059 1104">
     <span class='ocr_line' id='line_1_12' title="bbox 549 1031 2059 1104; baseline -0.001 -21"><span class='ocrx_word' id='word_1_67' title='bbox 549 1035 789 1104; x_wconf 48' lang='lat'><strong>“735.2.</strong></span> <span class='ocrx_word' id='word_1_68' title='bbox 826 1033 1038 1086; x_wconf 83' lang='lat' dir='ltr'><strong>Salvum</strong></span> <span class='ocrx_word' id='word_1_69' title='bbox 1079 1050 1155 1084; x_wconf 85' lang='lat' dir='ltr'><strong>me</strong></span> <span class='ocrx_word' id='word_1_70' title='bbox 1185 1032 1290 1100; x_wconf 74' lang='lat' dir='ltr'><strong>far,</strong></span> <span class='ocrx_word' id='word_1_71' title='bbox 1334 1031 1568 1096; x_wconf 78' lang='lat' dir='ltr'><strong>Domine,</strong></span> <span class='ocrx_word' id='word_1_72' title='bbox 1597 1033 1844 1099; x_wconf 78' lang='lat' dir='ltr'><strong>quoniam</strong></span> <span class='ocrx_word' id='word_1_73' title='bbox 1873 1031 2059 1098; x_wconf 74' lang='lat' dir='ltr'><strong>defecit</strong></span> 
     </span>
    </p>
   </div>
   <div class='ocr_carea' id='block_1_13' title="bbox 473 1124 2058 1192">
    <p class='ocr_par' dir='ltr' id='par_1_13' title="bbox 473 1124 2058 1192">
     <span class='ocr_line' id='line_1_13' title="bbox 473 1124 2058 1192; baseline -0.003 -13"><span class='ocrx_word' id='word_1_74' title='bbox 473 1136 710 1180; x_wconf 76' lang='lat' dir='ltr'><strong>sanctus.</strong></span> <span class='ocrx_word' id='word_1_75' title='bbox 742 1126 934 1180; x_wconf 80' lang='lat' dir='ltr'><strong>Justus</strong></span> <span class='ocrx_word' id='word_1_76' title='bbox 971 1126 1013 1177; x_wconf 83' lang='lat' dir='ltr'><strong>is</strong></span> <span class='ocrx_word' id='word_1_77' title='bbox 1047 1126 1247 1178; x_wconf 87' lang='lat' dir='ltr'><strong>dicitur</strong></span> <span class='ocrx_word' id='word_1_78' title='bbox 1283 1125 1376 1192; x_wconf 86' lang='lat' dir='ltr'><strong>qui</strong></span> <span class='ocrx_word' id='word_1_79' title='bbox 1425 1124 1683 1176; x_wconf 76' lang='lat' dir='ltr'><strong>humanis</strong></span> <span class='ocrx_word' id='word_1_80' title='bbox 1710 1125 1761 1176; x_wconf 91' lang='lat' dir='ltr'><strong>in</strong></span> <span class='ocrx_word' id='word_1_81' title='bbox 1801 1124 2058 1190; x_wconf 72' lang='lat' dir='ltr'><strong>negotiis,</strong></span> 
     </span>
    </p>
   </div>
   <div class='ocr_carea' id='block_1_14' title="bbox 471 1217 2060 1284">
    <p class='ocr_par' dir='ltr' id='par_1_14' title="bbox 471 1217 2060 1284">
     <span class='ocr_line' id='line_1_14' title="bbox 471 1217 2060 1284; baseline 0.001 -16"><span class='ocrx_word' id='word_1_82' title='bbox 471 1219 541 1271; x_wconf 81' lang='lat' dir='ltr'><strong>ab</strong></span> <span class='ocrx_word' id='word_1_83' title='bbox 571 1233 636 1270; x_wconf 90' lang='lat' dir='ltr'><strong>eo</strong></span> <span class='ocrx_word' id='word_1_84' title='bbox 671 1217 812 1284; x_wconf 89' lang='lat' dir='ltr'><strong>quod</strong></span> <span class='ocrx_word' id='word_1_85' title='bbox 866 1219 1162 1269; x_wconf 82' lang='lat' dir='ltr'><strong>honestum</strong></span> <span class='ocrx_word' id='word_1_86' title='bbox 1201 1228 1308 1275; x_wconf 86' lang='lat' dir='ltr'><strong>est,</strong></span> <span class='ocrx_word' id='word_1_87' title='bbox 1352 1232 1458 1268; x_wconf 89' lang='lat' dir='ltr'><strong>non</strong></span> <span class='ocrx_word' id='word_1_88' title='bbox 1507 1217 1747 1268; x_wconf 76' lang='lat' dir='ltr'><strong>declinat</strong></span> <span class='ocrx_word' id='word_1_89' title='bbox 1787 1234 1797 1266; x_wconf 90' lang='lat'>:</span> <span class='ocrx_word' id='word_1_90' title='bbox 1834 1228 2060 1270; x_wconf 85' lang='lat' dir='ltr'><strong>sanctus</strong></span> 
     </span>
    </p>
   </div>
   <div class='ocr_carea' id='block_1_15' title="bbox 475 1307 2057 1378">
    <p class='ocr_par' dir='ltr' id='par_1_15' title="bbox 475 1307 2057 1378">
     <span class='ocr_line' id='line_1_15' title="bbox 475 1307 2057 1378; baseline -0.004 -15"><span class='ocrx_word' id='word_1_91' title='bbox 475 1325 604 1363; x_wconf 69' lang='lat' dir='ltr'><strong>vero</strong></span> <span class='ocrx_word' id='word_1_92' title='bbox 639 1307 790 1378; x_wconf 83' lang='lat' dir='ltr'><strong>[cum</strong></span> <span class='ocrx_word' id='word_1_93' title='bbox 845 1311 986 1377; x_wconf 89' lang='lat' dir='ltr'><strong>apud</strong></span> <span class='ocrx_word' id='word_1_94' title='bbox 1045 1308 1264 1361; x_wconf 67' lang='lat' dir='ltr'><strong>Graecos</strong></span> <span class='ocrx_word' id='word_1_95' title='bbox 1313 1308 1516 1376; x_wconf 62' lang='lat' dir='ltr'><strong>duplici</strong></span> <span class='ocrx_word' id='word_1_96' title='bbox 1569 1308 1780 1360; x_wconf 78' lang='lat' dir='ltr'><strong>dicatur</strong></span> <span class='ocrx_word' id='word_1_97' title='bbox 1817 1309 2057 1369; x_wconf 76' lang='lat' dir='ltr'><strong>nomine,</strong></span> 
     </span>
    </p>
   </div>
   <div class='ocr_carea' id='block_1_16' title="bbox 467 1399 2063 1466">
    <p class='ocr_par' dir='ltr' id='par_1_16' title="bbox 467 1399 2063 1466">
     <span class='ocr_line' id='line_1_16' title="bbox 467 1399 2063 1466; baseline -0.001 -16"><span class='ocrx_word' id='word_1_98' title='bbox 467 1400 614 1461; x_wconf 77' lang='grc' dir='ltr'>ὅσιος</span> <span class='ocrx_word' id='word_1_99' title='bbox 650 1400 906 1452; x_wconf 87' lang='lat' dir='ltr'><strong>nimirum</strong></span> <span class='ocrx_word' id='word_1_100' title='bbox 939 1408 994 1452; x_wconf 86' lang='lat' dir='ltr'><strong>ut</strong></span> <span class='ocrx_word' id='word_1_101' title='bbox 1027 1400 1133 1460; x_wconf 89' lang='lat' dir='ltr'><strong>hic,</strong></span> <span class='ocrx_word' id='word_1_102' title='bbox 1172 1408 1227 1451; x_wconf 88' lang='lat' dir='ltr'><strong>et</strong></span> <span class='ocrx_word' id='word_1_103' title='bbox 1258 1399 1410 1465; x_wconf 78' lang='grc' dir='ltr'>ἃγιος</span> <span class='ocrx_word' id='word_1_104' title='bbox 1439 1399 1697 1466; x_wconf 78' lang='lat' dir='ltr'><strong>(utraque</strong></span> <span class='ocrx_word' id='word_1_105' title='bbox 1721 1399 1867 1450; x_wconf 89' lang='lat' dir='ltr'><strong>enim</strong></span> <span class='ocrx_word' id='word_1_106' title='bbox 1895 1399 2063 1450; x_wconf 82' lang='lat' dir='ltr'><strong>dictio</strong></span> 
     </span>
    </p>
   </div>
   <div class='ocr_carea' id='block_1_17' title="bbox 472 1491 2059 1561">
    <p class='ocr_par' dir='ltr' id='par_1_17' title="bbox 472 1491 2059 1561">
     <span class='ocr_line' id='line_1_17' title="bbox 472 1491 2059 1561; baseline -0.003 -14"><span class='ocrx_word' id='word_1_107' title='bbox 472 1501 728 1547; x_wconf 89' lang='lat' dir='ltr'><strong>sanctum</strong></span> <span class='ocrx_word' id='word_1_108' title='bbox 762 1492 1059 1561; x_wconf 71' lang='lat' dir='ltr'><strong>signiﬁcat)</strong></span> <span class='ocrx_word' id='word_1_109' title='bbox 1090 1503 1492 1560; x_wconf 87' lang='lat' dir='ltr'><strong>consequenter</strong></span> <span class='ocrx_word' id='word_1_110' title='bbox 1517 1500 1570 1544; x_wconf 88' lang='lat' dir='ltr'><strong>et</strong></span> <span class='ocrx_word' id='word_1_111' title='bbox 1598 1492 1649 1544; x_wconf 91' lang='lat' dir='ltr'><strong>in</strong></span> <span class='ocrx_word' id='word_1_112' title='bbox 1682 1491 1886 1560; x_wconf 77' lang='lat' dir='ltr'><strong>duplici</strong></span> <span class='ocrx_word' id='word_1_113' title='bbox 1920 1492 2059 1545; x_wconf 87' lang='lat' dir='ltr'><strong>sumi</strong></span> 
     </span>
    </p>
   </div>
   <div class='ocr_carea' id='block_1_18' title="bbox 477 1583 2064 1655">
    <p class='ocr_par' dir='ltr' id='par_1_18' title="bbox 477 1583 2064 1655">
     <span class='ocr_line' id='line_1_18' title="bbox 477 1583 2064 1655; baseline -0.001 -17"><span class='ocrx_word' id='word_1_114' title='bbox 477 1596 658 1655; x_wconf 88' lang='lat' dir='ltr'><strong>potest</strong></span> <span class='ocrx_word' id='word_1_115' title='bbox 691 1583 1158 1654; x_wconf 76' lang='lat' dir='ltr'><strong>signiﬁcatione];</strong></span> <span class='ocrx_word' id='word_1_116' title='bbox 1192 1584 1284 1639; x_wconf 89' lang='lat' dir='ltr'><strong>ille</strong></span> <span class='ocrx_word' id='word_1_117' title='bbox 1312 1596 1492 1637; x_wconf 86' lang='lat' dir='ltr'><strong>autem</strong></span> <span class='ocrx_word' id='word_1_118' title='bbox 1520 1583 1736 1652; x_wconf 84' lang='lat' dir='ltr'><strong>proprie</strong></span> <span class='ocrx_word' id='word_1_119' title='bbox 1761 1585 1906 1645; x_wconf 77' lang='grc' dir='ltr'>ὅσιος</span> <span class='ocrx_word' id='word_1_120' title='bbox 1929 1584 2064 1637; x_wconf 87' lang='lat' dir='ltr'><strong>diei-</strong></span> 
     </span>
    </p>
   </div>
   <div class='ocr_carea' id='block_1_19' title="bbox 2178 382 3754 454">
    <p class='ocr_par' dir='ltr' id='par_1_19' title="bbox 2178 382 3754 454">
     <span class='ocr_line' id='line_1_19' title="bbox 2178 382 3754 454; baseline 0.004 -20"><span class='ocrx_word' id='word_1_121' title='bbox 2178 383 2348 448; x_wconf 74' lang='grc' dir='ltr'><strong>Ὑπέρ</strong></span> <span class='ocrx_word' id='word_1_122' title='bbox 2401 383 2508 451; x_wconf 81' lang='grc' dir='ltr'>τῆς</span> <span class='ocrx_word' id='word_1_123' title='bbox 2573 382 2789 449; x_wconf 69' lang='grc' dir='ltr'>ὀγδόης</span> <span class='ocrx_word' id='word_1_124' title='bbox 2831 401 2843 412; x_wconf 72' lang='grc' dir='ltr'><strong>ο</strong></span> <span class='ocrx_word' id='word_1_125' title='bbox 2884 384 2944 436; x_wconf 81' lang='grc' dir='ltr'>οὐ</span> <span class='ocrx_word' id='word_1_126' title='bbox 3002 386 3106 454; x_wconf 70' lang='grc' dir='ltr'><strong>γὰρ</strong></span> <span class='ocrx_word' id='word_1_127' title='bbox 3164 385 3437 445; x_wconf 80' lang='grc' dir='ltr'><strong>διδάσκει,</strong></span> <span class='ocrx_word' id='word_1_128' title='bbox 3500 386 3552 437; x_wconf 82' lang='grc' dir='ltr'><strong>τι</strong></span> <span class='ocrx_word' id='word_1_129' title='bbox 3604 389 3754 440; x_wconf 78' lang='grc' dir='ltr'>ἐστιν</span> 
     </span>
    </p>
   </div>
   <div class='ocr_carea' id='block_1_20' title="bbox 2167 476 3752 549">
    <p class='ocr_par' dir='ltr' id='par_1_20' title="bbox 2167 476 3752 549">
     <span class='ocr_line' id='line_1_20' title="bbox 2167 476 3752 549; baseline 0.003 -20"><span class='ocrx_word' id='word_1_130' title='bbox 2167 480 2198 545; x_wconf 87' lang='grc' dir='ltr'>ἡ</span> <span class='ocrx_word' id='word_1_131' title='bbox 2231 477 2417 546; x_wconf 86' lang='grc' dir='ltr'>ὀγδόη,</span> <span class='ocrx_word' id='word_1_132' title='bbox 2447 476 2585 529; x_wconf 81' lang='grc' dir='ltr'>ἀλλὰ</span> <span class='ocrx_word' id='word_1_133' title='bbox 2609 477 2941 546; x_wconf 84' lang='grc' dir='ltr'>παρακαλεῖ,</span> <span class='ocrx_word' id='word_1_134' title='bbox 2975 477 3171 530; x_wconf 78' lang='grc' dir='ltr'>θᾶττον</span> <span class='ocrx_word' id='word_1_135' title='bbox 3202 479 3377 531; x_wconf 81' lang='grc' dir='ltr'>ἐλθείν</span> <span class='ocrx_word' id='word_1_136' title='bbox 3405 478 3503 547; x_wconf 61' lang='grc' dir='ltr'><strong>τὴν</strong></span> <span class='ocrx_word' id='word_1_137' title='bbox 3537 481 3752 549; x_wconf 82' lang='grc' dir='ltr'>ἡμέραν</span> 
     </span>
    </p>
   </div>
   <div class='ocr_carea' id='block_1_21' title="bbox 2165 568 3755 644">
    <p class='ocr_par' dir='ltr' id='par_1_21' title="bbox 2165 568 3755 644">
     <span class='ocr_line' id='line_1_21' title="bbox 2165 568 3755 644; baseline 0.002 -22"><span class='ocrx_word' id='word_1_138' title='bbox 2165 570 2623 644; x_wconf 19' lang='grc' dir='ltr'>ἐκείνην,ἰένεκεν</span> <span class='ocrx_word' id='word_1_139' title='bbox 2653 568 2753 637; x_wconf 84' lang='grc' dir='ltr'><strong>τῆς</strong></span> <span class='ocrx_word' id='word_1_140' title='bbox 2785 570 3121 637; x_wconf 73' lang='grc' dir='ltr'><strong>ἐκδικήσεως</strong></span> <span class='ocrx_word' id='word_1_141' title='bbox 3150 570 3258 623; x_wconf 79' lang='grc' dir='ltr'>τῶν</span> <span class='ocrx_word' id='word_1_142' title='bbox 3299 574 3755 643; x_wconf 80' lang='grc' dir='ltr'><strong>τυραννουμένων</strong></span> 
     </span>
    </p>
   </div>
   <div class='ocr_carea' id='block_1_22' title="bbox 2165 662 3755 734">
    <p class='ocr_par' dir='ltr' id='par_1_22' title="bbox 2165 662 3755 734">
     <span class='ocr_line' id='line_1_22' title="bbox 2165 662 3755 734; baseline 0.002 -18"><span class='ocrx_word' id='word_1_143' title='bbox 2165 663 2271 716; x_wconf 80' lang='grc' dir='ltr'><strong>ὑπὸ</strong></span> <span class='ocrx_word' id='word_1_144' title='bbox 2322 663 2416 716; x_wconf 76' lang='grc' dir='ltr'><strong>τοῦ</strong></span> <span class='ocrx_word' id='word_1_145' title='bbox 2470 662 2742 726; x_wconf 77' lang='grc' dir='ltr'>διαϐόλου,</span> <span class='ocrx_word' id='word_1_146' title='bbox 2804 663 2899 714; x_wconf 77' lang='grc' dir='ltr'>καὶ</span> <span class='ocrx_word' id='word_1_147' title='bbox 2945 663 3365 734; x_wconf 82' lang='grc' dir='ltr'><strong>δεδουλωμένων</strong></span> <span class='ocrx_word' id='word_1_148' title='bbox 3416 669 3482 734; x_wconf 78' lang='grc' dir='ltr'>τῇ</span> <span class='ocrx_word' id='word_1_149' title='bbox 3535 667 3755 720; x_wconf 71' lang='grc' dir='ltr'>εἰδωλοο</span> 
     </span>
    </p>
   </div>
   <div class='ocr_carea' id='block_1_23' title="bbox 2167 757 2414 826">
    <p class='ocr_par' dir='ltr' id='par_1_23' title="bbox 2167 757 2414 826">
     <span class='ocr_line' id='line_1_23' title="bbox 2167 757 2414 826; baseline 0.008 -20"><span class='ocrx_word' id='word_1_150' title='bbox 2167 757 2414 826; x_wconf 74' lang='grc' dir='ltr'>λατρεία.</span> 
     </span>
    </p>
   </div>
   <div class='ocr_carea' id='block_1_24' title="bbox 2238 1031 3758 1100">
    <p class='ocr_par' dir='ltr' id='par_1_24' title="bbox 2238 1031 3758 1100">
     <span class='ocr_line' id='line_1_24' title="bbox 2238 1031 3758 1100; baseline 0 -14"><span class='ocrx_word' id='word_1_151' title='bbox 2238 1031 2449 1086; x_wconf 80' lang='grc' dir='ltr'>Σῶσόν</span> <span class='ocrx_word' id='word_1_152' title='bbox 2469 1049 2565 1100; x_wconf 84' lang='grc' dir='ltr'><strong>με,</strong></span> <span class='ocrx_word' id='word_1_153' title='bbox 2604 1032 2798 1098; x_wconf 76' lang='grc' dir='ltr'>Κύριε,</span> <span class='ocrx_word' id='word_1_154' title='bbox 2841 1032 2927 1084; x_wconf 79' lang='grc' dir='ltr'>ὅτι</span> <span class='ocrx_word' id='word_1_155' title='bbox 2961 1031 3285 1084; x_wconf 66' lang='grc' dir='ltr'>ὲκλέλιπεν</span> <span class='ocrx_word' id='word_1_156' title='bbox 3312 1033 3502 1097; x_wconf 84' lang='grc' dir='ltr'>ὅσιος.</span> <span class='ocrx_word' id='word_1_157' title='bbox 3537 1034 3758 1097; x_wconf 77' lang='grc' dir='ltr'>Δίκαιος</span> 
     </span>
    </p>
   </div>
   <div class='ocr_carea' id='block_1_25' title="bbox 2169 1123 3750 1195">
    <p class='ocr_par' dir='ltr' id='par_1_25' title="bbox 2169 1123 3750 1195">
     <span class='ocr_line' id='line_1_25' title="bbox 2169 1123 3750 1195; baseline 0.002 -20"><span class='ocrx_word' id='word_1_158' title='bbox 2169 1125 2268 1192; x_wconf 85' lang='grc' dir='ltr'><strong>μέν</strong></span> <span class='ocrx_word' id='word_1_159' title='bbox 2300 1126 2466 1188; x_wconf 84' lang='grc' dir='ltr'>ἐστιν,</span> <span class='ocrx_word' id='word_1_160' title='bbox 2497 1124 2524 1174; x_wconf 83' lang='grc' dir='ltr'>ὁ</span> <span class='ocrx_word' id='word_1_161' title='bbox 2545 1126 2612 1177; x_wconf 84' lang='grc' dir='ltr'>τὰ</span> <span class='ocrx_word' id='word_1_162' title='bbox 2633 1123 2766 1194; x_wconf 80' lang='grc' dir='ltr'>πρὸς</span> <span class='ocrx_word' id='word_1_163' title='bbox 2792 1124 3108 1194; x_wconf 75' lang='grc' dir='ltr'><strong>ἀνθρώπους</strong></span> <span class='ocrx_word' id='word_1_164' title='bbox 3137 1124 3386 1195; x_wconf 76' lang='grc' dir='ltr'>ἀῤῥεπὴς</span> <span class='ocrx_word' id='word_1_165' title='bbox 3416 1127 3506 1178; x_wconf 78' lang='grc' dir='ltr'>τοῦ</span> <span class='ocrx_word' id='word_1_166' title='bbox 3541 1127 3708 1179; x_wconf 81' lang='grc' dir='ltr'>καλοῦ</span> <span class='ocrx_word' id='word_1_167' title='bbox 3739 1145 3750 1156; x_wconf 75' lang='grc' dir='ltr'><strong>ο</strong></span> 
     </span>
    </p>
   </div>
   <div class='ocr_carea' id='block_1_26' title="bbox 2165 1214 3757 1284">
    <p class='ocr_par' dir='ltr' id='par_1_26' title="bbox 2165 1214 3757 1284">
     <span class='ocr_line' id='line_1_26' title="bbox 2165 1214 3757 1284; baseline 0.003 -18"><span class='ocrx_word' id='word_1_168' title='bbox 2165 1219 2310 1276; x_wconf 70' lang='grc' dir='ltr'>ὅσιος</span> <span class='ocrx_word' id='word_1_169' title='bbox 2339 1215 2417 1279; x_wconf 78' lang='grc' dir='ltr'><strong>δὲ,</strong></span> <span class='ocrx_word' id='word_1_170' title='bbox 2447 1217 2474 1265; x_wconf 82' lang='grc' dir='ltr'>ὁ</span> <span class='ocrx_word' id='word_1_171' title='bbox 2515 1215 2580 1266; x_wconf 76' lang='grc' dir='ltr'><strong>τὰ</strong></span> <span class='ocrx_word' id='word_1_172' title='bbox 2623 1215 2757 1282; x_wconf 75' lang='grc' dir='ltr'>πρὸς</span> <span class='ocrx_word' id='word_1_173' title='bbox 2793 1215 2925 1266; x_wconf 74' lang='grc' dir='ltr'>Θεὸν</span> <span class='ocrx_word' id='word_1_174' title='bbox 2951 1214 3217 1284; x_wconf 79' lang='grc' dir='ltr'>εὐσε6ή;’</span> <span class='ocrx_word' id='word_1_175' title='bbox 3268 1217 3421 1282; x_wconf 82' lang='grc' dir='ltr'>ἆγιος</span> <span class='ocrx_word' id='word_1_176' title='bbox 3461 1216 3542 1279; x_wconf 84' lang='grc' dir='ltr'>δὲ,</span> <span class='ocrx_word' id='word_1_177' title='bbox 3601 1219 3631 1269; x_wconf 73' lang='grc' dir='ltr'>ὁ</span> <span class='ocrx_word' id='word_1_178' title='bbox 3669 1219 3757 1270; x_wconf 75' lang='grc' dir='ltr'><strong>διὰ</strong></span> 
     </span>
    </p>
   </div>
   <div class='ocr_carea' id='block_1_27' title="bbox 2165 1304 3758 1376">
    <p class='ocr_par' dir='ltr' id='par_1_27' title="bbox 2165 1304 3758 1376">
     <span class='ocr_line' id='line_1_27' title="bbox 2165 1304 3758 1376; baseline 0.001 -20"><span class='ocrx_word' id='word_1_179' title='bbox 2165 1304 2260 1356; x_wconf 83' lang='grc' dir='ltr'><strong>τοῦ</strong></span> <span class='ocrx_word' id='word_1_180' title='bbox 2312 1305 2500 1366; x_wconf 80' lang='grc' dir='ltr'>τέλους</span> <span class='ocrx_word' id='word_1_181' title='bbox 2562 1304 2671 1356; x_wconf 84' lang='grc' dir='ltr'>τῶν</span> <span class='ocrx_word' id='word_1_182' title='bbox 2722 1304 2932 1373; x_wconf 74' lang='grc' dir='ltr'>ἀρετῶν</span> <span class='ocrx_word' id='word_1_183' title='bbox 2982 1305 3230 1368; x_wconf 85' lang='grc' dir='ltr'>θεώσεως</span> <span class='ocrx_word' id='word_1_184' title='bbox 3285 1306 3593 1376; x_wconf 85' lang='grc' dir='ltr'>μετασχών.</span> <span class='ocrx_word' id='word_1_185' title='bbox 3648 1310 3758 1361; x_wconf 71' lang='grc' dir='ltr'><strong>Καὶ</strong></span> 
     </span>
    </p>
   </div>
   <div class='ocr_carea' id='block_1_28' title="bbox 2167 1397 3756 1472">
    <p class='ocr_par' dir='ltr' id='par_1_28' title="bbox 2167 1397 3756 1472">
     <span class='ocr_line' id='line_1_28' title="bbox 2167 1397 3756 1472; baseline 0.003 -22"><span class='ocrx_word' id='word_1_186' title='bbox 2167 1398 2378 1450; x_wconf 85' lang='grc' dir='ltr'>ἐοίκασι</span> <span class='ocrx_word' id='word_1_187' title='bbox 2427 1397 2602 1451; x_wconf 81' lang='grc' dir='ltr'>ταῦτα</span> <span class='ocrx_word' id='word_1_188' title='bbox 2649 1398 2906 1467; x_wconf 81' lang='grc' dir='ltr'>κλίμακι,</span> <span class='ocrx_word' id='word_1_189' title='bbox 2957 1400 3095 1468; x_wconf 85' lang='grc' dir='ltr'>πρὸς</span> <span class='ocrx_word' id='word_1_190' title='bbox 3143 1400 3234 1453; x_wconf 80' lang='grc' dir='ltr'><strong>τὸν</strong></span> <span class='ocrx_word' id='word_1_191' title='bbox 3291 1401 3424 1452; x_wconf 74' lang='grc' dir='ltr'>Θεὸν</span> <span class='ocrx_word' id='word_1_192' title='bbox 3475 1401 3756 1472; x_wconf 77' lang='grc' dir='ltr'>ἀναγούσῃ</span> 
     </span>
    </p>
   </div>
   <div class='ocr_carea' id='block_1_29' title="bbox 2165 1490 3758 1562">
    <p class='ocr_par' dir='ltr' id='par_1_29' title="bbox 2165 1490 3758 1562">
     <span class='ocr_line' id='line_1_29' title="bbox 2165 1490 3758 1562; baseline 0 -19"><span class='ocrx_word' id='word_1_193' title='bbox 2165 1492 2290 1552; x_wconf 75' lang='grc' dir='ltr'>τοὺς</span> <span class='ocrx_word' id='word_1_194' title='bbox 2327 1490 2647 1559; x_wconf 77' lang='grc' dir='ltr'>βαδίζοντας</span> <span class='ocrx_word' id='word_1_195' title='bbox 2677 1490 2742 1542; x_wconf 87' lang='grc' dir='ltr'><strong>δι’</strong></span> <span class='ocrx_word' id='word_1_196' title='bbox 2775 1491 2979 1543; x_wconf 77' lang='grc' dir='ltr'>αὐτῶν.</span> <span class='ocrx_word' id='word_1_197' title='bbox 3026 1491 3259 1562; x_wconf 65' lang='grc' dir='ltr'>Εἴρηται</span> <span class='ocrx_word' id='word_1_198' title='bbox 3311 1492 3390 1552; x_wconf 77' lang='grc' dir='ltr'><strong>δὲ.</strong></span> <span class='ocrx_word' id='word_1_199' title='bbox 3424 1492 3504 1544; x_wconf 85' lang='grc' dir='ltr'>ὅτι</span> <span class='ocrx_word' id='word_1_200' title='bbox 3545 1493 3758 1545; x_wconf 82' lang='grc' dir='ltr'>δίκαιον</span> 
     </span>
    </p>
   </div>
   <div class='ocr_carea' id='block_1_30' title="bbox 2171 1583 3758 1652">
    <p class='ocr_par' dir='ltr' id='par_1_30' title="bbox 2171 1583 3758 1652">
     <span class='ocr_line' id='line_1_30' title="bbox 2171 1583 3758 1652; baseline 0 -17"><span class='ocrx_word' id='word_1_201' title='bbox 2171 1584 2272 1652; x_wconf 80' lang='grc' dir='ltr'><strong>μὲν</strong></span> <span class='ocrx_word' id='word_1_202' title='bbox 2303 1583 2557 1650; x_wconf 84' lang='grc' dir='ltr'>λέγουσιν</span> <span class='ocrx_word' id='word_1_203' title='bbox 2587 1583 2643 1634; x_wconf 87' lang='grc' dir='ltr'>αἱ</span> <span class='ocrx_word' id='word_1_204' title='bbox 2682 1583 2898 1652; x_wconf 78' lang='grc' dir='ltr'>Γραφαὶ</span> <span class='ocrx_word' id='word_1_205' title='bbox 2939 1583 3088 1643; x_wconf 77' lang='grc' dir='ltr'>ἔστιν</span> <span class='ocrx_word' id='word_1_206' title='bbox 3139 1585 3229 1636; x_wconf 84' lang='grc' dir='ltr'><strong>ὅτε</strong></span> <span class='ocrx_word' id='word_1_207' title='bbox 3280 1585 3377 1636; x_wconf 78' lang='grc' dir='ltr'>καὶ</span> <span class='ocrx_word' id='word_1_208' title='bbox 3425 1585 3516 1637; x_wconf 69' lang='grc' dir='ltr'>τὸν</span> <span class='ocrx_word' id='word_1_209' title='bbox 3549 1585 3758 1637; x_wconf 82' lang='grc' dir='ltr'>τέλειον</span> 
     </span>
    </p>
   </div>
   <div class='ocr_carea' id='block_1_31' title="bbox 474 1663 2063 1748">
    <p class='ocr_par' dir='ltr' id='par_1_31' title="bbox 474 1675 2058 1748">
     <span class='ocr_line' id='line_1_31' title="bbox 474 1675 2058 1748; baseline -0.003 -17"><span class='ocrx_word' id='word_1_210' title='bbox 474 1692 588 1741; x_wconf 87' lang='lat' dir='ltr'><strong>tur,</strong></span> <span class='ocrx_word' id='word_1_211' title='bbox 616 1679 706 1747; x_wconf 85' lang='lat' dir='ltr'><strong>qui</strong></span> <span class='ocrx_word' id='word_1_212' title='bbox 738 1679 995 1747; x_wconf 89' lang='lat' dir='ltr'><strong>pietatem</strong></span> <span class='ocrx_word' id='word_1_213' title='bbox 1027 1689 1080 1729; x_wconf 85' lang='lat' dir='ltr'><strong>et</strong></span> <span class='ocrx_word' id='word_1_214' title='bbox 1112 1678 1432 1748; x_wconf 70' lang='lat' dir='ltr'><strong>religionem</strong></span> <span class='ocrx_word' id='word_1_215' title='bbox 1464 1677 1617 1739; x_wconf 87' lang='lat' dir='ltr'><strong>colit,</strong></span> <span class='ocrx_word' id='word_1_216' title='bbox 1644 1691 1764 1744; x_wconf 77' lang='lat' dir='ltr'><strong>quae</strong></span> <span class='ocrx_word' id='word_1_217' title='bbox 1792 1677 1856 1729; x_wconf 89' lang='lat' dir='ltr'><strong>ad</strong></span> <span class='ocrx_word' id='word_1_218' title='bbox 1893 1675 2058 1729; x_wconf 89' lang='lat' dir='ltr'><strong>Deum</strong></span> 
     </span>
    </p>
   </div>
   <div class='ocr_carea' id='block_1_32' title="bbox 2169 1663 3754 1748">
    <p class='ocr_par' dir='ltr' id='par_1_32' title="bbox 2169 1674 3754 1746">
     <span class='ocr_line' id='line_1_32' title="bbox 2169 1674 3754 1746; baseline 0.002 -20"><span class='ocrx_word' id='word_1_219' title='bbox 2169 1674 2268 1745; x_wconf 77' lang='grc' dir='ltr'>τὴν</span> <span class='ocrx_word' id='word_1_220' title='bbox 2307 1676 2509 1744; x_wconf 83' lang='grc' dir='ltr'>ἀρετήν</span> <span class='ocrx_word' id='word_1_221' title='bbox 2537 1691 2550 1703; x_wconf 87' lang='grc'><em>’</em></span> <span class='ocrx_word' id='word_1_222' title='bbox 2581 1674 2700 1727; x_wconf 84' lang='grc' dir='ltr'>ἀλλ’</span> <span class='ocrx_word' id='word_1_223' title='bbox 2730 1676 2791 1726; x_wconf 84' lang='grc' dir='ltr'>οὑ</span> <span class='ocrx_word' id='word_1_224' title='bbox 2822 1677 2952 1744; x_wconf 76' lang='grc' dir='ltr'>περὶ</span> <span class='ocrx_word' id='word_1_225' title='bbox 2981 1675 3190 1728; x_wconf 74' lang='grc' dir='ltr'>ἐκείνου</span> <span class='ocrx_word' id='word_1_226' title='bbox 3214 1675 3310 1728; x_wconf 83' lang='grc' dir='ltr'>νῦν</span> <span class='ocrx_word' id='word_1_227' title='bbox 3334 1677 3362 1727; x_wconf 81' lang='grc' dir='ltr'><strong>ὁ</strong></span> <span class='ocrx_word' id='word_1_228' title='bbox 3401 1677 3557 1744; x_wconf 76' lang='grc' dir='ltr'>λόγος</span> <span class='ocrx_word' id='word_1_229' title='bbox 3599 1679 3754 1746; x_wconf 81' lang='grc' dir='ltr'>ἡμῖν.</span> 
     </span>
    </p>
   </div>
   <div class='ocr_carea' id='block_1_33' title="bbox 475 1770 2057 1842">
    <p class='ocr_par' dir='ltr' id='par_1_33' title="bbox 475 1770 2057 1842">
     <span class='ocr_line' id='line_1_33' title="bbox 475 1770 2057 1842; baseline -0.002 -18"><span class='ocrx_word' id='word_1_230' title='bbox 475 1773 732 1842; x_wconf 77' lang='lat' dir='ltr'><strong>pertinet,</strong></span> <span class='ocrx_word' id='word_1_231' title='bbox 769 1772 922 1839; x_wconf 78' lang='grc' dir='ltr'>ἀγιος</span> <span class='ocrx_word' id='word_1_232' title='bbox 953 1787 1080 1825; x_wconf 89' lang='lat' dir='ltr'><strong>vcro</strong></span> <span class='ocrx_word' id='word_1_233' title='bbox 1111 1771 1203 1825; x_wconf 87' lang='lat' dir='ltr'><strong>ille</strong></span> <span class='ocrx_word' id='word_1_234' title='bbox 1229 1771 1322 1840; x_wconf 89' lang='lat' dir='ltr'><strong>qui</strong></span> <span class='ocrx_word' id='word_1_235' title='bbox 1355 1786 1448 1838; x_wconf 87' lang='lat' dir='ltr'><strong>per</strong></span> <span class='ocrx_word' id='word_1_236' title='bbox 1489 1771 1740 1824; x_wconf 86' lang='lat' dir='ltr'><strong>semitam</strong></span> <span class='ocrx_word' id='word_1_237' title='bbox 1771 1770 2057 1830; x_wconf 85' lang='lat' dir='ltr'><strong>virtutum,</strong></span> 
     </span>
    </p>
   </div>
   <div class='ocr_carea' id='block_1_34' title="bbox 471 1861 2060 1932">
    <p class='ocr_par' dir='ltr' id='par_1_34' title="bbox 471 1861 2060 1932">
     <span class='ocr_line' id='line_1_34' title="bbox 471 1861 2060 1932; baseline -0.004 -14"><span class='ocrx_word' id='word_1_238' title='bbox 471 1867 782 1919; x_wconf 77' lang='lat' dir='ltr'><strong>divinitatis</strong></span> <span class='ocrx_word' id='word_1_239' title='bbox 821 1863 1050 1917; x_wconf 73' lang='lat' dir='ltr'><strong>edicitur</strong></span> <span class='ocrx_word' id='word_1_240' title='bbox 1086 1864 1383 1932; x_wconf 73' lang='lat' dir='ltr'><strong>particeps.</strong></span> <span class='ocrx_word' id='word_1_241' title='bbox 1421 1861 1544 1914; x_wconf 76' lang='lat' dir='ltr'><strong>[Lee</strong></span> <span class='ocrx_word' id='word_1_242' title='bbox 1577 1871 1756 1916; x_wconf 84' lang='lat' dir='ltr'><strong>autem</strong></span> <span class='ocrx_word' id='word_1_243' title='bbox 1797 1862 2060 1913; x_wconf 81' lang='lat' dir='ltr'><strong>virtutum</strong></span> 
     </span>
    </p>
   </div>
   <div class='ocr_carea' id='block_1_35' title="bbox 474 1957 2060 2025">
    <p class='ocr_par' dir='ltr' id='par_1_35' title="bbox 474 1957 2060 2025">
     <span class='ocr_line' id='line_1_35' title="bbox 474 1957 2060 2025; baseline -0.004 -12"><span class='ocrx_word' id='word_1_244' title='bbox 474 1961 717 2021; x_wconf 88' lang='lat' dir='ltr'><strong>nomina,</strong></span> <span class='ocrx_word' id='word_1_245' title='bbox 781 1959 942 2012; x_wconf 65' lang='lat' dir='ltr'><strong>scalae</strong></span> <span class='ocrx_word' id='word_1_246' title='bbox 984 1957 1392 2025; x_wconf 88' lang='lat' dir='ltr'><strong>quodammodo</strong></span> <span class='ocrx_word' id='word_1_247' title='bbox 1441 1957 1753 2025; x_wconf 87' lang='lat' dir='ltr'><strong>comparari</strong></span> <span class='ocrx_word' id='word_1_248' title='bbox 1812 1965 2060 2024; x_wconf 87' lang='lat' dir='ltr'><strong>possunt,</strong></span> 
     </span>
    </p>
   </div>
   <div class='ocr_carea' id='block_1_36' title="bbox 474 2048 2062 2122">
    <p class='ocr_par' dir='ltr' id='par_1_36' title="bbox 474 2048 2062 2122">
     <span class='ocr_line' id='line_1_36' title="bbox 474 2048 2062 2122; baseline -0.002 -19"><span class='ocrx_word' id='word_1_249' title='bbox 474 2069 566 2121; x_wconf 88' lang='lat' dir='ltr'><strong>per</strong></span> <span class='ocrx_word' id='word_1_250' title='bbox 611 2067 771 2122; x_wconf 87' lang='lat' dir='ltr'><strong>quam</strong></span> <span class='ocrx_word' id='word_1_251' title='bbox 805 2052 896 2120; x_wconf 90' lang='lat' dir='ltr'><strong>qui</strong></span> <span class='ocrx_word' id='word_1_252' title='bbox 922 2051 1266 2119; x_wconf 83' lang='lat' dir='ltr'><strong>gradiuntur,</strong></span> <span class='ocrx_word' id='word_1_253' title='bbox 1289 2049 1610 2117; x_wconf 80' lang='lat' dir='ltr'><strong>perveniunt</strong></span> <span class='ocrx_word' id='word_1_254' title='bbox 1631 2048 1696 2100; x_wconf 88' lang='lat' dir='ltr'><strong>ad</strong></span> <span class='ocrx_word' id='word_1_255' title='bbox 1720 2050 1907 2102; x_wconf 87' lang='lat' dir='ltr'><strong>Deum.</strong></span> <span class='ocrx_word' id='word_1_256' title='bbox 1931 2050 2062 2101; x_wconf 80' lang='lat' dir='ltr'><strong>Alihi</strong></span> 
     </span>
    </p>
   </div>
   <div class='ocr_carea' id='block_1_37' title="bbox 469 2141 2067 2212">
    <p class='ocr_par' dir='ltr' id='par_1_37' title="bbox 469 2141 2067 2212">
     <span class='ocr_line' id='line_1_37' title="bbox 469 2141 2067 2212; baseline -0.004 -13"><span class='ocrx_word' id='word_1_257' title='bbox 469 2148 636 2200; x_wconf 84' lang='lat' dir='ltr'><strong>etiam</strong></span> <span class='ocrx_word' id='word_1_258' title='bbox 681 2145 920 2201; x_wconf 70' lang='lat' dir='ltr'><strong>diximus</strong></span> <span class='ocrx_word' id='word_1_259' title='bbox 955 2144 1102 2212; x_wconf 87' lang='lat' dir='ltr'><strong>quod</strong></span> <span class='ocrx_word' id='word_1_260' title='bbox 1158 2144 1300 2210; x_wconf 81' lang='lat' dir='ltr'><strong>apud</strong></span> <span class='ocrx_word' id='word_1_261' title='bbox 1345 2143 1711 2210; x_wconf 84' lang='lat' dir='ltr'><strong>Scriptttram,</strong></span> <span class='ocrx_word' id='word_1_262' title='bbox 1747 2141 1933 2210; x_wconf 85' lang='lat' dir='ltr'><strong>justus</strong></span> <span class='ocrx_word' id='word_1_263' title='bbox 1969 2158 2067 2194; x_wconf 70' lang='lat' dir='ltr'><strong>Stc-</strong></span> 
     </span>
    </p>
   </div>
   <div class='ocr_carea' id='block_1_38' title="bbox 471 2233 2062 2307">
    <p class='ocr_par' dir='ltr' id='par_1_38' title="bbox 471 2233 2062 2307">
     <span class='ocr_line' id='line_1_38' title="bbox 471 2233 2062 2307; baseline -0.004 -16"><span class='ocrx_word' id='word_1_264' title='bbox 471 2251 772 2307; x_wconf 89' lang='lat' dir='ltr'><strong>penttmero</strong></span> <span class='ocrx_word' id='word_1_265' title='bbox 805 2237 852 2289; x_wconf 88' lang='lat' dir='ltr'><strong>is</strong></span> <span class='ocrx_word' id='word_1_266' title='bbox 887 2236 1112 2298; x_wconf 85' lang='lat' dir='ltr'><strong>dicitur,</strong></span> <span class='ocrx_word' id='word_1_267' title='bbox 1166 2236 1258 2303; x_wconf 90' lang='lat' dir='ltr'><strong>qui</strong></span> <span class='ocrx_word' id='word_1_268' title='bbox 1304 2251 1412 2287; x_wconf 89' lang='lat' dir='ltr'><strong>nun</strong></span> <span class='ocrx_word' id='word_1_269' title='bbox 1465 2236 1638 2287; x_wconf 85' lang='lat' dir='ltr'><strong>solum</strong></span> <span class='ocrx_word' id='word_1_270' title='bbox 1691 2234 1928 2298; x_wconf 81' lang='lat' dir='ltr'><strong>justitia,</strong></span> <span class='ocrx_word' id='word_1_271' title='bbox 1969 2233 2062 2286; x_wconf 67' lang='grc' dir='ltr'>εριί</span> 
     </span>
    </p>
   </div>
   <div class='ocr_carea' id='block_1_39' title="bbox 470 2324 2065 2396">
    <p class='ocr_par' dir='ltr' id='par_1_39' title="bbox 470 2324 2065 2396">
     <span class='ocr_line' id='line_1_39' title="bbox 470 2324 2065 2396; baseline -0.004 -14"><span class='ocrx_word' id='word_1_272' title='bbox 470 2329 620 2382; x_wconf 90' lang='lat' dir='ltr'><strong>omni</strong></span> <span class='ocrx_word' id='word_1_273' title='bbox 655 2330 922 2382; x_wconf 83' lang='lat' dir='ltr'><strong>virtutum</strong></span> <span class='ocrx_word' id='word_1_274' title='bbox 964 2343 1164 2396; x_wconf 81' lang='lat' dir='ltr'><strong>genere</strong></span> <span class='ocrx_word' id='word_1_275' title='bbox 1196 2335 1430 2380; x_wconf 87' lang='lat' dir='ltr'><strong>ornatus</strong></span> <span class='ocrx_word' id='word_1_276' title='bbox 1463 2335 1548 2379; x_wconf 83' lang='lat' dir='ltr'><strong>est</strong></span> <span class='ocrx_word' id='word_1_277' title='bbox 1587 2343 1596 2376; x_wconf 96' lang='lat'>:</span> <span class='ocrx_word' id='word_1_278' title='bbox 1636 2325 1728 2378; x_wconf 87' lang='lat' dir='ltr'><strong>sed</strong></span> <span class='ocrx_word' id='word_1_279' title='bbox 1772 2326 1838 2378; x_wconf 86' lang='lat' dir='ltr'><strong>de</strong></span> <span class='ocrx_word' id='word_1_280' title='bbox 1873 2324 2065 2391; x_wconf 87' lang='lat' dir='ltr'><strong>hujus-</strong></span> 
     </span>
    </p>
   </div>
   <div class='ocr_carea' id='block_1_40' title="bbox 474 2415 2066 2489">
    <p class='ocr_par' dir='ltr' id='par_1_40' title="bbox 474 2415 2066 2489">
     <span class='ocr_line' id='line_1_40' title="bbox 474 2415 2066 2489; baseline -0.003 -16"><span class='ocrx_word' id='word_1_281' title='bbox 474 2422 619 2474; x_wconf 92' lang='lat' dir='ltr'><strong>modi</strong></span> <span class='ocrx_word' id='word_1_282' title='bbox 680 2423 834 2489; x_wconf 86' lang='lat' dir='ltr'><strong>justo</strong></span> <span class='ocrx_word' id='word_1_283' title='bbox 885 2435 1030 2472; x_wconf 90' lang='lat' dir='ltr'><strong>nunc</strong></span> <span class='ocrx_word' id='word_1_284' title='bbox 1098 2435 1208 2472; x_wconf 87' lang='lat' dir='ltr'><strong>non</strong></span> <span class='ocrx_word' id='word_1_285' title='bbox 1265 2426 1350 2471; x_wconf 88' lang='lat' dir='ltr'><strong>est</strong></span> <span class='ocrx_word' id='word_1_286' title='bbox 1409 2432 1610 2470; x_wconf 87' lang='lat' dir='ltr'><strong>sermo.</strong></span> <span class='ocrx_word' id='word_1_287' title='bbox 1661 2415 1836 2481; x_wconf 77' lang='lat' dir='ltr'><strong>Rogat</strong></span> <span class='ocrx_word' id='word_1_288' title='bbox 1901 2416 2066 2486; x_wconf 79' lang='lat' dir='ltr'><strong>igitur</strong></span> 
     </span>
    </p>
   </div>
   <div class='ocr_carea' id='block_1_41' title="bbox 474 2508 2061 2583">
    <p class='ocr_par' dir='ltr' id='par_1_41' title="bbox 474 2508 2061 2583">
     <span class='ocr_line' id='line_1_41' title="bbox 474 2508 2061 2583; baseline -0.001 -19"><span class='ocrx_word' id='word_1_289' title='bbox 474 2511 748 2583; x_wconf 82' lang='lat' dir='ltr'><strong>Propheta</strong></span> <span class='ocrx_word' id='word_1_290' title='bbox 814 2513 1013 2566; x_wconf 87' lang='lat' dir='ltr'><strong>salvari</strong></span> <span class='ocrx_word' id='word_1_291' title='bbox 1068 2527 1127 2566; x_wconf 81' lang='lat' dir='ltr'><strong>se</strong></span> <span class='ocrx_word' id='word_1_292' title='bbox 1189 2527 1217 2562; x_wconf 87' lang='lat' dir='ltr'><strong>a</strong></span> <span class='ocrx_word' id='word_1_293' title='bbox 1278 2508 1532 2577; x_wconf 84' lang='lat' dir='ltr'><strong>malignis</strong></span> <span class='ocrx_word' id='word_1_294' title='bbox 1597 2509 1911 2562; x_wconf 88' lang='lat' dir='ltr'><strong>hominibus</strong></span> <span class='ocrx_word' id='word_1_295' title='bbox 1966 2509 2061 2578; x_wconf 87' lang='lat' dir='ltr'><strong>qui</strong></span> 
     </span>
    </p>
   </div>
   <div class='ocr_carea' id='block_1_42' title="bbox 2173 1763 3758 1838">
    <p class='ocr_par' dir='ltr' id='par_1_42' title="bbox 2173 1763 3758 1838">
     <span class='ocr_line' id='line_1_42' title="bbox 2173 1763 3758 1838; baseline 0.001 -20"><span class='ocrx_word' id='word_1_296' title='bbox 2173 1767 2262 1829; x_wconf 80' lang='grc' dir='ltr'>Ὠς</span> <span class='ocrx_word' id='word_1_297' title='bbox 2307 1763 2401 1819; x_wconf 73' lang='grc' dir='ltr'>οὖν</span> <span class='ocrx_word' id='word_1_298' title='bbox 2445 1766 2674 1819; x_wconf 77' lang='grc' dir='ltr'>δικαίων</span> <span class='ocrx_word' id='word_1_299' title='bbox 2715 1767 2814 1834; x_wconf 80' lang='grc' dir='ltr'><strong>μὲν</strong></span> <span class='ocrx_word' id='word_1_300' title='bbox 2858 1770 2954 1836; x_wconf 72' lang='grc' dir='ltr'>τὴν</span> <span class='ocrx_word' id='word_1_301' title='bbox 3002 1767 3355 1836; x_wconf 76' lang='grc' dir='ltr'>ἀνθρωπίνην</span> <span class='ocrx_word' id='word_1_302' title='bbox 3393 1771 3483 1820; x_wconf 68' lang='grc' dir='ltr'>καὶ</span> <span class='ocrx_word' id='word_1_303' title='bbox 3519 1769 3758 1838; x_wconf 77' lang='grc' dir='ltr'>μερικὴν</span> 
     </span>
    </p>
   </div>
   <div class='ocr_carea' id='block_1_43' title="bbox 2164 1859 3760 1929">
    <p class='ocr_par' dir='ltr' id='par_1_43' title="bbox 2164 1859 3760 1929">
     <span class='ocr_line' id='line_1_43' title="bbox 2164 1859 3760 1929; baseline 0.002 -17"><span class='ocrx_word' id='word_1_304' title='bbox 2164 1860 2509 1929; x_wconf 85' lang='grc' dir='ltr'>δικαιοσύνην</span> <span class='ocrx_word' id='word_1_305' title='bbox 2540 1859 2710 1913; x_wconf 74' lang='grc' dir='ltr'>ὄντων</span> <span class='ocrx_word' id='word_1_306' title='bbox 2745 1862 2927 1924; x_wconf 80' lang='grc' dir='ltr'>τινῶν,</span> <span class='ocrx_word' id='word_1_307' title='bbox 2973 1862 3080 1913; x_wconf 83' lang='grc' dir='ltr'>τῶν</span> <span class='ocrx_word' id='word_1_308' title='bbox 3118 1862 3174 1914; x_wconf 80' lang='grc' dir='ltr'>δὲ</span> <span class='ocrx_word' id='word_1_309' title='bbox 3231 1863 3395 1914; x_wconf 73' lang='grc' dir='ltr'>ὁσίων</span> <span class='ocrx_word' id='word_1_310' title='bbox 3437 1863 3760 1915; x_wconf 79' lang='grc' dir='ltr'>ἐκλελοιπό-</span> 
     </span>
    </p>
   </div>
   <div class='ocr_carea' id='block_1_44' title="bbox 2166 1953 3756 2026">
    <p class='ocr_par' dir='ltr' id='par_1_44' title="bbox 2166 1953 3756 2026">
     <span class='ocr_line' id='line_1_44' title="bbox 2166 1953 3756 2026; baseline 0.001 -21"><span class='ocrx_word' id='word_1_311' title='bbox 2166 1972 2271 2005; x_wconf 81' lang='grc' dir='ltr'><strong>των</strong></span> <span class='ocrx_word' id='word_1_312' title='bbox 2301 1971 2313 1983; x_wconf 90' lang='grc'><strong>·</strong></span> <span class='ocrx_word' id='word_1_313' title='bbox 2349 1953 2458 2004; x_wconf 82' lang='grc' dir='ltr'><strong>τῶν</strong></span> <span class='ocrx_word' id='word_1_314' title='bbox 2496 1954 2615 2022; x_wconf 80' lang='grc' dir='ltr'>μὲν,</span> <span class='ocrx_word' id='word_1_315' title='bbox 2659 1953 2737 2022; x_wconf 82' lang='grc' dir='ltr'>τῷ</span> <span class='ocrx_word' id='word_1_316' title='bbox 2771 1955 2952 2006; x_wconf 81' lang='grc' dir='ltr'>θανεῖν</span> <span class='ocrx_word' id='word_1_317' title='bbox 2981 1971 2994 1986; x_wconf 79' lang='grc'><strong>’</strong></span> <span class='ocrx_word' id='word_1_318' title='bbox 3036 1955 3142 2006; x_wconf 83' lang='grc' dir='ltr'><strong>τῶν</strong></span> <span class='ocrx_word' id='word_1_319' title='bbox 3189 1955 3243 2008; x_wconf 85' lang='grc' dir='ltr'><strong>δὲ</strong></span> <span class='ocrx_word' id='word_1_320' title='bbox 3297 1955 3408 2026; x_wconf 78' lang='lat'><strong>(5&#39;5)</strong></span> <span class='ocrx_word' id='word_1_321' title='bbox 3434 1997 3447 2017; x_wconf 95' lang='lat'><strong>,</strong></span> <span class='ocrx_word' id='word_1_322' title='bbox 3480 1957 3556 2026; x_wconf 79' lang='grc' dir='ltr'><strong>τῷ</strong></span> <span class='ocrx_word' id='word_1_323' title='bbox 3593 1957 3756 2008; x_wconf 78' lang='grc' dir='ltr'>ἐλαύ-</span> 
     </span>
    </p>
   </div>
   <div class='ocr_carea' id='block_1_45' title="bbox 2169 2047 3762 2117">
    <p class='ocr_par' dir='ltr' id='par_1_45' title="bbox 2169 2047 3762 2117">
     <span class='ocr_line' id='line_1_45' title="bbox 2169 2047 3762 2117; baseline 0 -19"><span class='ocrx_word' id='word_1_324' title='bbox 2169 2047 2357 2099; x_wconf 85' lang='grc' dir='ltr'>νεσθαι</span> <span class='ocrx_word' id='word_1_325' title='bbox 2413 2048 2564 2117; x_wconf 84' lang='grc' dir='ltr'>παρὰ</span> <span class='ocrx_word' id='word_1_326' title='bbox 2611 2048 2720 2099; x_wconf 84' lang='grc' dir='ltr'>τῶν</span> <span class='ocrx_word' id='word_1_327' title='bbox 2772 2049 3003 2100; x_wconf 83' lang='grc' dir='ltr'>ἀνοσίων</span> <span class='ocrx_word' id='word_1_328' title='bbox 3033 2064 3044 2076; x_wconf 88' lang='grc'>·</span> <span class='ocrx_word' id='word_1_329' title='bbox 3097 2047 3316 2116; x_wconf 79' lang='grc' dir='ltr'>εὔχεται</span> <span class='ocrx_word' id='word_1_330' title='bbox 3361 2048 3597 2117; x_wconf 84' lang='grc' dir='ltr'>σωθῆναι</span> <span class='ocrx_word' id='word_1_331' title='bbox 3647 2048 3762 2101; x_wconf 81' lang='grc' dir='ltr'>ἀπὸ</span> 
     </span>
    </p>
   </div>
   <div class='ocr_carea' id='block_1_46' title="bbox 2165 2139 3757 2212">
    <p class='ocr_par' dir='ltr' id='par_1_46' title="bbox 2165 2139 3757 2212">
     <span class='ocr_line' id='line_1_46' title="bbox 2165 2139 3757 2212; baseline 0 -22"><span class='ocrx_word' id='word_1_332' title='bbox 2165 2140 2272 2191; x_wconf 85' lang='grc' dir='ltr'><strong>τῶν</strong></span> <span class='ocrx_word' id='word_1_333' title='bbox 2315 2141 2764 2208; x_wconf 75' lang='grc' dir='ltr'>ἐπικρατούντων</span> <span class='ocrx_word' id='word_1_334' title='bbox 2800 2140 3056 2212; x_wconf 84' lang='grc' dir='ltr'>πονηρῶν</span> <span class='ocrx_word' id='word_1_335' title='bbox 3103 2139 3428 2211; x_wconf 81' lang='grc' dir='ltr'>ἀνθρώπων.</span> <span class='ocrx_word' id='word_1_336' title='bbox 3469 2140 3757 2210; x_wconf 79' lang='grc' dir='ltr'>Προσώπῳ</span> 
     </span>
    </p>
   </div>
   <div class='ocr_carea' id='block_1_47' title="bbox 2163 2233 3757 2305">
    <p class='ocr_par' dir='ltr' id='par_1_47' title="bbox 2163 2233 3757 2305">
     <span class='ocr_line' id='line_1_47' title="bbox 2163 2233 3757 2305; baseline 0 -21"><span class='ocrx_word' id='word_1_337' title='bbox 2163 2233 2218 2284; x_wconf 84' lang='grc' dir='ltr'>δὲ</span> <span class='ocrx_word' id='word_1_338' title='bbox 2274 2233 2381 2284; x_wconf 77' lang='grc' dir='ltr'>τῶν</span> <span class='ocrx_word' id='word_1_339' title='bbox 2439 2233 2742 2300; x_wconf 77' lang='grc' dir='ltr'>μελλόντων</span> <span class='ocrx_word' id='word_1_340' title='bbox 2799 2233 3165 2299; x_wconf 79' lang='grc' dir='ltr'>ὑποδέξασθαι</span> <span class='ocrx_word' id='word_1_341' title='bbox 3218 2233 3278 2286; x_wconf 76' lang='grc' dir='ltr'>τὸ</span> <span class='ocrx_word' id='word_1_342' title='bbox 3337 2235 3602 2305; x_wconf 83' lang='grc' dir='ltr'>κήρυγμα</span> <span class='ocrx_word' id='word_1_343' title='bbox 3661 2234 3757 2287; x_wconf 77' lang='grc' dir='ltr'>τοῦ</span> 
     </span>
    </p>
   </div>
   <div class='ocr_carea' id='block_1_48' title="bbox 2169 2325 3754 2396">
    <p class='ocr_par' dir='ltr' id='par_1_48' title="bbox 2169 2325 3754 2396">
     <span class='ocr_line' id='line_1_48' title="bbox 2169 2325 3754 2396; baseline 0.001 -20"><span class='ocrx_word' id='word_1_344' title='bbox 2169 2325 2528 2392; x_wconf 77' lang='grc' dir='ltr'>Εὑαγγελιου,</span> <span class='ocrx_word' id='word_1_345' title='bbox 2601 2327 2836 2377; x_wconf 86' lang='grc' dir='ltr'>ποιεῖται</span> <span class='ocrx_word' id='word_1_346' title='bbox 2901 2325 2999 2394; x_wconf 79' lang='grc' dir='ltr'><strong>τὴν</strong></span> <span class='ocrx_word' id='word_1_347' title='bbox 3049 2326 3295 2390; x_wconf 77' lang='grc' dir='ltr'>ἔντευξιν</span> <span class='ocrx_word' id='word_1_348' title='bbox 3358 2329 3384 2379; x_wconf 82' lang='grc' dir='ltr'><strong>ὁ</strong></span> <span class='ocrx_word' id='word_1_349' title='bbox 3440 2329 3754 2396; x_wconf 75' lang='grc' dir='ltr'>προφήτης.</span> 
     </span>
    </p>
   </div>
   <div class='ocr_carea' id='block_1_49' title="bbox 2164 2418 3757 2489">
    <p class='ocr_par' dir='ltr' id='par_1_49' title="bbox 2164 2418 3757 2489">
     <span class='ocr_line' id='line_1_49' title="bbox 2164 2418 3757 2489; baseline 0 -20"><span class='ocrx_word' id='word_1_350' title='bbox 2164 2418 2478 2487; x_wconf 75' lang='grc' dir='ltr'>Τηνικαῦτα</span> <span class='ocrx_word' id='word_1_351' title='bbox 2521 2419 2629 2486; x_wconf 79' lang='grc' dir='ltr'>γὰρ</span> <span class='ocrx_word' id='word_1_352' title='bbox 2663 2421 2710 2469; x_wconf 75' lang='grc' dir='ltr'>οἱ</span> <span class='ocrx_word' id='word_1_353' title='bbox 2751 2421 2886 2471; x_wconf 78' lang='grc' dir='ltr'>ὅσιοι</span> <span class='ocrx_word' id='word_1_354' title='bbox 2935 2420 3187 2485; x_wconf 74' lang='grc' dir='ltr'>ἐξέλιπον</span> <span class='ocrx_word' id='word_1_355' title='bbox 3239 2419 3498 2489; x_wconf 78' lang='grc' dir='ltr'>μάλιστα,</span> <span class='ocrx_word' id='word_1_356' title='bbox 3533 2421 3621 2472; x_wconf 81' lang='grc' dir='ltr'><strong>ὅτε</strong></span> <span class='ocrx_word' id='word_1_357' title='bbox 3661 2423 3757 2471; x_wconf 77' lang='grc' dir='ltr'><strong>καὶ</strong></span> 
     </span>
    </p>
   </div>
   <div class='ocr_carea' id='block_1_50' title="bbox 2163 2511 3337 2582">
    <p class='ocr_par' dir='ltr' id='par_1_50' title="bbox 2163 2511 3337 2582">
     <span class='ocr_line' id='line_1_50' title="bbox 2163 2511 3337 2582; baseline 0.002 -20"><span class='ocrx_word' id='word_1_358' title='bbox 2163 2512 2249 2564; x_wconf 73' lang='grc' dir='ltr'>διὰ</span> <span class='ocrx_word' id='word_1_359' title='bbox 2281 2513 2487 2580; x_wconf 73' lang='grc' dir='ltr'>σαρκὸς</span> <span class='ocrx_word' id='word_1_360' title='bbox 2517 2515 2648 2580; x_wconf 77' lang='grc' dir='ltr'>ἡμῖν</span> <span class='ocrx_word' id='word_1_361' title='bbox 2679 2513 2706 2562; x_wconf 88' lang='grc' dir='ltr'>ὁ</span> <span class='ocrx_word' id='word_1_362' title='bbox 2738 2511 2941 2581; x_wconf 81' lang='grc' dir='ltr'>Κύριος</span> <span class='ocrx_word' id='word_1_363' title='bbox 2973 2513 3337 2582; x_wconf 77' lang='grc' dir='ltr'>ἐπεδήμησεν.</span> 
     </span>
    </p>
   </div>
   <div class='ocr_carea' id='block_1_51' title="bbox 475 2601 2063 2678">
    <p class='ocr_par' dir='ltr' id='par_1_51' title="bbox 475 2601 2063 2678">
     <span class='ocr_line' id='line_1_51' title="bbox 475 2601 2063 2678; baseline -0.002 -18"><span class='ocrx_word' id='word_1_364' title='bbox 475 2609 898 2678; x_wconf 72' lang='lat' dir='ltr'><strong>prmvalueraut,</strong></span> <span class='ocrx_word' id='word_1_365' title='bbox 923 2621 1045 2658; x_wconf 85' lang='lat' dir='ltr'><strong>eum</strong></span> <span class='ocrx_word' id='word_1_366' title='bbox 1075 2603 1250 2659; x_wconf 83' lang='lat' dir='ltr'><strong>sancti</strong></span> <span class='ocrx_word' id='word_1_367' title='bbox 1285 2604 1534 2656; x_wconf 87' lang='lat' dir='ltr'><strong>homines</strong></span> <span class='ocrx_word' id='word_1_368' title='bbox 1571 2602 1662 2670; x_wconf 89' lang='lat' dir='ltr'><strong>qui</strong></span> <span class='ocrx_word' id='word_1_369' title='bbox 1694 2603 1822 2655; x_wconf 90' lang='lat' dir='ltr'><strong>olim</strong></span> <span class='ocrx_word' id='word_1_370' title='bbox 1853 2601 2063 2657; x_wconf 82' lang='lat' dir='ltr'><strong>fuerant</strong></span> 
     </span>
    </p>
   </div>
   <div class='ocr_carea' id='block_1_52' title="bbox 2169 2601 3765 2678">
    <p class='ocr_par' dir='ltr' id='par_1_52' title="bbox 2176 2606 3765 2678">
     <span class='ocr_line' id='line_1_52' title="bbox 2176 2606 3765 2678; baseline 0.001 -20"><span class='ocrx_word' id='word_1_371' title='bbox 2176 2624 2236 2669; x_wconf 61' lang='lat' dir='ltr'><strong>ea</strong></span> <span class='ocrx_word' id='word_1_372' title='bbox 2283 2606 2476 2668; x_wconf 68' lang='lat' dir='ltr'><strong>lletim,</strong></span> <span class='ocrx_word' id='word_1_373' title='bbox 2523 2608 2720 2674; x_wconf 86' lang='lat' dir='ltr'><strong>partim</strong></span> <span class='ocrx_word' id='word_1_374' title='bbox 2771 2619 2967 2667; x_wconf 80' lang='lat' dir='ltr'><strong>morte,</strong></span> <span class='ocrx_word' id='word_1_375' title='bbox 3004 2610 3202 2676; x_wconf 85' lang='lat' dir='ltr'><strong>partim</strong></span> <span class='ocrx_word' id='word_1_376' title='bbox 3263 2609 3427 2661; x_wconf 86' lang='lat' dir='ltr'><strong>etiam</strong></span> <span class='ocrx_word' id='word_1_377' title='bbox 3499 2616 3765 2678; x_wconf 85' lang='lat' dir='ltr'><strong>tyranno-</strong></span> 
     </span>
    </p>
   </div>
   <div class='ocr_carea' id='block_1_53' title="bbox 477 2694 3762 2771">
    <p class='ocr_par' dir='ltr' id='par_1_53' title="bbox 477 2694 3762 2771">
     <span class='ocr_line' id='line_1_53' title="bbox 477 2694 3762 2771; baseline -0.001 -15"><span class='ocrx_word' id='word_1_378' title='bbox 477 2719 594 2758; x_wconf 87' lang='lat' dir='ltr'><strong>rum</strong></span> <span class='ocrx_word' id='word_1_379' title='bbox 635 2696 1117 2770; x_wconf 88' lang='lat' dir='ltr'><strong>persecutionibus</strong></span> <span class='ocrx_word' id='word_1_380' title='bbox 1193 2710 1424 2764; x_wconf 83' lang='lat' dir='ltr'><strong>prorsus</strong></span> <span class='ocrx_word' id='word_1_381' title='bbox 1466 2694 1840 2749; x_wconf 79' lang='lat' dir='ltr'><strong>defecissent:</strong></span> <span class='ocrx_word' id='word_1_382' title='bbox 1916 2698 2134 2749; x_wconf 84' lang='lat' dir='ltr'><strong>tametsi</strong></span> <span class='ocrx_word' id='word_1_383' title='bbox 2181 2699 2434 2757; x_wconf 76' lang='lat' dir='ltr'><strong>fortassis</strong></span> <span class='ocrx_word' id='word_1_384' title='bbox 2487 2700 2658 2766; x_wconf 87' lang='lat' dir='ltr'><strong>aliqui</strong></span> <span class='ocrx_word' id='word_1_385' title='bbox 2715 2700 2895 2753; x_wconf 89' lang='lat' dir='ltr'><strong>adhuc</strong></span> <span class='ocrx_word' id='word_1_386' title='bbox 2948 2710 3158 2762; x_wconf 87' lang='lat' dir='ltr'><strong>essent,</strong></span> <span class='ocrx_word' id='word_1_387' title='bbox 3213 2702 3304 2771; x_wconf 89' lang='lat' dir='ltr'><strong>qui</strong></span> <span class='ocrx_word' id='word_1_388' title='bbox 3359 2703 3595 2753; x_wconf 79' lang='lat' dir='ltr'><strong>humana</strong></span> <span class='ocrx_word' id='word_1_389' title='bbox 3654 2701 3762 2754; x_wconf 84' lang='lat' dir='ltr'><strong>hac</strong></span> 
     </span>
    </p>
   </div>
   <div class='ocr_carea' id='block_1_54' title="bbox 469 2784 3760 2862">
    <p class='ocr_par' dir='ltr' id='par_1_54' title="bbox 469 2784 3760 2862">
     <span class='ocr_line' id='line_1_54' title="bbox 469 2784 3760 2862; baseline -0.002 -13"><span class='ocrx_word' id='word_1_390' title='bbox 469 2795 683 2862; x_wconf 73' lang='lat' dir='ltr'><strong>iustitia</strong></span> <span class='ocrx_word' id='word_1_391' title='bbox 724 2800 890 2860; x_wconf 85' lang='lat' dir='ltr'><strong>atque</strong></span> <span class='ocrx_word' id='word_1_392' title='bbox 942 2790 1024 2856; x_wconf 84' lang='lat' dir='ltr'><strong>(ut</strong></span> <span class='ocrx_word' id='word_1_393' title='bbox 1078 2789 1152 2840; x_wconf 91' lang='lat' dir='ltr'><strong>ita</strong></span> <span class='ocrx_word' id='word_1_394' title='bbox 1195 2786 1403 2855; x_wconf 83' lang='lat' dir='ltr'><strong>dicam)</strong></span> <span class='ocrx_word' id='word_1_395' title='bbox 1446 2800 1510 2839; x_wconf 83' lang='lat' dir='ltr'><strong>ex</strong></span> <span class='ocrx_word' id='word_1_396' title='bbox 1561 2793 1714 2854; x_wconf 84' lang='lat' dir='ltr'><strong>parte</strong></span> <span class='ocrx_word' id='word_1_397' title='bbox 1747 2784 1884 2853; x_wconf 85' lang='lat' dir='ltr'><strong>justi</strong></span> <span class='ocrx_word' id='word_1_398' title='bbox 1930 2801 2054 2841; x_wconf 89' lang='lat' dir='ltr'><strong>esse</strong></span> <span class='ocrx_word' id='word_1_399' title='bbox 2132 2788 2474 2842; x_wconf 78' lang='lat' dir='ltr'><strong>viderentur.</strong></span> <span class='ocrx_word' id='word_1_400' title='bbox 2527 2789 2849 2845; x_wconf 87' lang='lat' dir='ltr'><strong>Sermonem</strong></span> <span class='ocrx_word' id='word_1_401' title='bbox 2895 2800 3079 2844; x_wconf 87' lang='lat' dir='ltr'><strong>autem</strong></span> <span class='ocrx_word' id='word_1_402' title='bbox 3151 2807 3311 2845; x_wconf 88' lang='lat' dir='ltr'><strong>suum</strong></span> <span class='ocrx_word' id='word_1_403' title='bbox 3367 2791 3635 2861; x_wconf 84' lang='lat' dir='ltr'><strong>Pmpheta</strong></span> <span class='ocrx_word' id='word_1_404' title='bbox 3689 2806 3760 2845; x_wconf 78' lang='lat' dir='ltr'><strong>ex</strong></span> 
     </span>
    </p>
   </div>
   <div class='ocr_carea' id='block_1_55' title="bbox 475 2880 3761 2958">
    <p class='ocr_par' dir='ltr' id='par_1_55' title="bbox 475 2880 3761 2958">
     <span class='ocr_line' id='line_1_55' title="bbox 475 2880 3761 2958; baseline -0.001 -11"><span class='ocrx_word' id='word_1_405' title='bbox 475 2908 664 2947; x_wconf 84' lang='lat' dir='ltr'><strong>eorum</strong></span> <span class='ocrx_word' id='word_1_406' title='bbox 695 2889 858 2942; x_wconf 82' lang='lat' dir='ltr'><strong>habet</strong></span> <span class='ocrx_word' id='word_1_407' title='bbox 891 2899 1143 2954; x_wconf 84' lang='lat' dir='ltr'><strong>persona,</strong></span> <span class='ocrx_word' id='word_1_408' title='bbox 1173 2884 1265 2952; x_wconf 91' lang='lat' dir='ltr'><strong>qui</strong></span> <span class='ocrx_word' id='word_1_409' title='bbox 1300 2880 1652 2950; x_wconf 75' lang='lat' dir='ltr'><strong>Evangelium</strong></span> <span class='ocrx_word' id='word_1_410' title='bbox 1684 2890 1842 2934; x_wconf 84' lang='lat' dir='ltr'><strong>erant</strong></span> <span class='ocrx_word' id='word_1_411' title='bbox 1884 2887 2216 2952; x_wconf 76' lang='lat' dir='ltr'><strong>suscepturi.</strong></span> <span class='ocrx_word' id='word_1_412' title='bbox 2247 2887 2400 2941; x_wconf 85' lang='lat' dir='ltr'><strong>Tunc</strong></span> <span class='ocrx_word' id='word_1_413' title='bbox 2457 2890 2602 2941; x_wconf 90' lang='lat' dir='ltr'><strong>enitn</strong></span> <span class='ocrx_word' id='word_1_414' title='bbox 2633 2889 2868 2941; x_wconf 78' lang='lat' dir='ltr'><strong>maxime</strong></span> <span class='ocrx_word' id='word_1_415' title='bbox 2909 2888 3083 2940; x_wconf 85' lang='lat' dir='ltr'><strong>sancti</strong></span> <span class='ocrx_word' id='word_1_416' title='bbox 3145 2887 3481 2955; x_wconf 81' lang='lat' dir='ltr'><strong>defecerant,</strong></span> <span class='ocrx_word' id='word_1_417' title='bbox 3535 2890 3761 2958; x_wconf 85' lang='lat' dir='ltr'><strong>quando</strong></span> 
     </span>
    </p>
   </div>
   <div class='ocr_carea' id='block_1_56' title="bbox 473 2974 1521 3042">
    <p class='ocr_par' dir='ltr' id='par_1_56' title="bbox 473 2974 1521 3042">
     <span class='ocr_line' id='line_1_56' title="bbox 473 2974 1521 3042; baseline -0.015 0"><span class='ocrx_word' id='word_1_418' title='bbox 473 2985 734 3042; x_wconf 74' lang='lat' dir='ltr'><strong>Christus</strong></span> <span class='ocrx_word' id='word_1_419' title='bbox 766 2984 818 3034; x_wconf 91' lang='lat' dir='ltr'><strong>in</strong></span> <span class='ocrx_word' id='word_1_420' title='bbox 851 2994 1017 3033; x_wconf 85' lang='lat' dir='ltr'><strong>carne</strong></span> <span class='ocrx_word' id='word_1_421' title='bbox 1052 2979 1116 3030; x_wconf 90' lang='lat' dir='ltr'><strong>ad</strong></span> <span class='ocrx_word' id='word_1_422' title='bbox 1153 2991 1254 3030; x_wconf 92' lang='lat' dir='ltr'><strong>nos</strong></span> <span class='ocrx_word' id='word_1_423' title='bbox 1280 2974 1521 3029; x_wconf 85' lang='lat' dir='ltr'><strong>advenit.</strong></span> 
     </span>
    </p>
   </div>
   <div class='ocr_carea' id='block_1_57' title="bbox 547 3088 2134 3166">
    <p class='ocr_par' dir='ltr' id='par_1_57' title="bbox 547 3088 2134 3166">
     <span class='ocr_line' id='line_1_57' title="bbox 547 3088 2134 3166; baseline -0.006 -16"><span class='ocrx_word' id='word_1_424' title='bbox 547 3098 813 3166; x_wconf 81' lang='lat' dir='ltr'><strong>Quoniam</strong></span> <span class='ocrx_word' id='word_1_425' title='bbox 834 3092 1111 3146; x_wconf 75' lang='lat' dir='ltr'><strong>diminuta’</strong></span> <span class='ocrx_word' id='word_1_426' title='bbox 1139 3099 1261 3144; x_wconf 79' lang='lat' dir='ltr'><strong>sunt</strong></span> <span class='ocrx_word' id='word_1_427' title='bbox 1291 3090 1536 3142; x_wconf 75' lang='lat' dir='ltr'><strong>veritates</strong></span> <span class='ocrx_word' id='word_1_428' title='bbox 1559 3105 1589 3141; x_wconf 87' lang='grc' dir='ltr'><strong>α</strong></span> <span class='ocrx_word' id='word_1_429' title='bbox 1611 3088 1738 3157; x_wconf 84' lang='lat' dir='ltr'><strong>ﬁliis</strong></span> <span class='ocrx_word' id='word_1_430' title='bbox 1763 3089 2056 3141; x_wconf 82' lang='lat' dir='ltr'><strong>hominum.</strong></span> <span class='ocrx_word' id='word_1_431' title='bbox 2091 3098 2134 3151; x_wconf 74' lang='grc' dir='ltr'>ο</span> 
     </span>
    </p>
   </div>
   <div class='ocr_carea' id='block_1_58' title="bbox 473 3180 2062 3254">
    <p class='ocr_par' dir='ltr' id='par_1_58' title="bbox 473 3180 2062 3254">
     <span class='ocr_line' id='line_1_58' title="bbox 473 3180 2062 3254; baseline -0.008 -9"><span class='ocrx_word' id='word_1_432' title='bbox 473 3189 669 3246; x_wconf 79' lang='lat' dir='ltr'><strong>Sancti</strong></span> <span class='ocrx_word' id='word_1_433' title='bbox 701 3184 923 3254; x_wconf 85' lang='lat' dir='ltr'><strong>quidem</strong></span> <span class='ocrx_word' id='word_1_434' title='bbox 973 3183 1192 3251; x_wconf 74' lang='lat' dir='ltr'><strong>penitus</strong></span> <span class='ocrx_word' id='word_1_435' title='bbox 1247 3180 1592 3242; x_wconf 74' lang='lat' dir='ltr'><strong>defecerunt,</strong></span> <span class='ocrx_word' id='word_1_436' title='bbox 1645 3182 1903 3235; x_wconf 87' lang='lat' dir='ltr'><strong>veritates</strong></span> <span class='ocrx_word' id='word_1_437' title='bbox 1931 3197 2062 3234; x_wconf 85' lang='lat' dir='ltr'><strong>vero</strong></span> 
     </span>
    </p>
   </div>
   <div class='ocr_carea' id='block_1_59' title="bbox 479 3269 2059 3349">
    <p class='ocr_par' dir='ltr' id='par_1_59' title="bbox 479 3269 2059 3349">
     <span class='ocr_line' id='line_1_59' title="bbox 479 3269 2059 3349; baseline -0.008 -17"><span class='ocrx_word' id='word_1_438' title='bbox 479 3294 663 3349; x_wconf 68' lang='lat' dir='ltr'><strong>panem</strong></span> <span class='ocrx_word' id='word_1_439' title='bbox 737 3272 1032 3327; x_wconf 85' lang='lat' dir='ltr'><strong>admodum</strong></span> <span class='ocrx_word' id='word_1_440' title='bbox 1090 3270 1294 3325; x_wconf 70' lang='lat' dir='ltr'><strong>relicta:</strong></span> <span class='ocrx_word' id='word_1_441' title='bbox 1351 3282 1526 3322; x_wconf 88' lang='lat' dir='ltr'><strong>sunt:</strong></span> <span class='ocrx_word' id='word_1_442' title='bbox 1587 3272 1861 3323; x_wconf 85' lang='lat' dir='ltr'><strong>secundus</strong></span> <span class='ocrx_word' id='word_1_443' title='bbox 1914 3269 2059 3322; x_wconf 87' lang='lat' dir='ltr'><strong>enim</strong></span> 
     </span>
    </p>
   </div>
   <div class='ocr_carea' id='block_1_60' title="bbox 476 3359 2059 3433">
    <p class='ocr_par' dir='ltr' id='par_1_60' title="bbox 476 3359 2059 3433">
     <span class='ocr_line' id='line_1_60' title="bbox 476 3359 2059 3433; baseline -0.008 -8"><span class='ocrx_word' id='word_1_444' title='bbox 476 3384 640 3426; x_wconf 83' lang='lat' dir='ltr'><strong>casus</strong></span> <span class='ocrx_word' id='word_1_445' title='bbox 703 3367 792 3419; x_wconf 85' lang='lat' dir='ltr'><strong>hic</strong></span> <span class='ocrx_word' id='word_1_446' title='bbox 845 3378 942 3433; x_wconf 87' lang='lat' dir='ltr'><strong>pro</strong></span> <span class='ocrx_word' id='word_1_447' title='bbox 993 3362 1156 3416; x_wconf 88' lang='lat' dir='ltr'><strong>tertio</strong></span> <span class='ocrx_word' id='word_1_448' title='bbox 1201 3360 1458 3413; x_wconf 89' lang='lat' dir='ltr'><strong>sumitur.</strong></span> <span class='ocrx_word' id='word_1_449' title='bbox 1492 3359 1948 3429; x_wconf 83' lang='lat' dir='ltr'><strong>Quandoquidem</strong></span> <span class='ocrx_word' id='word_1_450' title='bbox 2006 3360 2059 3412; x_wconf 87' lang='lat' dir='ltr'><strong>itt</strong></span> 
     </span>
    </p>
   </div>
   <div class='ocr_carea' id='block_1_61' title="bbox 478 3453 2063 3526">
    <p class='ocr_par' dir='ltr' id='par_1_61' title="bbox 478 3453 2063 3526">
     <span class='ocr_line' id='line_1_61' title="bbox 478 3453 2063 3526; baseline -0.007 -9"><span class='ocrx_word' id='word_1_451' title='bbox 478 3464 645 3517; x_wconf 82' lang='lat' dir='ltr'><strong>rebus</strong></span> <span class='ocrx_word' id='word_1_452' title='bbox 705 3458 928 3526; x_wconf 84' lang='lat' dir='ltr'><strong>majoris</strong></span> <span class='ocrx_word' id='word_1_453' title='bbox 982 3455 1268 3518; x_wconf 85' lang='lat' dir='ltr'><strong>momenti,</strong></span> <span class='ocrx_word' id='word_1_454' title='bbox 1330 3454 1552 3508; x_wconf 90' lang='lat' dir='ltr'><strong>mentiri</strong></span> <span class='ocrx_word' id='word_1_455' title='bbox 1609 3455 1810 3517; x_wconf 88' lang='lat' dir='ltr'><strong>solent,</strong></span> <span class='ocrx_word' id='word_1_456' title='bbox 1860 3453 1954 3522; x_wconf 87' lang='lat' dir='ltr'><strong>qui</strong></span> <span class='ocrx_word' id='word_1_457' title='bbox 2007 3454 2063 3507; x_wconf 89' lang='lat' dir='ltr'><strong>in</strong></span> 
     </span>
    </p>
   </div>
   <div class='ocr_carea' id='block_1_62' title="bbox 476 3553 1208 3628">
    <p class='ocr_par' dir='ltr' id='par_1_62' title="bbox 476 3553 1208 3628">
     <span class='ocr_line' id='line_1_62' title="bbox 476 3553 1208 3628; baseline -0.011 -19"><span class='ocrx_word' id='word_1_458' title='bbox 476 3557 667 3628; x_wconf 15' lang='lat' dir='ltr'><strong>parvis,</strong></span> <span class='ocrx_word' id='word_1_459' title='bbox 701 3553 920 3608; x_wconf 78' lang='lat' dir='ltr'><strong>fuerant</strong></span> <span class='ocrx_word' id='word_1_460' title='bbox 960 3563 1208 3604; x_wconf 83' lang='lat' dir='ltr'><strong>veraces.</strong></span> 
     </span>
    </p>
   </div>
   <div class='ocr_carea' id='block_1_63' title="bbox 551 3639 2061 3710">
    <p class='ocr_par' dir='ltr' id='par_1_63' title="bbox 551 3639 2061 3710">
     <span class='ocr_line' id='line_1_63' title="bbox 551 3639 2061 3710; baseline -0.005 -8"><span class='ocrx_word' id='word_1_461' title='bbox 551 3649 715 3703; x_wconf 76' lang='lat' dir='ltr'><strong>Vsus.</strong></span> <span class='ocrx_word' id='word_1_462' title='bbox 755 3647 807 3701; x_wconf 83' lang='lat'><strong>5.</strong></span> <span class='ocrx_word' id='word_1_463' title='bbox 855 3643 1004 3698; x_wconf 81' lang='lat' dir='ltr'><strong>Vana</strong></span> <span class='ocrx_word' id='word_1_464' title='bbox 1049 3644 1256 3695; x_wconf 83' lang='lat' dir='ltr'><strong>locutus</strong></span> <span class='ocrx_word' id='word_1_465' title='bbox 1291 3650 1369 3694; x_wconf 84' lang='lat' dir='ltr'><strong>est</strong></span> <span class='ocrx_word' id='word_1_466' title='bbox 1415 3643 1781 3710; x_wconf 78' lang='lat' dir='ltr'><strong>unusquisque</strong></span> <span class='ocrx_word' id='word_1_467' title='bbox 1827 3639 1896 3693; x_wconf 85' lang='lat' dir='ltr'><strong>ad</strong></span> <span class='ocrx_word' id='word_1_468' title='bbox 1932 3656 2061 3708; x_wconf 86' lang='lat' dir='ltr'><strong>pro-</strong></span> 
     </span>
    </p>
   </div>
   <div class='ocr_carea' id='block_1_64' title="bbox 477 3730 2062 3802">
    <p class='ocr_par' dir='ltr' id='par_1_64' title="bbox 477 3730 2062 3802">
     <span class='ocr_line' id='line_1_64' title="bbox 477 3730 2062 3802; baseline -0.006 -6"><span class='ocrx_word' id='word_1_469' title='bbox 477 3745 683 3796; x_wconf 67' lang='lat' dir='ltr'><strong>ximum</strong></span> <span class='ocrx_word' id='word_1_470' title='bbox 711 3755 885 3792; x_wconf 81' lang='lat' dir='ltr'><strong>suum.</strong></span> <span class='ocrx_word' id='word_1_471' title='bbox 920 3736 1087 3799; x_wconf 85' lang='lat' dir='ltr'><strong>Vana,</strong></span> <span class='ocrx_word' id='word_1_472' title='bbox 1115 3734 1216 3789; x_wconf 89' lang='lat' dir='ltr'><strong>hoc</strong></span> <span class='ocrx_word' id='word_1_473' title='bbox 1239 3740 1322 3788; x_wconf 89' lang='lat' dir='ltr'><strong>est</strong></span> <span class='ocrx_word' id='word_1_474' title='bbox 1353 3733 1686 3802; x_wconf 87' lang='lat' dir='ltr'><strong>deccptoria.</strong></span> <span class='ocrx_word' id='word_1_475' title='bbox 1721 3730 1831 3788; x_wconf 88' lang='lat' dir='ltr'><strong>Nec</strong></span> <span class='ocrx_word' id='word_1_476' title='bbox 1853 3732 2062 3787; x_wconf 87' lang='lat' dir='ltr'><strong>alienos</strong></span> 
     </span>
    </p>
   </div>
   <div class='ocr_carea' id='block_1_65' title="bbox 475 3824 2060 3900">
    <p class='ocr_par' dir='ltr' id='par_1_65' title="bbox 475 3824 2060 3900">
     <span class='ocr_line' id='line_1_65' title="bbox 475 3824 2060 3900; baseline -0.006 -12"><span class='ocrx_word' id='word_1_477' title='bbox 475 3843 688 3888; x_wconf 70' lang='lat' dir='ltr'><strong>tantum</strong></span> <span class='ocrx_word' id='word_1_478' title='bbox 716 3828 1086 3900; x_wconf 82' lang='lat' dir='ltr'><strong>decipiebant,</strong></span> <span class='ocrx_word' id='word_1_479' title='bbox 1121 3826 1215 3881; x_wconf 90' lang='lat' dir='ltr'><strong>sed</strong></span> <span class='ocrx_word' id='word_1_480' title='bbox 1252 3825 1553 3879; x_wconf 83' lang='lat' dir='ltr'><strong>familiares</strong></span> <span class='ocrx_word' id='word_1_481' title='bbox 1579 3825 1740 3878; x_wconf 90' lang='lat' dir='ltr'><strong>etiam</strong></span> <span class='ocrx_word' id='word_1_482' title='bbox 1774 3832 1828 3878; x_wconf 87' lang='lat' dir='ltr'><strong>et</strong></span> <span class='ocrx_word' id='word_1_483' title='bbox 1869 3824 2060 3879; x_wconf 87' lang='lat' dir='ltr'><strong>dome-</strong></span> 
     </span>
    </p>
   </div>
   <div class='ocr_carea' id='block_1_66' title="bbox 479 3917 2063 3982">
    <p class='ocr_par' dir='ltr' id='par_1_66' title="bbox 479 3917 2063 3982">
     <span class='ocr_line' id='line_1_66' title="bbox 479 3917 2063 3982; baseline -0.007 -1"><span class='ocrx_word' id='word_1_484' title='bbox 479 3929 666 3981; x_wconf 86' lang='lat' dir='ltr'><strong>sticos.</strong></span> <span class='ocrx_word' id='word_1_485' title='bbox 705 3923 1020 3978; x_wconf 79' lang='lat' dir='ltr'><strong>Proximum</strong></span> <span class='ocrx_word' id='word_1_486' title='bbox 1048 3920 1196 3976; x_wconf 88' lang='lat' dir='ltr'><strong>enim</strong></span> <span class='ocrx_word' id='word_1_487' title='bbox 1226 3936 1332 3974; x_wconf 85' lang='lat' dir='ltr'><strong>non</strong></span> <span class='ocrx_word' id='word_1_488' title='bbox 1359 3920 1500 3982; x_wconf 82' lang='lat' dir='ltr'><strong>loco,</strong></span> <span class='ocrx_word' id='word_1_489' title='bbox 1537 3918 1630 3972; x_wconf 91' lang='lat' dir='ltr'><strong>sed</strong></span> <span class='ocrx_word' id='word_1_490' title='bbox 1666 3917 2063 3980; x_wconf 75' lang='lat' dir='ltr'><strong>familiaritate,</strong></span> 
     </span>
    </p>
   </div>
   <div class='ocr_carea' id='block_1_67' title="bbox 479 4009 2061 4087">
    <p class='ocr_par' dir='ltr' id='par_1_67' title="bbox 479 4009 2061 4087">
     <span class='ocr_line' id='line_1_67' title="bbox 479 4009 2061 4087; baseline -0.006 -15"><span class='ocrx_word' id='word_1_491' title='bbox 479 4035 642 4087; x_wconf 85' lang='lat' dir='ltr'><strong>atque</strong></span> <span class='ocrx_word' id='word_1_492' title='bbox 696 4015 960 4076; x_wconf 89' lang='lat' dir='ltr'><strong>amicitia,</strong></span> <span class='ocrx_word' id='word_1_493' title='bbox 1022 4021 1117 4067; x_wconf 90' lang='lat' dir='ltr'><strong>aut</strong></span> <span class='ocrx_word' id='word_1_494' title='bbox 1179 4011 1290 4066; x_wconf 86' lang='lat' dir='ltr'><strong>alio</strong></span> <span class='ocrx_word' id='word_1_495' title='bbox 1349 4010 1760 4080; x_wconf 70' lang='lat' dir='ltr'><strong>coniunctionis</strong></span> <span class='ocrx_word' id='word_1_496' title='bbox 1817 4009 2061 4068; x_wconf 84' lang='lat' dir='ltr'><strong>vinculo,</strong></span> 
     </span>
    </p>
   </div>
   <div class='ocr_carea' id='block_1_68' title="bbox 480 4114 1067 4183">
    <p class='ocr_par' dir='ltr' id='par_1_68' title="bbox 480 4114 1067 4183">
     <span class='ocr_line' id='line_1_68' title="bbox 480 4114 1067 4183; baseline -0.012 -17"><span class='ocrx_word' id='word_1_497' title='bbox 480 4114 850 4183; x_wconf 78' lang='lat' dir='ltr'><strong>propinquum</strong></span> <span class='ocrx_word' id='word_1_498' title='bbox 885 4117 1067 4160; x_wconf 87' lang='lat' dir='ltr'><strong>vocat.</strong></span> 
     </span>
    </p>
   </div>
   <div class='ocr_carea' id='block_1_69' title="bbox 556 4213 2061 4278">
    <p class='ocr_par' dir='ltr' id='par_1_69' title="bbox 556 4213 2061 4278">
     <span class='ocr_line' id='line_1_69' title="bbox 556 4213 2061 4278; baseline -0.008 -1"><span class='ocrx_word' id='word_1_499' title='bbox 556 4224 720 4277; x_wconf 85' lang='lat' dir='ltr'><strong>Labia</strong></span> <span class='ocrx_word' id='word_1_500' title='bbox 751 4220 940 4274; x_wconf 75' lang='lat' dir='ltr'><strong>dolosa</strong></span> <span class='ocrx_word' id='word_1_501' title='bbox 970 4221 1023 4272; x_wconf 89' lang='lat' dir='ltr'><strong>in</strong></span> <span class='ocrx_word' id='word_1_502' title='bbox 1053 4217 1228 4278; x_wconf 84' lang='lat' dir='ltr'><strong>corde,</strong></span> <span class='ocrx_word' id='word_1_503' title='bbox 1261 4224 1312 4268; x_wconf 77' lang='lat' dir='ltr'><strong>et</strong></span> <span class='ocrx_word' id='word_1_504' title='bbox 1349 4213 1506 4267; x_wconf 86' lang='lat' dir='ltr'><strong>corde</strong></span> <span class='ocrx_word' id='word_1_505' title='bbox 1539 4213 1744 4265; x_wconf 73' lang='lat' dir='ltr'><strong>locutus</strong></span> <span class='ocrx_word' id='word_1_506' title='bbox 1782 4221 1861 4267; x_wconf 78' lang='lat' dir='ltr'><strong>est</strong></span> <span class='ocrx_word' id='word_1_507' title='bbox 1894 4213 2061 4265; x_wconf 85' lang='lat' dir='ltr'><strong>mala.</strong></span> 
     </span>
    </p>
   </div>
   <div class='ocr_carea' id='block_1_70' title="bbox 483 4303 2064 4375">
    <p class='ocr_par' dir='ltr' id='par_1_70' title="bbox 483 4303 2064 4375">
     <span class='ocr_line' id='line_1_70' title="bbox 483 4303 2064 4375; baseline -0.01 -5"><span class='ocrx_word' id='word_1_508' title='bbox 483 4317 584 4370; x_wconf 85' lang='lat' dir='ltr'><strong>Per</strong></span> <span class='ocrx_word' id='word_1_509' title='bbox 619 4315 808 4369; x_wconf 79' lang='lat' dir='ltr'><strong>dolosa</strong></span> <span class='ocrx_word' id='word_1_510' title='bbox 843 4312 1006 4374; x_wconf 78' lang='lat' dir='ltr'><strong>labia,</strong></span> <span class='ocrx_word' id='word_1_511' title='bbox 1028 4309 1280 4362; x_wconf 90' lang='lat' dir='ltr'><strong>dolosum</strong></span> <span class='ocrx_word' id='word_1_512' title='bbox 1309 4306 1488 4374; x_wconf 82' lang='lat' dir='ltr'><strong>ipsum</strong></span> <span class='ocrx_word' id='word_1_513' title='bbox 1525 4303 1782 4373; x_wconf 77' lang='lat' dir='ltr'><strong>intelligit</strong></span> <span class='ocrx_word' id='word_1_514' title='bbox 1811 4304 2000 4375; x_wconf 87' lang='lat' dir='ltr'><strong>(veluti</strong></span> <span class='ocrx_word' id='word_1_515' title='bbox 2035 4319 2064 4357; x_wconf 77' lang='grc' dir='ltr'><strong>ιι</strong></span> 
     </span>
    </p>
   </div>
   <div class='ocr_carea' id='block_1_71' title="bbox 489 4396 2065 4480">
    <p class='ocr_par' dir='ltr' id='par_1_71' title="bbox 489 4396 2065 4480">
     <span class='ocr_line' id='line_1_71' title="bbox 489 4396 2065 4480; baseline -0.007 -19"><span class='ocrx_word' id='word_1_516' title='bbox 489 4418 644 4480; x_wconf 90' lang='lat' dir='ltr'><strong>parte</strong></span> <span class='ocrx_word' id='word_1_517' title='bbox 702 4403 926 4472; x_wconf 89' lang='lat' dir='ltr'><strong>totum),</strong></span> <span class='ocrx_word' id='word_1_518' title='bbox 982 4401 1074 4470; x_wconf 89' lang='lat' dir='ltr'><strong>qui</strong></span> <span class='ocrx_word' id='word_1_519' title='bbox 1118 4399 1172 4451; x_wconf 93' lang='lat' dir='ltr'><strong>in</strong></span> <span class='ocrx_word' id='word_1_520' title='bbox 1214 4397 1536 4464; x_wconf 80' lang='lat' dir='ltr'><strong>duplicitate</strong></span> <span class='ocrx_word' id='word_1_521' title='bbox 1559 4396 1741 4450; x_wconf 86' lang='lat' dir='ltr'><strong>cordis</strong></span> <span class='ocrx_word' id='word_1_522' title='bbox 1777 4405 1831 4449; x_wconf 90' lang='lat' dir='ltr'><strong>ct</strong></span> <span class='ocrx_word' id='word_1_523' title='bbox 1864 4398 2065 4450; x_wconf 87' lang='lat' dir='ltr'><strong>mentis</strong></span> 
     </span>
    </p>
   </div>
   <div class='ocr_carea' id='block_1_72' title="bbox 486 4487 2067 4558">
    <p class='ocr_par' dir='ltr' id='par_1_72' title="bbox 486 4487 2067 4558">
     <span class='ocr_line' id='line_1_72' title="bbox 486 4487 2067 4558; baseline -0.009 -5"><span class='ocrx_word' id='word_1_524' title='bbox 486 4515 625 4558; x_wconf 63' lang='lat' dir='ltr'><strong>suae,</strong></span> <span class='ocrx_word' id='word_1_525' title='bbox 664 4495 805 4548; x_wconf 83' lang='lat' dir='ltr'><strong>mala</strong></span> <span class='ocrx_word' id='word_1_526' title='bbox 838 4507 901 4545; x_wconf 87' lang='lat' dir='ltr'><strong>ac</strong></span> <span class='ocrx_word' id='word_1_527' title='bbox 951 4491 1111 4544; x_wconf 73' lang='lat' dir='ltr'><strong>noxia</strong></span> <span class='ocrx_word' id='word_1_528' title='bbox 1159 4489 1378 4541; x_wconf 85' lang='lat' dir='ltr'><strong>locutus</strong></span> <span class='ocrx_word' id='word_1_529' title='bbox 1425 4494 1528 4545; x_wconf 81' lang='lat' dir='ltr'><strong>est,</strong></span> <span class='ocrx_word' id='word_1_530' title='bbox 1568 4487 1728 4538; x_wconf 88' lang='lat' dir='ltr'><strong>aliam</strong></span> <span class='ocrx_word' id='word_1_531' title='bbox 1773 4487 1914 4539; x_wconf 89' lang='lat' dir='ltr'><strong>intra</strong></span> <span class='ocrx_word' id='word_1_532' title='bbox 1951 4488 2067 4539; x_wconf 88' lang='lat' dir='ltr'><strong>ani-</strong></span> 
     </span>
    </p>
   </div>
   <div class='ocr_carea' id='block_1_73' title="bbox 2239 3088 3764 3159">
    <p class='ocr_par' dir='ltr' id='par_1_73' title="bbox 2239 3088 3764 3159">
     <span class='ocr_line' id='line_1_73' title="bbox 2239 3088 3764 3159; baseline 0.009 -20"><span class='ocrx_word' id='word_1_533' title='bbox 2239 3088 2370 3141; x_wconf 76' lang='lat' dir='ltr'><strong>&quot;0n</strong></span> <span class='ocrx_word' id='word_1_534' title='bbox 2423 3089 2820 3157; x_wconf 73' lang='grc' dir='ltr'>ὠλιγώθησαν</span> <span class='ocrx_word' id='word_1_535' title='bbox 2871 3094 2931 3144; x_wconf 82' lang='grc' dir='ltr'>αὶ</span> <span class='ocrx_word' id='word_1_536' title='bbox 2983 3093 3259 3159; x_wconf 76' lang='grc' dir='ltr'>ἀλήθειαι</span> <span class='ocrx_word' id='word_1_537' title='bbox 3300 3095 3420 3148; x_wconf 73' lang='grc' dir='ltr'>ἀπὸ</span> <span class='ocrx_word' id='word_1_538' title='bbox 3461 3093 3579 3148; x_wconf 76' lang='grc' dir='ltr'><strong>τῶν</strong></span> <span class='ocrx_word' id='word_1_539' title='bbox 3612 3097 3764 3153; x_wconf 57' lang='grc' dir='ltr'><strong>Νοῦν</strong></span> 
     </span>
    </p>
   </div>
   <div class='ocr_carea' id='block_1_74' title="bbox 2172 3178 3761 3253">
    <p class='ocr_par' dir='ltr' id='par_1_74' title="bbox 2172 3178 3761 3253">
     <span class='ocr_line' id='line_1_74' title="bbox 2172 3178 3761 3253; baseline 0.008 -23"><span class='ocrx_word' id='word_1_540' title='bbox 2172 3178 2290 3232; x_wconf 73' lang='grc' dir='ltr'>τῶν</span> <span class='ocrx_word' id='word_1_541' title='bbox 2331 3181 2680 3246; x_wconf 75' lang='grc' dir='ltr'>ἀνθρώπων.</span> <span class='ocrx_word' id='word_1_542' title='bbox 2726 3183 2789 3234; x_wconf 86' lang='grc' dir='ltr'><strong>Οἱ</strong></span> <span class='ocrx_word' id='word_1_543' title='bbox 2834 3185 2930 3253; x_wconf 80' lang='grc' dir='ltr'><strong>μὲν</strong></span> <span class='ocrx_word' id='word_1_544' title='bbox 2965 3185 3124 3250; x_wconf 83' lang='grc' dir='ltr'>ὅσιοι,</span> <span class='ocrx_word' id='word_1_545' title='bbox 3169 3189 3514 3240; x_wconf 80' lang='grc' dir='ltr'>παντάπασιν</span> <span class='ocrx_word' id='word_1_546' title='bbox 3571 3188 3761 3241; x_wconf 80' lang='grc' dir='ltr'>ἐπιλε-</span> 
     </span>
    </p>
   </div>
   <div class='ocr_carea' id='block_1_75' title="bbox 2173 3271 3752 3350">
    <p class='ocr_par' dir='ltr' id='par_1_75' title="bbox 2173 3271 3752 3350">
     <span class='ocr_line' id='line_1_75' title="bbox 2173 3271 3752 3350; baseline 0.008 -29"><span class='ocrx_word' id='word_1_547' title='bbox 2173 3271 2420 3324; x_wconf 83' lang='grc' dir='ltr'>λοίπασιν</span> <span class='ocrx_word' id='word_1_548' title='bbox 2455 3287 2469 3302; x_wconf 75' lang='grc'>⁸</span> <span class='ocrx_word' id='word_1_549' title='bbox 2513 3275 2766 3345; x_wconf 83' lang='grc' dir='ltr'>ἁλήθειαι</span> <span class='ocrx_word' id='word_1_550' title='bbox 2793 3276 2872 3339; x_wconf 75' lang='grc' dir='ltr'>δὲ,</span> <span class='ocrx_word' id='word_1_551' title='bbox 2923 3277 3102 3344; x_wconf 79' lang='grc' dir='ltr'>ὀλίγαι</span> <span class='ocrx_word' id='word_1_552' title='bbox 3151 3280 3296 3342; x_wconf 87' lang='grc' dir='ltr'>τινὲς</span> <span class='ocrx_word' id='word_1_553' title='bbox 3341 3281 3752 3350; x_wconf 79' lang='grc' dir='ltr'>ὑπελείφθησαν</span> 
     </span>
    </p>
   </div>
   <div class='ocr_carea' id='block_1_76' title="bbox 2173 3366 3759 3441">
    <p class='ocr_par' dir='ltr' id='par_1_76' title="bbox 2173 3366 3759 3441">
     <span class='ocr_line' id='line_1_76' title="bbox 2173 3366 3759 3441; baseline 0.006 -26"><span class='ocrx_word' id='word_1_554' title='bbox 2173 3366 2230 3416; x_wconf 84' lang='grc' dir='ltr'>ὲν</span> <span class='ocrx_word' id='word_1_555' title='bbox 2266 3366 2600 3436; x_wconf 81' lang='grc' dir='ltr'>ἀνθρώποις.</span> <span class='ocrx_word' id='word_1_556' title='bbox 2643 3369 2840 3439; x_wconf 82' lang='grc' dir='ltr'>Γενικὴ</span> <span class='ocrx_word' id='word_1_557' title='bbox 2892 3371 3023 3439; x_wconf 81' lang='grc' dir='ltr'>γὰρ,</span> <span class='ocrx_word' id='word_1_558' title='bbox 3058 3371 3178 3422; x_wconf 73' lang='grc' dir='ltr'>ἀντὶ</span> <span class='ocrx_word' id='word_1_559' title='bbox 3210 3371 3434 3441; x_wconf 82' lang='grc' dir='ltr'>δοτικῆς</span> <span class='ocrx_word' id='word_1_560' title='bbox 3469 3371 3705 3424; x_wconf 78' lang='grc' dir='ltr'>ἐνταῦθα</span> <span class='ocrx_word' id='word_1_561' title='bbox 3743 3384 3759 3401; x_wconf 86' lang='grc'><strong><em>⁸</em></strong></span> 
     </span>
    </p>
   </div>
   <div class='ocr_carea' id='block_1_77' title="bbox 2173 3459 3764 3532">
    <p class='ocr_par' dir='ltr' id='par_1_77' title="bbox 2173 3459 3764 3532">
     <span class='ocr_line' id='line_1_77' title="bbox 2173 3459 3764 3532; baseline 0.006 -23"><span class='ocrx_word' id='word_1_562' title='bbox 2173 3459 2303 3528; x_wconf 76' lang='grc' dir='ltr'>περὶ</span> <span class='ocrx_word' id='word_1_563' title='bbox 2333 3459 2442 3529; x_wconf 78' lang='grc' dir='ltr'>γὰρ</span> <span class='ocrx_word' id='word_1_564' title='bbox 2474 3461 2540 3513; x_wconf 76' lang='grc' dir='ltr'>τὰ</span> <span class='ocrx_word' id='word_1_565' title='bbox 2570 3460 2760 3531; x_wconf 83' lang='grc' dir='ltr'>καίρια</span> <span class='ocrx_word' id='word_1_566' title='bbox 2795 3463 2894 3532; x_wconf 84' lang='grc' dir='ltr'>μὲν</span> <span class='ocrx_word' id='word_1_567' title='bbox 2927 3463 3215 3531; x_wconf 70' lang='grc' dir='ltr'>ἐψεύδοντο</span> <span class='ocrx_word' id='word_1_568' title='bbox 3241 3481 3252 3492; x_wconf 93' lang='grc'><strong>·</strong></span> <span class='ocrx_word' id='word_1_569' title='bbox 3291 3467 3347 3517; x_wconf 76' lang='grc' dir='ltr'>ἐν</span> <span class='ocrx_word' id='word_1_570' title='bbox 3381 3465 3437 3517; x_wconf 81' lang='grc' dir='ltr'><strong>δὲ</strong></span> <span class='ocrx_word' id='word_1_571' title='bbox 3483 3469 3592 3529; x_wconf 82' lang='grc' dir='ltr'>τοῖς</span> <span class='ocrx_word' id='word_1_572' title='bbox 3631 3465 3764 3518; x_wconf 82' lang='grc' dir='ltr'>ἐλα-</span> 
     </span>
    </p>
   </div>
   <div class='ocr_carea' id='block_1_78' title="bbox 2171 3549 3100 3624">
    <p class='ocr_par' dir='ltr' id='par_1_78' title="bbox 2171 3549 3100 3624">
     <span class='ocr_line' id='line_1_78' title="bbox 2171 3549 3100 3624; baseline 0.009 -23"><span class='ocrx_word' id='word_1_573' title='bbox 2171 3549 2382 3621; x_wconf 81' lang='grc' dir='ltr'>χίστοις</span> <span class='ocrx_word' id='word_1_574' title='bbox 2415 3553 2762 3622; x_wconf 83' lang='grc' dir='ltr'>πράγμασιν,</span> <span class='ocrx_word' id='word_1_575' title='bbox 2811 3555 3100 3624; x_wconf 80' lang='grc' dir='ltr'>ἡλήθευον.</span> 
     </span>
    </p>
   </div>
   <div class='ocr_carea' id='block_1_79' title="bbox 2245 3640 3764 3717">
    <p class='ocr_par' dir='ltr' id='par_1_79' title="bbox 2245 3640 3764 3717">
     <span class='ocr_line' id='line_1_79' title="bbox 2245 3640 3764 3717; baseline 0.006 -24"><span class='ocrx_word' id='word_1_576' title='bbox 2245 3640 2477 3694; x_wconf 81' lang='grc' dir='ltr'>Μάταια</span> <span class='ocrx_word' id='word_1_577' title='bbox 2520 3643 2833 3712; x_wconf 72' lang='grc' dir='ltr'>ἐλάλησεν</span> <span class='ocrx_word' id='word_1_578' title='bbox 2861 3646 3122 3711; x_wconf 73' lang='grc' dir='ltr'>ἕκαστος</span> <span class='ocrx_word' id='word_1_579' title='bbox 3166 3649 3314 3715; x_wconf 75' lang='grc' dir='ltr'>πρὸς</span> <span class='ocrx_word' id='word_1_580' title='bbox 3345 3651 3452 3702; x_wconf 79' lang='grc' dir='ltr'><strong>τὸν</strong></span> <span class='ocrx_word' id='word_1_581' title='bbox 3489 3651 3764 3717; x_wconf 68' lang='grc' dir='ltr'>πλησίον</span> 
     </span>
    </p>
   </div>
   <div class='ocr_carea' id='block_1_80' title="bbox 2173 3731 3762 3810">
    <p class='ocr_par' dir='ltr' id='par_1_80' title="bbox 2173 3731 3762 3810">
     <span class='ocr_line' id='line_1_80' title="bbox 2173 3731 3762 3810; baseline 0.006 -28"><span class='ocrx_word' id='word_1_582' title='bbox 2173 3731 2383 3785; x_wconf 82' lang='grc' dir='ltr'>αὐτοῦ.</span> <span class='ocrx_word' id='word_1_583' title='bbox 2418 3733 2710 3786; x_wconf 87' lang='grc' dir='ltr'>Τουτέστιν</span> <span class='ocrx_word' id='word_1_584' title='bbox 2749 3736 3009 3806; x_wconf 79' lang='grc' dir='ltr'>ἀπατηλὰ</span> <span class='ocrx_word' id='word_1_585' title='bbox 3036 3752 3050 3766; x_wconf 75' lang='grc' dir='ltr'><strong>ο</strong></span> <span class='ocrx_word' id='word_1_586' title='bbox 3084 3740 3142 3789; x_wconf 73' lang='grc' dir='ltr'><strong>οὐ</strong></span> <span class='ocrx_word' id='word_1_587' title='bbox 3182 3740 3343 3806; x_wconf 88' lang='grc' dir='ltr'>μόνον</span> <span class='ocrx_word' id='word_1_588' title='bbox 3384 3741 3492 3810; x_wconf 70' lang='grc' dir='ltr'><strong>γὰρ</strong></span> <span class='ocrx_word' id='word_1_589' title='bbox 3529 3744 3762 3810; x_wconf 70' lang='grc' dir='ltr'>ἡπάτων</span> 
     </span>
    </p>
   </div>
   <div class='ocr_carea' id='block_1_81' title="bbox 2171 3822 3754 3894">
    <p class='ocr_par' dir='ltr' id='par_1_81' title="bbox 2171 3822 3754 3894">
     <span class='ocr_line' id='line_1_81' title="bbox 2171 3822 3754 3894; baseline 0.01 -22"><span class='ocrx_word' id='word_1_590' title='bbox 2171 3822 2299 3884; x_wconf 74' lang='grc' dir='ltr'>τοὺς</span> <span class='ocrx_word' id='word_1_591' title='bbox 2358 3823 2697 3894; x_wconf 83' lang='grc' dir='ltr'>ἀλλοτρίους,</span> <span class='ocrx_word' id='word_1_592' title='bbox 2753 3825 2891 3880; x_wconf 78' lang='grc' dir='ltr'>ἀλλὰ</span> <span class='ocrx_word' id='word_1_593' title='bbox 2947 3827 3040 3880; x_wconf 78' lang='grc' dir='ltr'><strong>καὶ</strong></span> <span class='ocrx_word' id='word_1_594' title='bbox 3093 3828 3216 3892; x_wconf 80' lang='grc' dir='ltr'>τοὺς</span> <span class='ocrx_word' id='word_1_595' title='bbox 3262 3831 3498 3893; x_wconf 79' lang='grc' dir='ltr'>οἰκείους</span> <span class='ocrx_word' id='word_1_596' title='bbox 3547 3832 3754 3892; x_wconf 60' lang='grc' dir='ltr'>αὑτοῖςε</span> 
     </span>
    </p>
   </div>
   <div class='ocr_carea' id='block_1_82' title="bbox 2175 3915 3769 3993">
    <p class='ocr_par' dir='ltr' id='par_1_82' title="bbox 2175 3915 3769 3993">
     <span class='ocr_line' id='line_1_82' title="bbox 2175 3915 3769 3993; baseline 0.006 -27"><span class='ocrx_word' id='word_1_597' title='bbox 2175 3915 2409 3984; x_wconf 80' lang='grc' dir='ltr'>Πλησίον</span> <span class='ocrx_word' id='word_1_598' title='bbox 2445 3916 2554 3988; x_wconf 71' lang='grc' dir='ltr'>γὰρ</span> <span class='ocrx_word' id='word_1_599' title='bbox 2591 3917 2746 3970; x_wconf 81' lang='grc' dir='ltr'>καλεῖ</span> <span class='ocrx_word' id='word_1_600' title='bbox 2780 3919 2872 3974; x_wconf 84' lang='grc' dir='ltr'><strong>τὸν</strong></span> <span class='ocrx_word' id='word_1_601' title='bbox 2911 3918 3114 3990; x_wconf 76' lang='grc' dir='ltr'>ἔγγιον,</span> <span class='ocrx_word' id='word_1_602' title='bbox 3167 3923 3227 3973; x_wconf 79' lang='grc' dir='ltr'>οὐ</span> <span class='ocrx_word' id='word_1_603' title='bbox 3292 3924 3463 3993; x_wconf 82' lang='grc' dir='ltr'>τόπῳ,</span> <span class='ocrx_word' id='word_1_604' title='bbox 3517 3923 3632 3976; x_wconf 82' lang='grc' dir='ltr'>ἀλλ’</span> <span class='ocrx_word' id='word_1_605' title='bbox 3679 3928 3769 3976; x_wconf 75' lang='grc' dir='ltr'>οι-</span> 
     </span>
    </p>
   </div>
   <div class='ocr_carea' id='block_1_83' title="bbox 2175 4006 2437 4076">
    <p class='ocr_par' dir='ltr' id='par_1_83' title="bbox 2175 4006 2437 4076">
     <span class='ocr_line' id='line_1_83' title="bbox 2175 4006 2437 4076; baseline 0.015 -18"><span class='ocrx_word' id='word_1_606' title='bbox 2175 4006 2437 4076; x_wconf 85' lang='grc' dir='ltr'>κειότητι.</span> 
     </span>
    </p>
   </div>
   <div class='ocr_carea' id='block_1_84' title="bbox 2243 4211 3761 4287">
    <p class='ocr_par' dir='ltr' id='par_1_84' title="bbox 2243 4211 3761 4287">
     <span class='ocr_line' id='line_1_84' title="bbox 2243 4211 3761 4287; baseline 0.005 -23"><span class='ocrx_word' id='word_1_607' title='bbox 2243 4213 2426 4278; x_wconf 77' lang='grc' dir='ltr'>Χείλη</span> <span class='ocrx_word' id='word_1_608' title='bbox 2455 4211 2631 4266; x_wconf 75' lang='grc' dir='ltr'>δόλια</span> <span class='ocrx_word' id='word_1_609' title='bbox 2654 4213 2725 4266; x_wconf 83' lang='grc' dir='ltr'>ἐν</span> <span class='ocrx_word' id='word_1_610' title='bbox 2750 4213 2986 4282; x_wconf 79' lang='grc' dir='ltr'>καρδίᾳ,</span> <span class='ocrx_word' id='word_1_611' title='bbox 3021 4217 3118 4270; x_wconf 79' lang='grc' dir='ltr'>καὶ</span> <span class='ocrx_word' id='word_1_612' title='bbox 3145 4217 3214 4269; x_wconf 84' lang='grc' dir='ltr'><strong>ἐν</strong></span> <span class='ocrx_word' id='word_1_613' title='bbox 3244 4217 3456 4287; x_wconf 77' lang='grc' dir='ltr'>καρδίᾳ</span> <span class='ocrx_word' id='word_1_614' title='bbox 3483 4217 3761 4285; x_wconf 62' lang='grc' dir='ltr'>ἐλάλησα</span> 
     </span>
    </p>
   </div>
   <div class='ocr_carea' id='block_1_85' title="bbox 2174 4303 3762 4380">
    <p class='ocr_par' dir='ltr' id='par_1_85' title="bbox 2174 4303 3762 4380">
     <span class='ocr_line' id='line_1_85' title="bbox 2174 4303 3762 4380; baseline 0.005 -26"><span class='ocrx_word' id='word_1_615' title='bbox 2174 4303 2348 4355; x_wconf 73' lang='grc' dir='ltr'>κακά.</span> <span class='ocrx_word' id='word_1_616' title='bbox 2385 4304 2550 4372; x_wconf 81' lang='grc' dir='ltr'>Χείλη</span> <span class='ocrx_word' id='word_1_617' title='bbox 2577 4304 2726 4357; x_wconf 84' lang='grc' dir='ltr'>δόλια</span> <span class='ocrx_word' id='word_1_618' title='bbox 2757 4306 2904 4374; x_wconf 77' lang='grc' dir='ltr'>λέγει</span> <span class='ocrx_word' id='word_1_619' title='bbox 2936 4307 3027 4360; x_wconf 85' lang='grc' dir='ltr'><strong>τὸν</strong></span> <span class='ocrx_word' id='word_1_620' title='bbox 3060 4308 3252 4368; x_wconf 87' lang='grc' dir='ltr'>δόλιον,</span> <span class='ocrx_word' id='word_1_621' title='bbox 3286 4309 3359 4370; x_wconf 80' lang='grc' dir='ltr'>ὡς</span> <span class='ocrx_word' id='word_1_622' title='bbox 3408 4311 3513 4362; x_wconf 71' lang='grc' dir='ltr'>ἀπὸ</span> <span class='ocrx_word' id='word_1_623' title='bbox 3554 4311 3762 4380; x_wconf 83' lang='grc' dir='ltr'>μέρους</span> 
     </span>
    </p>
   </div>
   <div class='ocr_carea' id='block_1_86' title="bbox 2174 4395 3762 4474">
    <p class='ocr_par' dir='ltr' id='par_1_86' title="bbox 2174 4395 3762 4474">
     <span class='ocr_line' id='line_1_86' title="bbox 2174 4395 3762 4474; baseline 0.006 -28"><span class='ocrx_word' id='word_1_624' title='bbox 2174 4395 2262 4447; x_wconf 82' lang='grc' dir='ltr'>τὸ·</span> <span class='ocrx_word' id='word_1_625' title='bbox 2293 4396 2440 4448; x_wconf 80' lang='grc' dir='ltr'>πᾶν·</span> <span class='ocrx_word' id='word_1_626' title='bbox 2499 4399 2526 4450; x_wconf 87' lang='grc' dir='ltr'>ὁ</span> <span class='ocrx_word' id='word_1_627' title='bbox 2576 4399 2684 4468; x_wconf 76' lang='grc' dir='ltr'>γὰρ</span> <span class='ocrx_word' id='word_1_628' title='bbox 2731 4398 2905 4462; x_wconf 80' lang='grc' dir='ltr'>δόλιος</span> <span class='ocrx_word' id='word_1_629' title='bbox 2945 4401 3207 4472; x_wconf 78' lang='grc' dir='ltr'>ὲνοδιπλῇ</span> <span class='ocrx_word' id='word_1_630' title='bbox 3263 4403 3357 4456; x_wconf 78' lang='grc' dir='ltr'>καὶ</span> <span class='ocrx_word' id='word_1_631' title='bbox 3409 4403 3607 4474; x_wconf 74' lang='grc' dir='ltr'>καρδίᾳ</span> <span class='ocrx_word' id='word_1_632' title='bbox 3661 4405 3762 4456; x_wconf 68' lang='grc' dir='ltr'>καὶ</span> 
     </span>
    </p>
   </div>
   <div class='ocr_carea' id='block_1_87' title="bbox 2176 4487 3760 4564">
    <p class='ocr_par' dir='ltr' id='par_1_87' title="bbox 2176 4487 3760 4564">
     <span class='ocr_line' id='line_1_87' title="bbox 2176 4487 3760 4564; baseline 0.008 -26"><span class='ocrx_word' id='word_1_633' title='bbox 2176 4487 2369 4557; x_wconf 77' lang='grc' dir='ltr'>γνώμῃ</span> <span class='ocrx_word' id='word_1_634' title='bbox 2405 4488 2666 4560; x_wconf 79' lang='grc' dir='ltr'>ἐλάλησεν</span> <span class='ocrx_word' id='word_1_635' title='bbox 2716 4492 2862 4544; x_wconf 75' lang='grc' dir='ltr'>κακὰ</span> <span class='ocrx_word' id='word_1_636' title='bbox 2899 4493 2994 4545; x_wconf 72' lang='grc' dir='ltr'>καὶ</span> <span class='ocrx_word' id='word_1_637' title='bbox 3045 4493 3288 4564; x_wconf 76' lang='grc' dir='ltr'>βλαϐερά</span> <span class='ocrx_word' id='word_1_638' title='bbox 3318 4511 3332 4523; x_wconf 77' lang='grc'><strong><em>⁸</em></strong></span> <span class='ocrx_word' id='word_1_639' title='bbox 3378 4495 3486 4548; x_wconf 72' lang='grc' dir='ltr'>ἔσω</span> <span class='ocrx_word' id='word_1_640' title='bbox 3524 4497 3623 4564; x_wconf 84' lang='grc' dir='ltr'><strong>μὲν</strong></span> <span class='ocrx_word' id='word_1_641' title='bbox 3655 4496 3760 4549; x_wconf 83' lang='grc' dir='ltr'>ἁλ-</span> 
     </span>
    </p>
   </div>
   <div class='ocr_carea' id='block_1_88' title="bbox 490 4576 2063 4653">
    <p class='ocr_par' dir='ltr' id='par_1_88' title="bbox 490 4576 2063 4646">
     <span class='ocr_line' id='line_1_88' title="bbox 490 4576 2063 4646; baseline -0.01 -1"><span class='ocrx_word' id='word_1_642' title='bbox 490 4605 636 4646; x_wconf 89' lang='lat' dir='ltr'><strong>mum</strong></span> <span class='ocrx_word' id='word_1_643' title='bbox 669 4582 997 4642; x_wconf 84' lang='lat' dir='ltr'><strong>sententiam</strong></span> <span class='ocrx_word' id='word_1_644' title='bbox 1035 4593 1290 4645; x_wconf 86' lang='lat' dir='ltr'><strong>servans,</strong></span> <span class='ocrx_word' id='word_1_645' title='bbox 1336 4587 1387 4632; x_wconf 85' lang='lat' dir='ltr'><strong>et</strong></span> <span class='ocrx_word' id='word_1_646' title='bbox 1438 4577 1599 4631; x_wconf 87' lang='lat' dir='ltr'><strong>aliam</strong></span> <span class='ocrx_word' id='word_1_647' title='bbox 1653 4576 1833 4630; x_wconf 85' lang='lat' dir='ltr'><strong>verbis</strong></span> <span class='ocrx_word' id='word_1_648' title='bbox 1891 4577 2063 4646; x_wconf 77' lang='lat' dir='ltr'><strong>expri-</strong></span> 
     </span>
    </p>
   </div>
   <div class='ocr_carea' id='block_1_89' title="bbox 2169 4576 3622 4653">
    <p class='ocr_par' dir='ltr' id='par_1_89' title="bbox 2171 4578 3622 4653">
     <span class='ocr_line' id='line_1_89' title="bbox 2171 4578 3622 4653; baseline 0.008 -22"><span class='ocrx_word' id='word_1_649' title='bbox 2171 4578 2321 4633; x_wconf 80' lang='grc' dir='ltr'>λοέαν</span> <span class='ocrx_word' id='word_1_650' title='bbox 2360 4582 2587 4652; x_wconf 87' lang='grc' dir='ltr'>γνώμην</span> <span class='ocrx_word' id='word_1_651' title='bbox 2618 4583 2754 4653; x_wconf 77' lang='grc' dir='ltr'>ἔχων</span> <span class='ocrx_word' id='word_1_652' title='bbox 2781 4602 2793 4614; x_wconf 72' lang='grc' dir='ltr'><strong><em>ο</em></strong></span> <span class='ocrx_word' id='word_1_653' title='bbox 2822 4584 3021 4648; x_wconf 77' lang='grc' dir='ltr'>ἔξωθεν</span> <span class='ocrx_word' id='word_1_654' title='bbox 3053 4587 3108 4639; x_wconf 79' lang='grc' dir='ltr'><strong>δὲ</strong></span> <span class='ocrx_word' id='word_1_655' title='bbox 3141 4587 3362 4641; x_wconf 79' lang='grc' dir='ltr'>ἀλλοίαν</span> <span class='ocrx_word' id='word_1_656' title='bbox 3388 4589 3622 4653; x_wconf 71' lang='grc' dir='ltr'>δεικνύς.</span> 
     </span>
    </p>
   </div>
   <div class='ocr_carea' id='block_1_90' title="bbox 485 4696 642 4736">
    <p class='ocr_par' dir='ltr' id='par_1_90' title="bbox 485 4696 642 4736">
     <span class='ocr_line' id='line_1_90' title="bbox 485 4696 642 4736; baseline -0.013 0"><span class='ocrx_word' id='word_1_657' title='bbox 485 4696 642 4736; x_wconf 89' lang='lat' dir='ltr'><strong>mens</strong></span> 
     </span>
    </p>
   </div>
   <div class='ocr_carea' id='block_1_91' title="bbox 557 4783 2064 4856">
    <p class='ocr_par' dir='ltr' id='par_1_91' title="bbox 557 4783 2064 4856">
     <span class='ocr_line' id='line_1_91' title="bbox 557 4783 2064 4856; baseline -0.006 -11"><span class='ocrx_word' id='word_1_658' title='bbox 557 4793 720 4846; x_wconf 69' lang='lat' dir='ltr'><strong>Vens.</strong></span> <span class='ocrx_word' id='word_1_659' title='bbox 748 4790 802 4844; x_wconf 72' lang='grc'><strong>4.</strong></span> <span class='ocrx_word' id='word_1_660' title='bbox 835 4787 1113 4856; x_wconf 77' lang='lat' dir='ltr'><strong>Disperdet</strong></span> <span class='ocrx_word' id='word_1_661' title='bbox 1138 4785 1394 4839; x_wconf 77' lang='lat' dir='ltr'><strong>Dominus</strong></span> <span class='ocrx_word' id='word_1_662' title='bbox 1421 4785 1667 4837; x_wconf 75' lang='lat' dir='ltr'><strong>universa</strong></span> <span class='ocrx_word' id='word_1_663' title='bbox 1688 4783 1829 4836; x_wconf 81' lang='lat' dir='ltr'><strong>labia</strong></span> <span class='ocrx_word' id='word_1_664' title='bbox 1853 4783 2064 4846; x_wconf 74' lang='lat' dir='ltr'><strong>dolosa,</strong></span> 
     </span>
    </p>
   </div>
   <div class='ocr_carea' id='block_1_92' title="bbox 481 4876 2064 4954">
    <p class='ocr_par' dir='ltr' id='par_1_92' title="bbox 481 4876 2064 4954">
     <span class='ocr_line' id='line_1_92' title="bbox 481 4876 2064 4954; baseline -0.008 -12"><span class='ocrx_word' id='word_1_665' title='bbox 481 4898 530 4943; x_wconf 80' lang='lat' dir='ltr'><strong>et</strong></span> <span class='ocrx_word' id='word_1_666' title='bbox 565 4885 804 4954; x_wconf 83' lang='lat' dir='ltr'><strong>linguam</strong></span> <span class='ocrx_word' id='word_1_667' title='bbox 831 4880 1251 4951; x_wconf 83' lang='lat' dir='ltr'><strong>magniloquom.</strong></span> <span class='ocrx_word' id='word_1_668' title='bbox 1284 4877 1439 4947; x_wconf 83' lang='lat' dir='ltr'><strong>Apud</strong></span> <span class='ocrx_word' id='word_1_669' title='bbox 1479 4876 1817 4945; x_wconf 87' lang='lat' dir='ltr'><strong>Scripturam</strong></span> <span class='ocrx_word' id='word_1_670' title='bbox 1852 4891 2064 4930; x_wconf 81' lang='lat' dir='ltr'><strong>sacrant</strong></span> 
     </span>
    </p>
   </div>
   <div class='ocr_carea' id='block_1_93' title="bbox 483 4969 2065 5049">
    <p class='ocr_par' dir='ltr' id='par_1_93' title="bbox 483 4969 2065 5049">
     <span class='ocr_line' id='line_1_93' title="bbox 483 4969 2065 5049; baseline -0.008 -13"><span class='ocrx_word' id='word_1_671' title='bbox 483 4990 862 5049; x_wconf 65' lang='lat' dir='ltr'><strong>saepenumero</strong></span> <span class='ocrx_word' id='word_1_672' title='bbox 895 4973 1200 5044; x_wconf 88' lang='lat' dir='ltr'><strong>optativum</strong></span> <span class='ocrx_word' id='word_1_673' title='bbox 1237 4971 1458 5024; x_wconf 91' lang='lat' dir='ltr'><strong>modum</strong></span> <span class='ocrx_word' id='word_1_674' title='bbox 1497 4969 1722 5024; x_wconf 85' lang='lat' dir='ltr'><strong>formari</strong></span> <span class='ocrx_word' id='word_1_675' title='bbox 1760 4971 2065 5040; x_wconf 87' lang='lat' dir='ltr'><strong>reperimus</strong></span> 
     </span>
    </p>
   </div>
   <div class='ocr_carea' id='block_1_94' title="bbox 486 5059 2060 5132">
    <p class='ocr_par' dir='ltr' id='par_1_94' title="bbox 486 5059 2060 5132">
     <span class='ocr_line' id='line_1_94' title="bbox 486 5059 2060 5132; baseline -0.009 -4"><span class='ocrx_word' id='word_1_676' title='bbox 486 5075 541 5128; x_wconf 91' lang='lat' dir='ltr'><strong>iu</strong></span> <span class='ocrx_word' id='word_1_677' title='bbox 589 5073 833 5126; x_wconf 81' lang='lat' dir='ltr'><strong>futurum</strong></span> <span class='ocrx_word' id='word_1_678' title='bbox 887 5067 1190 5132; x_wconf 88' lang='lat' dir='ltr'><strong>indicativi,</strong></span> <span class='ocrx_word' id='word_1_679' title='bbox 1256 5066 1422 5119; x_wconf 85' lang='lat' dir='ltr'><strong>veluti</strong></span> <span class='ocrx_word' id='word_1_680' title='bbox 1485 5078 1650 5119; x_wconf 89' lang='lat' dir='ltr'><strong>nunc.</strong></span> <span class='ocrx_word' id='word_1_681' title='bbox 1702 5059 1868 5132; x_wconf 85' lang='lat' dir='ltr'><strong>Optat</strong></span> <span class='ocrx_word' id='word_1_682' title='bbox 1916 5063 2060 5116; x_wconf 90' lang='lat' dir='ltr'><strong>enim</strong></span> 
     </span>
    </p>
   </div>
   <div class='ocr_carea' id='block_1_95' title="bbox 481 5153 2066 5233">
    <p class='ocr_par' dir='ltr' id='par_1_95' title="bbox 481 5153 2066 5233">
     <span class='ocr_line' id='line_1_95' title="bbox 481 5153 2066 5233; baseline -0.007 -16"><span class='ocrx_word' id='word_1_683' title='bbox 481 5164 759 5233; x_wconf 81' lang='lat' dir='ltr'><strong>Propheta</strong></span> <span class='ocrx_word' id='word_1_684' title='bbox 783 5169 840 5215; x_wconf 93' lang='lat' dir='ltr'><strong>ut</strong></span> <span class='ocrx_word' id='word_1_685' title='bbox 865 5160 1042 5215; x_wconf 89' lang='lat' dir='ltr'><strong>dolosi</strong></span> <span class='ocrx_word' id='word_1_686' title='bbox 1077 5159 1297 5228; x_wconf 86' lang='lat' dir='ltr'><strong>penitus</strong></span> <span class='ocrx_word' id='word_1_687' title='bbox 1327 5156 1648 5226; x_wconf 86' lang='lat' dir='ltr'><strong>perdantur,</strong></span> <span class='ocrx_word' id='word_1_688' title='bbox 1679 5161 1734 5210; x_wconf 90' lang='lat' dir='ltr'><strong>et</strong></span> <span class='ocrx_word' id='word_1_689' title='bbox 1784 5153 1817 5207; x_wconf 92' lang='lat' dir='ltr'><strong>ii</strong></span> <span class='ocrx_word' id='word_1_690' title='bbox 1860 5153 2066 5222; x_wconf 87' lang='lat' dir='ltr'><strong>pariter</strong></span> 
     </span>
    </p>
   </div>
   <div class='ocr_carea' id='block_1_96' title="bbox 482 5247 2067 5328">
    <p class='ocr_par' dir='ltr' id='par_1_96' title="bbox 482 5247 2067 5328">
     <span class='ocr_line' id='line_1_96' title="bbox 482 5247 2067 5328; baseline -0.007 -18"><span class='ocrx_word' id='word_1_691' title='bbox 482 5257 576 5328; x_wconf 89' lang='lat' dir='ltr'><strong>qui</strong></span> <span class='ocrx_word' id='word_1_692' title='bbox 638 5257 908 5310; x_wconf 82' lang='lat' dir='ltr'><strong>adversus</strong></span> <span class='ocrx_word' id='word_1_693' title='bbox 951 5252 1282 5306; x_wconf 81' lang='lat' dir='ltr'><strong>inﬁrmiores</strong></span> <span class='ocrx_word' id='word_1_694' title='bbox 1322 5264 1573 5319; x_wconf 89' lang='lat' dir='ltr'><strong>quosque</strong></span> <span class='ocrx_word' id='word_1_695' title='bbox 1606 5247 1832 5318; x_wconf 82' lang='lat' dir='ltr'><strong>gloriari</strong></span> <span class='ocrx_word' id='word_1_696' title='bbox 1867 5261 1929 5300; x_wconf 87' lang='lat' dir='ltr'><strong>ac</strong></span> <span class='ocrx_word' id='word_1_697' title='bbox 1982 5247 2067 5315; x_wconf 85' lang='lat' dir='ltr'><strong>ja—</strong></span> 
     </span>
    </p>
   </div>
   <div class='ocr_carea' id='block_1_97' title="bbox 481 5339 2058 5411">
    <p class='ocr_par' dir='ltr' id='par_1_97' title="bbox 481 5339 2058 5411">
     <span class='ocr_line' id='line_1_97' title="bbox 481 5339 2058 5411; baseline -0.007 -8"><span class='ocrx_word' id='word_1_698' title='bbox 481 5362 628 5404; x_wconf 84' lang='lat' dir='ltr'><strong>ctare</strong></span> <span class='ocrx_word' id='word_1_699' title='bbox 667 5364 724 5402; x_wconf 90' lang='lat' dir='ltr'><strong>se</strong></span> <span class='ocrx_word' id='word_1_700' title='bbox 767 5347 971 5410; x_wconf 85' lang='lat' dir='ltr'><strong>solent,</strong></span> <span class='ocrx_word' id='word_1_701' title='bbox 1019 5343 1174 5400; x_wconf 86' lang='lat' dir='ltr'><strong>etde</strong></span> <span class='ocrx_word' id='word_1_702' title='bbox 1229 5341 1428 5411; x_wconf 85' lang='lat' dir='ltr'><strong>seipsis</strong></span> <span class='ocrx_word' id='word_1_703' title='bbox 1487 5355 1680 5410; x_wconf 75' lang='lat' dir='ltr'><strong>magna</strong></span> <span class='ocrx_word' id='word_1_704' title='bbox 1739 5339 2058 5409; x_wconf 67' lang='lat' dir='ltr'><strong>praedicare.</strong></span> 
     </span>
    </p>
   </div>
   <div class='ocr_carea' id='block_1_98' title="bbox 2253 4788 3755 4863">
    <p class='ocr_par' dir='ltr' id='par_1_98' title="bbox 2253 4788 3755 4863">
     <span class='ocr_line' id='line_1_98' title="bbox 2253 4788 3755 4863; baseline 0.005 -23"><span class='ocrx_word' id='word_1_705' title='bbox 2253 4788 2698 4856; x_wconf 74' lang='grc' dir='ltr'>Έξολοθρεύσει</span> <span class='ocrx_word' id='word_1_706' title='bbox 2727 4793 2940 4858; x_wconf 78' lang='grc' dir='ltr'>Κύριος</span> <span class='ocrx_word' id='word_1_707' title='bbox 2957 4793 3152 4846; x_wconf 77' lang='grc' dir='ltr'>πάντα</span> <span class='ocrx_word' id='word_1_708' title='bbox 3170 4798 3241 4848; x_wconf 80' lang='grc' dir='ltr'>τὰ</span> <span class='ocrx_word' id='word_1_709' title='bbox 3263 4797 3436 4863; x_wconf 80' lang='grc' dir='ltr'>χείλη</span> <span class='ocrx_word' id='word_1_710' title='bbox 3461 4795 3532 4848; x_wconf 79' lang='grc' dir='ltr'>τὰ</span> <span class='ocrx_word' id='word_1_711' title='bbox 3553 4795 3755 4858; x_wconf 73' lang='grc' dir='ltr'>δόλια,</span> 
     </span>
    </p>
   </div>
   <div class='ocr_carea' id='block_1_99' title="bbox 2170 4879 3761 4958">
    <p class='ocr_par' dir='ltr' id='par_1_99' title="bbox 2170 4879 3761 4958">
     <span class='ocr_line' id='line_1_99' title="bbox 2170 4879 3761 4958; baseline 0.006 -27"><span class='ocrx_word' id='word_1_712' title='bbox 2170 4879 2463 4947; x_wconf 75' lang='grc' dir='ltr'>γλῶσσαν</span> <span class='ocrx_word' id='word_1_713' title='bbox 2508 4885 3029 4952; x_wconf 75' lang='grc' dir='ltr'>μεταλορῤήμονα.</span> <span class='ocrx_word' id='word_1_714' title='bbox 3086 4887 3416 4957; x_wconf 83' lang='grc' dir='ltr'>Πολλάκιςὴ</span> <span class='ocrx_word' id='word_1_715' title='bbox 3475 4887 3664 4958; x_wconf 69' lang='grc' dir='ltr'>Γραφὴ</span> <span class='ocrx_word' id='word_1_716' title='bbox 3691 4890 3761 4941; x_wconf 77' lang='grc' dir='ltr'><strong>τὸ</strong></span> 
     </span>
    </p>
   </div>
   <div class='ocr_carea' id='block_1_100' title="bbox 2179 4971 3758 5052">
    <p class='ocr_par' dir='ltr' id='par_1_100' title="bbox 2179 4971 3758 5052">
     <span class='ocr_line' id='line_1_100' title="bbox 2179 4971 3758 5052; baseline 0.005 -28"><span class='ocrx_word' id='word_1_717' title='bbox 2179 4971 2428 5024; x_wconf 68' lang='grc' dir='ltr'>εὐκτικὸν</span> <span class='ocrx_word' id='word_1_718' title='bbox 2459 4975 2537 5035; x_wconf 77' lang='grc' dir='ltr'><strong>εἰς</strong></span> <span class='ocrx_word' id='word_1_719' title='bbox 2578 4975 2836 5043; x_wconf 79' lang='grc' dir='ltr'>μέλλοντα</span> <span class='ocrx_word' id='word_1_720' title='bbox 2867 4979 3062 5046; x_wconf 80' lang='grc' dir='ltr'>χρόνον</span> <span class='ocrx_word' id='word_1_721' title='bbox 3107 4981 3456 5050; x_wconf 77' lang='grc' dir='ltr'>σχηματίζει,</span> <span class='ocrx_word' id='word_1_722' title='bbox 3493 4982 3758 5052; x_wconf 82' lang='grc' dir='ltr'>καθάπερ</span> 
     </span>
    </p>
   </div>
   <div class='ocr_carea' id='block_1_101' title="bbox 2169 5063 3761 5146">
    <p class='ocr_par' dir='ltr' id='par_1_101' title="bbox 2169 5063 3761 5146">
     <span class='ocr_line' id='line_1_101' title="bbox 2169 5063 3761 5146; baseline 0.008 -30"><span class='ocrx_word' id='word_1_723' title='bbox 2169 5065 2260 5134; x_wconf 74' lang='grc' dir='ltr'>ἐπὶ</span> <span class='ocrx_word' id='word_1_724' title='bbox 2289 5063 2384 5116; x_wconf 77' lang='grc' dir='ltr'>τοῦ</span> <span class='ocrx_word' id='word_1_725' title='bbox 2430 5068 2716 5136; x_wconf 83' lang='grc' dir='ltr'>παρόντος.</span> <span class='ocrx_word' id='word_1_726' title='bbox 2753 5067 2984 5138; x_wconf 77' lang='grc' dir='ltr'>Εὕχεται</span> <span class='ocrx_word' id='word_1_727' title='bbox 3030 5071 3139 5143; x_wconf 77' lang='grc' dir='ltr'>γὰρ</span> <span class='ocrx_word' id='word_1_728' title='bbox 3184 5074 3512 5146; x_wconf 74' lang='grc' dir='ltr'>προρρίζους</span> <span class='ocrx_word' id='word_1_729' title='bbox 3542 5077 3761 5143; x_wconf 77' lang='grc' dir='ltr'>ἀφανι-</span> 
     </span>
    </p>
   </div>
   <div class='ocr_carea' id='block_1_102' title="bbox 2169 5158 3759 5238">
    <p class='ocr_par' dir='ltr' id='par_1_102' title="bbox 2169 5158 3759 5238">
     <span class='ocr_line' id='line_1_102' title="bbox 2169 5158 3759 5238; baseline 0.008 -28"><span class='ocrx_word' id='word_1_730' title='bbox 2169 5158 2362 5228; x_wconf 72' lang='grc' dir='ltr'>σθῆναι</span> <span class='ocrx_word' id='word_1_731' title='bbox 2385 5159 2509 5224; x_wconf 75' lang='grc' dir='ltr'>τοὺς</span> <span class='ocrx_word' id='word_1_732' title='bbox 2537 5161 2742 5226; x_wconf 83' lang='grc' dir='ltr'>δόλους,</span> <span class='ocrx_word' id='word_1_733' title='bbox 2776 5161 2934 5216; x_wconf 76' lang='grc' dir='ltr'>ἔτιδὲ</span> <span class='ocrx_word' id='word_1_734' title='bbox 2967 5165 3062 5218; x_wconf 78' lang='grc' dir='ltr'><strong>καὶ</strong></span> <span class='ocrx_word' id='word_1_735' title='bbox 3097 5167 3226 5230; x_wconf 79' lang='grc' dir='ltr'>τοὺς</span> <span class='ocrx_word' id='word_1_736' title='bbox 3249 5167 3759 5238; x_wconf 83' lang='grc' dir='ltr'>ἀλαζονευομένους</span> 
     </span>
    </p>
   </div>
   <div class='ocr_carea' id='block_1_103' title="bbox 2168 5253 3756 5329">
    <p class='ocr_par' dir='ltr' id='par_1_103' title="bbox 2168 5253 3756 5329">
     <span class='ocr_line' id='line_1_103' title="bbox 2168 5253 3756 5329; baseline 0.006 -25"><span class='ocrx_word' id='word_1_737' title='bbox 2168 5253 2308 5305; x_wconf 83' lang='grc' dir='ltr'><strong>κατὰ</strong></span> <span class='ocrx_word' id='word_1_738' title='bbox 2342 5255 2450 5306; x_wconf 80' lang='grc' dir='ltr'>τῶν</span> <span class='ocrx_word' id='word_1_739' title='bbox 2483 5255 2908 5325; x_wconf 82' lang='grc' dir='ltr'>ἀσθενεστέρων,</span> <span class='ocrx_word' id='word_1_740' title='bbox 2967 5258 3063 5310; x_wconf 72' lang='grc' dir='ltr'>καὶ</span> <span class='ocrx_word' id='word_1_741' title='bbox 3107 5260 3321 5329; x_wconf 84' lang='grc' dir='ltr'>μεγάλα</span> <span class='ocrx_word' id='word_1_742' title='bbox 3363 5263 3492 5325; x_wconf 80' lang='grc' dir='ltr'>περὶ</span> <span class='ocrx_word' id='word_1_743' title='bbox 3536 5262 3756 5314; x_wconf 79' lang='grc' dir='ltr'>ἑαυτῶν</span> 
     </span>
    </p>
   </div>
   <div class='ocr_carea' id='block_1_104' title="bbox 2171 5346 3761 5422">
    <p class='ocr_par' dir='ltr' id='par_1_104' title="bbox 2171 5346 3761 5422">
     <span class='ocr_line' id='line_1_104' title="bbox 2171 5346 3761 5422; baseline 0.007 -27"><span class='ocrx_word' id='word_1_744' title='bbox 2171 5346 2578 5414; x_wconf 67' lang='grc' dir='ltr'>κομπάζοντας.</span> <span class='ocrx_word' id='word_1_745' title='bbox 2619 5350 2690 5401; x_wconf 84' lang='grc' dir='ltr'><strong>Ἢ</strong></span> <span class='ocrx_word' id='word_1_746' title='bbox 2721 5351 2815 5401; x_wconf 71' lang='grc' dir='ltr'><strong>καὶ</strong></span> <span class='ocrx_word' id='word_1_747' title='bbox 2848 5349 3182 5422; x_wconf 59' lang='grc' dir='ltr'>προφητεύει</span> <span class='ocrx_word' id='word_1_748' title='bbox 3215 5352 3314 5421; x_wconf 83' lang='grc' dir='ltr'><strong>τὴν</strong></span> <span class='ocrx_word' id='word_1_749' title='bbox 3361 5351 3572 5405; x_wconf 79' lang='grc' dir='ltr'>τούτων</span> <span class='ocrx_word' id='word_1_750' title='bbox 3613 5371 3761 5406; x_wconf 83' lang='grc' dir='ltr'>παν-</span> 
     </span>
    </p>
   </div>
   <div class='ocr_carea' id='block_1_105' title="bbox 1845 5521 2406 5586">
    <p class='ocr_par' dir='ltr' id='par_1_105' title="bbox 1845 5521 2406 5586">
     <span class='ocr_line' id='line_1_105' title="bbox 1845 5521 2406 5586; baseline 0.007 -4"><span class='ocrx_word' id='word_1_751' title='bbox 1845 5521 2044 5582; x_wconf 68' lang='lat' dir='ltr'><strong>Variae</strong></span> <span class='ocrx_word' id='word_1_752' title='bbox 2077 5522 2406 5586; x_wconf 84' lang='lat' dir='ltr'><strong>lectiones.</strong></span> 
     </span>
    </p>
   </div>
   <div class='ocr_carea' id='block_1_106' title="bbox 557 5655 927 5727">
    <p class='ocr_par' dir='ltr' id='par_1_106' title="bbox 557 5655 927 5727">
     <span class='ocr_line' id='line_1_106' title="bbox 557 5655 927 5727; baseline 0 -19"><span class='ocrx_word' id='word_1_753' title='bbox 557 5655 669 5727; x_wconf 74' lang='lat'><strong>(55)</strong></span> <span class='ocrx_word' id='word_1_754' title='bbox 706 5671 798 5722; x_wconf 81' lang='grc' dir='ltr'>γρ.</span> <span class='ocrx_word' id='word_1_755' title='bbox 830 5655 927 5726; x_wconf 77' lang='grc' dir='ltr'><strong>τῷ.</strong></span> 
     </span>
    </p>
   </div>
  </div>
