4090 6212
398 336 509 401 173

1544 338 1941 400 COMMENT.
1985 337 2068 397 IN
2108 335 2240 397 PSA
2252 336 2466 396 LMOS.

3546 329 3647 392 174

388 446 658 519 ωλεθρίαν
692 450 1008 505 σ’διδάσκων
1052 451 1107 504 δὲ
1152 451 1305 515 τίνας
1349 451 1502 520 λέγει
1545 451 1965 522 μεγαλορῤήμο-

2079 447 2164 501 Vel
2196 464 2385 503 eorum
2434 447 2671 500 futuram
2712 446 3223 501 exterminationem
3270 442 3554 515 pra~dicit:
3593 454 3646 495 et

390 558 508 605 νας,
544 543 844 612 ἐπήγαγεν·

470 723 616 789 Τοὺς
648 727 929 793 εἰπόντας
960 745 973 759 ⁸
1012 728 1132 796 Τὴν
1179 727 1476 798 γλῶσσαν
1509 730 1679 799 ἡμῶν
1700 736 1966 799 μεγαλυ-

391 814 640 883 νοῦμεν.
671 817 814 880 Τοὺς
850 820 1226 890 σκεψαμένους
1262 822 1318 874 ὲν
1356 822 1562 886 αὐτοῖς,
1604 823 1686 875 ὅτι
1715 823 1970 889 Μεγαλο⁴

391 904 613 973 νοῦμεν,
682 908 797 978 ῆτοι
863 891 1075 979 μεγᾶίλα
1134 915 1231 965 καὶ
1285 912 1584 977 ἀλαζονικὰ
1636 913 1969 982 φθέγγεσθαι

393 999 897 1069 παρασκευάσομεν
921 1002 1023 1072 τὴν
1054 1003 1311 1071 γλῶσσαν
1341 1005 1520 1075 ἡμῶν.

477 1181 555 1257 Τὰ
586 1183 762 1251 χείλη
794 1183 965 1252 ἡμῶν
996 1186 1133 1254 παρ’
1166 1188 1310 1255 ἡμῖν
1334 1188 1487 1253 ἐστι,
1523 1189 1614 1255 τίς
1650 1189 1821 1257 ἡμῶν
1858 1192 1973 1245 Κύ-

389 1276 528 1341 ριός
556 1275 732 1329 ἐστιν
756 1293 774 1341 ;
803 1278 1068 1341 Είπόντας
1093 1281 1194 1344 ἔτι,
1241 1281 1316 1345 ὡς
1365 1283 1556 1349 Ἡμεῖς
1583 1282 1971 1353 ἐξουσιάζομεν

400 1366 508 1418 τῶν
543 1366 769 1437 χειλέων
812 1370 988 1440 ἡμῶν,
1028 1373 1120 1424 καὶ
1165 1371 1507 1427 λοιπὸνίτίνα
1537 1373 1858 1445 δεδοίκαμεν
1898 1376 1973 1447 μὴ

393 1456 621 1510 τοιαῦτα
643 1459 823 1525 λέγειν
846 1475 864 1526 ;
895 1462 1001 1514 Καὶ
1031 1463 1111 1526 τίς
1137 1465 1168 1535 η
1177 1463 1290 1533 μῶν
1307 1465 1553 1536 κωλυτὴς
1586 1468 1693 1520 τῶν
1705 1468 1971 1522 τοιούτων

389 1547 567 1615 λόγων
591 1566 607 1614 ;

463 1640 716 1695 Ἕνεκεν
732 1640 842 1707 τῆς
871 1646 1273 1719 ταλαιπωρίας
1300 1648 1422 1700 τῶν
1446 1650 1701 1718 πτωχῶν
1731 1652 1830 1706 καί
1864 1646 1972 1706 τοῦ

384 1734 729 1802 στεναγμοῦ
784 1734 903 1789 τῶν
964 1739 1245 1804 πενήτων
1268 1783 1285 1805 ,
1346 1742 1465 1794 νῦν
1524 1744 1971 1815 ἁναστήσομαι,

395 1826 548 1894 λέγει
567 1829 808 1896 Κύριος.
834 1830 1065 1895 ’Τὸ-νῦν,
1095 1834 1217 1886 ἀντὶ
1250 1835 1346 1886 τοῦ
1374 1836 1511 1888 τότε
1538 1836 1792 1905 ληπτέον,
1830 1838 1972 1891 κατά

384 1917 479 1970 τὸν
501 1920 785 1988 πρέποντα
811 1922 1028 1992 καιρὸν,
1064 1922 1133 1973 ἶν’
1230 1925 1499 1988 τοιοῦτον,
1523 1925 1599 1987 ὡς
1632 1928 1970 1996 Τηνικαῦτα,

387 2010 558 2077 φησὶν
604 2012 634 2063 δ
665 2012 923 2081 Χριστὸς,
968 2015 1351 2083 ἀναστήσομαι
1388 2017 1486 2068 τοῦ
1538 2019 1733 2085 τάφου,
1788 2021 1976 2071 ’ἕνεκεν

388 2102 492 2169 τῆς
514 2102 891 2174 ταλαιπωρίας
912 2105 1022 2158 τῶν
1039 2106 1340 2174 δεδεμένων
1360 2110 1425 2176 τῇ
1451 2108 1628 2179 πλάνῃ
1650 2110 1717 2162 δι’
1735 2111 1976 2179 ἄγνοιαν,

391 2192 518 2261 ἥτις
540 2194 890 2264 ταλαιπωρία
917 2196 1145 2264 γέγονεν
1172 2200 1355 2263 αὐτοῖς
1388 2201 1509 2254 ἀντὶ
1536 2202 1629 2253 τοῦ
1649 2204 1978 2273 στεναγμοῦ,

400 2283 526 2337 καθ’
554 2286 622 2355 ἣν
684 2287 1108 2359 ἀποδεδώκαμεν
1145 2291 1427 2361 ἐξήγησιν,
1471 2294 1865 2364 ἑρμηνεύοντες
1895 2296 1975 2361 τὸ,

401 2376 527 2428 οὐκ
543 2376 869 2432 ἐπελάθετο
885 2379 995 2446 τῆς
1006 2380 1276 2447 κραυγῆς
1295 2382 1412 2436 τῶν
1423 2384 1721 2452 πενήτων.
1743 2386 1874 2456 ’Λκή
1885 2403 1974 2439 κοε

396 2465 453 2519 δὲ
480 2467 637 2521 τοῦτο
664 2469 832 2524 Δαϐὶδ
870 2474 981 2535 τοῖς
1017 2478 1374 2544 προφητικοῖς
1407 2476 1531 2531 ὠσί.
1570 2477 1708 2530 Φασῖ
1738 2477 1796 2531 δέ
1826 2496 1972 2544 τινες

394 2558 612 2628 πτωχὸν
650 2552 749 2630 μὲν
778 2561 1061 2616 καλεῖσθαι
1086 2565 1178 2617 τὸν
1211 2566 1319 2618 ἀπὸ
1351 2567 1583 2640 πλούτου
1617 2571 1969 2634 πεπτωκότα,

396 2650 540 2704 κατὰ
576 2652 638 2704 τό
663 2669 679 2682 ·
722 2654 1010 2711 Πλούσιοι
1043 2657 1436 2727 ἐπτώχευσαν
1469 2677 1483 2690 υ
1524 2662 1734 2730 πένητα
1765 2664 1844 2727 δὲ,
1881 2665 1975 2718 τὸν

394 2741 487 2795 διὰ
545 2745 711 2799 πόνου
751 2747 861 2800 τῶν
894 2749 1113 2803 οἰκείων
1146 2751 1348 2822 χειρῶν
1394 2755 1604 2827 τροφὴν
1662 2759 1972 2826 ἀναγκαίαν

398 2837 781 2908 κομιζόμενον.
814 2841 1062 2895 Τοιοῦτοι
1082 2843 1139 2896 δὲ
1157 2848 1251 2899 καὶ
1270 2848 1319 2900 οἱ
1339 2848 1627 2905 πιστεῦσαι
1663 2850 1969 2919 μέλλοντες·

397 2928 499 2990 τὰς
528 2945 587 2981 τε
613 2928 725 3000 γὰρ
762 2931 951 2997 οὐσίας
991 2936 1422 3007 περιῃρέθησαν,
1460 2941 1553 2994 καὶ
1583 2941 1639 2994 αί
1664 2944 1845 3013 χεῖρες
1875 2944 1976 2997 αὐ-

399 3021 517 3083 τοῖς
549 3020 833 3092 διηκόνουν
863 3026 945 3088 είς
966 3024 1067 3097 τὴν
1098 3028 1291 3099 χρείαν
1313 3029 1407 3084 τοῦ
1434 3031 1686 3100 σώματος
1720 3053 1737 3067 ·
1766 3035 1979 3107 λαμῦά-

2071 540 2278 594 ducens
2314 541 2536 608 quinam
2580 540 2614 592 ii
2659 541 2787 605 sint,
2832 539 2926 611 qui
2960 554 3116 593 suam
3158 538 3509 607 magniﬁcam
3541 539 3646 589 lin-

2070 645 2231 699 guam
2270 630 2497 699 subiicit
2530 648 2545 683 :

2145 717 2313 773 Vens.
2338 720 2390 773 5.
2417 718 2780 784 Qutdiscruut
2803 735 2818 771 :
2840 718 3098 788 Linguam
3133 733 3372 772 nostram
3405 718 3649 784 magni/i-

2071 809 2335 863 cabimus.
2373 809 2506 871 Eos.
2539 809 2739 877 inquit,
2783 810 2873 879 qui
2927 813 3065 863 intra
3117 824 3175 863 se
3210 810 3520 879 cogitarunt
3564 809 3652 859 di-

2071 914 2265 957 centes
2294 920 2307 955 :
2359 903 2819 973 Magni/imbuitur
2854 901 3086 971 linguam
3112 912 3372 964 nostram,
3408 900 3512 954 hoc
3546 910 3650 962 est,

2073 992 2272 1063 Magna
2316 1004 2368 1048 et
2395 994 2729 1063 jactabunda
2766 994 3015 1064 quautam
3047 993 3501 1063 prirparabimus,
3533 1009 3655 1062 quae

2074 1092 2260 1136 nostra
2286 1084 2545 1154 loquatur
2578 1084 2783 1156 lingua.

2142 1173 2314 1229 Labia
2349 1185 2533 1229 nostra
2553 1179 2705 1247 apud
2728 1196 2826 1232 nos
2860 1186 3009 1241 sunt,
3039 1180 3155 1247 quis
3183 1187 3362 1230 noster
3394 1174 3652 1228 Dominus

2075 1268 2194 1322 est?
2232 1266 2336 1334 Qui
2377 1278 2430 1323 et
2463 1268 2594 1324 illud
2630 1268 2895 1324 dixerunt
2927 1286 2942 1324 :
2978 1270 3090 1325 Nos
3124 1271 3394 1324 labiorum
3430 1277 3652 1322 nostro—

2074 1376 2193 1415 rum
2236 1370 2561 1431 potcstatem
2601 1363 2907 1426 habemus,’
2940 1373 2993 1417 et
3045 1377 3344 1433 quemnam
3391 1359 3654 1427 deinceps

2075 1457 2392 1512 timebimus
2420 1476 2432 1510 :
2472 1467 2525 1513 ut
2562 1459 2667 1513 ista
2702 1474 2809 1512 non
2840 1459 3092 1513 dicamus
3117 1458 3142 1510 ?
3171 1465 3225 1513 et
3268 1456 3393 1525 quis
3421 1455 3531 1510 erit
3559 1456 3653 1523 qui

2074 1566 2357 1607 sermones
2385 1561 2609 1609 nostros
2632 1563 2946 1624 compescat
2971 1554 2995 1606 ?

2147 1642 2312 1697 Vens.
2362 1643 2415 1701 6.
2476 1646 2699 1713 Pr0pter
2732 1646 3001 1700 miseriam
3044 1646 3257 1714 inopum
3305 1654 3355 1698 et
3394 1642 3650 1714 gemitum

2073 1752 2362 1804 pauperum
2419 1755 2557 1792 nunc
2607 1755 2909 1810 exsurgam,
2962 1739 3095 1792 dicit
3153 1736 3433 1792 Dominus.
3470 1734 3652 1790 Dictio

2077 1847 2215 1881 nunc
2244 1846 2340 1899 pro
2369 1841 2490 1884 tunc
2514 1832 2829 1901 accipienda
2868 1842 2971 1897 est,
3026 1833 3134 1907 hoc
3166 1842 3271 1899 est,
3296 1848 3417 1886 cum
3450 1824 3647 1901 oppor-

2077 1931 2271 1972 tunum
2305 1929 2523 1989 tempus
2568 1921 2754 1985 fuerit,
2790 1932 2849 1976 ut
2882 1925 2953 1977 sit
2988 1939 3189 1978 sensus
3222 1939 3235 1977 :
3265 1921 3444 1989 Tunc,
3476 1923 3656 1991 inquit

2082 2013 2364 2077 Christus,
2419 2028 2700 2082 resurgam
2764 2029 2793 2067 e
2850 2016 3132 2082 sepultura
3189 2026 3409 2083 propter
3458 2030 3655 2070 eorum

2095 2100 2395 2163 miseriam,
2416 2102 2508 2170 qui
2537 2102 2854 2171 ignoranter
2883 2105 2937 2156 in
2963 2118 3206 2158 errorem
3224 2107 3486 2176 captivati
3510 2122 3660 2164 sunt.

2092 2191 2313 2249 Miseria
2361 2203 2544 2249 autem
2583 2194 2673 2249 illa
2705 2195 2961 2250 clamoris
3005 2197 3126 2250 loco
3154 2196 3234 2252 eis
3272 2195 3378 2252 fuit
3403 2210 3454 2254 et
3492 2203 3664 2270 gemi~

2088 2295 2177 2340 tus
2213 2303 2227 2339 :
2254 2286 2406 2355 juxta
2432 2302 2493 2340 ea
2524 2302 2646 2356 quas
2674 2287 2929 2356 superius
2972 2288 3216 2344 diximus
3246 2291 3299 2344 in
3332 2289 3552 2347 Psalmo
3584 2311 3661 2359 ix,

2077 2377 2150 2431 ihi
2186 2393 2202 2430 :
2234 2376 2354 2430 Non
2391 2386 2470 2432 est
2502 2378 2699 2431 oblitus
2731 2377 3010 2431 clamarem
3036 2394 3349 2446 pauperum.
3386 2381 3501 2438 Dici
3532 2399 3661 2440 vero

2075 2468 2193 2522 haec
2243 2483 2273 2521 a
2310 2467 2541 2521 Domino
2575 2468 2839 2523 audiebat
2866 2469 3060 2524 beatus
3102 2470 3266 2525 David
3317 2475 3658 2543 propheticis

2073 2561 2305 2615 auribus
2338 2562 2475 2617 suis.
2510 2560 2873 2630 lnops,juxta
2910 2560 3085 2616 Graeci
3119 2563 3361 2621 nominis
3389 2568 3659 2638 etymolo-

2072 2654 2245 2724 giam,
2276 2653 2323 2708 is
2348 2652 2585 2718 dicitur,
2607 2652 2699 2724 qui
2734 2670 2762 2707 a
2797 2663 2939 2709 stattt
2982 2670 3085 2709 suo
3119 2656 3349 2720 decidit,
3396 2674 3560 2729 quem
3602 2670 3658 2715 et

2075 2759 2177 2799 nos
2209 2745 2446 2800 dicimus
2475 2745 2635 2815 quasi
2662 2745 2778 2800 sine
2812 2748 3018 2814 opibus,
3065 2748 3218 2816 juxta
3249 2749 3383 2803 illud
3414 2768 3427 2804 :
3467 2749 3658 2817 Inopes

2077 2835 2210 2903 facti
2230 2845 2353 2889 sunt
2375 2834 2587 2889 divites.
2621 2834 2837 2905 Pauper
2860 2850 2989 2889 vero
3016 2836 3172 2906 juxta
3207 2840 3454 2893 eamdem
3479 2840 3654 2896 Graeci

2080 2931 2320 2984 nominis
2360 2927 2773 3000 etymologiam,
2813 2928 2861 2983 is
2904 2928 3011 2983 dici
3060 2936 3261 3000 potest,
3297 2930 3390 3002 qui
3434 2935 3656 3004 proprio

2082 3021 2271 3077 labore
2317 3021 2688 3077 necessarium
2735 3020 2839 3077 sibi
2878 3020 3084 3075 victum
3127 3014 3307 3093 parat,
3343 3025 3654 3095 cuiusmodi

396 3127 551 3202 νεται
606 3113 666 3168 δὲ
707 3116 968 3182 πολλάκις
1020 3120 1117 3174 καὶ
1175 3112 1508 3194 ἀδιαφόρως,
1562 3128 1683 3181 ἀντὶ
1739 3128 1971 3202 θατέρου

2080 3113 2234 3169 fuere
2266 3128 2460 3168 omnes
2510 3112 2604 3181 qui
2666 3114 2825 3184 primi
2875 3113 3036 3170 tidem
3085 3117 3400 3187 suscepturi
3450 3130 3654 3191 erant;

396 3200 652 3276 θάτερον.
683 3207 842 3262 Ἔστι
870 3210 929 3263 δὲ
960 3211 1051 3265 καὶ
1095 3212 1271 3278 ἄλλως
1304 3216 1479 3271 εἰπεῖν
1497 3233 1515 3249 ο
1544 3219 1713 3287 Φησὶν
1739 3221 1768 3273 ὁ
1797 3200 1931 3285 Sed;
1956 3239 1970 3253 ·

399 3294 502 3347 Διὰ
540 3297 640 3367 τὴν
665 3298 1048 3372 ταλαιπωρίαν
1081 3302 1170 3358 καὶ
1205 3304 1298 3358 τὸν
1323 3309 1627 3378 στεναγμὸν
1674 3310 1782 3363 τῶν
1804 3329 1974 3366 καταο

399 3387 789 3455 πονουμένων,
832 3389 930 3444 νῦν
976 3395 1371 3466 κινηθήσομαι,
1401 3399 1714 3464 τουτέστιν,
1749 3402 1971 3471 αὐτίκα,

396 3472 587 3536 εὐθὺς,
616 3479 848 3546 ταχέως.
879 3478 1210 3554 Θεοπρεπῶς
1232 3484 1291 3539 δὲ
1317 3487 1428 3540 νόει
1453 3488 1513 3542 τὸ
1535 3491 1970 3563 Κινηθήσομαι,

398 3566 498 3619 καὶ
521 3567 583 3621 τὸ
615 3569 869 3638 Ἀμυνῶ,
891 3574 941 3626 εί
962 3576 1056 3628 καὶ
1078 3576 1709 3655 ἀνθρωποπρεπέστερον
1731 3585 1968 3657 εἴρηται.

2072 3206 2276 3276 quippe
2297 3206 2390 3276 qui
2420 3205 2578 3260 bonis
2605 3205 2860 3262 omnibus
2886 3208 3108 3278 privati,
3136 3210 3371 3281 propriis
3399 3213 3655 3270 manibus

2077 3300 2390 3355 necessaria
2429 3300 2533 3355 sibi
2581 3299 2765 3354 omnia
2797 3312 3136 3372 paraverunt
3168 3325 3179 3359 :
3227 3308 3445 3363 tametsi
3486 3324 3657 3379 smpe-

2073 3407 2304 3448 numero
2339 3392 2652 3462 promiscue
2698 3394 2930 3449 alterum
2975 3410 3074 3462 pro
3116 3398 3291 3452 altero
3325 3394 3650 3470 accipiatur.

2072 3487 2371 3543 Possumus
2392 3494 2447 3542 et
2476 3486 2639 3543 aliter
2663 3483 2870 3550 dicere,
2902 3485 3046 3544 Dens
3068 3500 3292 3562 propter
3324 3492 3653 3549 amictorum

2069 3580 2304 3650 gemitus
2349 3587 2404 3632 et
2447 3579 2750 3643 miseriam,
2792 3580 2929 3634 dixit
2965 3598 2977 3633 :
3031 3581 3188 3637 Nunc
3235 3586 3523 3652 movebar,
3555 3599 3653 3640 seu
3754 3652 3757 3655 Ἴ

399 3660 662 3729 ulciscar,
700 3662 805 3719 hoc
832 3673 938 3732 est,
970 3667 1080 3722 cito
1109 3683 1173 3724 ac
1203 3673 1387 3726 statim
1427 3674 1476 3728 id
1507 3673 1729 3732 faciam.
1772 3678 1973 3735 Decent

2079 3689 2237 3729 amen
2273 3686 2337 3749 ac
2367 3670 2532 3739 digne
2572 3668 2685 3726 Deo
2720 3670 2964 3739 intellige
2999 3673 3164 3727 verba
3210 3674 3299 3729 illa
3328 3693 3342 3729 :
3377 3675 3652 3747 Havebar,

394 3764 503 3807 et:
554 3748 821 3808 Viudicam
842 3771 1071 3822 sumam,
1128 3760 1343 3815 tametsi
1404 3763 1647 3817 humano
1696 3767 1933 3837 quodam
1976 3777 2129 3820 more
2164 3760 2313 3812 dicta
2344 3765 2494 3810 sunt.

474 3848 745 3918 ϐήσομαι
773 3850 844 3905 ἐν
862 3853 1153 3921 σωτηρίῳ,
1176 3856 1668 3925 παρῤησιάσομαι
1692 3857 1762 3909 ἐν
1790 3856 1978 3921 αὐτῷ.

398 3940 801 4012 Ιίνημονεύσας
834 3944 935 4015 τῆς
968 3945 1345 4009 ἀναστάσεως,
1381 3946 1715 4016 μνημονεύει
1747 3947 1840 4001 καὶ
1880 3948 1979 4017 τῆς

397 4036 605 4104 ταφῆς,
635 4036 985 4106 ἀναστρέψας
1016 4037 1109 4089 τὸν
1149 4031 1311 4105 λόγον
1347 4037 1441 4088 ἐπὶ
1468 4040 1560 4090 τὸν
1605 4036 1696 4090 διὰ
1744 4039 1978 4109 σταυροῦ

398 4128 653 4180 θάνατον.
690 4129 809 4181 "Et:
843 4130 976 4200 γὰρ,
1003 4131 1158 4199 φησι,
1188 4131 1284 4182 καὶ
1316 4129 1476 4183 τοῦτο
1510 4130 1658 4198 λέγει
1690 4132 1718 4185 ὀ
1752 4131 1976 4203 Κύριος,

397 4222 486 4274 ὅτι
538 4220 887 4292 Τεθήσομαι,
937 4224 1207 4286 τουτέστι,
1274 4226 1743 4297 προσπαγὴσομαι
1791 4227 1850 4280 ἐν
1902 4224 1980 4296 τῷ

401 4314 647 4384 σταυρῷ.
708 4313 912 4368 Τοῦτον
969 4317 1080 4386 γὰρ
1144 4316 1488 4387 ὑποληπτέον
1542 4320 1828 4390 σωτήριον.
1889 4319 1981 4389 Τῷ

398 4407 593 4477 δόρατι
630 4406 740 4478 γὰρ
773 4407 867 4460 τοῦ
914 4407 1151 4479 σταυροῦ
1197 4411 1615 4481 κατακοντήσας
1657 4413 1747 4465 τὸν
1779 4410 1979 4484 τύραν-

402 4517 519 4564 νον,
559 4500 763 4553 ἔσωσεν
805 4501 977 4570 ἡμᾶς,
1033 4500 1128 4553 καὶ
1184 4499 1328 4553 σώαν
1376 4501 1475 4573 τὴν
1530 4503 1848 4575 ἐλευθερίαν
1882 4504 1982 4574 τῆς

406 4591 621 4662 πλάνης
660 4592 958 4662 ἐχαρίσατο
983 4607 998 4621 °
1032 4593 1129 4646 καὶ
1166 4593 1529 4657 ἀσθενοῦντας
1572 4596 1728 4666 πρὶν,
1768 4595 1977 4667 ἔρρωσε

407 4684 554 4737 κατά
586 4683 696 4738 τῶν
721 4683 992 4754 δαιμόνων
1014 4700 1027 4715 ο
1058 4684 1543 4754 παρῤησιάσομαι
1574 4686 1630 4738 δὲ
1689 4685 1761 4739 ἐν
1794 4684 1975 4750 αὐτῷ,

2154 3850 2362 3903 Ponant
2396 3849 2448 3900 in
2499 3849 2763 3909 salutari,
2818 3850 2982 3905 libere
3040 3870 3200 3924 agant
3262 3859 3314 3910 iu
3364 3876 3448 3913 eo.
3517 3861 3654 3915 Cum

2075 3944 2146 3999 de
2198 3938 2603 3994 resurrectione
2667 3940 3010 4005 meminerit,
3064 3947 3311 4000 meminit
3360 3958 3416 4004 et
3470 3958 3656 4021 sepul-

2081 4026 2571 4091 turte'sermonem
2618 4031 2827 4086 faciens
2855 4032 2923 4088 de
2966 4044 3142 4091 morte
3180 4054 3341 4107 quam
3390 4043 3444 4098 in
3495 4061 3660 4102 cruce

2078 4127 2400 4185 sustinuit:
2455 4140 2523 4180 ex
2562 4124 2768 4180 Christi
2820 4124 2964 4179 enim
3040 4143 3273 4198 persona
3319 4133 3437 4191 lucc
3488 4138 3653 4192 etiam

2080 4222 2223 4277 dicta
2253 4227 2407 4274 sunt.
2435 4215 2634 4281 Ponar,
2654 4215 2856 4286 inquit,
2890 4217 2992 4273 hoc
3022 4227 3107 4274 est
3142 4220 3359 4294 intigar,
3383 4226 3436 4283 in
3468 4243 3657 4295 cruce.

2080 4329 2244 4384 quam
2295 4311 2537 4367 salutare
2592 4308 2725 4364 illud
2756 4326 2879 4367 esse
2917 4314 3212 4379 credimus.
3253 4318 3321 4374 de
3355 4335 3465 4390 quo
3515 4338 3661 4379 nunc

2081 4406 2352 4474 loquitur,
2390 4404 2594 4475 quippe
2640 4419 2767 4460 cum
2807 4404 2914 4460 hoc
2940 4407 3129 4462 crucis
3158 4407 3364 4479 jaculo,
3404 4414 3661 4473 Christus

2084 4508 2375 4570 tyrannum
2400 4490 2705 4552 daamonem
2741 4498 3079 4555 transﬁxerit
3114 4521 3127 4556 :
3176 4504 3320 4560 unde
3349 4517 3402 4562 et
3428 4509 3660 4565 salvam

2086 4604 2211 4654 nos,
2243 4598 2297 4644 et
2326 4589 2631 4644 libertatem
2663 4589 2826 4645 nobis
2851 4592 3132 4649 erroribus
3158 4594 3385 4652 liberam
3418 4614 3481 4655 ac
3513 4603 3663 4658 salt.-

2091 4695 2258 4737 tarem
2293 4682 2513 4736 donavit
2538 4697 2554 4740 :
2581 4691 2635 4736 et
2671 4697 2795 4737 cum
2826 4690 2984 4738 antea
3016 4684 3218 4741 infirmi
3249 4704 3520 4758 essemus,
3547 4693 3663 4751 for-

407 4776 712 4838 τουτέστιν,
746 4774 806 4826 ἐν
827 4773 978 4841 αὐτῷ
1007 4771 1352 4842 δημοσιεῦσω
1383 4774 1482 4844 τὴν
1504 4773 1974 4844 ὲπικρυπτομένηκ

2084 4784 2167 4828 tes
2218 4781 2409 4828 contra
2475 4775 2753 4829 dtemones
2814 4774 3071 4831 reddidit.
3134 4776 3291 4845 Quod
3346 4798 3475 4838 vero
3531 4787 3660 4844 ait:

406 4869 470 4920 ἐν
505 4868 631 4936 ἐμοὶ
680 4865 912 4935 δύναμιν
947 4882 963 4899 ⁸
998 4865 1267 4939 διερῤἀγη
1317 4865 1427 4935 γὰρ
1459 4869 1520 4919 τὸ
1557 4866 1983 4936 καταπέτασμα,

2084 4862 2270 4917 Libera
2303 4880 2460 4934 agam
2504 4865 2557 4918 in
2594 4881 2677 4930 eo,
2742 4866 2883 4920 idem
2925 4867 3031 4923 sibi
3084 4871 3202 4927 vult
3232 4888 3297 4928 ac
3341 4876 3390 4931 si
3435 4877 3662 4944 diceret,

404 4962 437 5012 ὁ
492 4961 646 5031 ἥλιος
688 4959 1000 5027 ἐσκοτίσθη,
1050 4959 1107 5012 αἱ
1160 4962 1356 5030 πέτραι
1413 4956 1767 5028 ἐσχίσθησαν,
1824 4958 1856 5027 ἡ
1909 4957 1974 5026 γῆ

2086 4955 2231 5025 quod
2263 4955 2317 5009 in
2352 4957 2468 5026 ipsa
2502 4970 2669 5012 cruce
2699 4958 3002 5027 publicabit
3033 4975 3096 5017 ac
3138 4962 3306 5021 libere
3357 4970 3665 5039 prepalahit

405 5052 649 5120 ἐσείσθη,
678 5051 771 5104 καὶ
806 5053 907 5105 ὅσα
931 5049 1051 5105 τότε
1083 5052 1372 5119 γεγόνασιν
1397 5050 1634 5114 ἐξαίσια.
1667 5051 1735 5102 Ἦ
1782 5050 1946 5103 πάλιν
1967 5064 1981 5079 ο

404 5145 659 5214 Θήσομαι
716 5144 915 5207 αὐτοὺς
972 5144 1054 5207 εἰς
1118 5142 1414 5213 σωτηρίαν,
1479 5143 1650 5213 ἤγουν
1705 5142 1981 5223 σωτηρίας

406 5234 652 5302 ἀξιώσω,
684 5236 779 5289 καὶ
807 5234 1257 5306 παρρησιάσομαι
1292 5235 1351 5287 ἐν
1373 5236 1440 5306 τῇ
1470 5232 1697 5306 τοιαύτῃ
1735 5233 1981 5304 σωτηρίᾳ

406 5328 616 5394 αὐτῶν,
651 5328 817 5400 ἦγουν
849 5325 1171 5397 φανερώσω,
1198 5324 1357 5391 δείξω
1380 5326 1480 5396 τὴν
1514 5327 1691 5396 ίσχῦν.

2087 5048 2361 5103 occultam
2404 5055 2598 5113 antea,
2634 5058 2796 5119 atque
2847 5053 3088 5123 ignotam
3131 5058 3431 5127 potentiam
3482 5074 3661 5114 suam.

2088 5137 2223 5223 Nam
2252 5147 2307 5195 et
2337 5140 2516 5194 velum
2541 5142 2723 5212 templi
2754 5152 2883 5201 tunc
2915 5144 3150 5203 scissum
3179 5162 3282 5216 est,
3314 5159 3368 5206 et
3398 5134 3481 5205 sol
3510 5151 3666 5203 obte-

2092 5231 2377 5295 nebratus,
2407 5240 2462 5287 et
2494 5239 2638 5288 terra
2671 5246 2967 5306 commota,
2992 5247 3049 5296 et
3090 5249 3256 5310 petrae
3298 5240 3564 5303 discissar,
3607 5251 3664 5295 et.

2085 5323 2413 5379 admiranda
2463 5323 2569 5380 alia
2623 5330 2988 5400 contigerunt.
3054 5329 3148 5387 Vel
3213 5330 3419 5383 aliter:
3482 5328 3661 5400 [quia

405 5426 662 5482 Graecum
684 5424 910 5477 verbum
958 5414 1216 5491 θήσομαι.
1243 5428 1301 5474 ut
1328 5420 1570 5475 futurum
1645 5419 1907 5482 medium,
1964 5427 2072 5470 tam
2112 5418 2344 5472 activam
2400 5433 2562 5489 quam
2618 5423 2890 5490 passivam
2958 5420 3412 5492 significationem
3478 5422 3663 5486 halwt.

404 5523 590 5592 legere
639 5529 795 5588 potes
843 5515 952 5570 alio
982 5516 1143 5572 modo
1174 5532 1189 5568 :
1220 5514 1421 5570 Ponant
1466 5515 1522 5568 in
1555 5515 1806 5571 salutari.
1846 5514 1952 5567 hoc
1985 5511 2115 5578 est],
2147 5510 2351 5567 Ponant
2379 5528 2474 5568 eos
2507 5514 2558 5568 in
2590 5515 2824 5569 salutent
2855 5533 2869 5568 :
2902 5514 3007 5567 hoc
3045 5520 3131 5566 cst
3158 5511 3350 5565 faciam
3416 5530 3507 5567 eos
3578 5533 3659 5568 sav

409 5622 527 5673 lutc
595 5614 825 5681 dignos;
880 5612 938 5665 in
985 5608 1293 5679 huiusmodi
1342 5611 1506 5664 etiam
1570 5612 1747 5667 salute
1800 5608 1969 5663 libere
1999 5621 2208 5684 agant:
2256 5606 2361 5661 hoc
2415 5617 2500 5662 est
2540 5607 2706 5661 libere
2752 5608 2969 5674 loquar,
3043 5613 3096 5658 et
3164 5604 3340 5674 palam
3408 5612 3663 5667 Οιιιιὶὶίιιις

406 5710 706 5767 declarabo
736 5707 880 5762 vires
912 5720 1082 5760 meas.

488 5807 563 5859 Τὰ
587 5805 765 5873 λόγια
810 5801 1055 5869 Κυρίου,
1104 5803 1278 5871 λόγια
1316 5800 1489 5869 ἁγνά.
1522 5799 1709 5865 Εἰπὼν
1740 5800 1821 5854 ὃτι
1852 5798 1980 5853 τάδε

2158 5797 2327 5849 "Eas.
2350 5789 2408 5843 7.
2445 5788 2671 5856 Eloquia
2702 5787 2915 5869 Domini
2940 5787 3151 5853 eloquia
3183 5797 3354 5842 casta.
3389 5790 3524 5842 Cum
3556 5785 3663 5834 Do-
