4082 6212
291 328 387 391 177

1428 329 1821 395 COMMENT.
1869 332 1950 393 ΙΝ
1984 333 2118 394 PSA
2128 334 2349 399 LMOS.

3450 340 3549 407 173

286 441 642 512 προαγορεύει
670 461 677 467 ο
710 440 1118 511 ὲπιγέγραπτιι
1150 442 1229 502 δὲ.
1275 444 1454 512 ’Υπὲρ
1484 444 1593 513 τῆς
1624 448 1863 516 ὀγδόης.

1974 458 2027 506 et
2054 452 2261 505 scelera
2288 452 2391 507 hoc
2424 453 2647 509 Psalmo
2678 454 3051 524 reprehendit,
3072 454 3292 512 unicum
3325 455 3392 511 ad
3424 473 3551 526 pro-

282 534 366 589 διά
389 536 452 588 τὸ
466 534 598 589 Νῦν
614 535 1064 604 ἀναστήσομοι,
1098 536 1192 588 καὶ
1215 536 1282 589 τά
1299 538 1522 606 ἑφεξῆς,
1544 541 1607 608 τῇ
1628 540 1873 595 ἀναστά-

282 643 361 678 σει
393 626 595 696 μᾶλλον
628 626 720 678 τοῦ
755 626 1006 698 Σωτῆρος
1027 627 1364 698 ἁρμόζοντα.
1399 630 1461 682 Εἰ
1486 632 1595 702 γὰρ
1625 632 1721 685 καὶ
1748 633 1873 686 ταῦ-

280 734 344 770 τα
386 718 521 788 πρὸς
551 718 645 770 τὸν
671 716 838 771 Δαΰὶδ
858 718 1185 789 ἑλκῦσομεν,
1219 719 1412 791 ὥσπερ
1439 722 1745 791 ἀκηκοότος
1772 723 1869 777 τοῦ

281 808 411 862 Θεοῦ
442 810 537 862 καὶ
577 811 1017 881 ὑπισχνουμένου
1043 813 1337 884 κινηθῆναι
1383 816 1523 868 κατὰ
1548 815 1642 868 τὸν
1673 815 1869 886 καιρὸν

280 902 369 971 τῆς
401 901 701 972 ἐπιϐουλῆς
730 906 810 966 είς
837 904 1118 975 ἐκδίκησιν
1150 904 1339 970 αὐτοῦ,
1378 908 1474 959 καὶ
1515 907 1693 960 θεῐναι
1742 908 1867 971 τοὺς

281 996 528 1064 πτωχοὺς
576 995 673 1047 καὶ
700 995 938 1066 πένητας
969 998 1051 1059 είς
1080 996 1378 1068 σωτηρίαν,
1413 997 1507 1051 καὶ
1543 1000 1864 1071 παρρησιά-

282 1085 496 1147 σασθαι,
529 1087 779 1141 τουτέστι
823 1088 1061 1158 φανῆναι
1115 1088 1337 1159 ἰσχυρὸς
1369 1094 1462 1143 καὶ
1511 1092 1722 1155 δίκαιος
1775 1091 1867 1144 διὰ

282 1178 377 1245 τῆς
412 1179 694 1248 σωτηρίας
720 1180 934 1233 αὐτῶν·
965 1181 1437 1252 ἐναντιωθήσομαι
1473 1186 1540 1253 τῇ
1577 1186 1862 1254 ἐπιγραφῇ

277 1267 368 1336 τῆς
391 1268 616 1339 ὀγδόης.
653 1271 852 1324 ’ἰστέον
884 1269 964 1336 δὲ,
988 1271 1073 1324 ὃτι
1093 1271 1153 1323 τὸ
1181 1275 1449 1344 σωτήριον
1484 1273 1862 1344 οὐδετέρως,ή

281 1378 422 1432 σωτη
434 1364 549 1433 pia.

1972 543 2146 613 priam
2189 544 2422 598 salutem
2458 543 2629 599 Deum
2685 546 2948 602 invocans
2981 563 3001 612 ξ
3036 547 3195 617 quasi
3238 547 3386 602 nulla
3436 549 3549 617 jam

1971 634 2209 706 amplius
2249 636 2298 688 ei
2338 651 2466 706 spes
2507 646 2824 707 superesset
2877 639 2931 693 in
2964 638 3172 691 auxilio
3218 640 3553 703 amicorum,

1969 727 2063 797 qui
2096 742 2217 783 sese
2266 728 2960 799 hostibus-adiunxissent,
2997 737 3050 785 et
3089 744 3326 800 quorum
3361 730 3555 784 interi-

1970 828 2085 873 tum
2115 818 2204 872 hic
2236 819 2525 888 praedicit:
2574 821 2748 889 ipsius
2791 821 2959 876 etiam
3010 819 3141 875 Saul
3174 835 3236 875 ac
3274 822 3553 877 sociorum

1962 908 2288 979 iactantiam
2312 911 2664 965 evertendam
2698 926 2820 965 esse
2846 910 3239 980 praenuntians.
3273 909 3376 963 Pro
3405 919 3555 963 octa-

1964 1018 2029 1055 va
2090 1017 2221 1056 vero
2273 1003 2575 1073 inscriptus
2630 1010 2716 1058 est
2768 1010 2993 1073 propter
3037 1004 3129 1056 illa
3164 1004 3366 1064 verba,
3400 1001 3555 1055 Nunc

1967 1109 2306 1163 resurgam:
2367 1094 2489 1164 Quae
2544 1104 2725 1148 tamen
2796 1094 3191 1151 resnrrectioni
3252 1092 3556 1148 Salvaturis

1967 1200 2277 1256 congruere
2335 1187 2507 1254 magis
2554 1187 2832 1243 videntur.
2889 1186 3022 1240 Nam
3073 1186 3283 1257 siqnis
3335 1182 3555 1237 trahere

1963 1278 2094 1332 velit
2124 1293 2348 1333 sensum
2389 1278 2681 1334 verborum
2711 1278 2779 1333 ad
2813 1280 3036 1334 beatum
3070 1277 3264 1342 David,
3288 1268 3552 1344 tanquam

1965 1372 2079 1440 ipse
2106 1371 2381 1425 audiverit
2412 1370 2580 1426 Deum
2607 1371 3020 1441 promittentem
3041 1372 3192 1433 seei,
3226 1369 3552 1424 insidiarum

285 1464 530 1524 tempore
560 1459 615 1512 in
646 1460 914 1515 auxilium
944 1462 1329 1527 adventurum,
1364 1473 1419 1519 et
1450 1462 1518 1518 ad
1546 1463 1665 1534 eius
1691 1464 1991 1518 vindictam
2023 1482 2037 1518 :
2069 1474 2122 1519 et
2160 1464 2467 1533 positurum
2508 1465 2738 1535 insuper
2798 1479 3067 1534 pauperes
3136 1478 3331 1517 omnes
3389 1470 3555 1531 atque

282 1551 467 1621 inopes
516 1554 571 1607 in
618 1555 818 1619 salute,
856 1556 1077 1613 demum
1124 1559 1295 1614 libere
1327 1574 1385 1614 se
1419 1568 1697 1621 acturum,
1751 1560 1853 1613 hoc
1894 1567 2004 1621 est,
2036 1559 2236 1613 fortem
2275 1562 2564 1629 acjustnm
2588 1577 2647 1616 se
2686 1559 3140 1629 conspiciendum
3209 1574 3354 1623 csse,
3429 1573 3555 1627 pro-

278 1653 391 1710 pter
444 1645 663 1700 illorum
724 1649 958 1703 salutem
996 1668 1010 1704 :
1060 1651 1107 1705 si
1153 1653 1299 1720 quis,
1345 1652 1592 1721 inquam,
1629 1667 1854 1707 sensum
1895 1648 2245 1706 Psalmiilluc
2282 1653 2499 1707 trahere
2530 1651 2789 1711 voluerit,
2845 1666 2952 1705 non
3009 1647 3343 1703 videbuntur
3388 1647 3552 1698 verba

278 1735 477 1792 Psalmi
518 1741 897 1811 inscriptioni,
932 1743 1038 1797 Pro
1065 1755 1273 1807 octona,
1333 1745 1663 1799 convenire.

278 1832 679 1888 substantivum
711 1844 817 1896 est,
858 1846 909 1891 et
944 1839 1165 1903 ponitur
1186 1855 1289 1907 pro
1320 1840 1524 1893 salute.

554 1929 657 1995 Eli;
686 1929 751 1981 τὸ
794 1929 969 1993 τέλος
997 1932 1239 1997 gradui);-
1271 1931 1350 1996 τῷ
1383 1932 1581 1985 Δαϐίδ.

847 2024 1142 2081 ΨΑΑΜΟΣ
1198 2027 1296 2081 IB'.

343 2117 503 2171 Μετά
532 2118 634 2187 τὴν
683 2119 933 2187 μοιχείαν
981 2120 1289 2189 Βηρσαόέε,
1332 2122 1427 2173 καὶ
1452 2121 1544 2175 τὸν
1575 2122 1737 2188 φόνον
1770 2118 1867 2173 τοῦ

280 2209 466 2281 ἀνδρὸς
517 2213 689 2280 αὐτῆς
722 2213 947 2283 Οὐρίου,
980 2213 1263 2283 διαφόροις
1317 2213 1635 2285 περιπεσὼν
1668 2232 1866 2282 πειρα-

282 2305 431 2372 σμοῖς
458 2304 488 2355 6
515 2304 706 2369 Δαὸὶδ,
734 2306 831 2375 ἦτε
860 2304 1107 2375 θυγάτηρ
1137 2306 1302 2360 αὑτοῦ
1329 2306 1485 2378 παρά
1504 2308 1597 2360 τοῦ
1630 2308 1865 2375 ἀδελφοῦ

280 2397 439 2468 αὐτῆς
489 2397 747 2469 Ἀμνὼν*
805 2402 901 2454 καὶ
933 2399 1026 2454 τὸν
1082 2400 1295 2470 Ἀμνὼν
1346 2403 1375 2456 6
1421 2402 1653 2471 ἀδελφὸς
1694 2403 1867 2469 αὐτῆς

295 2489 611 2561 Ἀὄεσαλὼμ
664 2493 866 2554 ἀνεῖλε,
913 2495 1009 2547 καὶ
1045 2496 1156 2547 τῶν
1198 2494 1498 2558 βασιλικῶν
1550 2497 1720 2548 οἴκων
1765 2495 1866 2548 οὐκ

282 2581 538 2652 ἐλαχίστη
578 2583 772 2652 γέγονε
820 2583 1081 2655 σύγχυσις
1101 2601 1116 2616 ·
1149 2588 1274 2640 ἐπεὶ
1311 2588 1625 2640 τελευταῖον
1655 2586 1751 2639 καὶ
1773 2604 1867 2638 τυ-

286 2677 501 2745 ραννίδα
532 2677 839 2749 μελετήσας
862 2681 890 2732 6
915 2681 1044 2740 παῖς
1071 2675 1226 2743 οὗτος
1266 2679 1614 2750 Ἀὗεσαλὼμ,
1646 2680 1864 2752 ἀπήλαο

286 2785 339 2820 σε
370 2768 471 2836 μὲν
516 2771 683 2824 αὐτὸν
732 2772 833 2841 τῆς
883 2771 1193 2841 βασιλείας,
1236 2775 1337 2827 οὐκ
1371 2773 1568 2843 ἔστησε
1611 2775 1667 2827 δὲ
1702 2775 1865 2845 μέχρι

283 2856 467 2914 τούτου
498 2860 593 2913 τὸν
617 2861 810 2931 θυμὸν,
831 2861 968 2916 ἀλλά
988 2864 1084 2926 τὰς
1108 2864 1370 2933 δυνάμεις
1391 2865 1583 2919 τούτου
1607 2866 1867 2936 συνεκρό-

282 2968 435 3021 τησε,
486 2954 584 3007 καὶ
616 2957 1063 3024 παρεσκευάζετο
1115 2958 1456 3023 καταδιῶξαι
1501 2961 1594 3011 τὸν
1625 2960 1864 3029 πατέρα,

285 3043 376 3095 καὶ
427 3045 660 3098 ἀνελεῖν.
703 3046 1187 3118 Ἀναλογιζόμενος
1209 3052 1237 3103 6
1265 3049 1431 3104 Δασὶδ
1461 3051 1521 3103 τὸ
1550 3049 1755 3121 πλῆθος
1771 3050 1865 3104 καὶ

289 3134 513 3203 μέγεθος
534 3135 645 3189 τῶν
677 3136 997 3208 συμφορῶν,
1048 3137 1190 3210 ᾤετο
1220 3140 1323 3211 τὴν
1359 3139 1696 3210 δηλωθεῖσαν
1741 3157 1864 3210 μοι-

287 3226 432 3295 χείαν
461 3229 677 3284 καὶτὸν
724 3231 888 3301 φόνον
937 3232 1007 3287 τά
1043 3233 1272 3288 τοιαῦτα
1314 3235 1646 3306 προξενῆσαι
1692 3236 1862 3299 κακὰ,

289 3319 739 3387 ἐγκαταλιπόντος
776 3323 943 3378 αὑτὸν
994 3324 1091 3380 τοῦ
1125 3324 1285 3390 Θεοῦ,
1316 3330 1365 3381 εί
1418 3327 1513 3381 καὶ
1557 3327 1863 3396 τηνικαῦτα

290 3414 657 3487 συνεχωρήθη.
687 3418 779 3470 Διὸ
821 3417 917 3470 καὶ
946 3417 1037 3470 τὸν
1056 3419 1302 3489 παρόντα
1333 3418 1598 3489 συνέθηκε
1627 3418 1862 3489 ψαλμὸν,

294 3508 420 3575 μετά
445 3508 542 3562 τὸν
570 3509 774 3580 τρίτον,
816 3511 906 3564 ὅτε
937 3511 967 3564 6
998 3512 1172 3566 Χουσὶ
1202 3510 1567 3576 διασκεδάσας
1597 3512 1699 3582 τὴν
1735 3510 1863 3581 βου·

290 3598 692 3673 λὴνἋχιτόφελ,
723 3604 801 3670 ὡς
832 3608 1263 3677 προειρήκαμεν,
1294 3606 1565 3676 ἐμήνυσεν
1597 3606 1745 3677 αὑτῴ
1764 3607 1865 3677 τὴν

296 3694 514 3766 μελέτην
552 3700 740 3751 πᾶσαν
768 3698 1114 3769 ³Α6εσαλὼμ,
1142 3701 1236 3753 καὶ
1268 3699 1329 3753 τὸ
1354 3699 1631 3771 πρακτέον
1670 3700 1865 3755 ὑπέθε-

292 3804 361 3841 το.
410 3790 514 3857 Εἰς
540 3790 611 3844 τὸ
659 3793 836 3857 τέλος
869 3793 1301 3863 ἐπιγέγραπται.
1332 3794 1421 3848 διὰ
1453 3793 1561 3865 τὴν
1594 3795 1653 3848 ἐν
1687 3792 1866 3863 τούτῳ

296 3883 589 3956 πρόρρησιν
621 3888 721 3958 τῆς
755 3887 850 3940 τοῦ
884 3886 1248 3958 πολεμοῦντος
1279 3889 1471 3959 ἥττης,
1513 3890 1595 3951 εἰς
1625 3888 1688 3941 τδ
1711 3888 1864 3950 τέλος

294 3973 667 4049 ὲκὸεϐηκυίας.
702 3980 1116 4048 Ἀγαλλιάσεται
1152 3982 1263 4055 γὰρ
1289 4025 1302 4047 ,
1347 3983 1538 4053 φησὶν,
1585 3983 1616 4051 ή
1666 3981 1864 4052 καρδία

298 4084 385 4135 μου
414 4071 508 4123 ἐπὶ
534 4073 611 4142 τῷ
639 4073 897 4144 σωτηρίῳ
932 4091 1046 4130 σου.

354 4247 497 4315 Ἕως
519 4251 689 4315 πότε,
715 4252 915 4320 Κύριε,
934 4252 1199 4323 ἐπιλήσῃ
1214 4271 1336 4322 μου
1354 4257 1441 4319 εις
1461 4252 1639 4318 τέλος
1663 4268 1684 4316 ;
1707 4251 1863 4323 Λήθη

299 4344 384 4410 μίν
428 4347 578 4398 ἐστιν
611 4346 859 4416 ἀποϐολὴ
910 4349 1166 4418 μνήμηςο
1192 4348 1272 4419 τῷ
1299 4348 1418 4419 Θεῷ
1458 4349 1515 4402 δὲ
1566 4348 1748 4402 πάντα
1778 4351 1864 4401 ὲν.

294 4432 444 4519 «iam,
500 4437 601 4491 καὶ
640 4438 738 4508 οὔχ
779 4438 836 4492 αἱ
866 4437 1096 4508 πράξεις
1135 4439 1319 4509 μόνον,
1372 4439 1511 4493 ἀλλά
1542 4439 1639 4493 καὶ
1670 4438 1741 4492 τὰ
1764 4437 1862 4492 τοῦ

294 4526 372 4579 νοῦ
404 4531 701 4598 κινήματα.
753 4529 940 4601 Λήθην
961 4528 1057 4585 οῦν
1085 4531 1182 4584 ἐπὶ
1208 4530 1370 4596 Θεοῦ,
1402 4531 1501 4603 τὴν
1534 4529 1858 4599 ἐγκατάλει-

1744 1742 2044 1798 Scirndum
2077 1757 2164 1799 est
2192 1744 2381 1809 etiam,
2415 1746 2561 1815 quod
2596 1746 2842 1802 salutare
2901 1743 2989 1799 hic
3032 1750 3285 1798 neutrum
3358 1756 3557 1794 nomen

2285 1927 2349 1981 In
2380 1929 2539 1996 ﬁnem
2583 1927 2833 1980 Psolmus
2885 1925 2987 1991 ipsi
3041 1924 3237 1977 David.

2532 2018 2855 2073 PSALMUS
2889 2018 3001 2073 XII.

2042 2113 2173 2169 Post
2206 2113 2536 2169 adulterium
2581 2113 2867 2168 Bersabete
2898 2122 2950 2168 et
2984 2120 3107 2182 post
3152 2113 3355 2167 caedem
3386 2111 3554 2177 Uriar,

1969 2222 2095 2261 cum
2131 2208 2184 2260 in
2205 2207 2388 2261 varias
2419 2206 2707 2260 incidisset
2739 2206 3086 2260 calamitates
3114 2206 3306 2260 beatus
3337 2203 3505 2258 David
3536 2220 3552 2256 :

1969 2299 2174 2369 quippe
2204 2314 2328 2352 cum
2365 2306 2419 2353 et
2446 2298 2553 2352 filia
2582 2298 2703 2366 ejus
2737 2296 2983 2352 Thamar
3014 2298 3083 2351 ab
3120 2296 3352 2350 Ammon
3385 2295 3554 2350 fratre

1971 2390 2167 2446 fuisset
2194 2399 2481 2460 corrupta,
2532 2399 2586 2445 et
2615 2392 2828 2445 Amnon
2868 2406 2898 2444 a
2948 2391 3117 2445 fratre
3148 2391 3421 2444 Alisalone
3463 2389 3553 2442 in-

1971 2492 2276 2551 teremptus
2307 2499 2321 2540 :
2363 2484 2505 2538 unde
2536 2498 2644 2537 non
2679 2482 2979 2538 mediocris
3015 2483 3270 2539 confusio
3304 2483 3356 2537 in
3398 2484 3551 2553 regia

1971 2574 2061 2627 illa
2108 2575 2274 2630 domo
2305 2584 2425 2629 orta
2461 2584 2595 2631 est:
2649 2576 2925 2645 prmcipue
2979 2591 3102 2629 cum
3151 2577 3268 2646 ipse
3313 2576 3550 2630 Absalau

1971 2677 2251 2737 postremo
2283 2668 2637 2738 tyrannidem
2671 2670 2838 2723 etiam
2873 2667 3234 2731 alfeetaverit,
3256 2676 3311 2721 ct
3343 2678 3550 2736 patrem

1971 2773 2141 2827 regno
2170 2761 2462 2828 expulerit,
2490 2768 2545 2816 et
2566 2772 2857 2817 crescente
2883 2762 2935 2814 iu
2979 2761 3308 2814 immensum
3341 2759 3553 2820 furore,

1969 2837 2343 2921 copias‘etiam
2372 2853 2656 2924 collegerit
2686 2865 2741 2909 et
2774 2863 3095 2923 perSecutus
3122 2854 3194 2906 sit
3229 2861 3458 2923 patrem,
3496 2860 3552 2903 ct

1970 2944 2287 3000 interimere
2330 2945 2495 3000 etiam
2540 2962 2665 3001 eum
2718 2956 2953 3001 conatus
2981 2945 3094 3001 sit:
3126 2961 3249 2997 cum
3301 2944 3467 3010 igitur
3494 2944 3548 2997 in

1972 3035 2073 3090 lias
2101 3052 2295 3093 omnes
2330 3039 2675 3093 calamitates
2711 3039 2997 3094 incidisset
3023 3039 3216 3093 beatus
3237 3035 3424 3093 David;
3469 3044 3551 3086 at-

1969 3146 2075 3200 que
2107 3130 2290 3184 animo
2316 3146 2413 3186 eas
2464 3146 2683 3203 semper
2736 3132 3063 3196 revolveret,
3108 3128 3447 3185 existimavit
3490 3142 3550 3182 se

1969 3223 2041 3277 ob
2083 3224 2441 3278 commissum
2476 3223 2752 3288 adulterii,
2810 3232 2863 3278 ct
2920 3224 3084 3277 caedis
3132 3223 3344 3277 crimen
3377 3221 3549 3274 tantis

1917 3314 1938 3333 ‘
1967 3315 2204 3385 opprimi
2229 3315 2390 3370 malis
2425 3333 2439 3369 :
2485 3324 2539 3371 ct
2584 3330 2899 3387 quanquam
2932 3317 3062 3370 olim
3108 3315 3213 3370 sibi
3252 3313 3545 3368 remissum

1971 3406 2163 3462 fuisset
2206 3415 2515 3477 peccaturo,
2558 3408 2767 3464 veritus
2813 3417 2991 3463 tamen
3038 3422 3098 3461 se
3155 3421 3185 3458 a
3234 3405 3344 3460 Deo
3376 3404 3550 3459 fuisse

1966 3498 2316 3565 derelictum,
2347 3500 2497 3556 hunc
2551 3501 2831 3555 Psalmum
2862 3498 3214 3566 conscripsit,
3270 3504 3394 3567 post
3439 3506 3549 3550 lcr-

1966 3588 2127 3656 tium,
2149 3590 2371 3659 quando
2395 3592 2561 3646 Clinsi
2593 3591 2754 3662 fregit
2776 3591 3069 3646 consilium
3101 3590 3452 3655 Aeliitoiiliel.
3488 3599 3548 3644 nt

1962 3682 2076 3751 jam
2105 3685 2482 3752 praediximus.
2519 3684 2631 3739 lloc
2664 3694 2847 3739 autem
2878 3685 3118 3747 Psalmo,
3149 3692 3201 3738 ct
3250 3684 3549 3738 Absalonis

1969 3776 2064 3831 ﬁlii
2100 3778 2465 3847 cogitationes
2498 3779 2814 3847 explicavit,
2850 3786 2906 3831 et
2937 3792 3058 3845 qua:
3089 3786 3356 3831 eventura
3391 3788 3548 3831 erant

1968 3870 2260 3938 praedixit:
2295 3882 2461 3941 atque
2492 3872 2618 3926 ideo
2644 3874 2697 3925 in
2728 3873 2886 3939 ﬁnem
2918 3873 3220 3941 inscriptus
3253 3882 3336 3927 est
3370 3892 3382 3925 :
3417 3879 3546 3943 quia

1969 3962 2404 4034 prolligationem
2433 3964 2726 4019 Absalouis
2746 3964 3015 4034 prndicit,
3032 3979 3152 4034 quae
3171 3981 3356 4020 verum
3385 3967 3546 4022 finem

1966 4065 2087 4113 erat
2124 4068 2515 4115 consecutura.
2571 4057 2908 4123 Exsultabit,
2943 4058 3145 4130 inquit,
3178 4075 3270 4113 cor
3294 4077 3463 4114 meum
3491 4061 3547 4114 in

1965 4152 2199 4206 salutari
2239 4162 2349 4206 tuo.

2039 4241 2202 4298 Vens.
2237 4246 2287 4298 l.
2326 4243 2636 4316 Usquequo,
2677 4245 2930 4307 Domine.
2964 4249 3287 4305 obliviscaris
3344 4249 3444 4302 mei
3491 4249 3554 4301 in

1966 4335 2167 4402 ﬁnem?
2210 4334 2422 4390 Oblivio
2467 4346 2550 4393 cst
2591 4338 2871 4395 memoriae
2902 4341 3227 4413 deperditio.
3270 4340 3381 4395 Deo
3417 4356 3547 4395 vero

1966 4426 2146 4480 omnia
2178 4428 2467 4496 praesentia
2490 4438 2620 4485 sunt
2646 4447 2659 4483 :
2683 4447 2782 4487 nec
2809 4440 3014 4487 tantum
3044 4431 3290 4488 actiones
3317 4441 3542 4495 nostra,

1967 4516 2063 4572 sed
2114 4518 2290 4589 ipsius
2341 4521 2509 4574 etiam
2552 4522 2757 4577 mentis
2810 4523 3174 4592 cogitationes
3225 4539 3287 4577 ac
3340 4519 3545 4579 motus.

293 4617 373 4684 ψιν
401 4621 510 4674 τῶν
538 4621 969 4693 πεπλανηκότων
986 4623 1218 4693 οἰητέον,
1247 4621 1703 4693 παραχωροῦντος
1732 4639 1855 4675 πει-

1968 4607 2234 4665 Oblivisci
2272 4624 2403 4666 vero
2444 4609 2685 4668 dicimus
2718 4610 2887 4668 Deum
2929 4612 3184 4685 alicujus,
3218 4614 3442 4685 quando
3475 4615 3547 4670 ob

300 4711 538 4780 ράζεσθαι
581 4712 809 4776 τούτους
858 4716 940 4777 είς
996 4713 1301 4768 παίδευσιν.
1356 4713 1432 4767 Τὸ
1462 4714 1521 4768 δὲ
1553 4715 1641 4785 εις
1662 4713 1859 4781 τέλος,

302 4802 553 4889 ἁντὶᾲτοῦ,
582 4805 747 4877 μέχρι
782 4804 982 4859 πολλοῦ
1005 4807 1403 4878 παρείληπται.

361 4992 500 5058 Ἕως
530 4995 677 5046 πότε
708 4992 1115 5062 ἀποστρέφεις
1144 4993 1211 5046 τὸ
1243 4992 1576 5060 πρόσωπόν
1605 5008 1718 5048 σου
1756 4992 1859 5047 ἀπ’

302 5078 459 5149 inor”);
494 5085 793 5155 Πρὸσωπον
822 5085 921 5154 μὲν
951 5080 1046 5138 οῦν
1074 5087 1190 5138 ἐστι
1213 5083 1350 5138 Θεοῦ
1384 5086 1425 5155 ην
1457 5086 1728 5156 ὲποπτικὴ
1766 5086 1859 5139 καὶ

307 5170 606 5247 ξΰεργετικὴ
655 5174 825 5228 αὐτοῦ
874 5176 1138 5245 δύναμις’
1185 5178 1507 5249 ἀποστροφὴ
1537 5178 1618 5242 δὲ,
1656 5181 1689 5247 ἡ
1721 5178 1860 5249 πρὸς

303 5263 587 5319 τούναντίον
610 5268 784 5334 αὐτῆς
815 5269 1089 5340 ἐνέργεια,
1114 5268 1193 5325 ὡς
1224 5269 1682 5339 ἀποστρεφομένη
1734 5271 1858 5332 τοὺς

304 5351 530 5419 ἀναξίους
555 5357 653 5429 τῆς
689 5359 999 5428 ἐπισκοπῆς
1034 5359 1222 5424 αὐτοῦ,
1257 5361 1345 5415 διὰ
1375 5360 1436 5413 τὸ
1472 5359 1858 5430 βδελύττεσθαι

305 5442 387 5508 τὰς
408 5449 627 5516 πράξεις
665 5450 869 5505 αὐτῶν.
922 5451 1057 5504 Ἀπὸ
1103 5451 1215 5504 τῶν
1257 5438 1620 5521 ἀνθρωπίνων
1649 5453 1727 5516 δὲ,
1760 5467 1860 5520 χα-

308 5544 598 5611 ρακτηρίζει
648 5544 745 5597 καὶ
777 5544 846 5599 τά
875 5544 1016 5600 θεῖα.
1053 5546 1165 5598 Καὶ
1191 5544 1303 5615 γὰρ
1350 5547 1398 5598 oi
1438 5545 1859 5613 ὲγκαταλιμπά-

305 5630 463 5694 vorti;
495 5651 616 5687 τινα
640 5677 655 5697 ,
689 5634 786 5688 καὶ
819 5636 919 5704 τὴν
960 5638 1183 5706 μνήμην
1221 5636 1387 5691 αὐτοῦ
1443 5636 1859 5707 συναπολιμπά-

306 5734 455 5785 vsust,
487 5727 578 5777 καὶ
602 5728 653 5779 οἱ
682 5727 1151 5799 ἀποστρεφόμενοι
1181 5730 1280 5799 οὐχ
1330 5729 1553 5799 ὁρῶσιν,
1595 5727 1690 5792 οὓς
1720 5729 1859 5782 ἀποσ

309 5827 628 5882 “pse-avrae.

1967 4700 2117 4757 illius
2163 4702 2366 4759 delicta
2429 4720 2556 4759 eum
2616 4705 2755 4760 Deus
2809 4704 3159 4775 derelinquit,
3230 4710 3546 4783 tentarique

1964 4795 2234 4864 permittit
2251 4796 2414 4867 atque
2438 4797 2623 4868 afﬂigi,
2644 4804 2706 4851 ut
2727 4796 2939 4868 ﬂagello
2961 4798 3270 4855 erudiatur.
3296 4800 3360 4855 In
3384 4802 3544 4869 ﬁnem

1963 4896 2144 4940 autem
2174 4888 2356 4958 posuit
2390 4903 2488 4957 pro
2525 4887 2638 4941 diu.

2039 4976 2319 5049 Usquequo
2374 4981 2568 5034 avertis
2617 4979 2805 5047 facient
2850 4990 2997 5036 tuam
3020 5000 3053 5037 a
3084 4984 3419 5041 me?‘Facics
3449 4988 3543 5042 Dei

1964 5071 2202 5140 potentia
2230 5072 2322 5126 illa
2358 5073 2410 5126 in
2432 5071 2544 5127 Deo
2563 5080 2669 5139 est,
2699 5089 2804 5143 qua
2834 5076 3031 5146 aSpieit
3060 5092 3182 5143 nos,
3209 5093 3271 5132 ac
3307 5078 3543 5134 custodit

1962 5175 2017 5219 ct
2077 5164 2359 5220 beneficiis
2419 5163 2612 5220 donat.
2665 5164 2902 5222 Aversio‘
2952 5185 3081 5226 vero
3135 5170 3224 5224 Dei
3265 5172 3539 5224 contraria

1962 5257 2212 5328 Operatio
2235 5264 2320 5313 est
2351 5275 2364 5312 :
2395 5256 2620 5326 quando
2654 5258 2914 5312 nimirum
2953 5259 3204 5331 indignos
3230 5274 3478 5329 quosque
3513 5276 3542 5314 a

1963 5352 2249 5409 custodia’
2277 5358 2333 5404 et
2366 5350 2719 5420 proiectione.
2750 5365 2849 5406 sua
2902 5354 3119 5415 avertit,
3155 5361 3416 5420 tauquam
3475 5368 3538 5407 ea

1962 5434 2262 5513 operentur
2301 5458 2420 5509 qua:
2453 5442 2508 5495 in
2572 5442 2751 5512 ipsius
2784 5452 3094 5512 conspectu
3146 5443 3556 5498 abominabilia

1966 5535 2137 5588 videri
2192 5533 2404 5604 possint
2438 5550 2453 5588 :
2484 5548 2676 5589 verum
2717 5534 2985 5589 humanis
3043 5533 3301 5601 loquendi
3366 5537 3551 5591 modis

1964 5627 2234 5698 Pr0plieta
2260 5627 2479 5683 divinas
2510 5627 2673 5683 nobis
2697 5627 2945 5682 actiones
2978 5624 3253 5696 exprimit.
3292 5628 3421 5682 Nam
3447 5629 3543 5700 qui

1966 5720 2207 5789 aliquem
2259 5718 2674 5787 derelinquunt,
2740 5719 2887 5775 illius
2953 5719 3157 5788 pariter
3219 5723 3538 5777 memoriam

1964 5813 2219 5883 perdunt,
2247 5819 2300 5867 et
2324 5810 2419 5881 qui
2451 5809 2665 5880 aliquos
2693 5818 2968 5879 avertunt,
3009 5810 3244 5882 amplius
3286 5829 3385 5870 eos
3431 5827 3555 5869 non.

1965 5907 2171 5969 rident,
2209 5920 2239 5959 a
2273 5904 2476 5964 auibus
2507 5904 2684 5960 aversi
2718 5911 2869 5961 sunt.
