4090 6212
474 274 575 338 179

1674 296 1993 360 EUTHYM
2007 301 2063 360 Π
2092 304 2268 364 ZlGA
2281 305 2457 365 BENI

3633 313 3735 386 130

549 391 713 448 Vnus.
749 394 800 448 Ξ.
842 396 1116 468 Usquequo
1141 417 1332 468 ponam
1362 409 1585 461 consilia
1615 412 1666 462 in
1699 413 1878 466 anima
1913 432 2047 482 mea,

2228 420 2381 486 Ἕως
2438 423 2603 489 τίνος
2660 422 2920 492 θήσομαι
2959 427 3200 493 ,ϐουλὰς
3249 428 3320 481 ἐν
3371 429 3543 499 ψυχῇ
3596 451 3735 497 μου.

475 483 710 540 dolorem
749 489 807 540 in
831 492 990 543 corde
1017 510 1127 545 meo
1167 496 1254 548 die
1310 508 1358 550 el
1388 505 1580 557 nocte?
1615 503 1921 568 Sollicitus,
1964 510 2051 562 in-

475 580 615 643 quit.
650 595 711 631 ac
745 583 1169 650 cogitabundus,
1228 603 1338 658 quo
1393 604 1552 662 pacto
1593 597 1799 650 valeam
1843 615 1874 653 a
1905 603 2052 655 cala-

477 669 762 722 mitatibus
803 672 1044 740 liberari,
1077 687 1129 731 et
1166 680 1304 734 \‘iam
1339 685 1542 738 nullam
1574 687 1881 752 inveniens.
1914 695 2055 748 assi-

478 759 599 813 duis
628 761 913 820 doloribus
937 783 1177 836 premor.

551 845 716 902 Vicus.
749 851 802 905 5.
845 851 1121 927 Usquequo
1151 862 1470 918 eia/labitur
1499 868 1744 923 inimicus
1785 890 1925 926 meus
1963 893 2052 928 su-

473 954 565 999 per
601 945 726 998 me?
761 942 1064 1012 Parricida,
1103 953 1302 1022 inquit,
1340 955 1484 1014 (ilius
1513 959 1778 1024 Absalon,
1812 969 1903 1033 qui
1941 968 2048 1035 jam

477 1030 571 1082 diu
602 1030 765 1089 fuerit
805 1049 996 1094 contra
1033 1059 1118 1098 me
1177 1045 1274 1114 (ex
1319 1063 1384 1102 eo
1441 1066 1574 1107 sane
1637 1063 1884 1124 tempore
1939 1052 2089 1126 quo'

473 1121 689 1178 Amnon
723 1127 942 1186 fratrem
978 1136 1310 1207 interemit),
1355 1158 1640 1214 usquequo
1679 1121 2055 1206 exaltabitur?

475 1214 587 1270 Hoc
628 1226 733 1285 est,
771 1219 1068 1296 Usquequo
1100 1245 1356 1301 prospere
1410 1238 1458 1290 ei
1513 1239 1697 1292 omnia
1753 1245 2050 1299 succedent

475 1309 769 1368 adversum
831 1320 975 1372 me?
1034 1325 1294 1378 extollere
1345 1328 1489 1381 enim
1538 1347 1598 1385 se
1654 1334 1828 1388 solent
1885 1345 2049 1404 atque

471 1402 682 1474 erigere
723 1418 911 1478 caput,
968 1429 1159 1468 omnes
1199 1418 1289 1486 qui
1327 1420 1432 1474 lani
1463 1435 1609 1486 sunt,
1659 1435 1713 1480 et
1745 1428 1945 1495 quibus
1986 1446 2049 1484 ex

472 1495 638 1546 animi
669 1506 793 1552 voto
830 1512 1025 1558 cuncta
1058 1509 1384 1579 contingunt
1421 1531 1436 1568 :
1476 1528 1664 1568 centra
1711 1533 1836 1571 vero
1871 1519 2050 1573 burni-

473 1584 550 1638 les
577 1601 640 1641 ac
659 1589 905 1656 demissi,
936 1599 1029 1665 qui
1060 1603 1237 1656 incesti
1265 1614 1392 1659 sunt
1419 1622 1482 1659 ac
1508 1609 1716 1663 tristes.
1747 1611 2049 1668 Possumus

2154 512 2375 578 ὀδύνας
2400 514 2470 565 ὲν
2495 515 2708 583 καρδίᾳ
2732 535 2872 584 μου,
2905 517 3131 587 ἡμέρας
3167 520 3263 571 καὶ
3294 533 3547 586 γυκτοςς
3569 523 3739 591 Φρονο

2153 606 2318 670 τίζων
2349 610 2441 661 καὶ
2473 611 2756 678 μεριμνῶν
2796 611 2912 674 πῶς
2960 613 3337 682 ἀπαλλαγείην
3385 615 3490 666 τῶν
3542 635 3734 686 πειρα-

2156 695 2330 762 σμῶν,
2375 697 2467 749 καὶ
2510 700 2582 768 μὴ
2616 699 2915 770 δυνάμενος
2947 703 3265 772 ἐλευθερίαν
3303 707 3508 773 εὑρεῖν,
3540 708 3738 760 ὀδυνῶ-

2156 803 2254 854 μαι
2294 787 2382 840 διὰ
2423 790 2642 848 παντός.

2227 879 2380 943 "Etet;
2418 883 2564 933 πότε
2607 884 2989 950 ὑψωθήσεται
3022 889 3052 939 ό
3080 887 3285 954 ἐχθρός
3319 907 3438 956 μου
3471 891 3564 942 ἐπ’
3605 891 3740 956 om;

2171 971 2232 1022 '0
2274 973 2629 1042 πατραλοίας,
2665 978 2691 1027 ὁ
2733 976 2818 1028 διὰ
2858 978 3054 1030 πολλοῦ
3097 981 3318 1048 μηνύων
3366 999 3492 1046 μοι,
3545 982 3637 1048 ἀφ’
3677 977 3739 1035 οὗ

2159 1062 2250 1114 τὸν
2291 1063 2456 1116 παῖδά
2507 1082 2604 1133 μου
2656 1067 2866 1134 ’Λμνὼν
2906 1070 3271 1123 ἐθανάτωσεν.
3333 1071 3737 1138 Ὺψωθὴσετίιι

2160 1154 2236 1218 δὲ,
2267 1157 2390 1208 ἀντὶ
2415 1159 2510 1209 τοῦ
2544 1159 2916 1229 Εὑπραγήσει.
2956 1164 3016 1215 '0
3051 1163 3150 1232 μὲν
3183 1165 3292 1234 γὰρ
3323 1166 3552 1234 χαίρων,
3589 1167 3736 1237 αἴρει

2164 1247 2256 1316 τὴν
2289 1248 2532 1319 κεφαλήν
2556 1266 2568 1279 ⁸
2609 1251 2699 1304 ὁδ’
2732 1254 3051 1319 ἀνιώμενος,
3085 1257 3420 1324 συγκέκυιρε,
3452 1261 3740 1313 ταπεινού-

2163 1358 2343 1407 μενος.
2383 1341 2450 1395 Ἢ
2484 1344 2699 1412 ἐχθρὸν,
2745 1347 2838 1398 τὸν
2868 1347 3115 1399 διάϐολον
3151 1349 3522 1417 ὑποληπτέον·
3575 1351 3739 1412 αὐτὸς

2167 1431 2267 1500 γάρ
2297 1434 2467 1497 ἐστιν,
2494 1436 2520 1486 ὁ
2550 1435 2658 1486 τῶν
2689 1439 3014 1505 πειρασμῶν
3038 1439 3230 1501 αἴτιος,
3257 1439 3606 1508 ἐπεμϐαίνων
3624 1444 3739 1502 τοῖς

2159 1524 2450 1595 πάσχουσι,
2481 1529 2574 1582 καὶ
2613 1524 2724 1580 οἷον
2757 1531 3090 1584 καταπατῶν
3133 1531 3228 1584 καὶ
3267 1531 3487 1595 θλίόων,
3511 1533 3741 1601 ἐστερη-

2164 1617 2344 1685 μένοις
2374 1621 2474 1688 τῆς
2507 1622 2657 1690 παρὰ
2688 1620 2824 1674 Θεοῦ
2850 1623 3043 1691 ῥοπῆς.

473 1693 526 1730 et
557 1680 838 1738 inimicum
869 1689 1170 1748 daemonem
1210 1697 1515 1769 intelligere
1555 1705 1646 1772 qui
1683 1709 2050 1761 tentationum
2085 1713 2249 1766 nobis
2280 1729 2344 1767 ac
2376 1716 2751 1771 calamitatum
2806 1729 2889 1772 cst
2945 1731 3136 1781 causa,
3190 1716 3319 1770 dum
3375 1717 3590 1772 afﬂictis
3653 1719 3738 1772 iu-

472 1773 640 1827 sultat
668 1792 682 1840 ;
717 1779 963 1844 quinimo
991 1794 1045 1838 et
1093 1791 1320 1856 gravius
1351 1808 1446 1846 eos
1483 1797 1650 1849 etiam
1701 1797 1905 1870 afﬂigit,
1948 1803 2040 1868 qui
2072 1802 2261 1857 divino
2292 1809 2496 1862 auxilio
2527 1809 2781 1864 destituti
2829 1818 2983 1865 sunt.

547 1870 709 1926 Vens.
737 1874 788 1927 4.
818 1877 1051 1947 Respice,
1073 1888 1272 1941 exaudi
1309 1905 1406 1950 me,
1433 1890 1678 1958 Domine,
1721 1895 1856 1949 Deus
1881 1913 2046 1951 meus.
2087 1903 2125 1958 Β

477 1963 652 2019 Verbo
698 1973 889 2025 avertis
926 1979 1319 2034 convenienter
1359 1988 1613 2053 apposuit
1665 1989 1888 2042 verbum
1939 2007 2050 2044 res-

471 2057 583 2124 pice
605 2075 624 2112 :
648 2059 874 2131 Dignum
906 2085 989 2122 me
1008 2070 1226 2138 eflicito,
1260 2075 1459 2144 inquit,
1483 2079 1858 2135 benevolentia
1897 2102 1908 2136 :
1945 2099 2053 2135 res-

471 2155 589 2220 pice
613 2171 697 2210 me
720 2161 956 2225 graviter
982 2166 1241 2220 amictum
1271 2184 1282 2220 :
1305 2180 1357 2223 et
1378 2172 1658 2235 misertus,
1678 2189 1801 2228 eum
1826 2176 2047 2235 exaudi,

472 2243 640 2309 quite
670 2245 904 2302 advocat
941 2254 993 2305 in
1033 2256 1320 2310 auxilium.

547 2335 805 2392 [Numina
843 2344 1021 2397 oculos
1067 2364 1206 2400 meos
1261 2367 1324 2403 ne
1378 2369 1607 2420 unquam
1635 2355 1964 2409 obdormiam
1997 2360 2050 2410 in

476 2437 662 2483 morte.
700 2429 796 2486 Est
856 2437 1058 2489 etenim
1123 2457 1287 2507 super
1347 2459 1431 2497 me
1493 2447 1827 2502 cit'etnnfusa
1880 2450 2050 2504 tristis

474 2521 855 2579 calamitatum
916 2543 1044 2592 nox,
1101 2530 1423 2603 detentique
1486 2547 1617 2590 sunt
1665 2539 1807 2592 oculi
1863 2541 1966 2593 mei
2023 2557 2050 2592 a

475 2618 728 2672 memoris
749 2634 968 2688 sopore.
1001 2623 1185 2678 Solent
1216 2629 1361 2682 enim
1387 2632 1479 2699 qui
1528 2634 1706 2688 incesti
1734 2643 1863 2686 sunt
1891 2635 2052 2688 facile

473 2708 526 2761 in
564 2724 817 2765 somnum
855 2715 1080 2770 deferri.
1119 2717 1314 2789 Dplore
1349 2723 1558 2778 scilicet
1589 2727 1771 2780 cordis
1801 2729 2054 2793 gravedi-

474 2816 599 2854 nem
629 2805 922 2871 quamdam
954 2821 1017 2860 ac
1071 2812 1327 2866 tenebras
1362 2815 1414 2866 in
1443 2817 1696 2884 corporis
1728 2814 1919 2872 oculos
1952 2820 2053 2871 int-

472 2889 745 2950 tnitteute.
775 2895 854 2950 Tu
882 2899 1049 2968 igitur
1076 2917 1169 2955 eos
1201 2903 1446 2959 illumina
1473 2925 1482 2959 :
1514 2907 1616 2961 hoc
1647 2918 1728 2962 est
1760 2912 2051 2966 concedite

475 2993 535 3038 ut
571 2996 716 3042 recte
748 3004 810 3042 ac
842 3007 973 3060 pure
1006 2993 1248 3049 videant.
1283 2996 1346 3049 Et
1368 3000 1625 3063 gaudium
1663 3001 1864 3055 instilla
1894 3002 2048 3056 cordi

476 3094 622 3143 meo,
667 3081 738 3135 ita
771 3091 830 3136 ut
864 3086 1173 3152 exsultans,
1204 3104 1458 3143 somnum
1497 3093 1564 3144 ab
1592 3095 1766 3148 oculis
1789 3097 2049 3162 expellat,

478 3190 546 3227 ne
579 3175 877 3243 aliquando
915 3177 1170 3234 fortassis
1200 3181 1512 3250 bujusmodi
1539 3189 1870 3240 somnusob
1901 3189 2054 3242 dolo-

478 3266 556 3321 ris
597 3268 704 3321 mei
744 3270 1082 3334 vastitatem,
1131 3272 1346 3326 desinat
1389 3275 1441 3327 in
1496 3285 1750 3331 mortem.
1785 3276 1879 3332 Vel
1922 3294 2052 3333 ocu—
2079 3266 2096 3301 ε

475 3361 560 3413 los
589 3360 764 3426 ipsius
791 3361 987 3415 aniwa:
1007 3362 1281 3432 intelligit,
1303 3374 1538 3419 mentem
1570 3367 1742 3436 ipsam
1766 3369 2049 3432 nimirum,

476 3464 572 3503 seu
594 3448 956 3506 intellectum.
984 3453 1254 3520 Illumina,
1279 3455 1478 3525 inquit,
1501 3457 1840 3512 intellectum
1871 3475 2051 3514 meum

479 3541 686 3606 peccati
749 3542 988 3611 caligine
1042 3545 1436 3606 obscuratum.
1502 3557 1556 3601 et
1609 3548 1780 3603 libera
1851 3565 1935 3604 me
1987 3550 2054 3604 ab

479 3634 790 3704 bujusmodi
824 3639 1086 3703 tenebris,
1117 3657 1183 3694 ne
1215 3641 1512 3710 aliquando
1539 3642 1676 3696 mori
1715 3658 1800 3698 me
1828 3647 2046 3698 coutin'

475 3737 568 3799 gat
601 3739 778 3785 morte
815 3732 1050 3800 peccati,
1082 3750 1204 3802 quae
1240 3734 1517 3790 hominem
1570 3737 1869 3792 virtutibus
1905 3752 2051 3789 mor-

475 3835 626 3876 tuum
687 3824 902 3878 reddit:
932 3825 1016 3880 vel
1051 3842 1117 3880 ne
1151 3837 1325 3882 morte
1366 3828 1770 3899 desperationis
1823 3830 2051 3896 moriar,

474 3916 745 3968 exstincta
786 3931 850 3970 ac
878 3926 1092 3972 mortua
1125 3921 1272 3974 omni
1323 3937 1422 3992 spe
1462 3938 1630 3992 quam
1687 3925 1739 3976 iu
1793 3933 1843 3978 te
1887 3923 2055 3977 babe-

476 4006 618 4060 bam.

549 4098 709 4152 Vsus.
745 4102 796 4153 5.
823 4100 1116 4169 Nequamlo
1145 4104 1287 4158 dicat
1311 4106 1557 4159 inimicus
1586 4124 1754 4171 meus,
1786 4107 2056 4160 Prwvalui

475 4192 727 4244 adversus
784 4210 922 4248 eum.
982 4195 1117 4249 Nam
1174 4197 1219 4250 si
1251 4197 1382 4266 quid
1414 4197 1729 4264 huiusmodi
1766 4199 2049 4263 acciderit,

475 4299 652 4338 meam
690 4283 947 4340 inimicus
977 4295 1208 4341 mortem
1236 4305 1349 4343 sua:
1380 4290 1626 4343 ascribet
1663 4291 1923 4358 potentiae
1957 4310 1969 4344 :
1999 4303 2051 4344 et

475 4377 936 4441 «pietnadmodum
999 4377 1068 4430 ab
1133 4378 1291 4432 initio
1349 4381 1440 4434 ille
1497 4383 1629 4442 mibi
1673 4384 2050 4438 calamitatum

475 4468 722 4521 omnium
788 4481 956 4520 causa
988 4465 1110 4530 fuit,
1150 4469 1222 4521 ita
1262 4479 1316 4524 et
1364 4472 1623 4544 interitus
1679 4490 1825 4529 nunc
1881 4478 2053 4530 fuisse

475 4561 758 4629 gaudebit.
783 4561 1067 4614 Inimicum
1094 4577 1222 4616 vero
1251 4571 1304 4617 et
1336 4564 1604 4621 visibilem
1633 4577 1687 4623 et
1719 4569 2046 4625 invisibilem
2077 4578 2129 4638 Ῑ)

474 4661 634 4720 potes
667 4653 994 4722 intelligere.

555 4745 718 4802 Vsus.
755 4747 810 4801 6.
845 4746 950 4814 Qui
981 4748 1235 4803 tribulam
1268 4769 1348 4806 me
1381 4754 1723 4808 exsultabant
1783 4757 1829 4811 si
1879 4767 2052 4812 motus

478 4842 650 4906 fuero.
715 4839 769 4894 Si
822 4841 1183 4908 ﬂuctuavero,
1245 4845 1440 4914 inquit,
1498 4847 1564 4901 ab
1617 4848 1707 4902 illa
1755 4851 2054 4908 securitate

478 4949 643 5000 quam
679 4934 733 4988 in
778 4943 834 4990 te
879 4935 1073 5000 habeo,
1133 4937 1343 4993 inimici
1387 4942 1492 4996 mei
1533 4941 1890 5007 laatabuntur,
1923 4959 2052 5013 spe-

477 5034 666 5080 rantes
724 5041 808 5080 me
839 5025 1099 5095 deinceps
1133 5027 1393 5085 facillime
1444 5032 1497 5085 in
1531 5049 1774 5104 praeceps
1805 5035 2052 5090 delatum

476 5117 566 5181 iri,
605 5119 770 5173 veluti
800 5118 893 5186 qui
931 5119 1135 5172 nullout
1164 5119 1348 5176 basem
1380 5133 1476 5177 aut
1510 5124 1926 5183 fundamentum
1959 5129 2055 5181 ba-

473 5210 632 5263 beam
663 5210 879 5264 salutis.

540 5305 651 5373 qu
675 5315 849 5359 autem
877 5306 931 5359 in
951 5309 1313 5361 misericordia
1348 5321 1438 5363 tua
1467 5311 1701 5376 speravi.
1733 5313 2050 5379 Postquam,

475 5397 675 5465 inquit.
710 5399 781 5452 ob
807 5399 1018 5452 scelera
1073 5415 1194 5465 quae
1225 5401 1502 5465 commisi,
1538 5399 1799 5454 ﬁduciam
1832 5406 2047 5454 euntem

475 5487 650 5553 abieci
682 5503 845 5556 quam
882 5499 1038 5543 antea
1064 5489 1130 5544 de
1178 5489 1383 5544 virtute
1421 5489 1708 5554 babcbam,
1736 5490 1880 5557 quod
1917 5489 2042 5542 reli-

473 5591 646 5646 quum
673 5586 780 5643 est,
813 5579 976 5633 modo
1003 5580 1058 5634 in
1080 5590 1172 5636 tua
1197 5589 1410 5634 tantum
1437 5596 1602 5651 spero
1629 5580 2046 5636 misericordia:

473 5668 695 5722 tametsi
737 5670 1272 5727 abundantissimum
1304 5672 1406 5727 hoc
1430 5673 1563 5728 milii
1595 5673 1895 5729 remedium
1925 5687 2050 5728 esse

475 5761 724 5817 noverim
757 5771 921 5831 atque
949 5765 1368 5821 inexhaustum.

2237 1906 2624 1972 Ἐπίϐλεψον,
2673 1906 3047 1960 εῑσιὶκουσόν
3086 1924 3207 1974 μου
3233 1950 3246 1967 ,
3296 1907 3471 1973 Κύριε
3519 1908 3551 1958 ὁ
3590 1909 3736 1972 Θείς

2151 2015 2290 2064 μου.
2314 1997 2455 2065 Πρὸς
2483 1998 2543 2048 τὸ
2564 1998 2963 2065 ἀποστρέφεις
2981 1997 3314 2067 κατάλληλον
3338 1997 3422 2061 τὸ,
3459 1998 3701 2050 Ἐ’πίϐλε
3718 2027 3739 2037 -

2154 2091 2294 2155 afer.
2334 2088 2588 2153 ’Λξὶωσόν
2633 2106 2699 2156 με
2736 2089 2837 2150 τῆς
2867 2089 2968 2157 σῆς
2999 2090 3320 2157 εὐμενείας·
3366 2088 3513 2142 ἔπιδε
3546 2090 3734 2152 κακῶς

2156 2184 2456 2252 πάσχοντα,
2507 2182 2600 2236 καὶ
2636 2182 2890 2250 ἐλεήσας,
2921 2180 3242 2235 εἰσάκουσον
3296 2199 3434 2250 μου,
3482 2197 3735 2250 παρακα-

2155 2275 2370 2337 λοῦντος
2398 2277 2478 2338 εἰς
2505 2275 2779 2345 βοήθειαν.

2225 2369 2494 2422 «moneor
2537 2369 2676 2436 τοὺς
2715 2369 3063 2438 ὀφθαλμούς
3089 2385 3229 2437 μου.
3272 2365 3506 2434 μήποτε
3539 2362 3736 2419 ὐπνώ·

2155 2479 2244 2515 σω
2266 2465 2352 2526 είς
2382 2461 2663 2517 θάνατον.
2705 2460 2816 2531 Τῆς
2853 2462 3045 2524 νυκτός
3075 2478 3167 2528 μοι
3207 2457 3598 2529 περιχυθείσης
3624 2456 3736 2508 τῶν

2158 2555 2474 2623 συμφορῶν,
2509 2555 2744 2624 κατέσχε
2767 2556 2896 2617 τοὺς
2930 2553 3241 2624 ὀφθαλμούς
3279 2570 3382 2620 μου
3409 2551 3574 2612 ὕπνος
3605 2550 3737 2603 dﬁc-

2159 2647 2286 2716 μίας
2305 2665 2318 2678 ·
2351 2647 2578 2700 εἰώθασι.
2616 2648 2725 2717 γὰρ
2752 2648 2830 2709 είς
2867 2646 3032 2700 ὕπνον
3060 2648 3106 2699 al
3135 2645 3466 2711 λυπούμενοι
3491 2643 3738 2711 καταφέ-

2156 2741 2369 2812 ρεσθαι,
2417 2740 2516 2809 τῆς
2565 2740 2756 2810 ὀδύνης
2789 2739 3150 2810 τῆς-καρδίας
3180 2738 3394 2790 σκότον
3425 2737 3520 2788 καὶ
3571 2734 3737 2804 βάρος

2155 2832 2491 2903 ἐμποιούσης
2548 2836 2660 2896 τοῖς
2707 2832 3027 2902 ὀφθαλμοῖς.
3079 2832 3320 2884 Φώτισον
3363 2825 3457 2882 οὖν
3511 2827 3735 2889 αὐτοὺς.

2155 2928 2400 2980 τουτέστι
2438 2923 2696 2992 καθαρῶς
2741 2925 2876 2994 ορᾷν
2901 2923 3012 2986 δὸς.
3065 2923 3242 2992 χαρὰν
3293 2920 3626 2986 ὲνσταλάξας
3669 2920 3735 2986 τῇ

2156 3021 2353 3091 καρδίᾳ
2388 3037 2510 3088 μου.
2541 3019 2633 3087 ὑφ’
2665 3013 2732 3087 ἧς
2764 3017 2902 3087 αὕτη
2937 3016 3239 3086 σκιρτῶσα,
3268 3015 3357 3068 τὸν
3391 3013 3560 3066 ’ὑπνον
3593 3012 3735 3065 ἀποο

2154 3115 2332 3179 διώξει
2363 3114 2471 3168 τῶν
2495 3111 2810 3181 ὀφθαλμῶν,
2842 3111 2918 3180 μή
2951 3127 3082 3162 ποτε
3116 3107 3349 3161 ὑπνὼσω
3380 3109 3460 3169 εἰς
3485 3105 3738 3166 θάνατον,

2159 3208 2258 3260 εἴτ’
2307 3206 2422 3271 οὖν,
2490 3208 2698 3276 μήποτε
2758 3206 2785 3258 ὁ
2821 3203 2988 3266 ὕπνος
3040 3198 3195 3265 οὗτος
3249 3203 3331 3263 εἰς
3384 3197 3614 3254 θάνατόν
3643 3213 3738 3266 μοι.

2159 3301 2436 3370 καταλήξῃ
2464 3301 2530 3352 δι’
2567 3297 2805 3366 ἀθυμίας
2857 3295 3163 3366 ὑπερϐολὴν
3184 3337 3200 3360 ,
3257 3296 3469 3363 μήποτε
3499 3289 3736 3342 ὑπνώσω

2157 3395 2478 3462 θανάσιμον.
2512 3395 2580 3446 Ἥ
2613 3394 2700 3446 καλ
2731 3391 3048 3459 ὀφθαλμοὺς
3071 3391 3196 3452 τοὺς
3227 3389 3324 3457 τῆς
3349 3385 3529 3455 ψυχῆς
3557 3381 3732 3449 λέγει,

2156 3488 2356 3557 δηλαδὴ
2387 3488 2476 3541 τὸν
2507 3486 2652 3551 νοῦν,
2683 3486 2757 3548 ὡς
2789 3484 3178 3553 ἐσκοτισμὲνον
3199 3482 3332 3534 ὅντα
3357 3478 3436 3548 τῷ
3461 3477 3610 3545 ζόφῳ
3638 3478 3738 3544 τῆς

2159 3580 2454 3651 ἁμαρτίας,
2496 3579 2553 3631 ὃν
2611 3578 3002 3645 ἀπαλλαγῆναι
3060 3574 3154 3629 τοῦ
3211 3574 3434 3634 σκότους
3482 3566 3734 3626 ἱκετεύει.

2160 3677 2359 3745 μήπως
2387 3673 2634 3744 ἀποθάνῃ
2675 3673 2765 3724 τὸν
2815 3675 2871 3725 ἐν
2904 3669 3204 3739 ἁμαρτίαις
3241 3667 3502 3730 θάνατον,
3540 3661 3738 3731 νεκρὸς

2157 3771 2236 3831 εἰς
2269 3767 2473 3838 ἀρετὴν
2502 3767 2604 3837 ἤδη
2637 3762 2874 3834 γεγονώς
2901 3781 2914 3793 ·
2963 3763 2996 3832 ἢ
3030 3761 3124 3815 καὶ
3156 3761 3250 3814 τὸν
3292 3762 3351 3814 ὲν
3397 3756 3732 3826 ἀπογνώσει,

2157 3861 2453 3931 νεκρωθε“ις
2482 3859 2618 3922 ὅλως
2643 3861 2720 3921 είς
2745 3857 2938 3912 ἐλπίδα
2968 3856 3066 3927 τὴν
3091 3856 3212 3925 σήν.

2228 4134 2321 4201 Μή
2365 4132 2682 4196 ποτε-εἴπῃ
2735 4133 2766 4182 ὀ
2803 4129 3014 4197 ἐχθρός
3052 4142 3203 4196 μου·
3276 4125 3545 4190 ἰσχυσα
3589 4116 3737 4183 πρὸς

2156 4229 2361 4281 αὐτόν.
2400 4224 2462 4278 Εἰ
2494 4225 2602 4294 γὰρ
2631 4223 2873 4276 τοιοῦτόν
2906 4237 2958 4274 τι
2986 4221 3272 4286 πείσομαι,
3298 4219 3362 4282 τῇ
3390 4211 3584 4267 ἑαυτοῦ
3635 4210 3734 4260 δ’)-

2158 4323 2322 4387 νάμει
2365 4322 2393 4371 ὁ
2425 4317 2615 4388 ἐχθρὸς
2655 4319 2747 4369 τὸν
2787 4315 2919 4384 ἐμὸν
2943 4311 3310 4381 ἐπιγράφεται
3365 4308 3612 4363 Θάνατον,
3659 4301 3736 4363 ὡς

2158 4415 2252 4464 καὶ
2284 4412 2393 4463 τῶν
2447 4410 2712 4477 ἀλγεινῶν
2774 4407 3066 4476 γενόμενος
3119 4404 3309 4463 αἴτιος.
3380 4396 3614 4468 Ἐχορδν
3677 4393 3734 4446 δὲ

2158 4507 2394 4574 νοήσεις,
2427 4502 2536 4557 εἴτε
2563 4503 2652 4555 τὸν
2682 4500 2900 4570 ὁρατὸν,
2926 4498 3040 4550 εἴτε
3075 4496 3168 4549 καὶ
3195 4495 3447 4563 ἀόρατον.

2227 4777 2289 4828 Οἱ
2321 4771 2628 4836 Glitio-rrec
2651 4788 2750 4840 με,
2783 4767 3276 4837 ἀγαλλιὰσονται,
3303 4766 3413 4818 ἐὰν
3431 4760 3732 4817 σαλευθῶ.

2157 4867 2220 4920 Εἰ
2249 4863 2612 4936 παρακινηθῶ
2660 4863 2767 4915 ἀπὸ
2795 4861 2897 4930 τῆς
2942 4860 3267 4929 ἀσφαλείας,
3307 4859 3356 4910 οἱ
3394 4852 3580 4926 ἐχθροί
3629 4869 3732 4921 μου

2155 4952 2510 5022 χαρήσονται,
2547 4946 3097 5019 κατακρημνισθῆναί
3148 4965 3216 5016 με
3244 4945 3339 5000 τοῦ
3366 4942 3554 4997 λοιποῦ
3601 4941 3736 5011 θαρ-

2157 5044 2402 5116 ροῦντες,
2435 5043 2509 5106 ὡς
2542 5043 2640 5096 οὐκ
2669 5042 2859 5112 ἔχοντα
2892 5040 3168 5110 σωτηρίας
3193 5041 3370 5109 βάσιν.

2236 5312 2384 5382 Ἐγὼ
2406 5313 2472 5364 δὲ
2489 5312 2583 5364 ἐπὶ
2612 5311 2688 5375 τῷ
2712 5312 2866 5366 ἐλέει
2899 5326 3013 5364 σου
3032 5311 3069 5379 ἦ
3086 5315 3288 5366 trum.
3315 5312 3427 5380 Τὴν
3446 5312 3503 5376 ἐξ
3521 5311 3576 5380 ἀί
3597 5313 3733 5362 etim

2160 5405 2475 5475 παρρησίαν
2508 5403 2890 5470 ἀπολωλεκὼς,
2939 5405 3286 5475 διαπέπραχα
3327 5403 3495 5463 κακὰ.
3528 5405 3618 5455 ἐπὶ
3656 5404 3733 5470 τῷ

2157 5497 2296 5550 ἐλέει
2351 5513 2445 5548 σου
2509 5496 2654 5566 μόνῳ
2709 5497 2943 5566 ἤλπισαο
2990 5496 3207 5564 δαψιλὲς
3249 5495 3358 5564 γὰρ
3409 5492 3586 5558 τοῦτο,
3639 5496 3734 5548 καὶ

2155 5587 2380 5653 ἀνεξάντ
2388 5588 2573 5659 λητον.
