4090 6212
308 331 406 401 181

1469 336 1861 398 COMMENT.
1910 339 1993 397 IN
2030 340 2393 399 PSALMOS.

3468 338 3572 402 182

385 453 840 521 Ἀγαλλιάσεται
878 454 916 522 ἠ
948 440 1159 523 καρδία
1199 472 1322 523 μου
1356 454 1455 506 ἐπὶ
1494 452 1574 522 τῷ
1615 456 1886 519 σωτηρίῳ

2069 454 2372 509 Exsultabit
2410 474 2501 510 cor
2539 475 2709 512 nicum
2753 459 2807 511 in
2836 457 3070 511 salutari
3113 466 3223 510 tuo.
3255 455 3568 512 Pravidens

306 561 442 599 σου.
480 544 833 615 ιιροκατιδὼν
870 546 969 617 τὴν
1022 547 1114 600 τοῦ
1152 546 1525 616 πολεμοῦντος
1563 539 1737 616 ἧτταν
1775 544 1886 605 τοῖς

305 635 731 703 προδλεπτικοίς
763 638 1036 706 ὄμμασιν
1074 637 1187 706 ὲγὼ
1226 637 1306 701 δὲ,
1362 637 1550 705 φησὶν,
1580 635 1890 708 εὐφρανθή-

308 744 472 794 σομαι
509 728 602 779 ἐπὶ
633 731 698 796 τῇ
737 729 886 798 παρὰ.
918 729 1012 781 σοῦ
1043 730 1368 799 δωρουμένη
1408 746 1499 797 μοι
1529 729 1798 799 σωτηρίᾳ.

380 819 545 887 ’ᾼσω
574 818 652 883 τῷ
684 821 879 886 Κυρίῳ
905 821 984 885 τῷ
1012 820 1482 890 εὐεργετήσαντι
1500 838 1596 889 με,
1645 820 1743 872 καί
1775 823 1893 887 ψα-

306 910 394 964 λῶ
451 909 533 975 τῷ
578 912 825 979 ὀνόματι
858 915 1078 982 Κυρίου
1126 915 1235 967 τοῦ
1276 914 1564 981 ὑψίστου.
1623 912 1776 984 ’ᾼσω
1804 913 1893 964 διὰ

310 1000 580 1070 γλώττης,
611 1003 767 1071 ψαλῶ
793 1005 881 1058 διὰ
904 1004 999 1057 τοῦ
1030 1003 1329 1073 ὀργανικοῦ
1348 1004 1674 1074 ψαλτηρίου.
1706 1003 1775 1055 Ἣ
1799 1003 1893 1056 καὶ

311 1093 666 1162 θεωρητικῶς
701 1096 981 1166 εὐφρανῶ,
1019 1099 1114 1150 καὶ
1158 1098 1497 1166 πρακτικῶς.
1553 1096 1810 1169 Ἀρμόζει
1834 1095 1916 1155 δὲ.

316 1178 472 1248 οὗτος
501 1189 529 1239 ὀ
565 1187 776 1258 ψαλμὸς
808 1192 900 1241 καὶ
933 1193 1099 1243 πᾶσιν
1136 1190 1529 1261 ἀδικουμένοις.

625 1390 727 1453 Εἰς
756 1389 819 1442 τὸ
842 1389 1003 1454 τέλος
1029 1391 1267 1461 ψαλμδς
1306 1390 1385 1455 τῷ
1415 1354 1610 1447 λαϐίᾶ

889 1528 1177 1583 ΨΑΛΜΟΣ
1215 1532 1312 1587 II".

368 1638 476 1690 Καὶ
498 1630 650 1701 οὗτος
684 1642 712 1693 ὁ
733 1640 947 1710 ψαλμδς
980 1646 1159 1711 πέρας
1179 1645 1533 1714 ὑπισχνεῖται
1563 1644 1677 1703 τῶν
1709 1648 1893 1718 ἑαυτῷ

304 1733 797 1800 προηγορευμένων
818 1751 832 1764 ο
868 1736 918 1786 oi
957 1734 1057 1803 μὲν
1084 1738 1215 1805 γὰρ,
1245 1739 1409 1791 αὐτὸν
1441 1739 1731 1809 προλέγειν
1758 1743 1891 1809 φασὶ

301 1824 369 1873 τὶ
405 1825 615 1890 χρόνοις
650 1824 881 1893 ὕστερον
934 1828 1028 1878 ἐπὶ
1071 1828 1318 1891 Ἐζεκίου
1356 1831 1449 1882 τοῦ
1485 1831 1753 1899 βασιλέως
1795 1834 1891 1885 Ἱε-

308 1921 609 1987 ρουσαλὴμ,
644 1921 739 1973 καὶ
782 1921 876 1974 τοῦ
928 1923 1347 1992 πολιορκοῦντος
1404 1927 1574 1995 αὐτὴν
1602 1928 1893 1995 Ἀσσυρίου

304 2008 651 2078 Σεναχηρεὶμ
677 2014 1059 2081 γεγενημένα’
1108 2014 1159 2065 οἱ
1181 2015 1258 2078 δὲ,
1302 2014 1369 2066 τὰ
1403 2017 1495 2067 ἐπὶ
1527 2017 1632 2066 τῶν
1664 2022 1897 2085 χρόνων,

307 2099 430 2149 καθ’
458 2098 552 2162 οὓς
583 2101 610 2150 ὁ
640 2100 846 2169 Κύριος
890 2102 1337 2172 ἑνηνθρὼπησεν.
1377 2104 1574 2175 Ἡμεῖς
1605 2107 1686 2169 δὲ,
1734 2107 1903 2176 ἄμφω

310 2192 409 2250 τὰς
442 2190 735 2260 ἐξηγήσεις
763 2193 1139 2262 ἀποδώσομεν.

380 2279 569 2336 Εἶπεν
593 2284 800 2353 ἄφρων
825 2287 895 2339 ἐν
923 2288 1136 2356 καρδίᾳ
1162 2292 1369 2354 αὐτοῦ,
1407 2295 1528 2347 Οὐκ
1565 2294 1694 2347 ἔστι
1730 2299 1894 2361 Θεός.

326 2372 385 2424 ⁸0
413 2372 602 2441 ἄφρων
644 2368 988 2446 Σεναχηρείμ
1018 2380 1078 2430 ἐν
1121 2383 1186 2450 τῇ
1224 2383 1389 2435 αὑτοῦ
1439 2384 1637 2454 καρδία
1674 2387 1895 2456 ἀπεφή-

309 2479 441 2516 νατο
469 2464 544 2533 μὴ
572 2460 711 2517 εἶναι
756 2462 889 2519 Θεὸν
916 2468 1006 2521 τὸν
1051 2470 1187 2522 Θεὸν
1219 2472 1327 2525 τῶν
1354 2473 1646 2528 Ἰουδαίων.
1692 2478 1755 2530 El
1785 2476 1895 2548 γὰρ

308 2558 546 2625 ἐφρόνει,
604 2558 705 2610 οὐκ
757 2559 826 2611 ἃν
861 2561 942 2623 είς
990 2563 1231 2617 τοιοῦτον
1281 2561 1411 2634 ἦλθε
1468 2568 1751 2637 λογισμὸν,
1800 2572 1895 2624 καὶ

308 2646 481 2700 ταῦτα
514 2648 633 2701 καθ’
684 2651 923 2721 ἑκάστην
969 2655 1223 2719 ἀκούων,
1284 2658 1383 2712 ὅσα
1424 2659 1705 2730 παράδοξα
1750 2663 1895 2716 κατὰ

307 2738 416 2790 τῶν
447 2739 844 2809 ὲχίὶραινὸντων
887 2745 1167 2813 Ἰουδαίοις
1193 2752 1221 2802 ὁ
1248 2749 1382 2811 Θεὸς
1425 2752 1704 2824 ἐποίησεν.
1737 2755 1897 2806 Οὕτω

310 2829 367 2882 δὲ
405 2832 536 2901 παρ’
567 2832 745 2905 ἑαυτῷ
774 2835 1159 2908 λογισάμενος,
1192 2843 1287 2894 καὶ
1317 2843 1405 2896 διὰ
1440 2846 1778 2914 προφορικοῦ
1806 2848 1898 2900 λό⁴

313 2939 411 2989 του
446 2925 535 2977 τὸν
560 2927 696 2981 Θεὸν
734 2930 1154 3004 ἐϐλασφήμησε,
1201 2935 1292 2989 τὸν
1329 2937 1565 3007 ἄρχοντα
1596 2940 1704 2992 τῶν
1739 2942 1899 2995 δυνά-

316 3031 464 3083 μεων
492 3018 658 3071 αὑτοῦ
700 3020 984 3093 Ῥαψάκην
1017 3026 1096 3095 τῷ
1124 3028 1279 3098 τάχει
1314 3030 1414 3098 τῆς
1468 3032 1677 3095 πόλεως
1722 3051 1901 3103 παρα·

1996 552 2338 621 prophetit-is
2403 554 2581 607 oculis
2630 554 2837 608 inimici
2893 552 3332 623 proﬂigationem
3376 549 3573 603 beatus

1996 640 2163 695 David
2204 659 2216 695 :
2261 642 2515 698 Lzetabor
2543 660 2664 713 ego,
2715 645 2916 714 inquit,
2979 644 3047 700 de
3082 645 3258 699 salute
3303 642 3437 695 mihi
3467 653 3574 695 ate

1994 737 2261 805 praastita.

2065 828 2309 883 (.‘antabo
2342 829 2570 884 Domino
2594 832 2681 901 qui
2720 830 2857 885 bona
2900 832 3078 884 tribuit
3116 833 3243 883 mihi
3270 842 3317 884 et
3342 832 3574 899 psallam

1994 923 2503 977 nomiuiAltissimi.
2543 924 2797 979 Cantabo
2834 940 2949 985 ore,
2994 922 3217 993 psallam
3248 939 3379 977 vero
3420 923 3575 977 Psal-

1994 1016 2176 1079 terio;
2230 1018 2336 1079 vel,
2392 1017 2691 1071 Olilectabo
2746 1028 2819 1079 te,
2857 1019 3056 1087 inquit,
3094 1017 3577 1085 contemplationis

1993 1107 2179 1160 studio
2248 1119 2302 1161 et
2362 1109 2486 1163 vitae
2544 1124 2679 1163 mete
2751 1110 3086 1163 actionibus.
3154 1107 3575 1161 Accommodari

1993 1199 2158 1251 etiam
2189 1208 2367 1268 potest
2394 1200 2482 1254 hic
2519 1198 2774 1255 Psalmns
2801 1199 3085 1270 oppressis
3126 1199 3386 1252 omnibus
3409 1206 3462 1251 et
3493 1196 3577 1249 itt-

1990 1283 2133 1354 juria
2174 1286 2401 1342 allectis.

2345 1402 2409 1457 In
2429 1403 2587 1471 ﬁnem
2624 1403 2870 1460 Ριαιηιιιε
2894 1407 3000 1474 ipsi
3028 1406 3221 1459 David.

2521 1537 2848 1595 PSALMUS
2898 1538 3038 1594 Xlll.

2064 1654 2256 1709 Finem
2293 1669 2480 1709 rerum
2518 1654 2809 1723 pollicetur
2843 1655 2928 1708 hic
2975 1655 3227 1709 Psalmus
3262 1670 3384 1723 qua:
3421 1655 3473 1708 in
3505 1668 3573 1708 eo

1994 1746 2460 1815 praenuntiantur.
2518 1745 2620 1798 Alii
2685 1745 2878 1798 dicunt
2929 1745 3148 1813 prazdici
3204 1744 3316 1808 hic,
3349 1760 3413 1798 ea
3455 1758 3574 1810 qum

1996 1837 2247 1890 Ezechiae
2281 1838 2427 1904 regis
2477 1844 2726 1903 tempore
2773 1844 3039 1889 eventura
3071 1846 3233 1889 erant
3266 1835 3321 1888 in
3357 1833 3576 1889 Jerusa-

1999 1928 2130 1990 lem,
2189 1926 2415 1992 quando
2468 1923 2665 1977 civitas
2717 1925 2946 1975 obsessa
2992 1934 3077 1976 est
3125 1940 3154 1976 a
3204 1922 3583 1976 Sennacherih

2001 2016 2180 2085 Syro;
2217 2016 2305 2067 alii
2339 2029 2470 2066 vero
2500 2029 2561 2065 ea
2594 2028 2716 2080 quze
2748 2013 2816 2064 ad
2866 2021 3115 2081 tempora
3176 2013 3582 2065 hteat‘nationis

2003 2108 2210 2161 Christi
2253 2106 2552 2173 pertint-nt.
2594 2103 2713 2158 Nos
2745 2113 3037 2173 utramque
3072 2103 3471 2172 expositionem
3502 2118 3586 2156 re-

2006 2197 2271 2253 feremus.
3263 2198 3270 2204 ’

2078 2288 2238 2343 Vens.
2286 2290 2335 2341 i.
2370 2288 2516 2341 Dixit
2563 2288 2815 2355 insipiens
2857 2288 2911 2338 in
2962 2287 3116 2339 corde
3154 2302 3252 2339 suo
3290 2299 3310 2338 .'
3339 2285 3456 2338 Non
3508 2294 3584 2337 est

2000 2382 2165 2436 Deus.
2214 2381 2486 2450 lnsipiens
2549 2379 2951 2442 Sennat-herih,
3008 2378 3149 2431 dixit
3198 2379 3252 2430 in
3282 2377 3447 2432 corde
3482 2393 3582 2430 suo

2001 2474 2167 2527 Deum
2205 2490 2310 2528 non
2346 2488 2469 2528 esse
2497 2491 2511 2539 ;
2544 2471 2734 2539 Deum,
2766 2474 3012 2540 inquam,
3047 2469 3379 2525 Judaaorum.
3423 2468 3579 2535 Quod

2000 2567 2043 2620 si
2078 2566 2299 2636 sapiens
2329 2565 2549 2632 fuisset,
2583 2563 2980 2634 inhujusmodi
3014 2577 3261 2616 errarent
3298 2578 3408 2615 non
3434 2569 3579 2615 esset

2001 2660 2314 2730 prolapsus,
2364 2658 2643 2727 przecipue
2697 2672 2826 2710 cum
2870 2655 3087 2709 audiret
3122 2654 3342 2707 assidue
3371 2661 3578 2722 quanta

2002 2753 2146 2808 Deus
2180 2752 2345 2807 Israel
2378 2751 2645 2805 adversus
2678 2765 2772 2805 eos
2796 2756 3061 2817 operatus
3093 2746 3188 2809 sit,
3231 2745 3327 2814 qui
3357 2744 3579 2798 Iudaeo-

2002 2862 2121 2900 rum
2148 2853 2366 2916 gentem
2395 2858 2717 2915 oppugnare
2753 2841 2939 2895 conati
2963 2839 3205 2892 fuerant.
3233 2836 3367 2890 Cum
3401 2850 3579 2889 autem

2004 2940 2109 2993 hoc.
2138 2947 2299 3008 pacto
2342 2938 2397 2990 in
2440 2935 2609 2991 corde
2658 2950 2763 2990 suo
2824 2933 2997 2987 Deum
3044 2930 3159 2998 jam
3226 2926 3581 2998 neglexisset,

2004 3031 2215 3087 addidit
2258 3039 2314 3084 et
2361 3027 2509 3082 aliud
2547 3027 2812 3082 facinus:
2860 3033 2921 3079 ut
2976 3023 3158 3077 verbis
3212 3021 3435 3093 proprio
3489 3034 3585 3073 ore

314 3108 546 3178 στήσας,
582 3114 676 3165 καὶ
704 3113 773 3165 δι’
804 3116 971 3168 αὐτοῦ
1020 3120 1275 3189 μηνίσας,
1310 3117 1398 3174 οἷα
1425 3124 1523 3193 τὴν
1574 3125 1695 3177 κατ’
1737 3126 1902 3180 αὐτὸν

2007 3124 2235 3195 prolatis
2274 3123 2322 3176 ei
2369 3121 2543 3193 palam
2599 3119 2977 3178 malediceret.
3011 3117 3231 3187 quando
3275 3116 3577 3184 principem

310 3200 780 3269 ἀναγινώσκοντες
816 3208 1127 3278 εὑρήσομεν
1169 3214 1434 3283 ἱστορίαν.

311 3294 554 3351 civitatis
612 3313 672 3351 ea
734 3301 934 3369 pepulo
987 3304 1364 3369 annuntiavit,

316 3403 463 3443 CCI'C.

382 3483 821 3552 Διεςςθάρησαν.
860 3491 954 3544 καὶ
989 3491 1445 3562 ἑϐδελύχθησαν
1468 3499 1538 3549 ἐν
1580 3499 1890 3566 ἐπιτηδεύ·

311 3583 521 3634 μασιν.
563 3573 625 3624 Ol
675 3575 817 3643 ἀμφὶ
853 3578 947 3630 τὸν
969 3580 1311 3653 Σεναχηρεὶμ
1355 3584 1727 3658 διεφθάρησαν
1773 3592 1898 3659 μὲν,

314 3663 645 3727 ἐκπεσόντες
678 3667 776 3737 τῆς
818 3669 984 3741 ὀρθῆς
1012 3665 1366 3745 ὗπολήψεωρ
1403 3680 1807 3751 ἐὸδελύχθησαν
1845 3684 1901 3734 δὲ

316 3754 393 3824 τῷ
420 3755 561 3827 Θεῷ.
585 3757 675 3845 δια
701 3760 802 3825 τὰς
828 3763 1078 3831 ἀνοσίους
1118 3769 1349 3839 πράξεις
1398 3773 1598 3827 αὐτῶν.
1637 3774 1900 3843 ’Ύὸριξον

314 3849 429 3917 γὰρ
458 3849 552 3902 τὸν
580 3848 732 3919 Θεὸν,
762 3857 853 3909 καὶ
887 3858 962 3920 ὡς
987 3858 1063 3931 μὴ
1097 3860 1211 3913 ὄντι
1235 3862 1356 3930 Θεῷ
1388 3864 1673 3916 ἀσθένειαν
1702 3864 1911 3916 ὠνείδι-

315 3939 434 4004 ζον,
474 3943 566 3995 καὶ
608 3942 686 4013 τῷ
712 3945 825 4017 λαῷ
867 3949 1034 4002 αὑτοῦ
1074 3951 1459 4023 πανωλεθρίαν
1485 3953 1763 4022 ἠπείλουν.
1799 3954 1910 4007 Καὶ

314 4034 497 4097 οὕτως
524 4037 999 4111 ἀλαζονευόμενοι,
1055 4044 1252 4114 μέθαις
1292 4045 1388 4098 καὶ
1438 4045 1770 4114 ἀσελγείαις,
1802 4049 1908 4099 ἐνι-

316 4128 610 4183 λυσπῶντο
641 4134 733 4185 καὶ
764 4137 1217 4205 κατεμολὺνοντο.
1251 4138 1445 4192 Νοοίτο
1481 4138 1527 4191 δ’
1557 4136 1624 4191 ἂν
1654 4139 1749 4192 καὶ
1782 4138 1910 4192 καθ’

322 4223 634 4292 ὑπερϐατὸν
668 4228 697 4280 ὁ
745 4228 949 4297 στίχος,
996 4231 1079 4284 ὅτι
1114 4231 1492 4303 διεφθάρησαν
1529 4233 1586 4284 ὲν
1618 4230 1908 4301 ἐπιτηδεύ-

324 4334 485 4385 μασι,
527 4320 619 4371 καὶ
648 4319 1073 4397 ἐϐδελύχθησαν.

1450 3324 1571 3377 qua:
1626 3309 1913 3366 historiam

2011 3217 2291 3272 exercitus
2344 3216 2429 3269 sui
2496 3214 2799 3283 Rapsacem
2863 3210 3041 3271 misitl.
3108 3211 3202 3280 qui
3258 3208 3323 3262 ad
3382 3204 3580 3261 mmnia

2000 3309 2147 3362 illam
2211 3308 2521 3379 legentibus
2577 3307 2631 3359 in
2699 3304 2859 3359 libris
2928 3302 3136 3373 Regum
3205 3304 3333 3356 licet
3404 3301 3580 3368 inspi-

2073 3497 2322 3564 Corrupli
2357 3503 2482 3548 sunt
2513 3502 2562 3546 et
2589 3490 2969 3544 abominabiles
2997 3490 3128 3560 facti
3160 3496 3283 3540 sunt
3312 3490 3364 3539 in
3393 3488 3585 3541 studiis

2000 3593 2133 3645 suis.
2159 3587 2540 3651 Sennacherib
2576 3585 2837 3637 nimirum
2864 3591 2919 3637 et
2957 3584 3050 3651 qui
3110 3598 3236 3633 cum
3287 3596 3352 3632 eo
3404 3587 3587 3639 erant,

2003 3680 2246 3747 corrupti
2276 3687 2430 3742 sunt,
2456 3675 2678 3745 quando
2708 3689 2737 3726 a
2770 3681 2916 3726 recta
2941 3672 3201 3739 opinione
3225 3670 3585 3722 deciderunt:

2009 3774 2235 3836 insuper
2272 3775 2326 3820 et
2372 3762 2771 3818 abominabiles
2812 3760 2938 3813 facti
2971 3760 3045 3814 ob
3095 3757 3362 3811 nefandas
3396 3772 3587 3809 eorum

2011 3856 2278 3910 actiones.
2317 3851 2527 3919 Jurgiis
2561 3849 2765 3918 quippe
2799 3847 2968 3928 Deutn
3023 3847 3383 3915 impetebant,
3438 3844 3592 3898 inlir-

2013 3948 2261 4002 mitatem
2329 3945 2378 3998 ei
2440 3949 2607 4012 atque
2658 3937 3039 4007 impotentiam
3112 3937 3599 4005 improperantes,

2011 4040 2169 4110 quasi
2201 4038 2342 4093 Deus
2375 4051 2483 4090 non
2517 4039 2688 4089 esset.
2727 4029 2999 4083 Pratterea
3031 4040 3082 4082 et
3114 4026 3316 4098 populo
3371 4024 3461 4081 Dei
3509 4027 3595 4080 in-

2011 4133 2387 4189 ternecionem
2451 4126 2854 4184 minitabantur
2892 4137 2908 4176 :
2940 4136 3181 4191 cumque
3234 4120 3372 4175 adeo
3415 4120 3594 4188 jacta—

2012 4224 2185 4280 bundi
2242 4232 2452 4284 essent,
2503 4218 2874 4275 ebrietatibus
2908 4216 3136 4285 insuper
3170 4230 3233 4268 ac
3266 4212 3595 4267 libidinibus

2011 4317 2252 4372 immersi
2276 4324 2433 4371 erant
2456 4323 2509 4368 et
2540 4302 2904 4381 coinquinati.
2930 4306 3193 4365 Construi
3218 4306 3387 4362 etiam
3415 4313 3599 4376 potest

325 4413 418 4467 hie
453 4415 757 4470 versiculus
790 4432 886 4487 per
911 4419 1140 4489 ﬁguram
1169 4422 1533 4491 hyperbaton,
1586 4421 1696 4474 hoc
1772 4417 1938 4471 modo
1977 4434 1989 4444 -
2031 4411 2294 4480 Corrupti
2336 4421 2467 4465 sunt
2517 4409 2569 4463 in
2628 4407 2854 4471 studiis,
2911 4418 2963 4460 et
3009 4402 3407 4459 abominabiles
3466 4398 3601 4454 facti

326 4515 478 4561 sunt.

403 4600 529 4654 Οὐκ
554 4601 687 4656 ἔστι
725 4604 916 4658 ποιῶν
961 4607 1364 4675 χρηστότητα.
1418 4608 1605 4671 Οὐδεὶς
1636 4610 1693 4660 ἐν
1723 4609 1908 4668 αὐτοῖς

326 4690 590 4760 χρηστὸς,
636 4691 772 4746 ἀλλὰ
813 4692 1011 4757 πάντες
1044 4696 1287 4765 πονηροί.

2092 4596 2218 4650 Νοη
2252 4604 2331 4649 est
2359 4580 2450 4662 qui
2496 4592 2664 4660 faciat
2695 4590 2910 4643 bonum.
2963 4585 3179 4648 Nullus,
3218 4586 3421 4656 inquit,
3454 4586 3598 4640 inter

2017 4705 2112 4746 eos
2145 4691 2324 4744 bonus
2352 4693 2461 4748 est,
2489 4684 2589 4737 sed
2627 4696 2822 4736 omnes
2856 4689 2988 4734 sunt
3022 4682 3201 4750 pravi.

404 4784 621 4851 Κύριος
650 4785 717 4837 ἐκ
753 4784 858 4839 τοῦ
874 4787 1134 4855 οὐρανοῦ
1156 4787 1442 4858 διέκυψεν
1457 4789 1553 4842 ἐπὶ
1582 4789 1721 4853 τοὺς
1744 4788 1904 4853 υἱοὺς

2088 4781 2256 4836 Vens.
2292 4779 2348 4832 ἓ.
2387 4778 2642 4830 Dominus
2665 4776 2729 4828 de
2764 4776 2892 4827 caelo
2920 4775 3190 4841 prospexit
3220 4773 3288 4825 ad
3312 4772 3455 4841 [ilius
3496 4773 3593 4826 lio—

329 4873 456 4927 τῶν
484 4874 831 4943 ἀνθρώπων,
870 4878 974 4932 τοῦ
1005 4878 1173 4942 ἰδεῖν,
1213 4880 1270 4933 ετ
1300 4881 1431 4934 ἐστι
1465 4880 1718 4943 συνιὼν,
1759 4879 1911 4947 ἣὲκο

334 4964 527 5031 ζητῶν
564 4969 673 5021 τὸν
722 4970 891 5024 Geor.
953 4970 1077 5024 Ἐπὶ
1115 4971 1242 5035 τοὺς
1268 4973 1421 5035 υἱοὺς
1450 4973 1557 5025 τῶν
1587 4971 1914 5041 ἀνθρώπων.

330 5057 639 5124 τουτέστιν,
672 5059 768 5112 ἐπὶ
795 5062 921 5124 τοὺς
963 5061 1285 5132 ἀνθρώπους
1314 5064 1577 5127 ἐκείνους,
1625 5064 1749 5125 τοὺς
1770 5063 1921 5133 ἕχον-

331 5165 459 5212 τας,
484 5148 563 5212 ὡς
592 5152 914 5221 εἰρήκαμεν.
952 5153 1046 5205 Ἐκ
1068 5152 1162 5205 τοῦ
1189 5154 1419 5224 οὐρανοῦ
1464 5154 1542 5219 δὲ,
1573 5154 1662 5222 ὑφ’
1690 5147 1750 5205 οὗ
1800 5169 1924 5206 κατε

333 5243 512 5294 οικεῖν
559 5242 1024 5312 ὑπολαμίῗάνεται,
1062 5247 1206 5298 κατὰ
1267 5249 1364 5299 τό’
1414 5246 1476 5299 '0
1520 5246 1815 5301 κατοικῶν
1856 5246 1925 5297 ἐν

337 5331 641 5397 οὐρανοῖς.
688 5332 985 5401 Ἐπέὸλεψε
1017 5333 1094 5399 δὲ,
1114 5333 1252 5388 ὥστε
1278 5335 1426 5397 ἰδεῖν,
1462 5333 1516 5387 εί
1544 5352 1625 5398 τις
1656 5335 1713 5386 ἐν
1741 5333 1924 5396 αὐτοῖς

338 5425 458 5477 ἑστι
485 5422 683 5476 συνιὼν
712 5424 821 5476 ἀπὸ
851 5426 961 5477 τῶν
990 5426 1288 5496 τεραστίων
1318 5427 1408 5478 τὸν
1426 5426 1580 5489 Θεὸν,
1608 5428 1640 5498 ἢ
1676 5425 1924 5494 ἐκζητῶν

341 5515 530 5577 αὑτὸν,
550 5517 829 5570 τουτέστιν
850 5518 1295 5588 ἐπικαλούμενος,
1322 5520 1398 5581 ὡς
1427 5520 1486 5571 τό
1508 5536 1519 5549 ’
1562 5517 1925 5583 Ἐξεζήτησα

341 5609 453 5660 τὸν
481 5608 723 5674 Κύριον,
756 5611 852 5663 καί
888 5610 1198 5677 ἐπήκουσέ
1217 5629 1333 5680 μου
1356 5628 1368 5642 ·
1404 5611 1544 5673 τινες
1580 5609 1685 5679 γὰρ
1719 5611 1917 5663 συνιένι

420 5791 441 5823 ’
474 5788 623 5846 l‘sal.
656 5807 842 5861 um,
878 5792 959 5845 l5.

2021 4877 2241 4935 minam,
2274 4880 2330 4923 ut
2365 4871 2581 4930 videret,
2615 4868 2660 4920 si
2689 4876 2770 4921 est
2800 4866 2890 4935 qui
2924 4864 3212 4935 intelligat,
3247 4874 3339 4918 aut
3380 4866 3471 4934 qui
3503 4881 3557 4917 re
3586 4893 3599 4902 -

2019 4969 2196 5037 quirat
2236 4964 2424 5018 Deum.
2466 4960 2546 5014 Ad
2584 4960 2725 5014 ﬁlios
2759 4956 3069 5016 hominum,
3112 4956 3214 5011 hoc
3237 4964 3345 5019 est.
3377 4956 3443 5010 ad
3481 4956 3600 5009 illos

2021 5055 2297 5117 homines,
2345 5051 2440 5121 qui
2483 5049 2556 5104 ita
2589 5049 2847 5119 dispositi
2907 5056 3058 5112 sunt,
3097 5057 3152 5101 ut
3202 5048 3467 5102 diximus.
3526 5042 3602 5093 De

2024 5150 2148 5203 caelo
2184 5162 2310 5201 vero
2367 5144 2489 5198 ideo
2542 5143 2696 5207 dixit,
2751 5143 2883 5212 quia
2934 5141 3121 5209 opinio
3178 5141 3425 5210 quaedam
3475 5150 3602 5188 esse

2027 5241 2265 5304 videtur,
2303 5236 2469 5293 Deum
2503 5238 2618 5304 illic
2664 5237 2935 5296 habitare,
2967 5233 3124 5304 juxta
3174 5231 3318 5300 quod
3345 5229 3475 5282 alibi
3523 5225 3605 5278 di-

2027 5341 2176 5386 ctum
2209 5339 2293 5385 est
2326 5346 2340 5382 :
2374 5327 2478 5393 Qui
2504 5326 2710 5380 habitat
2735 5327 2787 5378 in
2810 5325 2949 5379 cas/is
2980 5322 3219 5376 irridebit
3249 5332 3334 5368 eos
3363 5322 3404 5366 ⁷.
3437 5311 3603 5365 Pros-

2030 5423 2177 5495 pexit
2205 5433 2386 5477 autem
2422 5428 2479 5475 ut
2514 5420 2743 5484 videret,
2775 5419 2820 5472 si
2850 5416 2976 5485 quis
3004 5414 3147 5465 inter
3181 5422 3277 5461 eos
3308 5414 3477 5469 esset,
3507 5405 3602 5475 qui

2027 5532 2094 5570 ex
2120 5514 2406 5569 miraculis
2452 5521 2506 5566 et
2550 5509 2815 5579 prodigiis
2878 5505 3045 5557 Deum
3104 5496 3451 5567 intelligeret,
3510 5507 3604 5552 attt

2029 5606 2220 5662 saltem
2256 5606 2349 5675 qui
2382 5604 2697 5672 exquireret
2727 5612 2875 5659 eum,
2918 5596 3022 5645 hoc
3054 5599 3140 5643 cst
3175 5589 3267 5660 qui
3301 5590 3603 5659 invocaret,
