4110 6210
403 327 508 383 185

1550 336 1948 400 COMMENT.
1980 337 2061 397 IN
2075 332 2463 401 :PSALMOS.

3552 338 3654 395 186

397 441 455 494 iv
488 442 637 512 φόὸῳ
667 440 825 504 Θεοῦ,
859 435 921 496 οὗ
951 443 1111 513 φόϐος
1143 445 1241 499 οὐκ
1268 442 1335 518 ἦν
1367 446 1495 517 παρ’
1518 447 1701 510 αὐτοῖς
1726 449 1832 519 πρὸ
1856 448 1974 500 πεί·

2080 446 2242 512 dixit,
2287 445 2414 512 quia
2455 442 2710 497 Israelita:
2761 458 2957 498 omnes
3010 459 3076 497 ex
3132 457 3239 496 una
3274 451 3404 499 sunt
3438 440 3649 498 radice.

400 549 518 603 ρας.
558 532 669 585 Καὶ
688 532 799 603 γὰρ
834 534 993 597 αὐτὸς
1031 531 1099 605 ἦν
1127 538 1153 590 6
1180 536 1314 599 Θεὸς
1353 536 1410 587 ὲν
1438 537 1516 603 τῷ
1550 538 1697 605 γένει
1724 538 1832 590 τῶν
1872 555 1968 589 πο-

396 621 801 689 λιορκουμένων
826 621 1113 690 Ἰουδαίων,
1156 624 1296 694 ὑπὲρ
1329 624 1509 676 αὐτῶν
1542 627 1867 693 μαχόμενος.
1899 625 1968 677 Ἦ

395 710 491 764 καὶ
519 709 825 765 ὲδειλίασαν
868 713 925 765 ὲν
958 712 1109 783 φόδῳ
1132 713 1229 766 τοῦ
1258 714 1527 777 Ἐζεκίου,
1554 708 1615 767 οὗ
1645 715 1745 766 οὐκ
1778 710 1847 784 ἦν
1875 717 1972 782 φό-

396 805 512 866 ϐος,
555 803 757 873 μᾶλλον
792 805 1257 876 ύποπτήσσοντος,
1302 805 1398 856 καλ⁸
1440 803 1537 873 τὴν
1567 803 1759 872 αὔριον
1805 820 1973 874 προσ-

394 894 663 959 δοκῶντος
694 895 833 965 μετὰ
857 896 966 948 τῶν
1002 898 1102 949 σὺν
1147 896 1297 965 αὐτῷ
1332 894 1542 959 πάντας
1576 896 1932 966 ἀναιρεθῆναι
1956 912 1970 927 ο

396 988 907 1057 κατασφαττόμενοι
932 990 1040 1060 γὰρ
1075 991 1123 1043 οἱ
1154 990 1454 1060 Ἀσσύριοι,
1500 990 1723 1044 ἐδόκουν
1744 991 1850 1044 ἀπὸ
1882 990 1975 1045 τοῦ

402 1077 669 1146 βασιλέως
696 1077 969 1131 Ἰουδαίων
1020 1080 1346 1151 ἀνῃρῆσθαι,
1380 1080 1473 1133 καὶ
1516 1080 1596 1132 ὅτι
1619 1081 1751 1143 Θεός
1777 1082 1925 1134 ἐστιν
1950 1083 1978 1134 6

401 1171 534 1234 Θεὸς
580 1172 866 1243 Ἐϐραίων,
910 1172 1121 1243 βοηθῶν
1160 1174 1380 1237 αὐτοῖς,
1427 1173 1681 1228 ἐντεῦθεν
1729 1174 1974 1241 ἐμάνθα-

404 1279 493 1315 νον
498 1302 512 1316 .

2078 538 2171 592 Vel
2219 538 2421 590 aliter:
2459 535 2581 589 Illic
2615 536 3030 605 trepidanerant,
3075 535 3452 590 Senuacherib
3481 536 3647 588 nimi-

2078 646 2222 693 rum,
2252 638 2307 682 et
2331 629 2425 697 qui
2455 644 2580 681 cum
2611 644 2677 683 eo
2708 641 2883 695 erant,
2919 630 3122 684 timore
3176 628 3297 691 Dei,
3332 628 3490 696 cujus
3532 626 3648 692 Dei,

2082 730 2377 788 antequam
2446 721 2883 788 experimentum
2942 722 3048 776 hoc
3095 728 3402 782 sumerent,
3466 721 3653 773 nullus

2078 812 2226 879 apud
2246 825 2343 864 eos
2375 810 2555 864 fuerat
2583 813 2767 866 timor.
2806 812 2869 866 Et
2903 827 3066 867 causa
3097 827 3266 881 quare
3298 810 3649 880 postmodum

2078 901 2387 963 timuerint,
2420 903 2523 955 hoc
2559 902 2834 957 versiculo
2873 903 3116 956 declarat
3167 903 3435 969 Propheta
3471 920 3485 954 :
3521 903 3651 968 quia

2076 990 2288 1044 scilicet
2315 989 2458 1045 Deus
2484 992 2538 1045 in
2562 990 2878 1046 Iudaeorum
2902 992 3256 1047 obsessorum
3294 991 3653 1062 generatione

2074 1080 2289 1146 aderat,
2320 1092 2375 1138 et
2410 1098 2510 1152 pro
2555 1085 2639 1139 eis
2669 1086 2973 1155 pugnabat.
3026 1082 3119 1137 Vel
3151 1084 3310 1138 aliter
3350 1080 3657 1152 :‘l'repida-

2075 1182 2274 1227 verunt
2324 1175 2560 1245 Assyrii,
2616 1177 2816 1229 timore
2862 1174 3115 1229 Ezechiae
3145 1174 3311 1243 regis,
3346 1172 3507 1241 cujus
3546 1187 3658 1225 non

2075 1275 2193 1320 erat
2218 1269 2414 1333 timor;
2459 1269 2563 1324 hoc
2593 1278 2681 1322 est
2726 1269 2820 1338 qui
2852 1268 3033 1322 timeri
3066 1282 3175 1320 non
3224 1264 3479 1327 debebat,
3532 1277 3657 1316 cum

398 1359 515 1427 ipse
545 1359 727 1428 potius
759 1357 827 1412 ab
848 1359 929 1413 eis
958 1358 1188 1413 maxime
1221 1356 1560 1416 formidaret.
1583 1366 2041 1428 exspectaretque
2072 1376 2131 1415 se
2159 1377 2266 1415 una
2301 1378 2423 1417 cum
2476 1366 2731 1419 universo
2794 1363 3018 1433 populo,
3070 1360 3327 1430 sequenti
3420 1358 3509 1412 die
3573 1358 3662 1409 in-

395 1452 755 1506 terimendmn
800 1467 941 1506 esse.
970 1449 1099 1504 Nam
1135 1468 1260 1506 cum
1312 1453 1698 1507 occiderentur
1746 1454 1982 1523 Assyrii,
2026 1457 2412 1512 existimarunt
2473 1476 2531 1516 se
2560 1476 2588 1513 a
2619 1459 2935 1514 Judaaorum
3008 1472 3135 1523 rege
3188 1456 3393 1511 occidi.
3445 1452 3521 1507 Ex
3574 1452 3659 1505 his

391 1544 573 1614 itaque
608 1553 1000 1615 cognoverunt,
1040 1545 1504 1615 quemadmodmn
1559 1546 1700 1602 Deus
1742 1546 2085 1614 Jnd;eorum,
2113 1567 2275 1607 verus
2300 1554 2441 1610 Deus
2506 1565 2613 1622 est,
2638 1571 2761 1609 cum
2798 1564 3008 1608 tantam
3074 1551 3272 1622 populo
3341 1563 3501 1620 Opem
3570 1556 3659 1600 tu-

386 1636 530 1691 ierit.

455 1729 700 1795 Βουλὴν
729 1729 974 1798 πτωχοῦ
1018 1730 1472 1798 κατῃσχύνατε,
1531 1733 1565 1785 ό
1627 1730 1695 1783 δὲ
1753 1732 1967 1798 Κύριος

2148 1733 2443 1786 Consilium
2461 1734 2630 1801 inopis
2657 1734 3001 1801 confudistis.
3032 1733 3287 1786 Dominus
3322 1740 3497 1784 autem
3536 1720 3654 1797 spe‘

384 1822 562 1887 ἐλπὶς
594 1821 783 1875 αὑτοῦ
812 1824 971 1875 ἐστι.
1009 1821 1179 1874 Τοῦτο
1206 1823 1356 1888 λέγει
1387 1823 1521 1889 πρὸς
1578 1823 1705 1882 τοὺς
1774 1824 1965 1875 Ἄσσο-

2080 1831 2190 1897 ejus
2226 1836 2327 1881 est.
2357 1827 2435 1879 Ad
2461 1827 2722 1896 Assyrios
2748 1840 3065 1879 sermonem
3115 1823 3327 1893 dirigit.
3390 1821 3520 1883 Vos.
3570 1820 3658 1873 in-

388 1914 560 1984 ρίους,
594 1916 676 1967 ὅτι
705 1913 1095 1981 Ἐφαυλίσατε,
1120 1914 1218 1966 καὶ
1236 1913 1627 1981 ἐξουθενήσατε
1655 1912 1753 1981 τὴν
1782 1914 1975 1981 σκέψιν

387 2005 750 2074 ἢνὲσκὲψατο
790 2003 1043 2067 Ἐζεκίας
1082 2006 1109 2056 6
1162 2007 1401 2077 πτωχὸς,
1452 2008 1576 2059 ὅσον
1612 2009 1704 2059 ἐπὶ
1757 2011 1822 2077 τῇ
1882 2008 1978 2059 τοῦ

392 2096 638 2164 πολέμου
671 2099 1023 2166 παρασκευῇ.
1091 2097 1486 2151 Ἐϐουλεύσατο
1515 2099 1591 2161 δὲ,
1640 2099 1750 2151 τῶν
1805 2099 1982 2153 ἄλλων

398 2188 656 2241 ἁπάντων
689 2189 979 2254 ἀπογνοὺς,
1015 2191 1072 2241 ὲν
1103 2191 1293 2259 σάκκῳ
1348 2191 1441 2243 καὶ
1492 2189 1672 2260 σποδῷ
1735 2209 1982 2259 καταφυ-

398 2281 519 2345 γεῖν
545 2278 629 2341 εἰς
654 2278 810 2332 Θεόν.
846 2281 909 2332 ‘0
942 2280 1336 2350 μεμαθηκότες
1366 2283 1413 2334 oi
1444 2282 1539 2334 τοῦ
1610 2284 1978 2352 Σεναχηρεὶμ,

393 2369 847 2440 διεκωμῴδησαν,
876 2371 952 2433 ὡς
988 2372 1284 2438 ἀνωφελές.
1322 2373 1512 2442 Ὑμεῖς
1544 2373 1644 2440 μὲν
1670 2370 1781 2434 οὖν,
1817 2376 1973 2442 φησὶ,

390 2460 770 2531 κατῃσχύνατε
800 2460 898 2531 τὴν
932 2461 1131 2532 βουλὴν
1164 2462 1329 2515 αὐτοῦ
1360 2480 1373 2493 ·
1408 2464 1571 2526 αὐτὸς
1617 2465 1675 2517 δὲ
1733 2465 1827 2517 τὸν
1858 2465 1971 2517 Κύ-

391 2564 510 2620 ριον
538 2549 728 2606 ἐλπίδα
758 2551 894 2621 ἔχει,
931 2552 1247 2623 προσδοκῶν
1274 2553 1439 2608 αὐτὸν
1464 2555 1627 2623 μόνον
1661 2555 1827 2625 ἔχειν.

465 2721 558 2785 Τίς
588 2720 766 2775 δώσει
789 2721 860 2774 ἐκ
893 2722 1046 2775 Σιὼν
1074 2724 1142 2776 τὸ
1179 2724 1481 2793 σωτήριον
1510 2725 1617 2780 τοῦ
1664 2727 1912 2796 Ἰσραήλ
1950 2744 1970 2792 ;

387 2811 486 2874 Τίς
525 2812 634 2865 τῶν
660 2814 1064 2869 κατοικούντων
1089 2819 1146 2869 ἐν
1186 2817 1345 2881 Σιὼν,
1370 2818 1533 2872 δώσει
1558 2820 1659 2889 τὴν
1693 2821 1969 2890 σωτηρίαν

390 2905 506 2957 τῶν
552 2907 934 2978 Ἰσραηλιτῶν,
975 2910 1119 2978 ἄγαν
1147 2912 1539 2981 ὴσθενηκότων
1574 2915 1714 2979 ςκαὶ
1738 2914 1828 2974 τίς
1871 2914 1970 2966 αὐ-

389 3000 521 3060 τοὺς
551 2999 777 3069 ῥύσεται
802 3002 913 3054 τῶν
957 3003 1159 3072 χειρῶν
1209 3004 1306 3056 τοῦ
1361 3005 1705 3076 Σεναχηρείμ
1738 3022 1752 3070 ;
1786 3006 1975 3068 Οὐδεὶς

2079 1922 2220 1988 quit.
2252 1934 2286 1972 ο
2321 1918 2555 1986 Assyrii,
2588 1918 2836 1970 Ezechiae
2856 1917 3003 1984 regis
3044 1916 3302 1967 universo
3339 1914 3461 1967 belli
3488 1928 3660 1981 appa-

2082 2019 2205 2061 ratu
2236 2008 2416 2073 inopis
2452 2005 2748 2058 consilium
2798 2002 3126 2069 neglexistis
3158 2016 3223 2054 ac
3266 2000 3660 2067 vilipendistis,

2086 2098 2306 2169 quando
2337 2097 2487 2149 omni
2509 2096 2613 2149 alia
2632 2109 2855 2162 prorsus
2882 2093 3059 2145 salute
3087 2092 3396 2160 desperata,
3421 2091 3474 2143 in
3504 2103 3665 2143 sacco

2085 2200 2140 2246 et
2167 2190 2354 2242 cinere
2385 2186 2635 2256 confugit
2676 2184 2741 2239 ad
2797 2184 3115 2238 Dominum.
3164 2184 3220 2236 Id
3258 2183 3401 2235 enim
3462 2180 3666 2234 intelli-

2084 2297 2220 2351 gens
2252 2278 2825 2347 Sennacheribcmpit
2862 2275 3183 2343 hujnsmodi
3237 2274 3533 2327 consilium
3578 2287 3668 2326 ve-

2083 2373 2182 2426 luti
2220 2374 2384 2425 inane
2414 2378 2580 2439 atque
2614 2367 2808 2423 inuti'e
2838 2368 3093 2420 deridere
3123 2382 3149 2419 ι’
3174 2381 3363 2419 verum
3396 2366 3664 2418 Ezechias

2079 2464 2135 2519 in
2167 2463 2275 2516 Deo
2307 2472 2459 2517 recte
2489 2477 2639 2529 spem
2664 2476 2817 2514 suam
2846 2460 3239 2519 collocaverat,
3260 2460 3330 2511 ah
3350 2472 3417 2511 eo
3446 2467 3660 2509 tantum

2079 2557 2346 2610 auxilium
2410 2553 2721 2623 postulans,
2780 2551 2876 2620 qui
2944 2565 3071 2604 vere
3107 2548 3237 2603 illud
3266 2556 3480 2617 poterat
3520 2563 3661 2617 pra:-

2077 2659 2243 2703 stare.

2152 2739 2322 2796 Vsus.
2366 2738 2419 2792 7.
2460 2736 2595 2803 Quis
2625 2736 2774 2788 dabit
2806 2750 2871 2789 ea:
2939 2735 3071 2789 Sion
3129 2734 3368 2787 salutare
3434 2730 3661 2785 Israel?

2080 2833 2343 2900 Quisnam
2374 2845 2590 2890 eorum,
2626 2828 2831 2896 inquit,
2866 2827 2961 2893 qui
2998 2826 3257 2879 habitant
3295 2825 3348 2876 in
3384 2823 3539 2882 Sion,
3579 2822 3662 2873 iu-

2080 2926 2239 2979 lirmo
2273 2940 2336 2979 ac
2366 2922 2654 2976 debilitato
2690 2921 2895 2990 populo
2929 2918 3097 2973 Israel
3154 2918 3391 2971 salutem
3454 2915 3608 2966 dahit
3638 2915 3661 2966 ?

2079 3016 2205 3087 quis
2232 3030 2353 3070 eum
2405 3012 2603 3083 eripiet
2653 3027 2717 3066 ex
2780 3026 2947 3064 manu
3008 3009 3181 3064 hostis
3230 3004 3662 3061 Setinacherib?

390 3089 721 3159 ἀνθρώπων,
766 3093 813 3144 εί
848 3093 923 3162 μὴ
959 3095 987 3145 6
1025 3093 1177 3159 Θεὸς,
1210 3094 1374 3161 ἐφ’ὃν
1400 3095 1659 3163 ἤλπισαν.
1685 3094 1796 3149 Καὶ
1817 3088 1974 3155 οὗτος

2080 3109 2274 3163 Nullus
2315 3106 2597 3159 hominum
2638 3105 2908 3172 profecto,
2967 3103 3063 3155 sed
3089 3100 3244 3154 solus
3278 3098 3440 3161 Dius,
3476 3097 3661 3164 inquo

390 3182 504 3253 γὰρ
525 3184 584 3237 ὲν
613 3183 690 3254 τῷ
722 3183 836 3253 ναῷ
868 3184 969 3253 τῆς
989 3184 1130 3238 Σιὼν
1157 3186 1332 3239 ἐδόκει
1355 3187 1547 3239 οἰκεῖν.

481 3371 580 3422 Ἐν
608 3368 688 3433 τῷ
718 3370 1077 3438 ἐπιστρέψαι
1110 3374 1198 3438 εις
1228 3373 1345 3438 τὴν
1388 3374 1814 3441 αἰχμαλωσίαν
1866 3352 1977 3429 τοῦ⁴

389 3462 547 3516 λαοῦ
578 3462 788 3525 αὐτοῦ,
816 3463 1249 3532 ἀγαλλιάσεται
1293 3466 1505 3520 Ἰακὼϐ
1550 3469 1644 3520 καὶ
1711 3470 1972 3537 εὐφραν-

394 3554 645 3621 θήσεται
676 3556 946 3623 Ἰσραήλ.
989 3558 1381 3627 Αίχμαλωσίαν
1407 3561 1505 3627 μὲν
1535 3560 1703 3628 λέγει,
1732 3563 1792 3614 οὐ
1828 3579 1973 3631 γενο-

395 3646 593 3715 μένην,
632 3646 769 3699 ἀλλὰ
792 3646 1058 3700 δοκοῦσαν
1084 3648 1269 3711 αὐτοῖς
1321 3650 1426 3702 ὑπὸ
1463 3649 1559 3703 τοῦ
1583 3652 1972 3722 ἐπηρτημένου

394 3739 569 3806 φόϐου
612 3738 712 3809 τῆς
736 3740 859 3792 ὅσον
888 3740 1043 3794 οὔπω
1072 3742 1327 3804 ἁλώσεως
1353 3760 1368 3774 °
1396 3744 1810 3813 κεκυκλωμένον.
1840 3746 1976 3814 γὰρ.

394 3831 495 3885 καὶ
526 3832 989 3900 σεσαγηνευμένοι
1038 3835 1161 3891 ταῖς
1193 3834 1441 3902 αἰχμαῖς,
1469 3836 1672 3901 τρόπον
1692 3835 1818 3887 τινὰ
1847 3850 1981 3886 κατ-

395 3923 627 3993 είχοντο.
652 3908 848 3977 Ἰακὼϐ
879 3924 935 3977 δὲ
960 3924 1057 3978 καὶ
1092 3923 1332 3994 Ἰσραὴλ,
1398 3925 1606 3987 αὐτοὺς
1634 3925 1699 3994 δὴ
1731 3925 1978 3988 τούτους,

392 4019 472 4082 ὡς
525 4020 933 4089 καταγομένους
981 4022 1046 4073 ἐκ
1118 4021 1220 4088 τῆς
1282 4019 1440 4089 ῥίζης
1471 4018 1690 4083 Ἰακὼϐ,
1749 4017 1845 4072 τοῦ
1888 4020 1983 4073 καὶ

407 4111 652 4181 Ἰσραήλ.
694 4112 760 4165 Ὀ
799 4112 855 4165 δὲ
888 4113 1060 4180 λέγει,
1091 4110 1337 4165 τοιοῦτόν
1372 4112 1542 4177 ἐστιν,
1575 4114 1660 4167 ὅτι
1710 4112 1804 4166 τοῦ
1867 4114 1981 4167 Κυ-

398 4204 520 4275 ρίου
553 4204 1022 4276 ἐλευθερώσαντος
1040 4206 1260 4271 αὐτοὺς,
1287 4198 1403 4259 οἷον
1421 4207 1979 4277 αἰχμαλωτισθέντας,

394 4298 823 4366 ἀγαλλιάσονται
853 4300 902 4351 οἱ
924 4298 1413 4369 ἐλευθερωθέντες,
1431 4300 1525 4353 καὶ
1554 4301 1767 4371 εὐφραν
1779 4300 1980 4370 θήσον-

395 4408 490 4443 ται
520 4405 533 4419 ·
569 4389 662 4443 καὶ
686 4390 1108 4457 ἀγαλλιάσονται
1137 4390 1257 4460 μὲν,
1296 4390 1627 4460 σωματικῶς
1667 4409 1680 4424 ·
1737 4392 1980 4463 εὐφραν-

2002 3171 2045 3225 C
2078 3206 2468 3268 speraverunt,
2523 3205 2578 3250 et
2600 3171 2769 3265 quiin
2827 3192 3029 3262 templo
3080 3190 3234 3254 Sion,
3296 3191 3399 3243 hoc
3453 3196 3539 3242 est
3606 3189 3660 3238 in

2074 3291 2375 3348 Jerusalem
2416 3289 2663 3344 habitare
2687 3288 2994 3341 videbatur.

2147 3385 2279 3439 Cum
2298 3383 2611 3436 converterit
2648 3380 2903 3433 Dominus
2925 3378 3293 3445 captivitatem
3318 3372 3487 3438 plebis
3517 3384 3654 3433 sua‘,

2074 3476 2361 3532 exsultabit
2421 3473 2588 3529 Iacob
2621 3484 2669 3527 et
2701 3472 2977 3527 laetabitur
3015 3468 3214 3523 Israel.
3266 3464 3655 3534 Captivitatem

2075 3570 2314 3638 aliquam
2367 3584 2475 3622 non
2525 3567 2662 3621 dicit
2706 3581 2826 3635 qua:
2866 3566 2977 3633 jam
3025 3561 3350 3620 exstitisset,
3397 3557 3491 3612 sed
3538 3568 3658 3608 eaut

2079 3677 2241 3730 quam
2276 3669 2409 3713 tunc
2437 3660 2508 3713 ob
2537 3660 2866 3711 immensum
2899 3655 3152 3706 timorem
3188 3664 3381 3703 omnes
3443 3648 3663 3699 incuru—

2080 3752 2216 3804 bere
2249 3749 2692 3807 arbitrabantur,
2726 3754 2779 3797 et
2803 3743 2988 3806 qualis
3018 3755 3297 3807 nunquam
3363 3745 3523 3789 antea
3562 3735 3667 3787 im-

2083 3838 2295 3892 minere
2323 3837 2442 3890 visa
2478 3836 2691 3897 fuerat;
2721 3830 3044 3886 circumdati
3081 3829 3228 3883 enim
3252 3826 3423 3880 Judaﬁ
3458 3840 3521 3878 ac
3553 3824 3663 3875 cir-

2085 3928 2401 3983 cumvallati
2429 3923 2781 3980 inimicorum
2814 3923 3008 3982 armis,
3032 3918 3268 3973 detineri
3331 3917 3402 3973 ab
3453 3916 3560 3978 eis,
3603 3928 3669 3967 ac

2087 4021 2291 4093 captivi
2325 4017 2736 4090 quodammodo
2769 4029 2895 4069 esse
2947 4012 3299 4066 videbantur.
3343 4009 3443 4063 Per
3496 4007 3670 4062 Jacoh

2090 4130 2218 4171 vero
2243 4124 2297 4167 et
2332 4128 2429 4183 per
2463 4108 2634 4165 Israel
2665 4107 2842 4171 ipsum
2897 4104 3213 4159 Judzeornm
3275 4101 3536 4171 populum
3581 4099 3669 4151 iu-

2086 4208 2287 4278 telligit
2323 4220 2390 4259 ex
2417 4203 2639 4257 illorum
2678 4198 2866 4253 radice
2894 4192 3350 4251 descendentem.
3381 4193 3448 4247 Et
3471 4205 3669 4247 sensus

2088 4308 2196 4361 est,
2242 4295 2390 4366 quod
2422 4308 2547 4348 cum
2579 4290 2844 4347 Dominus
2896 4303 2991 4343 eos
3017 4303 3086 4342 ex
3143 4286 3266 4347 hac,
3324 4299 3487 4353 quam
3531 4283 3670 4335 «Sisi-

2087 4405 2210 4444 mus
2239 4384 2649 4457 quodammodo
2714 4380 3033 4451 captivitate
3061 4379 3396 4441 liberaverit,
3426 4376 3658 4429 exsulta-

396 4481 662 4550 θήσονται
688 4481 746 4534 δὲ
798 4482 889 4535 καὶ
918 4480 1168 4551 ψυχικῶς
1190 4498 1205 4512 ο
1239 4482 1400 4536 τοῦτο
1453 4483 1578 4553 μὲν,
1627 4487 1694 4554 τῇ
1730 4485 1976 4566 εὐθυμία

2096 4483 2229 4536 bunt
2254 4492 2389 4534 tunc
2412 4486 2467 4533 et
2495 4476 2832 4531 laetabuntur
2864 4489 2878 4525 :
2911 4486 3142 4541 corpore
3168 4470 3389 4552 quidem
3420 4466 3666 4521 exsulta-

396 4574 500 4639 τῆς
533 4572 743 4642 τροφῆς
776 4589 790 4602 ·
823 4572 982 4625 τοῦτο
1009 4572 1089 4637 δὲ,
1126 4575 1193 4643 τῇ
1224 4576 1424 4646 μελέτῃ
1452 4574 1560 4628 τῶν
1594 4574 1756 4629 θείων
1775 4576 1968 4645 λόγων,

400 4662 481 4717 ῶν
511 4667 571 4717 ὲν
602 4665 789 4735 ταυτῷ
820 4666 1069 4735 εἴργοντο
1092 4666 1571 4736 πολιορκούμενοι.
1618 4668 1781 4721 Ἀλλὰ
1832 4669 1976 4723 κατά

402 4756 507 4824 μὲν
546 4755 795 4819 Ἐζεκίαν
824 4760 917 4810 καὶ
945 4758 1311 4827 Σεναχηρεὶμ,
1371 4758 1545 4821 οὕτως
1594 4761 1975 4831 ἐποιησάμεθα

397 4850 502 4915 τὴν
532 4849 815 4917 ἐξήγησιν.
862 4850 1188 4919 Ἐξηγητέον
1218 4850 1275 4903 δὲ
1332 4849 1518 4904 λοιπὸν
1564 4853 1695 4917 καὶἰ
1727 4855 1869 4907 κατὰ
1908 4854 1977 4906 τὰ

398 4941 497 4993 ὲπί
524 4940 635 4991 τῶν
661 4941 869 5010 χρόνων
912 4940 1035 4993 καθ’
1070 4940 1163 5004 οὒς
1190 4943 1218 4993 6
1277 4941 1483 5012 Κύριος
1530 4944 1975 5015 ὲνηνθρὼπησεν.

399 5027 564 5095 Εῐπε,
591 5033 781 5103 φησὶν,
811 5034 839 5085 6
871 5034 1100 5104 ἀνόητος
1142 5035 1417 5089 Ἰουδαίων
1473 5037 1667 5106 δῆμος,
1692 5039 1720 5089 6
1752 5038 1826 5107 μὴ
1855 5055 1980 5089 συν⁴

400 5129 483 5187 εὶς
527 5125 631 5189 τὰς
675 5129 806 5197 περὶ
851 5126 1092 5196 Χριστοῦ
1170 5128 1527 5195 προφητείας,
1590 5128 1671 5180 ὅτι
1716 5130 1817 5181 οὐκ
1864 5128 1978 5182 ἔστι

401 5218 562 5280 θεὸς,
582 5220 609 5269 ὁ
636 5218 735 5279 τὰς
770 5217 1101 5287 θεοσημείας
1127 5219 1186 5270 ὲν
1216 5218 1403 5279 αὐτοῖς
1437 5216 1819 5288 ἐργαζόμενος
1847 5220 1981 5288 Χρι-

405 5309 557 5371 στός.
591 5307 749 5361 Οὕτω
778 5309 834 5361 δὲ
860 5311 991 5379 παρ’
1012 5307 1192 5377 ἑαυτῷ
1222 5307 1439 5377 πρῶτον
1465 5308 1848 5377 λογισάμενος,
1887 5309 1984 5362 καὶ

406 5401 665 5470 φανερῶς
689 5401 838 5465 αὐτῷ
862 5401 962 5472 τὴν
996 5399 1090 5453 τοῦ
1118 5399 1255 5452 Θεοῦ
1287 5400 1476 5471 κλῆσιν
1506 5401 1775 5456 ἐνεκάλει.
1820 5401 1902 5455 Τὰ
1925 5401 1982 5454 δὲ

406 5491 560 5558 ἑξῆς,
588 5490 733 5543 κατὰ
765 5490 865 5560 τὴν
893 5492 1154 5561 ἀνωτέρω
1179 5491 1372 5561 ῥητέον
1396 5493 1680 5562 ἐξήγησιν.
1734 5493 1860 5546 Οὐκ
1906 5487 1987 5554 ’ἦν

405 5581 479 5633 δὲ
513 5580 705 5634 ποιῶν
731 5582 1115 5649 χρηστότητα
1130 5581 1201 5635 ἐν
1234 5582 1465 5647 αὐτοῖς,
1518 5583 1721 5652 δηλαδὴ
1765 5585 1879 5643 τοῖς
1909 5584 1983 5652 μὴ

408 5670 733 5740 δεξαμένοις
779 5671 880 5735 τὴν
940 5670 1297 5727 διδασκαλίαν
1330 5671 1520 5728 αὑτοῦ.
1563 5674 1778 5740 Κύριος
1814 5672 1883 5724 δὲ
1915 5671 1984 5725 ἐκ

410 5762 517 5815 τοῦ
552 5762 815 5830 οὐρανοῦ
840 5762 1112 5832 διέκυψε,
1135 5763 1432 5830 τουτέστιν,
1458 5764 1486 5816 6
1516 5764 1640 5828 Υἱὸς
1670 5764 1727 5829 ἐξ
1751 5762 1983 5832 ούρανοῦ

2078 4579 2244 4635 bunt,
2276 4570 2464 4625 animo
2502 4582 2632 4623 vero
2652 4581 2718 4620 ac
2740 4565 2938 4635 spiritu
2964 4562 3323 4623 laetabuntur;
3357 4567 3411 4613 et
3437 4558 3664 4611 alterum

2079 4665 2305 4738 quidem
2343 4662 2415 4716 ob
2446 4661 2835 4714 alimentorum
2890 4654 3103 4723 copiam
3126 4694 3140 4719 ,
3164 4652 3395 4706 alterum
3432 4666 3558 4705 vero
3597 4649 3667 4702 oh

2078 4755 2260 4811 studia
2312 4767 2378 4806 ac
2435 4749 2823 4805 meditationes
2875 4746 3221 4815 eloquiorum
3271 4743 3412 4807 Dei;
3465 4743 3666 4810 quibus

2077 4846 2338 4902 omnibus
2400 4841 2664 4896 carebant
2728 4838 2951 4909 quando
3000 4838 3198 4892 civitas
3248 4835 3473 4891 obsessa
3524 4842 3661 4887 erat.

2083 4939 2151 4995 Εῐ
2213 4939 2331 4992 Ι]ωο
2374 4934 2594 5002 quidem
2654 4928 3034 4998 interpretatio
3079 4937 3167 4983 est
3203 4928 3360 4995 juxta
3414 4938 3662 4982 sensum,

2070 5046 2196 5099 .qno
2224 5028 2502 5083 Psalmum
2538 5025 2903 5093 intelligimus
2962 5023 3030 5077 de
3063 5020 3295 5076 Ezechia
3329 5028 3385 5074 et
3425 5018 3493 5071 de
3530 5017 3668 5069 Seu—

2091 5118 2379 5175 uaclzerib.
2419 5116 2538 5169 Alia
2568 5116 2735 5170 etiam
2773 5118 2934 5169 datur
2966 5113 3256 5184 expositio.
3286 5119 3346 5164 ut
3383 5104 3667 5176 prophetia

2092 5216 2145 5269 in
2177 5229 2240 5269 eo
2272 5214 2343 5267 sit
2368 5210 2588 5273 tradita,
2640 5225 2761 5279 qua:
2794 5210 3076 5263 contineat
3111 5206 3325 5260 illarum
3358 5212 3665 5265 temporum

2089 5301 2496 5375 gesta,quibus
2560 5302 2824 5356 Dominus
2881 5304 3199 5355 incarnatus
3255 5300 3361 5348 est.
3395 5287 3666 5355 lnsipieus

2090 5394 2405 5449 Judu-nrum
2433 5394 2691 5464 populus,
2725 5404 2779 5447 ct
2811 5391 3129 5461 prophetias
3178 5386 3246 5439 de
3295 5380 3518 5434 Christo
3554 5395 3662 5436 non

2092 5488 2424 5557 intelligens,
2483 5488 2648 5549 dixit,
2696 5486 2983 5539 Dominum
3038 5478 3247 5542 Jesum,
3315 5474 3408 5544 qui
3469 5489 3663 5545 magna

2091 5580 2334 5649 alioquin
2372 5581 2513 5633 inter
2566 5590 2660 5631 eos
2703 5584 2757 5628 et
2814 5572 3005 5625 divina
3066 5565 3326 5621 miracula
3392 5580 3455 5620 ac
3504 5566 3661 5637 signa
3728 5566 3731 5569 ’

2091 5684 2348 5743 operatus
2381 5673 2581 5735 fuerat,
2625 5669 2793 5723 Deum
2824 5681 2931 5720 non
2961 5678 3117 5719 esse:
3154 5678 3393 5734 cumque
3422 5662 3657 5731 primum

2094 5764 2196 5819 hoc
2225 5762 2451 5817 dixisset
2492 5775 2557 5813 ac
2617 5756 2913 5824 cogitasset
2970 5753 3117 5806 intra
3171 5768 3252 5815 se,
3308 5750 3657 5819 postmodqu
