4110 6210
456 304 553 369 187

1683 304 2069 365 EU'l‘llYMil
2122 300 2489 361 ZIGABENI

3615 285 3728 346 18%

452 428 632 495 palam
667 425 934 486 etiam,ae
964 422 1253 475 manifeste
1307 422 1557 474 eumdem
1613 422 1914 479 accusavit.
1939 420 2028 485 qui
2062 467 2068 478 η

2176 418 2433 485 inuti/ag,
2465 412 2736 479 κατῆλθεν
2769 411 2848 470 είς
2899 408 3004 475 γῆν
3043 405 3133 457 ἐπὶ
3186 405 3313 465 τοὺς
3373 399 3718 470 ἀνθρώπους,

457 518 553 570 Dei
589 532 788 570 nomen
813 514 1055 569 indebite
1091 514 1194 568 sibi
1223 513 1689 582 usurparet.’Qu:e
1723 524 2032 579 sequuntur

453 615 607 675 juxta
639 608 876 676 priorem
908 608 1311 674 expositionem
1343 606 1695 674 intelligenda
1722 616 1874 660 sunt.
1914 605 2035 657 Non

456 712 536 755 est
572 702 663 769 qui
703 701 867 767 faciat
904 700 1099 753 bonum
1143 701 1287 753 inter
1316 716 1428 761 eos,
1467 698 1705 759 scilicet,
1749 700 1841 766 qui
1870 697 2035 751 Chri-

461 796 531 847 sti
563 794 877 847 doctrinam
922 808 1028 846 non
1083 801 1472 861 susceperunt.
1510 791 1776 844 Dominus
1799 791 1864 844 de
1908 791 2036 844 (aeto

462 886 753 953 praspexit,
778 885 893 939 lloe
920 896 999 938 est
1028 884 1223 946 Filius,
1257 883 1324 939 de
1346 885 1488 937 caelo
1544 883 1832 936 hominum
1869 882 2035 934 mise-

466 980 602 1031 riam
631 978 978 1047 prospiciens
1007 977 1074 1030 ad
1128 990 1224 1031 eos
1277 978 1333 1029 in
1384 984 1591 1029 terram
1643 974 1950 1038 descendit,
1985 981 2040 1026 et

468 1084 563 1137 per
600 1084 819 1123 carnem
858 1084 983 1123 cum
1020 1068 1101 1121 eis
1134 1075 1642 1131 convcrsatusest;
1693 1066 1786 1135 qui
1842 1077 2041 1117 sensus

463 1175 530 1214 ex
591 1159 779 1213 Graeco
834 1162 1003 1213 verbo
1064 1160 1287 1227 διέκυψε
1345 1158 1689 1211 manifestior
1736 1156 2040 1209 redditur:

464 1252 610 1319 quod
644 1259 925 1319 aspectum
964 1253 1257 1319 quemdam
1289 1266 1354 1304 ex
1398 1248 1581 1303 altiori
1618 1250 1737 1304 loco
1761 1248 2038 1316 signiﬁcat

465 1358 589 1395 cum
634 1342 999 1396 inclinatione
1038 1343 1275 1411 quadam
1300 1350 1366 1395 et
1413 1339 1738 1395 deﬂexione.
1795 1342 1860 1394 Et
1918 1354 2044 1408 qua:

467 1446 799 1504 sequuntur,
886 1436 1040 1500 juxta
1124 1435 1439 1504 prazdictam
1538 1434 2044 1501 interpretationem

467 1542 839 1595 exponuntur.
877 1526 1035 1591 Quod
1074 1542 1202 1581 vero
1234 1526 1334 1588 ait,
1372 1524 1547 1595 Usque
1570 1526 1640 1579 ad
1663 1542 1851 1588 unum,
1887 1526 2050 1579 intel-

470 1617 595 1685 lige.
632 1618 734 1671 hoc
757 1628 863 1681 est,
912 1619 1017 1672 uisi
1052 1634 1193 1672 unus
1236 1618 1515 1673 Christus.
1577 1617 1787 1672 Unicus
1845 1618 2048 1686 quippe

469 1710 757 1764 eratinter
782 1726 877 1765 eos
899 1710 990 1781 qui
1042 1712 1249 1765 bonum
1313 1710 1533 1764 faceret.
1584 1706 1654 1763 Et
1704 1709 1831 1778 quia
1862 1710 2049 1764 Graeca

472 1802 645 1856 dictio
683 1804 805 1872 οὑχὶ
842 1820 947 1857 non
1019 1806 1195 1858 solum
1249 1820 1347 1873 pro
1393 1804 1784 1872 interrogativa
1815 1806 2054 1859 dictione

474 1895 735 1958 sumitur,
769 1913 962 1959 nonne,
1002 1897 1099 1949 sed
1158 1880 1411 1963 negativc
1452 1896 1756 1963 aliquando
1782 1897 2055 1951 determi-

478 1995 597 2048 nat,
631 1987 785 2040 itaut
820 1988 921 2040 hoc
968 1989 1022 2042 in
1074 1989 1194 2045 loco
1245 1989 1427 2055 legere
1486 1990 1648 2041 etiam
1725 1991 2055 2057 possimus:

479 2079 598 2131 Non
623 2090 931 2149 cognoscent
955 2098 1131 2135 omnes
1167 2083 1256 2150 qui
1290 2090 1580 2147 operantur
1602 2082 1936 2148 iniquitatem
1960 2083 2001 2113 '"
2038 2095 2056 2145 ;

479 2172 591 2236 die,
616 2173 761 2238 quod
791 2173 965 2227 Judaei
1016 2173 1315 2227 noluerunt
1381 2172 1662 2227 Christum
1698 2188 2059 2242 cognoscere,

480 2272 536 2316 et
567 2265 711 2331 quod
749 2267 818 2317 ob
840 2280 1031 2318 eorum
1067 2265 1415 2331 iniquitatem
1456 2265 1654 2317 merito
1705 2264 1901 2332 iniqui,
1963 2280 2061 2318 seu

484 2354 667 2419 potius
698 2355 782 2421 (ut
803 2353 981 2406 verior
1007 2354 1183 2407 Graeci
1220 2353 1462 2407 nominis
1511 2353 1843 2421 signiﬁcatio
1873 2369 2063 2421 posm-

486 2442 585 2507 Iat)
620 2442 837 2507 exleges
866 2443 1217 2511 appellantur
1241 2460 1257 2509 ;
1286 2457 1353 2497 eo
1381 2443 1523 2509 quod
1541 2444 1794 2512 exlegum
1818 2444 2063 2512 gentium

487 2534 685 2596 instar,
720 2543 773 2587 et
801 2534 1006 2588 invidia
1043 2535 1417 2598 labescebant,
1447 2544 1502 2590 et
1572 2537 1810 2604 maligna
1864 2553 2066 2605 opera-

489 2628 707 2680 battlur.
744 2628 807 2681 Et
844 2629 988 2696 quod
1022 2628 1093 2682 ait
1122 2644 1137 2681 :
1167 2628 1563 2695 Quicomedunt
1594 2631 1845 2697 populum
1874 2646 2067 2698 meum,

487 2736 552 2773 ex
581 2720 788 2773 Christi
816 2735 1048 2789 persona
1106 2720 1374 2775 adversus
1428 2721 1676 2789 ingratos
1721 2720 1938 2777 Judmos
1996 2726 2071 2775 le.-

490 2813 728 2879 gnndum
767 2824 872 2879 est,
937 2814 1030 2883 qui
1082 2813 1289 2869 Christi
1346 2814 1675 2883 discipulos,
1730 2816 1907 2868 instar
1963 2816 2069 2869 eihi

487 2905 649 2973 panis
679 2905 730 2958 in
765 2921 861 2959 ore
894 2906 1061 2975 gladii
1115 2920 1180 2959 ac
1237 2906 1644 2974 persecutionis
1683 2904 2022 2959 devorabam
2054 2922 2069 2958 :

491 2995 773 3063 quietiam
810 2997 1097 3051 Dominum
1131 3013 1292 3051 suum
1324 2998 1414 3052 Dei
1449 2995 1680 3061 Filium,
1728 2996 1900 3049 Deum
1962 3012 2070 3049 nun

2141 512 2234 561 καὶ
2262 510 2348 561 διὰ
2382 506 2584 575 σαρκὸς
2619 503 2901 572 ὡμίλησεν
2937 499 3147 559 τούτοις
3171 512 3184 525 ·
3223 497 3479 548 κύπτειν
3510 493 3721 562 γὰρ,τὸ

2141 597 2201 662 ἐξ
2229 598 2396 662 ὒψους
2424 598 2504 656 εἰς
2535 595 2641 662 γῆν
2672 589 3048 659 κάμπτεσθαι.
3076 586 3157 638 Τὰ
3190 586 3247 638 δὲ
3274 585 3423 652 ἑξῆς,
3454 583 3597 635 κατὰ
3620 582 3720 651 τὴν

2140 691 2399 759 ἀνωτέρω
2424 688 2702 755 ἐξήγησιν.
2723 684 2796 735 Τὸ
2826 683 2903 742 δὲ,
2938 683 3059 734 Οὐκ
3080 680 3251 731 ἐστιν
3279 677 3391 741 ἕως
3417 675 3722 740 ὲνὸς,ἀντὶ

2141 780 2259 843 τοῦ,
2293 782 2342 832 εἰ
2377 781 2454 849 μὴ
2491 775 2595 841 εἷς,
2622 778 2791 847 ἢγουν
2821 778 2849 827 ὁ
2879 774 3113 842 Χριστὸς
3154 770 3316 841 μόνος
3378 767 3722 836 ἁγαθοεργὸς

2145 876 2202 925 ὲν
2225 875 2414 935 αὐτοῖς
2440 872 2950 940 ἀποστρεφόμενος.
2987 867 3058 916 Τὸ
3090 866 3167 928 δὲ,
3204 862 3350 928 Οὐχὶ
3390 860 3726 930 γνώσονται

2147 965 2369 1029 πάντες
2387 966 2439 1016 οἱ
2459 960 2835 1031 ἐργαζόμενοι
2858 959 2969 1024 τὴν
2987 956 3267 1023 ἀνομίαν,
3285 951 3427 1004 κατὰ
3451 950 3727 1016 ἀπόφασιν

2147 1056 2528 1125 ἀναγνωστέον
2556 1053 2796 1107 ἐνταῦθα
2817 1070 2831 1083 ο
2871 1050 2933 1102 οὐ
2955 1048 3062 1117 γὰρ
3084 1047 3362 1115 ἠθέλησαν
3400 1043 3565 1095 αὐτὸν
3609 1043 3721 1092 ἐπι-

2150 1151 2358 1220 γνῶναι
2392 1151 2445 1201 οἱ
2481 1148 2641 1216 δίκην
2673 1147 2895 1211 ἀνόμων
2930 1142 3103 1194 ἐθνῶν
3128 1139 3478 1208 φθονοῦντες,
3505 1138 3599 1187 καὶ
3631 1152 3726 1186 πο-

2149 1238 2635 1311 νηρευόμενοι.’Τὸ
2670 1237 2746 1299 δὲ,
2779 1238 2841 1287 Οἱ
2868 1234 3181 1295 ἐσθίοντες
3232 1230 3335 1282 τὸν
3391 1230 3544 1280 λαόν
3588 1246 3727 1295 μου,

2153 1330 2374 1382 λεκτέον
2405 1332 2469 1382 ὲκ
2496 1329 2792 1399 προσώπου
2825 1325 2920 1378 τοῦ
2941 1322 3206 1393 Χριστοῦ,
3245 1320 3380 1389 πρὸς
3404 1321 3531 1380 τοὺς
3562 1321 3733 1388 ἁχρὴ-

2154 1442 2310 1487 στους
2342 1424 2653 1487 Ἰουδαίους,
2707 1421 2987 1482 ἐσθίοντας
3042 1422 3102 1471 ἐν
3165 1417 3393 1485 στόματι
3458 1416 3732 1482 μαχαίρας

2156 1521 2251 1570 καὶ
2279 1519 2462 1587 πάσης
2491 1515 2789 1577 κακώσεως
2825 1515 2952 1574 τοὺς
3018 1510 3269 1580 μαθητὰς
3328 1509 3519 1570 αὑτοῦ,
3574 1508 3735 1575 δίκην

2160 1610 2417 1681 βρώσεως
2441 1611 2632 1678 ἄρτου,
2666 1609 2714 1661 οἳ
2754 1609 2844 1659 τὸν
2877 1605 3086 1675 Κύριον
3129 1603 3316 1665 αὑτὸν,
3349 1601 3597 1653 τουτέστι
3645 1600 3736 1651 τὸν

2160 1705 2288 1756 Υἱὸν
2321 1703 2415 1756 τοῦ
2449 1702 2610 1763 Θεοῦ,
2643 1703 2742 1754 οὐκ
2771 1701 3065 1769 ὠνόμασαν
3106 1697 3263 1752 Θεὸν.
3300 1696 3449 1748 Ἐκεῖ
3502 1694 3555 1747 δὲ
3601 1694 3737 1745 ἐδει-

2158 1795 2354 1848 λίασαν
2384 1794 2557 1865 φόϐῳ,
2590 1795 2725 1847 ὅπου
2750 1794 2852 1845 οὐκ
2878 1790 2947 1861 ἦν
2974 1792 3141 1859 φόϐος
3161 1807 3174 1822 ⁸
3229 1787 3569 1858 ηὑλαϐοὖντο
3627 1788 3743 1855 γὰρ

2158 1888 2493 1957 ὁμολογῆσαι
2520 1887 2612 1939 τὸν
2645 1886 2882 1953 Χριστὸν
2915 1884 3069 1949 Θεὸν,
3099 1885 3307 1954 μήποτε
3338 1881 3629 1950 παραϐὦσι
3649 1881 3743 1931 τὸν

2162 1982 2325 2049 νόμον
2374 1980 2723 2043 θεσπίζοντα,
2746 1980 2827 2031 ὅτι
2869 1980 2990 2031 Οὐκ
3020 1977 3191 2029 ἔσται
3219 1991 3318 2029 σοι
3344 1975 3489 2037 Θεὸς
3521 1974 3739 2039 ἕτερος.

2165 2073 2276 2125 Καὶ
2298 2069 2457 2134 αὖθις
2484 2073 2605 2123 τότε
2643 2071 2977 2130 ὲδειλὲασαν,
3009 2070 3099 2121 ὅτε
3129 2069 3229 2120 οὐκ
3282 2064 3351 2135 ἦν
3407 2067 3567 2133 φόϐος
3603 2084 3614 2096 ⁸

2166 2162 2283 2229 γὰρ
2356 2165 2771 2233 ἀναρτήσαντες

3653 2084 3741 2117 οτε

2866 2162 3031 2213 αὑτὸν
3090 2160 3184 2213 ἐπὶ
3253 2159 3512 2229 σταυροῦ,
3560 2158 3746 2221 ἔδοξαν

2167 2259 2513 2327 ἀπηλλάχθαι
2542 2258 2704 2310 αὑτοῦ
2719 2299 2733 2321 ,
2750 2257 2850 2327 ἤδη
2878 2256 3205 2326 τεθνηκότος
3228 2272 3241 2286 ·
3261 2255 3385 2308 τότε
3401 2256 3639 2325 ἐφοϐήθη
3650 2273 3747 2307 σαν

2171 2351 2397 2419 σφόδρα,
2439 2348 2637 2412 ἰδόντες
2668 2350 2759 2402 τὸν
2803 2349 3048 2417 σεισμὸν,
3082 2350 3175 2401 καὶ
3206 2349 3273 2400 τὰ
3301 2347 3564 2415 γινόμενα
3594 2364 3748 2414 τηνι-

2172 2441 2349 2494 καῦτα
2381 2444 2584 2509 σημεῖα
2612 2457 2626 2471 ⁸
2659 2441 2752 2493 καὶ
2784 2441 2948 2494 πάλιν
2981 2441 3370 2502 δειλιάσαντες,
3410 2441 3606 2508 μήπως
3661 2440 3749 2490 ἐλ-

2174 2533 2359 2595 θόντες
2390 2534 2437 2585 οἱ
2467 2533 2713 2601 μαθηταὶ
2764 2533 2932 2586 αὑτοῦ
2956 2533 3171 2595 νυκτὸς,
3226 2531 3502 2601 κλέψωσιν
3561 2532 3747 2584 αὐτόν.

2174 2626 2283 2679 Καὶ
2308 2626 2394 2678 διὰ
2428 2625 2589 2678 τοῦτο
2614 2625 2958 2695 στρατιώτας
2999 2625 3400 2694 ἐπιστήσαντες
3431 2624 3510 2692 τῷ
3566 2625 3748 2692 τάφῳ.

2174 2720 2292 2771 ἐκεῖ
2323 2719 2629 2771 ὲδειλίασαν
2664 2721 2720 2773 ἐν
2752 2718 2925 2787 φόϐῳ,
2999 2710 3061 2770 οὗ
3115 2718 3215 2771 οὐκ
3266 2713 3333 2783 ἦν
3391 2717 3555 2784 φόϐος
3582 2736 3594 2748 ·
3630 2719 3751 2771 οὖδέ

2175 2810 2283 2879 γὰρ
2306 2813 2386 2873 εἰς
2413 2812 2539 2864 νοῦν
2568 2812 2618 2864 οἱ
2673 2812 2915 2880 μαθηταὶ
2939 2813 3001 2863 τὸ
3025 2809 3271 2863 τοιοῦτον
3295 2810 3506 2875 ἔϐαλον,
3540 2812 3750 2863 ἐκείνου

2180 2906 2538 2977 προειπόντος
2600 2905 2967 2970 αὐτεξουσίως
3017 2905 3326 2973 ἀκυστῆναι
3379 2904 3518 2972 μετὰ
3562 2905 3752 2974 τρίτην

2179 2997 2414 3068 ἡμέραν.
2458 3000 2522 3050 '0
2553 2997 2609 3051 δὲ
2637 2998 2849 3066 Κύριος
2880 2997 2949 3050 ἐν
2977 2996 3153 3067 γενεᾷ
3182 2995 3454 3059 δικαίων,
3483 2999 3602 3049 ἀντὶ
3633 2998 3751 3058 τοῦ,

494 3085 930 3153 appellaverunt,
984 3095 1035 3138 et
1069 3085 1163 3154 qui
1209 3086 1322 3139 illic
1387 3086 1805 3154 trepidaverunt
1855 3087 2068 3147 timore,

2180 3096 2237 3147 ὲν
2262 3093 2339 3162 τῷ
2367 3094 2671 3160 συστήματι
2715 3091 2825 3143 τῶν
2881 3090 2939 3154 ἐξ
2970 3090 3142 3142 ἐθνῶν
3182 3091 3653 3147 πεπιστευκότων,
3704 3092 3755 3142 οἳ

501 3178 592 3232 ubi
629 3186 883 3231 nouerat
910 3179 1097 3231 timor.
1160 3177 1454 3231 Timebant
1502 3179 1645 3233 enim
1713 3178 1875 3233 fateri
1927 3182 2074 3249 quod

493 3269 751 3322 Christus
785 3274 928 3322 Deus
956 3282 1125 3335 esset,
1156 3284 1322 3337 atque
1364 3271 1467 3324 hoc
1495 3286 1562 3323 ne
1593 3270 1765 3337 legem
1804 3279 2078 3340 transgre-

464 3362 784 3422 derentur,
818 3362 1093 3415 dicentem
1128 3380 1142 3415 :
1182 3359 1306 3415 Non
1338 3362 1438 3414 erit
1475 3363 1570 3413 tibi
1624 3362 1767 3416 alius
1802 3362 1941 3416 Deus
1977 3378 1995 3427 ;
2027 3371 2079 3416 et

498 3467 699 3507 rursus
734 3461 866 3507 tunc
916 3454 1218 3508 timuerunt
1279 3454 1503 3523 quando
1553 3470 1660 3507 non
1714 3462 1833 3509 erat
1894 3455 2078 3509 timor.

502 3542 784 3613 Suspenso
818 3546 960 3599 enim
987 3546 1212 3602 Christo
1246 3547 1299 3602 in
1339 3563 1525 3610 cruce,
1552 3547 1807 3601 arbitrati
1854 3557 1984 3601 sunt
2021 3564 2082 3602 se

501 3650 623 3689 esse
656 3636 941 3702 liberatos,
974 3637 1141 3693 veluti
1168 3653 1234 3693 eo
1266 3640 1564 3703 exstincto,
1594 3656 1757 3708 quem
1816 3641 2084 3694 vereban-

502 3737 631 3783 tur:
669 3742 1044 3785 verumtamen
1095 3742 1225 3785 tunc
1280 3732 1519 3786 maxime
1579 3732 1901 3795 timuerunt,
1954 3750 2079 3788 eum

492 3830 881 3875 terrm-motum
911 3823 1162 3877 viderent
1190 3834 1249 3879 et
1286 3826 1392 3879 alia
1422 3840 1545 3893 quae
1602 3834 1904 3879 consecuta
1957 3835 2084 3881 sunt

504 3913 680 3980 signa,
717 3924 978 3982 [πίοιμι-οε
1020 3916 1186 3969 etiam
1247 3918 1507 3971 timentes
1532 3932 1599 3971 nc
1633 3925 1795 3970 nocte
1835 3920 2086 3971 venirent

502 4005 788 4074 discipuli,
823 4018 871 4061 et
896 4008 1039 4060 l‘urto
1067 4009 1328 4062 tollerent
1356 4025 1562 4077 corpus
1592 4010 1737 4076 ejus,
1773 4017 2085 4062 statuerunt

506 4098 711 4152 milites
742 4100 795 4152 in
833 4102 1066 4167 sepulcri
1100 4102 1432 4154 custodiam.
1453 4101 1569 4154 Illic
1596 4101 1762 4168 igitur
1788 4101 2088 4153 timuerunt

492 4190 727 4251 timore,
767 4192 859 4244 uhi
903 4202 1155 4245 non-erat
1189 4193 1373 4245 timur.
1445 4191 1635 4259 Neque
1670 4194 1815 4245 enim
1848 4193 2089 4262 discipu-

507 4280 574 4334 lis
596 4298 834 4351 unquam
869 4285 975 4336 tale
1002 4284 1132 4350 quid
1195 4285 1251 4336 in
1312 4295 1550 4337 mentem
1609 4285 1780 4349 venit,
1832 4301 1957 4339 cum
2008 4287 2089 4340 eis

509 4372 775 4429 Dominus
831 4377 1200 4443 praedixisset,
1263 4393 1322 4431 se
1385 4388 1508 4446 post
1565 4380 1808 4432 triduum
1870 4382 2084 4445 propria

508 4475 780 4532 potestate
813 4478 1278 4523 resurrecturum.
1305 4468 1460 4535 Quod
1517 4486 1646 4525 vero
1682 4471 1756 4523 ait
1787 4470 2087 4522 :lnominus

503 4563 560 4611 in
585 4560 925 4626 generatione
951 4559 1229 4627 jnatorum
1260 4575 1360 4627 est,
1390 4562 1533 4616 idem
1564 4561 1841 4632 estquod,
1881 4563 1931 4614 in
1956 4576 2081 4614 cou-

504 4654 817 4715 gregatione
846 4653 1108 4725 lidelium,
1175 4644 1360 4721 qui’cx
1393 4656 1651 4722 gentibus
1708 4655 2086 4717 crediderunt,

504 4743 597 4807 qui
633 4754 754 4810 post
774 4746 1140 4813 cognitionem
1167 4746 1411 4813 viajusta
1438 4756 1601 4815 atque
1639 4748 1782 4816 regia
1816 4746 2087 4809 incedere,

505 4852 632 4889 nam
660 4852 723 4889 ex
762 4853 869 4907 quo
898 4838 1069 4892 Judmi
1098 4855 1223 4892 eum
1256 4856 1364 4893 non
1433 4849 1775 4909 recept-runt.
1810 4840 1875 4891 ad
1904 4848 2090 4908 gentes

507 4944 812 4983 conversus
850 4942 951 4986 est.
994 4934 1128 4984 illud
1187 4934 1349 4986 etiam
1414 4934 1558 5001 quod
1623 4933 1698 4984 ait
1739 4952 1750 4984 :
1791 4931 2089 4984 Consilium

504 5025 1045 5091 inopisrnnfudistis,
1084 5026 1308 5093 intelligi
1375 5027 1557 5088 debet,
1621 5036 1678 5077 ut
1746 5026 1952 5079 dictum
2020 5027 2092 5078 sit

512 5116 577 5170 ad
607 5114 844 5178 Judmos,
871 5126 1091 5186 propter
1119 5116 1377 5184 pupulum
1409 5132 1471 5169 ex
1524 5118 1797 5185 gentibus,
1821 5116 1912 5183 qui
1959 5116 2088 5167 olim

514 5222 718 5276 pauper
772 5208 911 5269 fuit.
978 5209 1289 5263 substantia
1346 5208 1605 5262 nimirum
1667 5222 1831 5277 atque
1892 5208 2091 5275 opibus

511 5300 846 5368 cognitionis
899 5299 1036 5355 Dei:
1084 5310 1139 5354 et
1202 5315 1230 5353 ο
1278 5316 1385 5369 qua
1429 5301 1739 5369 cognitione
1795 5300 2091 5361 deciderat,

518 5394 744 5460 quando
772 5395 837 5446 ad
860 5394 1146 5447 idolorum
1192 5393 1361 5462 coepit
1414 5394 1619 5446 cultum
1705 5391 1934 5461 prolabi,
1999 5393 2091 5460 qui

517 5486 683 5537 etiam
720 5486 1069 5553 postmodum
1097 5494 1326 5554 pmpter
1371 5484 1652 5542 Christum
1700 5484 2095 5552 temporalibus

520 5575 677 5629 honis
728 5593 931 5645 pauper
974 5578 1204 5631 eﬂcctus
1233 5586 1337 5630 est.
1394 5576 1594 5629 llarum
1640 5577 1806 5644 igitur
1847 5577 2091 5645 gentium

521 5668 815 5721 cousii‘um
854 5670 1212 5736 neglexerunt
1244 5682 1308 5721 ac
1342 5668 1658 5723 deriserunt
1713 5667 1909 5729 Judaei,
1974 5679 2092 5721 tan-

600 5761 640 5791 τ’
676 5760 821 5815 l‘sal.
866 5776 985 5824 xm,
1029 5760 1081 5814 4.

2181 3188 2317 3255 μετὰ
2375 3184 2472 3253 τὴν
2505 3184 2823 3252 ἐπίγνωσιν,
2850 3183 2953 3251 ὁδῷ
2975 3184 3180 3254 δικαίᾳ,
3213 3184 3308 3235 καὶ
3353 3184 3604 3252 βασιλικῇ
3633 3186 3757 3236 ἐπο-

2182 3276 2479 3346 ρεύθησαν.
2506 3275 2628 3325 Τῶν
2663 3274 2772 3341 γὰρ
2810 3273 3080 3325 Ἰουδαίων
3120 3273 3193 3343 μὴ
3219 3273 3529 3340 δεξαμένων
3569 3275 3756 3333 αὑτὸν,

2180 3367 2272 3419 ἐπὶ
2335 3365 2406 3418 τὰ
2477 3365 2606 3435 ἔθνη
2668 3365 2946 3433 μετέθετο.
3007 3364 3081 3415 Τὸ
3107 3364 3184 3427 δὲ,
3237 3364 3480 3432 Βου.1ἡν
3519 3365 3761 3431 πτωχοῦ

2181 3456 2631 3524 κατῃσχύνατε,
2665 3456 2951 3523 νοήσωμεν
2988 3454 3245 3523 εἰρῆσθαι
3271 3456 3404 3524 πρὸς
3450 3455 3759 3517 Ἰουδαίους,

2182 3550 2270 3601 διὰ
2318 3548 2412 3601 τὸν
2468 3547 2527 3611 ἐξ
2550 3545 2718 3597 ἐθνῶν
2747 3546 2895 3609 λαὸν,
2930 3546 3021 3599 τὸν
3055 3536 3221 3599 πάλαι
3252 3548 3351 3614 μὲν
3394 3547 3607 3617 πτωχὸν
3663 3550 3763 3612 τὴν

2184 3639 2371 3692 οὐσίαν
2403 3640 2501 3707 τῆς
2536 3638 2890 3705 θεογνωσῐας,
2914 3633 2983 3706 ἧς
3014 3638 3274 3702 ἐξέπεσεν
3310 3641 3387 3703 εἰς
3406 3640 3599 3693 εἴδωλα
3633 3658 3762 3692 κατ-

2185 3730 2444 3798 ενεχθείς·
2481 3727 2711 3798 ὕστερον
2738 3729 2822 3792 δὲ,
2847 3728 2941 3779 καὶ
2973 3728 3071 3797 τὴν
3094 3729 3152 3780 ἐν
3173 3730 3420 3798 χρήμασι
3444 3734 3766 3800 περιουσίαν

2184 3824 2271 3876 διὰ
2289 3822 2522 3892 Χριστόν
2563 3837 2577 3850 ·
2609 3820 2802 3872 τούτου
2827 3822 2936 3890 γὰρ
2965 3820 3063 3889 τὴν
3098 3820 3293 3891 βουλὴν
3311 3821 3442 3874 λαοῦ
3468 3822 3766 3889 ὲφαύλισαν

2186 3918 2235 3969 οἱ
2278 3914 2547 3976 Ἰουδαῖοι,
2578 3913 2675 3965 καὶ
2696 3912 3149 3981 διεκωμὼδησαν,
3179 3913 3255 3973 ὠς
3296 3915 3554 3983 ματαίαν.
3582 3916 3765 3984 Bauli)

2192 4010 2272 4072 δὲ,
2299 4007 2463 4060 τοῦτο
2494 4003 2585 4075 ἦν,
2618 4006 2680 4057 τὸ
2707 4004 3123 4075 παραδέξασθαι
3147 4005 3246 4077 τὴν
3288 4009 3366 4069 εἷς
3392 4008 3625 4076 Χριστὸν
3673 4009 3765 4058 πί-

2192 4119 2329 4155 στιν.
2363 4103 2437 4154 Τὸ
2465 4101 2544 4165 δὲ,
2573 4104 2668 4165 Τίς
2688 4100 2868 4153 δώσει
2896 4100 2965 4153 ἐκ
3014 4100 3167 4153 Σιὼν
3198 4101 3265 4154 τὸ
3317 4102 3616 4169 σωτήριον
3662 4104 3767 4157 τοῦ

2202 4194 2477 4261 Ἰσραὴλ,
2508 4194 2628 4245 ἀντὶ
2658 4192 2778 4255 τοῦ,
2810 4193 2907 4254 Τίς
2942 4193 3154 4248 ἀναϐὰς
3177 4196 3259 4257 εἰς
3283 4194 3343 4247 τὸ
3384 4195 3618 4247 κυκλοΰν
3664 4197 3766 4263 τὴν

2205 4286 2561 4359 Ἰερουσαλὴμ
2584 4286 2711 4355 ὄρος
2734 4286 2872 4337 Σιὼν
2907 4286 3263 4355 καλούμενον,
3289 4287 3664 4356 ἀναγνώσεται
3692 4290 3768 4357 τῷ

2194 4382 2307 4451 λαῴ
2337 4382 2397 4433 τὸ
2422 4382 2692 4450 σωτήριον
2719 4398 2732 4445 ;
2760 4380 3012 4431 τουτέστι
3044 4380 3171 4441 τοὺς
3199 4380 3420 4449 νόμους.
3468 4381 3627 4443 Ἐθος
3659 4384 3769 4451 γὰρ

2190 4473 2340 4546 ἦνέν
2376 4477 2613 4544 ἡμέραις
2637 4474 2975 4542 ὡρισμέναις
3030 4474 3190 4527 τοῦτο
3250 4480 3443 4529 ποιεῖν.
3488 4478 3657 4528 Τοῦτο
3713 4478 3767 4529 δὲ

2193 4568 2342 4633 λέγει
2380 4563 2767 4635 προφητεύων.
2819 4563 2893 4625 ὡς
2937 4564 3037 4631 τῆς
3094 4563 3453 4633 Ἰερουσαλὴμ
3496 4564 3599 4615 ὑπὸ
3636 4565 3773 4615 Ῥω-

2198 4659 2374 4728 μαίων
2407 4655 2886 4725 πολιορκηθείσης,
2913 4654 3006 4706 τοῦ
3050 4654 3388 4721 Εὐαγγελὶου
3440 4653 3504 4706 τὰ
3561 4654 3773 4719 πέρατα

2193 4750 2293 4818 τῆς
2321 4751 2424 4818 γῆς
2463 4749 2875 4819 περιλαϐόντος,
2913 4748 3011 4799 οὐκ
3043 4749 3122 4799 ἔτι
3160 4747 3318 4799 τοῦτο
3337 4750 3644 4814 γενήσεται.
3668 4749 3775 4798 Ἰἐν

2196 4843 2275 4907 τῷ
2300 4841 2658 4908 ἐπιστρέψαι
2690 4841 2745 4892 δὲ
2784 4841 3044 4907 Χριστιίν
3073 4841 3187 4903 τὴν
3220 4840 3637 4907 αἰχμαλωσίαν
3667 4840 3774 4892 τοῦ

2196 4934 2350 4989 λασῦ
2380 4933 2568 4987 αὑτοῦ
2606 4950 2617 4962 ο
2650 4932 2913 4984 -Δώσω
2937 4949 3032 4983 σοι
3069 4932 3195 4997 γὰρ,
3233 4931 3417 4998 φησιν,
3459 4930 3603 4995 ἔθνη
3659 4928 3777 4992 τὴν

2199 5026 2609 5091 κληροιιυομίαν
2664 5040 2802 5082 σου,
2840 5023 2903 5088 ἣν
2937 5020 3328 5089 ᾐχμαλώτευσε
3360 5019 3434 5087 τῷ
3462 5019 3649 5088 δόρατι
3676 5019 3777 5083 τῆς

2204 5119 2417 5185 πλάνης
2447 5114 2776 5175 ὸδιάϐολοςσ
2812 5111 3203 5179 ἀγαλλιάσεται
3258 5110 3479 5173 Ἰακὼϐ,
3535 5111 3627 5161 καὶ
3681 5110 3773 5160 εὐ-

2197 5211 2567 5283 φρανθήσεται
2631 5205 2873 5274 Ἰσραὴλ,
2932 5203 3213 5255 τουτέστιν
3264 5204 3313 5253 οἱ
3368 5203 3432 5254 ἐκ
3484 5202 3580 5270 τῆς
3621 5200 3776 5271 ῥίζης

2210 5304 2407 5359 Ἰακὼϐ
2440 5303 2637 5369 φῦντες
2670 5300 2969 5365 προφῆται.
3007 5297 3056 5348 οἳ
3088 5295 3241 5347 τοῦτο
3272 5294 3775 5364 προκατήγγειλαν.

2212 5396 2661 5465 Ἀγαλλιάσονται
2689 5391 2766 5451 δὲ,
2800 5388 2895 5442 καὶ
2933 5387 3430 5457 εὐφρανθήσονται,
3493 5385 3781 5453 βλέποντες

2198 5491 2307 5543 τῶν
2334 5483 2681 5557 προφητειῶν
2712 5481 2890 5534 αὐτῶν
2922 5479 3021 5540 τὰς
3055 5478 3329 5538 ἐκϐάσεις.
3366 5478 3435 5529 ’Ἡ
3468 5474 3660 5527 Ἰακὼϐ
3685 5478 3779 5525 καὶ

2212 5579 2446 5652 Ἰσραὴλ,
2480 5578 2529 5628 οἱ
2564 5574 2954 5633 πιστεύσαντές
2984 5574 3143 5634 εἰσιν,
3198 5570 3270 5630 ὡς
3332 5566 3782 5633 ἀντεισαχθέντες

2198 5676 2305 5728 τῶν
2351 5672 2642 5736 Ἰουδαίων,
2698 5662 2777 5730 οἷς
2816 5662 2882 5737 ἦν
2929 5665 3189 5734 πρόγονος
3221 5659 3439 5715 Ἰακώϐ.
3487 5659 3779 5728 Ἐπιστρέ-
