4054 6210
515 266 613 335 191

1761 273 2147 333 EUTlIYMll
2173 277 2533 335 ZIGABENI

3669 269 3808 342 19!:

510 385 690 441 sibilis
720 386 1105 449 ambulaverit,
1158 394 1213 441 et
1259 387 1532 455 justitiam
1585 387 1797 441 fecerit.
1855 390 2094 458 Irrepre—

2211 392 2308 462 γὰρ
2333 392 2508 445 ὁδεύει
2564 393 2702 462 πρὸς
2759 392 2988 462 οὐρανὸν
3027 389 3246 454 ὀ-νοῦς·
3300 389 3508 442 δίκαιον
3559 387 3637 450 δὲ,
3684 391 3777 442 τὸν

511 476 796 531 hensibilis
824 477 991 531 etiam
1024 477 1208 531 hocin
1267 479 1386 532 loco
1447 479 1553 532 dici
1612 490 1815 548 potest,
1854 481 1944 534 ille
1999 482 2094 549 qui

509 569 956 637 contemplando,
989 571 1386 636 perfectionem
1439 582 1732 625 assecutus
1792 583 1898 628 est.
1948 573 2098 627 Cun-

513 661 872 730 templatione
899 663 1108 732 quippe
1138 679 1294 719 mens
1329 665 1382 717 iu
1413 664 1612 718 caelum
1648 666 1957 720 ascendens
2007 667 2093 718 in-

511 755 793 821 greditur:
830 765 883 807 et
911 754 1122 823 justus,
1158 772 1254 810 seu
1286 757 1559 821 justitiam
1597 771 1835 825 operaus
1879 758 1970 810 ille
1999 758 2090 826 qui

513 862 608 914 per
630 845 876 901 actiones
905 849 1166 901 moralem
1192 849 1480 910 virtutem,
1513 851 1861 918 prmstantiur
1891 852 2086 905 evasit.

514 935 778 1005 Operatio
829 939 1031 1006 quippe
1085 939 1152 993 ad
1217 941 1464 995 actiones
1521 942 1776 1010 pertinet.
1828 942 2090 998 Praesenti

519 1036 763 1098 tempore
807 1030 1082 1100 Propheta
1148 1032 1202 1084 in
1271 1043 1509 1104 utroque
1565 1052 1698 1088 usus
1754 1048 1874 1089 est:
1933 1036 2090 1101 quasi

504 1126 799 1187 'nunquam
839 1131 1090 1189 oporteat
1121 1121 1190 1175 ab
1236 1123 1548 1192 huiusmodi
1603 1126 2087 1193 contemplatione,

516 1220 607 1264 aut
636 1227 664 1264 a
688 1208 849 1266 bonis
880 1213 1195 1269 actionibus
1222 1215 1514 1270 desistere.
1547 1216 1611 1269 Et
1631 1233 1754 1270 eum
1782 1217 1890 1270 vita
1917 1221 2119 1269 activa

2202 483 2399 551 πράξει
2431 484 2932 553 καταρτιζόμενονο
2967 484 2999 553 ὴ
3033 483 3266 552 ἐργασία
3312 480 3440 551 γὰρ,
3501 479 3775 550 πράξεως.

2211 572 2572 626 Ἐνεστῶτιδὲ
2595 573 2773 644 χρόνῳ
2805 574 2893 626 ἐπ’
2919 575 3127 642 ἀμφοῖν
3161 575 3456 642 ἐχρήσατο,
3483 570 3571 622 διὰ
3603 569 3668 621 τὸ
3698 568 3778 638 μὴ

2201 665 2400 734 χρῆναί
2421 681 2554 718 ποτε
2585 665 2775 734 λήγειν
2805 666 2897 718 τὸν
2945 666 3118 728 οὕτως
3149 665 3365 734 ἔχοντα.
3425 661 3777 732 Πολυμεροῦς

2195 756 2253 810 δὲ
2286 758 2381 824 τῆς
2409 760 2721 828 πρακτικῆς
2765 759 2955 828 οὔσης,
2983 758 3276 829 περιέλαϐε
3316 757 3501 808 πᾶσαν
3553 753 3633 822 τῷ
3679 753 3777 820 τῆς

2198 848 2430 902 καθόλου
2450 849 2803 914 δικαιοσύνης
2849 851 3072 919 ὀνόματι
3098 868 3111 881 ·
3175 852 3314 920 μόνη
3375 850 3483 919 γὰρ
3513 850 3546 919 ἡ
3573 847 3780 900 δικαιο-

2194 941 2329 1008 σύνη
2356 941 2557 1004 πάσαις
2595 943 2872 1011 ἐποχεῖται
2893 944 3014 1004 ταῖς
3041 943 3262 1012 ἀρεταῖς
3287 958 3300 971 ·
3331 939 3649 1008 δικαιοσύνη
3669 940 3778 1006 γάρ

2195 1033 2366 1096 ἐστιν,
2405 1036 2438 1102 ἡ
2468 1034 2705 1104 ἑκάστης
2725 1035 3142 1106 δικαιοπραγία.
3199 1033 3446 1087 Καθόλου
3481 1033 3537 1086 δὲ
3559 1031 3656 1100 τὴν
3701 1031 3778 1082 δι-

2197 1125 2496 1196 καιοσύνην
2527 1127 2663 1191 θεὶς,
2699 1123 2818 1181 εἶτα
2850 1127 3036 1181 καὶτὰ
3061 1127 3203 1181 κατὰ
3257 1127 3421 1197 μέρος
3476 1124 3644 1195 αὐτὴν
3683 1126 3780 1174 ἑπ-

2205 1217 2432 1282 ἐξεισιν.

514 1305 796 1374 multiplex
856 1306 949 1370 sit,
995 1317 1046 1360 et
1086 1307 1138 1360 in
1191 1307 1373 1376 plures
1420 1317 1605 1377 partes
1648 1310 1819 1362 divisa
1849 1311 1967 1364 solo
2020 1309 2250 1377 justitiaa
2301 1312 2525 1365 nomine
2579 1328 2698 1367 eam
2745 1313 3056 1383 appellavit,
3099 1328 3165 1367 eo
3203 1312 3349 1382 quod
3394 1312 3569 1367 virtus
3606 1321 3774 1378 supra

514 1407 747 1451 caeteras
771 1414 964 1453 omnes
994 1399 1231 1453 vehitur.
1268 1397 1405 1453 Vera
1443 1400 1590 1453 enim
1648 1408 1781 1454 tunc
1819 1401 2038 1468 justitia
2107 1400 2334 1466 dicitur,
2392 1403 2616 1473 quando
2653 1407 3034 1486 unusquisque
3069 1403 3198 1458 facit
3227 1405 3374 1471 quod
3405 1415 3564 1457 suum
3594 1410 3702 1464 est,
3727 1406 3784 1452 ει

515 1495 662 1560 quod
709 1496 779 1547 ad
827 1511 885 1550 se
953 1496 1212 1564 pertinet.
1277 1496 1610 1563 Cumqucin
1673 1499 1994 1552 universum
2036 1497 2305 1565 justitiam
2358 1499 2624 1568 posuerit,
2690 1501 2935 1571 singulas
2993 1509 3175 1569 partes
3210 1499 3468 1568 deinceps
3495 1497 3780 1568 sigillatim

516 1592 888 1658 prosequitur.

590 1681 755 1736 Vens.
793 1683 847 1735 3.
887 1681 993 1748 Qui
1024 1684 1260 1753 loquitur
1308 1687 1579 1739 veritatem
1650 1688 1701 1739 in
1751 1688 1906 1740 corde
1968 1695 2098 1740 toto.
2137 1693 2178 1746 Β

517 1774 619 1837 Qui
651 1789 776 1828 vera
815 1774 1076 1830 nimirum
1122 1776 1378 1845 dogmata
1418 1779 1472 1831 in
1506 1780 1690 1832 animo
1723 1781 1893 1834 sentit
1922 1790 1978 1834 et
2004 1795 2102 1835 ore

518 1865 752 1934 profert.

590 1957 702 2012 Nec
729 1961 832 2030 egit
866 1960 1046 2014 dolum
1079 1962 1332 2032 inliugua
1356 1979 1477 2016 sua.
1500 1963 1565 2015 Et
1591 1979 1816 2018 rursum
1849 1965 1943 2032 qui
1975 1981 2102 2019 vera

516 2049 722 2103 dieitet
756 2068 860 2104 non
893 2054 1121 2108 dolosa:
1158 2054 1260 2109 hoc
1288 2067 1372 2110 est
1411 2057 1503 2125 qui
1545 2072 1672 2110 vera
1700 2057 1753 2110 in
1791 2059 1977 2127 seipse
2007 2074 2102 2112 eo-

517 2145 656 2213 gitat
680 2153 735 2198 et
766 2147 888 2200 aliis
923 2147 1079 2201 dicit.
1116 2147 1250 2201 Nam
1295 2149 1438 2217 quod
1468 2150 1567 2214 ait,
1597 2153 1650 2203 in
1669 2150 1826 2203 corde
1849 2168 1967 2212 suo,
2013 2167 2104 2206 su-

518 2250 648 2287 nun:
687 2249 751 2288 ac
785 2244 1000 2290 rectum
1027 2244 1193 2306 atque
1224 2238 1373 2291 intus
1403 2239 1542 2293 bene
1589 2239 1923 2308 dispositum
1989 2256 2106 2293 ser-

517 2341 735 2380 monem
757 2326 1020 2381 denotat:
1054 2329 1311 2384 similiter
1335 2338 1389 2384 ct
1411 2346 1537 2384 eum
1558 2333 1650 2399 qui
1674 2347 1769 2384 ore
1796 2332 2100 2402 profertur,

517 2415 646 2470 dunt
666 2417 818 2483 dicit,
842 2417 904 2470 In
928 2418 1111 2486 lingua
1136 2436 1253 2472 sua.

594 2505 707 2559 Nec
736 2506 852 2573 fecit
883 2509 1130 2576 proximo
1187 2526 1284 2563 suo
1328 2509 1549 2564 malum.
1593 2512 1832 2567 Proximi
1883 2514 2104 2583 quidem

519 2613 712 2653 oumes
761 2610 948 2654 mutuo
982 2615 1195 2667 sumus,
1215 2604 1298 2658 vel
1329 2605 1829 2661 communicatione
1855 2609 2108 2662 Immani-

522 2692 674 2753 tatis,
712 2692 791 2746 vel
839 2692 959 2746 fidei
990 2695 1220 2761 unitate,
1243 2697 1324 2752 vel
1359 2699 1572 2752 ratione
1607 2700 1972 2770 cognationis.
2004 2699 2108 2754 Per

520 2782 721 2835 malum
779 2801 908 2841 vero
940 2786 1027 2841 hic
1063 2787 1340 2843 laesionem
1374 2791 1664 2860 intelligit;
1707 2802 2109 2860 consequenter

522 2882 700 2930 autem
730 2879 905 2945 primo
931 2879 1114 2934 cordis
1143 2882 1413 2945 meminit,
1433 2891 1488 2937 et
1517 2883 1862 2952 postmodum
1886 2887 2105 2952 linguae,

522 2977 574 3018 et
596 2976 876 3036 postremo
904 2971 1220 3029 actionum.
1271 2973 1457 3028 Primo
1500 2976 1646 3029 enim
1690 2976 1819 3046 quis
1880 2977 2104 3045 cogitat,

2280 1687 2488 1740 Ααλών
2518 1688 2814 1756 ἀλήθειαν
2837 1689 2908 1740 ἐν
2938 1687 3151 1756 καρδίᾳ
3168 1687 3380 1742 αὑτοῦ.
3443 1684 3643 1756 Ἀληθῆ
3691 1684 3779 1736 δο-

2205 1778 2511 1848 γματίζων,
2547 1782 2642 1833 καὶ
2672 1780 3048 1850 λογιζόμενος.

2282 1959 2383 2020 Ὃς
2419 1959 2532 2011 οὐκ
2558 1957 2866 2012 ἐὸόλωονεν
2899 1959 2970 2010 ἐν
3001 1959 3255 2025 γλώσσῃ
3289 1958 3498 2012 αὐτοῦ.
3537 1959 3643 2010 Καὶ
3693 1954 3788 2012 αὖ·

2207 2048 2289 2111 θις
2314 2049 2490 2118 ἀληθῆ
2536 2050 2632 2101 καὶ
2684 2049 2846 2102 ἄδολα
2889 2050 3086 2117 λέγων,
3122 2051 3426 2112 τουτέστιν,
3477 2048 3655 2119 ἀληθῆ
3687 2049 3784 2100 καὶ

2205 2138 2559 2210 λογιζόμενος
2588 2143 2647 2193 ἐν
2676 2141 2856 2210 αὐτῷ,
2894 2141 2990 2193 καὶ
3026 2140 3203 2208 λέγων
3229 2140 3363 2210 πρὸς
3419 2139 3632 2202 ἄλλους.
3685 2141 3786 2190 Διὰ

2209 2233 2445 2303 μὲνγὰρ
2499 2234 2599 2302 τῆς
2653 2235 2906 2304 καρδίας,
2971 2235 3064 2289 τὸν
3122 2231 3430 2287 ἐνδιάθετον
3461 2232 3622 2298 λόγον
3656 2233 3786 2302 ear}-

2206 2326 2386 2377 λωσε·
2436 2326 2526 2379 διὰ
2560 2326 2616 2378 δὲ
2662 2327 2764 2393 τῆς
2785 2325 3060 2394 γλώττης,
3114 2327 3206 2378 τὸν
3243 2324 3603 2396 προφορικόν.

2278 2505 2386 2559 Kal
2445 2506 2556 2559 οὐκ
2606 2507 2861 2572 ἐποίησε
2921 2507 2999 2573 τῷ
3045 2511 3320 2576 πλησίον
3350 2510 3539 2563 αὐτοῦ
3565 2511 3786 2563 κακόν.

2211 2595 2447 2665 Πλησίον
2491 2599 2658 2665 ἐσμὲν
2695 2599 2963 2668 ἀλλήλων,
2999 2601 3030 2668 ἢ
3069 2603 3135 2671 τῇ
3171 2601 3334 2669 φύσει
3366 2601 3465 2668 τῆς
3495 2601 3789 2670 ἀνθρωπό-

2207 2709 2370 2762 τητος
2401 2693 2431 2762 ῆ
2488 2692 2568 2760 τῷ
2592 2693 2741 2760 αὐτῷ
2789 2694 2886 2760 τῆς
2944 2694 3243 2763 πίστεως,ῆ
3273 2697 3339 2764 τῇ
3365 2693 3658 2764 σχέσειτοῦ
3687 2696 3788 2759 γέ-

2212 2801 2354 2846 νους.
2385 2785 2571 2836 Κακδν
2610 2785 2666 2837 δὲ
2696 2785 2844 2852 λέγει
2886 2786 2985 2854 τὴν
3025 2785 3251 2855 βλάϐην.
3335 2785 3676 2848 Ἀκολούθως
3729 2786 3790 2839 δὲ.

2211 2875 2444 2944 πρώτως
2475 2876 2855 2946 ἐμνημόνευσε
2883 2879 3134 2947 καρδίας,
3194 2872 3314 2931 εἶτα
3342 2877 3616 2947 γλώσσης,
3661 2875 3785 2929 εἶτα

2213 2967 2522 3036 ποιήσεωςο
2578 2967 2896 3038 ἐνθυμεῖται
2944 2968 3052 3039 γάρ
3101 2986 3206 3033 τις,
3261 2964 3378 3022 εἶτα
3430 2968 3602 3036 λέγει,
3664 2965 3786 3022 εἶτα

522 3060 720 3114 deinde
764 3061 1006 3134 loquitur
1062 3065 1321 3137 cogitata,
1365 3077 1420 3122 et
1453 3067 1670 3124 demum
1703 3081 1963 3138 operatur
1990 3086 2109 3140 qua:
2136 3048 2180 3105 (ἶ
2215 3062 2381 3114 ποιεῖ-

523 3161 685 3205 antea
722 3153 941 3209 locutus
979 3165 1083 3211 est.

601 3243 669 3296 Et
721 3247 1062 3314 opprobrium
1093 3265 1197 3302 non
1223 3252 1419 3321 accepit
1464 3250 1713 3306 adrersus
1733 3254 1929 3308 vicinos
1963 3272 2106 3309 suos.

525 3335 674 3389 Idem
701 3337 805 3392 hoe
837 3339 891 3392 in
916 3340 1038 3394 loco
1072 3342 1176 3412 sibi
1205 3343 1321 3396 vult
1342 3344 1508 3396 vicini
1532 3362 1732 3398 nomen
1792 3349 1938 3414 quod
1990 3362 2111 3416 pro-

527 3429 684 3484 ximi.
729 3429 794 3483 Et
827 3432 947 3500 qui,
972 3433 1176 3504 inquit,
1215 3437 1576 3506 Opprobrium
1620 3438 1776 3506 quasi
1815 3439 1981 3491 telum
2008 3440 2110 3492 ali-

527 3519 672 3586 quod
725 3536 833 3574 non
867 3525 1100 3589 accepit,
1140 3534 1333 3580 contra
1378 3529 1682 3596 proximos,
1728 3530 1829 3584 hoc:
1880 3540 1966 3586 est
2014 3531 2108 3599 qui

527 3609 936 3679 delinquentem
965 3617 1301 3686 proximum,
1355 3632 1450 3674 aut
1506 3622 1753 3676 membro
1798 3624 2108 3677 mutilatum

529 3711 624 3755 aut
653 3703 763 3758 alio
787 3709 988 3774 quovis
1034 3709 1343 3764 infortunio
1386 3729 1735 3782 oppr-vssum,
1773 3733 1880 3770 non
1909 3732 2109 3786 oppro-

528 3793 650 3847 brio
689 3795 850 3850 allicit
878 3808 971 3853 aut
1006 3805 1376 3860 contumelia.
1408 3803 1778 3876 Opprnhrium
1836 3808 1902 3859 ad
1963 3809 2111 3861 deri-

529 3883 742 3940 sionem
775 3890 984 3947 tendit:
1015 3896 1378 3962 reprehensio
1412 3915 1542 3954 vero
1573 3900 1638 3954 ad
1669 3901 2108 3955 emendationem

532 3975 744 4034 delicti.
773 3981 930 4036 Unde
997 3988 1486 4054 reprehensionem
1552 3991 1605 4043 in
1641 3990 1840 4044 bonun
1901 4001 2110 4056 partem

535 4071 857 4140 accipimus,
887 4078 1248 4144 opprobrium
1292 4095 1425 4133 vero
1475 4096 1788 4149 nusquam:
1862 4083 2112 4150 quinimo

536 4170 592 4214 ut
622 4163 1034 4229 reprehensioni
1066 4169 1196 4236 quid
1226 4171 1379 4224 valde
1407 4171 1768 4224 contrarium.

604 4251 770 4311 VEBS.
802 4257 857 4310 4.
886 4258 967 4310 Ad
995 4261 1219 4312 nihilum
1239 4261 1496 4314 deductus
1518 4273 1594 4315 est
1627 4263 1681 4312 in
1699 4272 1971 4332 conspectu
1998 4264 2110 4332 ejus

535 4348 822 4416 malignus,
871 4352 1110 4403 timentes
1129 4361 1307 4403 autent
1352 4350 1634 4405 Dominum
1666 4353 1950 4422 glori/ient.
1975 4355 2107 4410 Uni-

535 4441 738 4510 cuique
801 4440 1101 4510 condigna,
1179 4452 1238 4495 ut
1291 4445 1470 4506 decet,
1527 4446 1834 4500 distribuit.
1879 4447 2010 4501 Nam
2063 4459 2116 4502 et

537 4531 844 4600 malignum
873 4530 1030 4584 nihili
1058 4532 1450 4588 wstimaudum
1513 4545 1692 4606 putat,
1750 4541 1972 4593 tametsi
2024 4541 2117 4594 ille

535 4619 746 4674 divitiis
781 4621 1020 4676 fortasse
1053 4631 1146 4676 aut
1196 4625 1481 4680 nobilitate
1529 4628 1816 4694 glorietur,
1867 4642 1962 4682 aut
2013 4631 2118 4684 alio

539 4711 836 4779 Splendore
861 4713 1045 4768 clarus
1071 4716 1351 4770 videatur:
1403 4727 1456 4772 et
1508 4721 1770 4774 timentes
1824 4723 2116 4775 Durniuum

539 4802 936 4870 magnipendit,
993 4804 1123 4859 licet
1164 4807 1397 4862 advvrsa
1447 4808 1806 4863 detineantur
1852 4811 2115 4865 fortuna:

539 4891 697 4946 Beati
731 4895 876 4948 enim
908 4913 1085 4952 ontnes
1120 4900 1209 4968 qui
1249 4900 1430 4952 timent
1467 4900 1748 4955 Dominum
1780 4902 1843 4954 ‘°.

616 5074 760 5130 Vens
815 5076 870 5132 5.
925 5076 1028 5143 Qui
1079 5079 1234 5148 jura!
1276 5082 1520 5149 proximo
1552 5096 1647 5133 suo
1690 5089 1738 5133 et
1771 5085 2115 5147 nonspernit.

542 5167 768 5238 Antiqui
803 5171 1278 5228 confirmationem
1325 5175 1600 5227 sermonis
1623 5173 1996 5240 juramentnm
2026 5189 2121 5240 ap-

543 5261 848 5332 pellabant.
883 5263 1270 5320 Juramentnm
1316 5267 1460 5318 enim
1489 5267 1622 5318 nihil
1656 5264 1804 5318 aliud
1845 5274 1929 5319 est
1957 5281 2118 5333 quam

543 5355 817 5410 dictorum
872 5358 1247 5422 confirmatio,
1305 5359 1357 5410 in
1401 5373 1507 5426 qua
1538 5365 1732 5412 testem
1781 5360 2121 5412 assumimus

545 5447 733 5502 Deum.
771 5448 836 5500 Et
861 5449 976 5519 lege
994 5450 1217 5517 quidem
1239 5456 1462 5517 antiqua
1489 5449 1859 5519 juramentum
1897 5465 2121 5506 couch-

547 5555 666 5595 sum
722 5553 862 5605 erat,
907 5541 960 5594 in
987 5555 1096 5610 quo
1142 5540 1234 5597 Dei
1294 5556 1514 5604 nomen,
1563 5541 1632 5596 ad
1687 5542 2118 5600 confirmamlam

618 5719 661 5750 ¹⁰
689 5717 835 5775 l‘sal.
859 5737 1066 5786 cum,
1111 5725 1160 5786 l,

2285 3237 2392 3291 Καὶ
2416 3237 2804 3308 ὀνειδισμοὺς
2835 3240 2947 3292 οὐκ
2979 3239 3200 3292 ἐλαϐεν
3233 3240 3334 3292 ἐπὶ
3371 3240 3494 3301 τοῖς
3534 3241 3796 3308 ἔγγιστα.

2211 3329 2419 3383 αὐτοῦ.
2455 3329 2666 3383 Ταύτδν
2723 3329 2954 3398 ἔγγιστα
2985 3331 3079 3383 καὶ
3115 3330 3376 3396 πλησίονο
3448 3332 3542 3384 καὶ
3585 3331 3644 3393 ὃς
3685 3333 3796 3384 οὐκ

2213 3422 2405 3474 ἔλαϐεν
2426 3423 2752 3491 ὀνειδισμὸν.
2790 3423 3039 3492 καθάπερ
3071 3424 3253 3485 ὅπλον,
3283 3423 3375 3475 ἐπὶ
3410 3423 3520 3475 τῶν
3559 3423 3796 3491 ἔγγιστα,

2213 3513 2709 3575 αὐτοῦ,τοότεστιν,
2745 3514 2804 3575 ὂς
2844 3515 2945 3567 οὐκ
2975 3515 3256 3567 ὠνείδισεν
3303 3515 3499 3577 αὐτοὺς
3531 3515 3792 3585 πλημμε-

2213 3606 2505 3673 λήσαντας,
2562 3605 2594 3675 ἢ
2647 3606 3030 3676 πηρωθέντας,
3069 3607 3100 3675 ἢ
3132 3606 3306 3668 ἄλλως
3333 3605 3692 3675 ἀτυχοῦντας.
3727 3606 3791 3658 ’0

2217 3699 2316 3765 μὲν
2376 3695 2486 3765 γὰρ
2532 3696 2857 3766 ὀνειδισμὸς,
2919 3698 3070 3760 τέλος
3119 3697 3231 3768 ἔχει
3287 3698 3615 3768 κωμῳδίαν·
3675 3700 3796 3753 όδὲ

2213 3789 2457 3857 ἔλεγχος.
2495 3787 2782 3857 διόρθωσιν
2849 3788 3214 3858 πταίσματος.
3253 3790 3416 3842 Ὀθεν
3449 3789 3540 3841 τὸν
3563 3789 3797 3858 ἔλεγχον

2217 3885 2340 3952 μὲν,
2367 3883 2458 3934 ἐπὶ
2497 3881 2648 3949 καλῴ
2676 3881 3059 3951 λαμϐάνομεν·
3111 3882 3369 3934 οὐδέποτε
3409 3883 3464 3936 δὲ
3519 3882 3618 3935 τὸν
3642 3881 3796 3934 eve-.-

2212 3971 2428 4042 δισμὺν,
2463 3972 2536 4035 ὡς
2561 3971 2973 4028 ἐναντιώτατον.

2302 4241 2726 4304 Ἐξουδένωται
2762 4242 3020 4295 ἐνώπιον
3070 4242 3258 4296 αὑτοῦ
3285 4244 3799 4311 πονηρευόμενος.

2216 4334 2358 4399 τοὺς
2387 4334 2454 4386 δὲ
2482 4336 2894 4403 φοϐουμένους
2921 4337 3026 4387 τὸν
3056 4336 3276 4402 Κύριον
3304 4333 3555 4398 δοξάζει.
3605 4335 3804 4387 Διανέσσ

2223 4445 2339 4496 μων
2370 4427 2478 4496 γὰρ
2509 4427 2729 4497 ἑκάστῳ
2761 4427 2830 4480 τὰ
2855 4429 2992 4497 πρὸς
3034 4427 3215 4493 ἀξίαν,
3240 4427 3329 4480 τὸν
3389 4427 3488 4497 μὲν
3534 4427 3800 4496 πονηρὸν,

2216 4522 2310 4574 καὶ
2338 4520 2554 4583 οὐδενὸς
2578 4520 2726 4584 ἄξιον
2750 4522 2963 4591 ἡγεῖται
2985 4521 3401 4589 φαυλιζόμενος,
3424 4521 3526 4573 κᾶν
3555 4520 3800 4590 πλούτῳ,

2218 4615 2318 4666 κᾶν
2340 4615 2595 4683 εὐγενείᾳ
2634 4616 2803 4683 κομᾷ,
2838 4613 2942 4665 κᾶν
2971 4614 3109 4685 ἄλλῃ
3151 4613 3488 4682 περιφανείᾳ
3534 4612 3802 4682 λαμπρό-

2216 4709 2378 4771 τατός
2427 4710 2579 4758 ἐστι·
2614 4707 2741 4769 τοὺς
2787 4707 2842 4758 δὲ
2879 4706 3253 4776 φοϐουμένους
3305 4706 3397 4758 τὸν
3435 4706 3590 4767 Θεδν,
3620 4723 3806 4774 μεγαο

2217 4801 2388 4862 λύνει,
2427 4799 2528 4853 κᾶν
2557 4803 2615 4852 ἐν
2645 4803 2756 4865 τοῖς
2781 4802 3049 4863 ἐναντίοις
3095 4801 3448 4870 ἀτυχήμασιν
3500 4799 3809 4868 εὑρίσκων-

2220 4910 2351 4944 ταιο
2395 4892 2682 4962 Μακάριοι
2739 4895 2849 4964 γὰρ
2909 4894 3135 4958 πάντες
3186 4899 3239 4948 οὶ
3279 4895 3640 4962 φοϐούμενοι
3692 4894 3814 4946 τὼν·

2223 4984 2460 5049 Κύριον.

2303 5076 2365 5127 Ὀ
2384 5075 2626 5142 ὀμνύων
2647 5075 2727 5140 τῷ
2744 5076 3018 5141 πλησίον
3039 5075 3247 5140 αὑτοῦ,
3282 5075 3380 5128 καὶ
3411 5078 3524 5128 οὐκ
3546 5075 3807 5128 ἀθετῶν.

2218 5167 2292 5220 Τό
2317 5166 2559 5236 ὀμνύειν,
2595 5166 2825 5220 ἀντὶτοῦ
2858 5167 3302 5220 διαϐεϐαιοῦσθαι
3335 5167 3780 5236 παραλαμϐάνου

2229 5276 2312 5312 σιν
2349 5260 2398 5311 οἱ
2425 5259 2798 5330 παλαιότεροι.
2833 5261 3034 5330 Ὅρκος
3078 5260 3188 5330 γὰρ
3221 5259 3376 5312 οὐδὲν
3411 5260 3601 5330 ἕτερόν
3628 5261 3811 5326 ἐστιν,

2226 5352 2257 5420 ἦ
2293 5351 2580 5421 βεϐαίωσις
2627 5351 2812 5419 λόγου,
2875 5351 3130 5422 μάρτυρα
3162 5350 3668 5421 παραλαμϐάνουσα
3713 5352 3816 5404 τὸν

2227 5443 2380 5498 Θεόν.
2418 5444 2489 5495 Ἢ
2521 5443 2615 5495 καὶ
2645 5445 2709 5513 τῇ
2744 5442 2949 5513 παλαιᾷ
2977 5442 3271 5512 νομοθεσίᾳ
3306 5444 3813 5513 συγκεχωρημένος

2226 5534 2294 5610 ἦν
2347 5540 2374 5591 ό
2427 5538 2568 5594 κατὰ
2607 5536 2741 5590 Θεοῦ
2779 5539 3066 5607 γενόμενος
3109 5534 3315 5606 ἀληθὴς
3352 5536 3534 5605 ὅρκος,
3589 5535 3675 5589 ἵνα
3727 5536 3815 5606 μὴ
