  <div class='ocr_page' id='page_1' title='image "/cluster/home/n/w/nwhite01/storage/ocr_20150623/128/hvd.32044073502403/102.png"; bbox 0 0 4054 6210; ppageno 0'>
   <div class='ocr_carea' id='block_1_1' title="bbox 217 294 306 365">
    <p class='ocr_par' dir='ltr' id='par_1_1' title="bbox 217 294 306 365">
     <span class='ocr_line' id='line_1_1' title="bbox 217 294 306 365; baseline 0.045 -5"><span class='ocrx_word' id='word_1_1' title='bbox 217 294 306 365; x_wconf 79' lang='grc'><strong>193</strong></span> 
     </span>
    </p>
   </div>
   <div class='ocr_carea' id='block_1_2' title="bbox 1366 281 2274 351">
    <p class='ocr_par' dir='ltr' id='par_1_2' title="bbox 1366 281 2274 351">
     <span class='ocr_line' id='line_1_2' title="bbox 1366 281 2274 351; baseline -0.01 -2"><span class='ocrx_word' id='word_1_2' title='bbox 1366 285 1759 351; x_wconf 81' lang='lat' dir='ltr'><strong>COMMENT.</strong></span> <span class='ocrx_word' id='word_1_3' title='bbox 1787 285 1867 346; x_wconf 90' lang='lat' dir='ltr'><strong>IN</strong></span> <span class='ocrx_word' id='word_1_4' title='bbox 1908 281 2274 342; x_wconf 72' lang='lat' dir='ltr'><strong>PSALMOS.</strong></span> 
     </span>
    </p>
   </div>
   <div class='ocr_carea' id='block_1_3' title="bbox 3361 269 3550 343">
    <p class='ocr_par' dir='ltr' id='par_1_3' title="bbox 3361 269 3550 343">
     <span class='ocr_line' id='line_1_3' title="bbox 3361 269 3550 343; baseline -0.016 -1"><span class='ocrx_word' id='word_1_5' title='bbox 3361 277 3464 343; x_wconf 72' lang='grc'><strong>194</strong></span> <span class='ocrx_word' id='word_1_6' title='bbox 3545 269 3550 278; x_wconf 68' lang='grc'><em>’</em></span> 
     </span>
    </p>
   </div>
   <div class='ocr_carea' id='block_1_4' title="bbox 215 388 1787 477">
    <p class='ocr_par' dir='ltr' id='par_1_4' title="bbox 215 401 1770 477">
     <span class='ocr_line' id='line_1_4' title="bbox 215 401 1770 477; baseline -0.015 -2"><span class='ocrx_word' id='word_1_7' title='bbox 215 417 338 474; x_wconf 73' lang='grc' dir='ltr'>κατὰ</span> <span class='ocrx_word' id='word_1_8' title='bbox 385 413 488 468; x_wconf 84' lang='grc' dir='ltr'>τῶν</span> <span class='ocrx_word' id='word_1_9' title='bbox 528 408 766 464; x_wconf 74' lang='grc' dir='ltr'>εἰδώλων</span> <span class='ocrx_word' id='word_1_10' title='bbox 812 405 1130 477; x_wconf 80' lang='grc' dir='ltr'><strong>ὀμνύοντες,</strong></span> <span class='ocrx_word' id='word_1_11' title='bbox 1184 403 1650 474; x_wconf 77' lang='grc' dir='ltr'>συλαγωγηθείεν.</span> <span class='ocrx_word' id='word_1_12' title='bbox 1711 401 1770 451; x_wconf 81' lang='grc' dir='ltr'><strong>ὐ</strong></span> 
     </span>
    </p>
   </div>
   <div class='ocr_carea' id='block_1_5' title="bbox 1894 388 3462 477">
    <p class='ocr_par' dir='ltr' id='par_1_5' title="bbox 1894 388 3462 462">
     <span class='ocr_line' id='line_1_5' title="bbox 1894 388 3462 462; baseline 0.002 -19"><span class='ocrx_word' id='word_1_13' title='bbox 1894 398 2158 452; x_wconf 64' lang='grc' dir='ltr'>ποτ’ῑιηιειη</span> <span class='ocrx_word' id='word_1_14' title='bbox 2201 390 2604 461; x_wconf 72' lang='lat' dir='ltr'><strong>proferebatur,</strong></span> <span class='ocrx_word' id='word_1_15' title='bbox 2656 406 2725 444; x_wconf 81' lang='lat' dir='ltr'><strong>no</strong></span> <span class='ocrx_word' id='word_1_16' title='bbox 2761 406 2857 460; x_wconf 86' lang='lat' dir='ltr'><strong>per</strong></span> <span class='ocrx_word' id='word_1_17' title='bbox 2903 390 3048 446; x_wconf 87' lang='lat' dir='ltr'><strong>idola</strong></span> <span class='ocrx_word' id='word_1_18' title='bbox 3088 388 3342 448; x_wconf 75' lang='lat' dir='ltr'><strong>fortassis</strong></span> <span class='ocrx_word' id='word_1_19' title='bbox 3369 396 3462 462; x_wconf 88' lang='lat' dir='ltr'><strong>ju-</strong></span> 
     </span>
    </p>
   </div>
   <div class='ocr_carea' id='block_1_6' title="bbox 213 491 1772 569">
    <p class='ocr_par' dir='ltr' id='par_1_6' title="bbox 213 491 1772 569">
     <span class='ocr_line' id='line_1_6' title="bbox 213 491 1772 569; baseline -0.013 -7"><span class='ocrx_word' id='word_1_20' title='bbox 213 511 260 562; x_wconf 76' lang='grc' dir='ltr'>δὲ</span> <span class='ocrx_word' id='word_1_21' title='bbox 301 507 387 560; x_wconf 80' lang='grc' dir='ltr'>τοῦ</span> <span class='ocrx_word' id='word_1_22' title='bbox 417 499 754 569; x_wconf 79' lang='grc' dir='ltr'>Εὐαγγελίου</span> <span class='ocrx_word' id='word_1_23' title='bbox 784 497 969 568; x_wconf 82' lang='grc' dir='ltr'>νόμος,</span> <span class='ocrx_word' id='word_1_24' title='bbox 1019 495 1134 558; x_wconf 84' lang='grc' dir='ltr'>τοῖς</span> <span class='ocrx_word' id='word_1_25' title='bbox 1175 493 1532 563; x_wconf 76' lang='grc' dir='ltr'>τελειοτέροις</span> <span class='ocrx_word' id='word_1_26' title='bbox 1584 491 1650 544; x_wconf 89' lang='grc' dir='ltr'><strong>τά</strong></span> <span class='ocrx_word' id='word_1_27' title='bbox 1685 509 1772 543; x_wconf 83' lang='grc' dir='ltr'>τε·</span> 
     </span>
    </p>
   </div>
   <div class='ocr_carea' id='block_1_7' title="bbox 216 582 1768 666">
    <p class='ocr_par' dir='ltr' id='par_1_7' title="bbox 216 582 1768 666">
     <span class='ocr_line' id='line_1_7' title="bbox 216 582 1768 666; baseline -0.013 -12"><span class='ocrx_word' id='word_1_28' title='bbox 216 601 438 666; x_wconf 72' lang='grc' dir='ltr'>λειότερα</span> <span class='ocrx_word' id='word_1_29' title='bbox 461 590 792 662; x_wconf 81' lang='grc' dir='ltr'><strong>νομοθετῶν,</strong></span> <span class='ocrx_word' id='word_1_30' title='bbox 820 588 1174 641; x_wconf 85' lang='grc' dir='ltr'>παντάπασιν</span> <span class='ocrx_word' id='word_1_31' title='bbox 1192 586 1284 638; x_wconf 76' lang='grc' dir='ltr'><strong>τὸν</strong></span> <span class='ocrx_word' id='word_1_32' title='bbox 1301 585 1463 655; x_wconf 80' lang='grc' dir='ltr'>ὅρκον</span> <span class='ocrx_word' id='word_1_33' title='bbox 1491 582 1768 650; x_wconf 75' lang='grc' dir='ltr'>ἐξέκοψεν.</span> 
     </span>
    </p>
   </div>
   <div class='ocr_carea' id='block_1_8' title="bbox 217 671 1772 747">
    <p class='ocr_par' dir='ltr' id='par_1_8' title="bbox 217 671 1772 747">
     <span class='ocr_line' id='line_1_8' title="bbox 217 671 1772 747; baseline -0.013 -7"><span class='ocrx_word' id='word_1_34' title='bbox 217 689 318 741; x_wconf 78' lang='grc' dir='ltr'><strong>Εἰσὶ</strong></span> <span class='ocrx_word' id='word_1_35' title='bbox 372 686 425 736; x_wconf 75' lang='grc' dir='ltr'>δὲ</span> <span class='ocrx_word' id='word_1_36' title='bbox 476 698 622 744; x_wconf 85' lang='grc' dir='ltr'>τινες</span> <span class='ocrx_word' id='word_1_37' title='bbox 670 679 822 747; x_wconf 73' lang='grc' dir='ltr'>λόγοι</span> <span class='ocrx_word' id='word_1_38' title='bbox 870 677 1130 747; x_wconf 85' lang='grc' dir='ltr'>σχήματα</span> <span class='ocrx_word' id='word_1_39' title='bbox 1178 675 1277 743; x_wconf 80' lang='grc' dir='ltr'>μὲν</span> <span class='ocrx_word' id='word_1_40' title='bbox 1311 675 1493 744; x_wconf 84' lang='grc' dir='ltr'>ὅρκων</span> <span class='ocrx_word' id='word_1_41' title='bbox 1531 671 1772 742; x_wconf 77' lang='grc' dir='ltr'>ἔχοντες,</span> 
     </span>
    </p>
   </div>
   <div class='ocr_carea' id='block_1_9' title="bbox 214 762 1772 848">
    <p class='ocr_par' dir='ltr' id='par_1_9' title="bbox 214 762 1772 848">
     <span class='ocr_line' id='line_1_9' title="bbox 214 762 1772 848; baseline -0.012 -16"><span class='ocrx_word' id='word_1_42' title='bbox 214 784 297 847; x_wconf 73' lang='grc' dir='ltr'><strong>οὐχ</strong></span> <span class='ocrx_word' id='word_1_43' title='bbox 333 780 482 848; x_wconf 82' lang='grc' dir='ltr'>ὅρκοι</span> <span class='ocrx_word' id='word_1_44' title='bbox 511 774 568 828; x_wconf 78' lang='grc' dir='ltr'>δὲ</span> <span class='ocrx_word' id='word_1_45' title='bbox 607 771 783 835; x_wconf 73' lang='grc' dir='ltr'>ὄντες,</span> <span class='ocrx_word' id='word_1_46' title='bbox 816 769 950 822; x_wconf 86' lang='grc' dir='ltr'><strong>ἀλλά</strong></span> <span class='ocrx_word' id='word_1_47' title='bbox 978 767 1248 839; x_wconf 78' lang='grc' dir='ltr'><strong>θεραπεία</strong></span> <span class='ocrx_word' id='word_1_48' title='bbox 1275 767 1413 834; x_wconf 78' lang='grc' dir='ltr'>πρὸς</span> <span class='ocrx_word' id='word_1_49' title='bbox 1449 764 1572 826; x_wconf 77' lang='grc' dir='ltr'>τοὺς</span> <span class='ocrx_word' id='word_1_50' title='bbox 1605 762 1772 816; x_wconf 78' lang='grc' dir='ltr'>ἀκού-</span> 
     </span>
    </p>
   </div>
   <div class='ocr_carea' id='block_1_10' title="bbox 214 856 1775 933">
    <p class='ocr_par' dir='ltr' id='par_1_10' title="bbox 214 856 1775 933">
     <span class='ocr_line' id='line_1_10' title="bbox 214 856 1775 933; baseline -0.012 -8"><span class='ocrx_word' id='word_1_51' title='bbox 214 888 370 931; x_wconf 81' lang='grc' dir='ltr'>οντας.</span> <span class='ocrx_word' id='word_1_52' title='bbox 421 866 514 933; x_wconf 83' lang='grc' dir='ltr'><strong>Νὴ</strong></span> <span class='ocrx_word' id='word_1_53' title='bbox 565 865 681 930; x_wconf 75' lang='grc' dir='ltr'>τὴν</span> <span class='ocrx_word' id='word_1_54' title='bbox 747 862 954 930; x_wconf 76' lang='grc' dir='ltr'>ὑγείαν</span> <span class='ocrx_word' id='word_1_55' title='bbox 996 859 1224 927; x_wconf 82' lang='grc' dir='ltr'>Φαραώ,</span> <span class='ocrx_word' id='word_1_56' title='bbox 1259 859 1395 930; x_wconf 80' lang='grc' dir='ltr'>φησί</span> <span class='ocrx_word' id='word_1_57' title='bbox 1412 874 1426 888; x_wconf 75' lang='grc' dir='ltr'><strong>ο</strong></span> <span class='ocrx_word' id='word_1_58' title='bbox 1485 859 1581 908; x_wconf 86' lang='grc' dir='ltr'>καὶ</span> <span class='ocrx_word' id='word_1_59' title='bbox 1638 856 1775 926; x_wconf 74' lang='grc' dir='ltr'>πρὸς</span> 
     </span>
    </p>
   </div>
   <div class='ocr_carea' id='block_1_11' title="bbox 214 949 1777 1030">
    <p class='ocr_par' dir='ltr' id='par_1_11' title="bbox 214 949 1777 1030">
     <span class='ocr_line' id='line_1_11' title="bbox 214 949 1777 1030; baseline -0.017 -15"><span class='ocrx_word' id='word_1_60' title='bbox 214 960 512 1030; x_wconf 78' lang='grc' dir='ltr'>Κορινθίους</span> <span class='ocrx_word' id='word_1_61' title='bbox 533 954 899 1016; x_wconf 67' lang='grc' dir='ltr'>ὁἊπόστολος</span> <span class='ocrx_word' id='word_1_62' title='bbox 921 971 934 983; x_wconf 89' lang='grc'><strong>·</strong></span> <span class='ocrx_word' id='word_1_63' title='bbox 969 952 1059 1018; x_wconf 80' lang='grc' dir='ltr'><strong>Νὴ</strong></span> <span class='ocrx_word' id='word_1_64' title='bbox 1088 951 1204 1020; x_wconf 79' lang='grc' dir='ltr'><strong>τὴν</strong></span> <span class='ocrx_word' id='word_1_65' title='bbox 1233 949 1529 1018; x_wconf 77' lang='grc' dir='ltr'><strong>ἡμετέραν</strong></span> <span class='ocrx_word' id='word_1_66' title='bbox 1553 949 1777 1018; x_wconf 77' lang='grc' dir='ltr'><strong>καύχη-</strong></span> 
     </span>
    </p>
   </div>
   <div class='ocr_carea' id='block_1_12' title="bbox 213 1042 1776 1116">
    <p class='ocr_par' dir='ltr' id='par_1_12' title="bbox 213 1042 1776 1116">
     <span class='ocr_line' id='line_1_12' title="bbox 213 1042 1776 1116; baseline -0.008 -9"><span class='ocrx_word' id='word_1_67' title='bbox 213 1072 300 1107; x_wconf 73' lang='grc' dir='ltr'><strong>σιν</strong></span> <span class='ocrx_word' id='word_1_68' title='bbox 324 1072 336 1084; x_wconf 93' lang='grc'><strong>·</strong></span> <span class='ocrx_word' id='word_1_69' title='bbox 371 1051 556 1105; x_wconf 72' lang='grc' dir='ltr'>Τόπον</span> <span class='ocrx_word' id='word_1_70' title='bbox 579 1049 637 1101; x_wconf 72' lang='grc' dir='ltr'>δὲ</span> <span class='ocrx_word' id='word_1_71' title='bbox 675 1049 718 1102; x_wconf 87' lang='grc' dir='ltr'>Χ</span> <span class='ocrx_word' id='word_1_72' title='bbox 729 1047 1022 1116; x_wconf 81' lang='grc' dir='ltr'>ριστιανοῖς</span> <span class='ocrx_word' id='word_1_73' title='bbox 1052 1046 1234 1116; x_wconf 82' lang='grc' dir='ltr'>ὅρκων</span> <span class='ocrx_word' id='word_1_74' title='bbox 1270 1044 1298 1094; x_wconf 86' lang='grc' dir='ltr'>ὀ</span> <span class='ocrx_word' id='word_1_75' title='bbox 1325 1042 1610 1104; x_wconf 72' lang='grc' dir='ltr'><strong>θεσπέσιος</strong></span> <span class='ocrx_word' id='word_1_76' title='bbox 1640 1059 1776 1094; x_wconf 85' lang='grc' dir='ltr'>κατ-</span> 
     </span>
    </p>
   </div>
   <div class='ocr_carea' id='block_1_13' title="bbox 213 1128 1777 1204">
    <p class='ocr_par' dir='ltr' id='par_1_13' title="bbox 213 1128 1777 1204">
     <span class='ocr_line' id='line_1_13' title="bbox 213 1128 1777 1204; baseline -0.008 -8"><span class='ocrx_word' id='word_1_77' title='bbox 213 1147 346 1196; x_wconf 74' lang='grc' dir='ltr'>έλιπε</span> <span class='ocrx_word' id='word_1_78' title='bbox 425 1139 636 1202; x_wconf 77' lang='grc' dir='ltr'><strong>Παῦλος</strong></span> <span class='ocrx_word' id='word_1_79' title='bbox 659 1154 673 1168; x_wconf 89' lang='grc'><strong>·</strong></span> <span class='ocrx_word' id='word_1_80' title='bbox 698 1136 943 1204; x_wconf 79' lang='grc' dir='ltr'><em>Μάρτυς</em></span> <span class='ocrx_word' id='word_1_81' title='bbox 971 1135 1080 1204; x_wconf 79' lang='grc' dir='ltr'>ιιοῦ</span> <span class='ocrx_word' id='word_1_82' title='bbox 1114 1135 1287 1187; x_wconf 78' lang='grc' dir='ltr'>ἐστιν</span> <span class='ocrx_word' id='word_1_83' title='bbox 1329 1137 1361 1187; x_wconf 84' lang='grc' dir='ltr'><em>ὀ</em></span> <span class='ocrx_word' id='word_1_84' title='bbox 1393 1134 1561 1198; x_wconf 83' lang='grc' dir='ltr'>Θεὸς,</span> <span class='ocrx_word' id='word_1_85' title='bbox 1672 1136 1777 1185; x_wconf 74' lang='grc' dir='ltr'><strong>λα-</strong></span> 
     </span>
    </p>
   </div>
   <div class='ocr_carea' id='block_1_14' title="bbox 211 1223 1780 1301">
    <p class='ocr_par' dir='ltr' id='par_1_14' title="bbox 211 1223 1780 1301">
     <span class='ocr_line' id='line_1_14' title="bbox 211 1223 1780 1301; baseline -0.006 -15"><span class='ocrx_word' id='word_1_86' title='bbox 211 1236 374 1301; x_wconf 76' lang='grc' dir='ltr'>τρεύω</span> <span class='ocrx_word' id='word_1_87' title='bbox 405 1232 476 1284; x_wconf 76' lang='grc' dir='ltr'>ἐν</span> <span class='ocrx_word' id='word_1_88' title='bbox 506 1229 586 1295; x_wconf 80' lang='grc' dir='ltr'>τῷ</span> <span class='ocrx_word' id='word_1_89' title='bbox 637 1228 933 1295; x_wconf 79' lang='grc' dir='ltr'>πνεύματί</span> <span class='ocrx_word' id='word_1_90' title='bbox 956 1243 1097 1295; x_wconf 80' lang='grc' dir='ltr'>μου.</span> <span class='ocrx_word' id='word_1_91' title='bbox 1130 1226 1238 1278; x_wconf 79' lang='grc' dir='ltr'><strong>Καὶ</strong></span> <span class='ocrx_word' id='word_1_92' title='bbox 1265 1225 1428 1278; x_wconf 77' lang='grc' dir='ltr'>πάλιν</span> <span class='ocrx_word' id='word_1_93' title='bbox 1449 1243 1462 1254; x_wconf 86' lang='grc'><strong>·</strong></span> <span class='ocrx_word' id='word_1_94' title='bbox 1497 1223 1780 1292; x_wconf 81' lang='grc' dir='ltr'>Μάρτυρα</span> 
     </span>
    </p>
   </div>
   <div class='ocr_carea' id='block_1_15' title="bbox 212 1317 1463 1391">
    <p class='ocr_par' dir='ltr' id='par_1_15' title="bbox 212 1317 1463 1391">
     <span class='ocr_line' id='line_1_15' title="bbox 212 1317 1463 1391; baseline -0.007 -10"><span class='ocrx_word' id='word_1_95' title='bbox 212 1333 304 1380; x_wconf 80' lang='grc' dir='ltr'>τὸν</span> <span class='ocrx_word' id='word_1_96' title='bbox 329 1327 478 1380; x_wconf 82' lang='grc' dir='ltr'><strong>Θεὸν</strong></span> <span class='ocrx_word' id='word_1_97' title='bbox 508 1321 927 1391; x_wconf 76' lang='grc' dir='ltr'>ὲπικαλοῦμεν</span> <span class='ocrx_word' id='word_1_98' title='bbox 951 1337 965 1350; x_wconf 71' lang='grc' dir='ltr'><strong>ο</strong></span> <span class='ocrx_word' id='word_1_99' title='bbox 992 1320 1090 1373; x_wconf 63' lang='grc' dir='ltr'><strong>κοιλ⁹</strong></span> <span class='ocrx_word' id='word_1_100' title='bbox 1121 1320 1189 1372; x_wconf 83' lang='grc' dir='ltr'><strong>τὰ</strong></span> <span class='ocrx_word' id='word_1_101' title='bbox 1217 1317 1463 1372; x_wconf 83' lang='grc' dir='ltr'>τοιαῦτα.</span> 
     </span>
    </p>
   </div>
   <div class='ocr_carea' id='block_1_16' title="bbox 276 1414 1778 1492">
    <p class='ocr_par' dir='ltr' id='par_1_16' title="bbox 276 1414 1778 1492">
     <span class='ocr_line' id='line_1_16' title="bbox 276 1414 1778 1492; baseline -0.009 -15"><span class='ocrx_word' id='word_1_102' title='bbox 276 1424 340 1477; x_wconf 83' lang='grc' dir='ltr'><strong>Τὸ</strong></span> <span class='ocrx_word' id='word_1_103' title='bbox 360 1421 653 1492; x_wconf 79' lang='grc' dir='ltr'>ἀργύριον</span> <span class='ocrx_word' id='word_1_104' title='bbox 688 1417 876 1472; x_wconf 85' lang='grc' dir='ltr'>αὐτοῦ</span> <span class='ocrx_word' id='word_1_105' title='bbox 903 1418 1013 1470; x_wconf 75' lang='grc' dir='ltr'>οὐκ</span> <span class='ocrx_word' id='word_1_106' title='bbox 1045 1415 1272 1469; x_wconf 79' lang='grc' dir='ltr'>ἔδωκεν</span> <span class='ocrx_word' id='word_1_107' title='bbox 1301 1415 1398 1468; x_wconf 78' lang='grc' dir='ltr'><strong>ἐπὶ</strong></span> <span class='ocrx_word' id='word_1_108' title='bbox 1431 1414 1603 1484; x_wconf 74' lang='grc' dir='ltr'>τόκῳ.</span> <span class='ocrx_word' id='word_1_109' title='bbox 1651 1414 1778 1476; x_wconf 82' lang='grc' dir='ltr'>Τοῖς</span> 
     </span>
    </p>
   </div>
   <div class='ocr_carea' id='block_1_17' title="bbox 210 1503 1777 1588">
    <p class='ocr_par' dir='ltr' id='par_1_17' title="bbox 210 1503 1777 1588">
     <span class='ocr_line' id='line_1_17' title="bbox 210 1503 1777 1588; baseline -0.01 -16"><span class='ocrx_word' id='word_1_110' title='bbox 210 1518 445 1588; x_wconf 79' lang='grc' dir='ltr'>ἀρχαίοις</span> <span class='ocrx_word' id='word_1_111' title='bbox 495 1514 620 1566; x_wconf 83' lang='grc' dir='ltr'>λίαν</span> <span class='ocrx_word' id='word_1_112' title='bbox 677 1509 1051 1564; x_wconf 72' lang='grc' dir='ltr'>ἐπονείδιστον</span> <span class='ocrx_word' id='word_1_113' title='bbox 1104 1503 1174 1579; x_wconf 80' lang='grc' dir='ltr'>ἦν</span> <span class='ocrx_word' id='word_1_114' title='bbox 1203 1509 1236 1577; x_wconf 77' lang='grc' dir='ltr'><strong>ἡ</strong></span> <span class='ocrx_word' id='word_1_115' title='bbox 1269 1507 1631 1576; x_wconf 77' lang='grc' dir='ltr'>τοκογλυφία,</span> <span class='ocrx_word' id='word_1_116' title='bbox 1681 1505 1777 1558; x_wconf 78' lang='grc' dir='ltr'>καὶ</span> 
     </span>
    </p>
   </div>
   <div class='ocr_carea' id='block_1_18' title="bbox 211 1599 1775 1679">
    <p class='ocr_par' dir='ltr' id='par_1_18' title="bbox 211 1599 1775 1679">
     <span class='ocr_line' id='line_1_18' title="bbox 211 1599 1775 1679; baseline -0.008 -17"><span class='ocrx_word' id='word_1_117' title='bbox 211 1608 440 1679; x_wconf 73' lang='grc' dir='ltr'>αἰσχρὸν,</span> <span class='ocrx_word' id='word_1_118' title='bbox 467 1604 564 1661; x_wconf 80' lang='grc' dir='ltr'>καὶ</span> <span class='ocrx_word' id='word_1_119' title='bbox 600 1604 984 1658; x_wconf 81' lang='grc' dir='ltr'><strong>κατάπτυστον</strong></span> <span class='ocrx_word' id='word_1_120' title='bbox 1007 1616 1022 1631; x_wconf 77' lang='grc'><strong><em>⁸</em></strong></span> <span class='ocrx_word' id='word_1_121' title='bbox 1057 1602 1085 1653; x_wconf 87' lang='grc' dir='ltr'><strong>ὁ</strong></span> <span class='ocrx_word' id='word_1_122' title='bbox 1117 1600 1226 1670; x_wconf 81' lang='grc' dir='ltr'><strong>γὰρ</strong></span> <span class='ocrx_word' id='word_1_123' title='bbox 1258 1599 1532 1669; x_wconf 72' lang='grc' dir='ltr'>ἐλεήμων,</span> <span class='ocrx_word' id='word_1_124' title='bbox 1567 1599 1626 1650; x_wconf 84' lang='grc' dir='ltr'>ὲν</span> <span class='ocrx_word' id='word_1_125' title='bbox 1652 1615 1775 1650; x_wconf 86' lang='grc' dir='ltr'>και-</span> 
     </span>
    </p>
   </div>
   <div class='ocr_carea' id='block_1_19' title="bbox 217 1689 1776 1774">
    <p class='ocr_par' dir='ltr' id='par_1_19' title="bbox 217 1689 1776 1774">
     <span class='ocr_line' id='line_1_19' title="bbox 217 1689 1776 1774; baseline -0.008 -20"><span class='ocrx_word' id='word_1_126' title='bbox 217 1703 281 1774; x_wconf 80' lang='grc' dir='ltr'>ρῷ</span> <span class='ocrx_word' id='word_1_127' title='bbox 311 1697 596 1764; x_wconf 78' lang='grc' dir='ltr'>δανείζων,</span> <span class='ocrx_word' id='word_1_128' title='bbox 647 1694 936 1766; x_wconf 79' lang='grc' dir='ltr'>ἀγαπητὸν</span> <span class='ocrx_word' id='word_1_129' title='bbox 963 1693 1180 1764; x_wconf 78' lang='grc' dir='ltr'>ἡγεῖται</span> <span class='ocrx_word' id='word_1_130' title='bbox 1231 1693 1392 1762; x_wconf 84' lang='grc' dir='ltr'>μόνον</span> <span class='ocrx_word' id='word_1_131' title='bbox 1423 1690 1720 1744; x_wconf 75' lang='grc' dir='ltr'>ἀπολαϐεῖν</span> <span class='ocrx_word' id='word_1_132' title='bbox 1748 1689 1776 1741; x_wconf 88' lang='grc' dir='ltr'><strong>ὃ</strong></span> 
     </span>
    </p>
   </div>
   <div class='ocr_carea' id='block_1_20' title="bbox 1888 485 3465 556">
    <p class='ocr_par' dir='ltr' id='par_1_20' title="bbox 1888 485 3465 556">
     <span class='ocr_line' id='line_1_20' title="bbox 1888 485 3465 556; baseline 0.001 -16"><span class='ocrx_word' id='word_1_133' title='bbox 1888 503 2074 542; x_wconf 76' lang='lat' dir='ltr'><strong>iames</strong></span> <span class='ocrx_word' id='word_1_134' title='bbox 2135 487 2568 541; x_wconf 73' lang='lat' dir='ltr'><strong>seducerentnr:</strong></span> <span class='ocrx_word' id='word_1_135' title='bbox 2632 501 2817 536; x_wconf 80' lang='lat' dir='ltr'><strong>verum</strong></span> <span class='ocrx_word' id='word_1_136' title='bbox 2880 485 3156 554; x_wconf 69' lang='lat' dir='ltr'><strong>Evangelii</strong></span> <span class='ocrx_word' id='word_1_137' title='bbox 3206 485 3465 556; x_wconf 74' lang='lat' dir='ltr'><strong>lex.qu:e</strong></span> 
     </span>
    </p>
   </div>
   <div class='ocr_carea' id='block_1_21' title="bbox 1881 577 3459 652">
    <p class='ocr_par' dir='ltr' id='par_1_21' title="bbox 1881 577 3459 652">
     <span class='ocr_line' id='line_1_21' title="bbox 1881 577 3459 652; baseline -0.003 -17"><span class='ocrx_word' id='word_1_138' title='bbox 1881 579 2303 652; x_wconf 75' lang='lat' dir='ltr'><strong>perfectioribus</strong></span> <span class='ocrx_word' id='word_1_139' title='bbox 2355 577 2676 646; x_wconf 70' lang='lat' dir='ltr'><strong>perfectiora</strong></span> <span class='ocrx_word' id='word_1_140' title='bbox 2731 577 3033 638; x_wconf 84' lang='lat' dir='ltr'><strong>mandavit,</strong></span> <span class='ocrx_word' id='word_1_141' title='bbox 3083 579 3459 647; x_wconf 84' lang='lat' dir='ltr'><strong>jurauientum</strong></span> 
     </span>
    </p>
   </div>
   <div class='ocr_carea' id='block_1_22' title="bbox 1883 668 3466 742">
    <p class='ocr_par' dir='ltr' id='par_1_22' title="bbox 1883 668 3466 742">
     <span class='ocr_line' id='line_1_22' title="bbox 1883 668 3466 742; baseline -0.001 -18"><span class='ocrx_word' id='word_1_142' title='bbox 1883 672 2102 742; x_wconf 84' lang='lat' dir='ltr'><strong>penitus</strong></span> <span class='ocrx_word' id='word_1_143' title='bbox 2117 669 2348 724; x_wconf 64' lang='lat' dir='ltr'><strong>abscidit</strong></span> <span class='ocrx_word' id='word_1_144' title='bbox 2368 686 2382 732; x_wconf 91' lang='lat'>;</span> <span class='ocrx_word' id='word_1_145' title='bbox 2403 669 2618 722; x_wconf 84' lang='lat' dir='ltr'><strong>tametsi</strong></span> <span class='ocrx_word' id='word_1_146' title='bbox 2640 668 2894 738; x_wconf 84' lang='lat' dir='ltr'><strong>loquendi</strong></span> <span class='ocrx_word' id='word_1_147' title='bbox 2913 669 3056 721; x_wconf 84' lang='lat' dir='ltr'><strong>inodi</strong></span> <span class='ocrx_word' id='word_1_148' title='bbox 3074 669 3293 738; x_wconf 87' lang='lat' dir='ltr'><strong>quidam</strong></span> <span class='ocrx_word' id='word_1_149' title='bbox 3314 683 3466 735; x_wconf 87' lang='lat' dir='ltr'><strong>sunt,</strong></span> 
     </span>
    </p>
   </div>
   <div class='ocr_carea' id='block_1_23' title="bbox 1883 758 3463 830">
    <p class='ocr_par' dir='ltr' id='par_1_23' title="bbox 1883 758 3463 830">
     <span class='ocr_line' id='line_1_23' title="bbox 1883 758 3463 830; baseline -0.001 -16"><span class='ocrx_word' id='word_1_150' title='bbox 1883 761 1976 830; x_wconf 89' lang='lat' dir='ltr'><strong>qui</strong></span> <span class='ocrx_word' id='word_1_151' title='bbox 2003 761 2302 830; x_wconf 82' lang='lat' dir='ltr'><strong>juramcnti</strong></span> <span class='ocrx_word' id='word_1_152' title='bbox 2334 759 2562 811; x_wconf 81' lang='lat' dir='ltr'><strong>formam</strong></span> <span class='ocrx_word' id='word_1_153' title='bbox 2605 758 2925 829; x_wconf 69' lang='lat' dir='ltr'><strong>prmseferre</strong></span> <span class='ocrx_word' id='word_1_154' title='bbox 2947 761 3255 823; x_wconf 87' lang='lat' dir='ltr'><strong>videantur,</strong></span> <span class='ocrx_word' id='word_1_155' title='bbox 3287 771 3340 813; x_wconf 88' lang='lat' dir='ltr'><strong>et</strong></span> <span class='ocrx_word' id='word_1_156' title='bbox 3367 761 3463 830; x_wconf 84' lang='lat' dir='ltr'><strong>ju-</strong></span> 
     </span>
    </p>
   </div>
   <div class='ocr_carea' id='block_1_24' title="bbox 1882 849 3470 912">
    <p class='ocr_par' dir='ltr' id='par_1_24' title="bbox 1882 849 3470 912">
     <span class='ocr_line' id='line_1_24' title="bbox 1882 849 3470 912; baseline 0.001 -8"><span class='ocrx_word' id='word_1_157' title='bbox 1882 863 2124 904; x_wconf 88' lang='lat' dir='ltr'><strong>ramenla</strong></span> <span class='ocrx_word' id='word_1_158' title='bbox 2148 864 2273 904; x_wconf 85' lang='lat' dir='ltr'><strong>vere</strong></span> <span class='ocrx_word' id='word_1_159' title='bbox 2291 865 2397 902; x_wconf 91' lang='lat' dir='ltr'><strong>non</strong></span> <span class='ocrx_word' id='word_1_160' title='bbox 2428 856 2590 912; x_wconf 90' lang='lat' dir='ltr'><strong>sunt,</strong></span> <span class='ocrx_word' id='word_1_161' title='bbox 2615 849 2709 903; x_wconf 91' lang='lat' dir='ltr'><strong>sed</strong></span> <span class='ocrx_word' id='word_1_162' title='bbox 2738 851 2788 900; x_wconf 92' lang='lat' dir='ltr'><strong>in</strong></span> <span class='ocrx_word' id='word_1_163' title='bbox 2812 851 3170 904; x_wconf 75' lang='lat' dir='ltr'><strong>reverentiam</strong></span> <span class='ocrx_word' id='word_1_164' title='bbox 3193 860 3284 902; x_wconf 87' lang='lat' dir='ltr'><strong>aut</strong></span> <span class='ocrx_word' id='word_1_165' title='bbox 3304 852 3470 905; x_wconf 87' lang='lat' dir='ltr'><strong>obse-</strong></span> 
     </span>
    </p>
   </div>
   <div class='ocr_carea' id='block_1_25' title="bbox 1884 939 3470 1013">
    <p class='ocr_par' dir='ltr' id='par_1_25' title="bbox 1884 939 3470 1013">
     <span class='ocr_line' id='line_1_25' title="bbox 1884 939 3470 1013; baseline -0.002 -17"><span class='ocrx_word' id='word_1_166' title='bbox 1884 943 2071 1013; x_wconf 84' lang='lat' dir='ltr'><strong>quium</strong></span> <span class='ocrx_word' id='word_1_167' title='bbox 2095 940 2435 995; x_wconf 85' lang='lat' dir='ltr'><strong>audientium</strong></span> <span class='ocrx_word' id='word_1_168' title='bbox 2455 939 2532 993; x_wconf 81' lang='lat' dir='ltr'><strong>sic</strong></span> <span class='ocrx_word' id='word_1_169' title='bbox 2556 941 2850 1008; x_wconf 77' lang='lat' dir='ltr'><strong>prolali,ut</strong></span> <span class='ocrx_word' id='word_1_170' title='bbox 2869 941 2999 994; x_wconf 91' lang='lat' dir='ltr'><strong>illud</strong></span> <span class='ocrx_word' id='word_1_171' title='bbox 3028 960 3040 994; x_wconf 92' lang='lat'>:</span> <span class='ocrx_word' id='word_1_172' title='bbox 3067 941 3169 994; x_wconf 83' lang='lat' dir='ltr'><strong>Per</strong></span> <span class='ocrx_word' id='word_1_173' title='bbox 3186 943 3470 995; x_wconf 73' lang='lat' dir='ltr'><strong>sanitatem</strong></span> 
     </span>
    </p>
   </div>
   <div class='ocr_carea' id='block_1_26' title="bbox 1887 1029 3473 1102">
    <p class='ocr_par' dir='ltr' id='par_1_26' title="bbox 1887 1029 3473 1102">
     <span class='ocr_line' id='line_1_26' title="bbox 1887 1029 3473 1102; baseline 0.001 -18"><span class='ocrx_word' id='word_1_174' title='bbox 1887 1031 2208 1086; x_wconf 77' lang='lat' dir='ltr'><strong>Pharaonis.</strong></span> <span class='ocrx_word' id='word_1_175' title='bbox 2245 1031 2374 1084; x_wconf 95' lang='lat' dir='ltr'><strong>Item</strong></span> <span class='ocrx_word' id='word_1_176' title='bbox 2404 1029 2535 1082; x_wconf 92' lang='lat' dir='ltr'><strong>illud</strong></span> <span class='ocrx_word' id='word_1_177' title='bbox 2562 1029 2710 1082; x_wconf 87' lang='lat' dir='ltr'><strong>Pauli</strong></span> <span class='ocrx_word' id='word_1_178' title='bbox 2742 1029 2808 1082; x_wconf 85' lang='lat' dir='ltr'><strong>ad</strong></span> <span class='ocrx_word' id='word_1_179' title='bbox 2832 1031 3144 1084; x_wconf 73' lang='lat' dir='ltr'><strong>Corinthios</strong></span> <span class='ocrx_word' id='word_1_180' title='bbox 3183 1048 3195 1083; x_wconf 91' lang='lat'>:</span> <span class='ocrx_word' id='word_1_181' title='bbox 3227 1031 3330 1084; x_wconf 86' lang='lat' dir='ltr'><strong>Per</strong></span> <span class='ocrx_word' id='word_1_182' title='bbox 3358 1033 3473 1102; x_wconf 81' lang='lat' dir='ltr'><strong>glo-</strong></span> 
     </span>
    </p>
   </div>
   <div class='ocr_carea' id='block_1_27' title="bbox 1883 1119 3472 1193">
    <p class='ocr_par' dir='ltr' id='par_1_27' title="bbox 1883 1119 3472 1193">
     <span class='ocr_line' id='line_1_27' title="bbox 1883 1119 3472 1193; baseline 0.001 -17"><span class='ocrx_word' id='word_1_183' title='bbox 1883 1125 2160 1176; x_wconf 80' lang='lat' dir='ltr'><strong>riatiottem</strong></span> <span class='ocrx_word' id='word_1_184' title='bbox 2184 1122 2295 1191; x_wconf 72' lang='grc'><strong>(54)</strong></span> <span class='ocrx_word' id='word_1_185' title='bbox 2316 1132 2546 1174; x_wconf 76' lang='lat' dir='ltr'><strong>vestram</strong></span> <span class='ocrx_word' id='word_1_186' title='bbox 2561 1123 2628 1176; x_wconf 82' lang='grc'><strong>¹¹.</strong></span> <span class='ocrx_word' id='word_1_187' title='bbox 2649 1119 2902 1176; x_wconf 78' lang='lat' dir='ltr'><strong>Formam</strong></span> <span class='ocrx_word' id='word_1_188' title='bbox 2925 1137 3052 1176; x_wconf 90' lang='lat' dir='ltr'><strong>vero</strong></span> <span class='ocrx_word' id='word_1_189' title='bbox 3071 1123 3366 1193; x_wconf 87' lang='lat' dir='ltr'><strong>juramenti</strong></span> <span class='ocrx_word' id='word_1_190' title='bbox 3389 1125 3472 1178; x_wconf 86' lang='lat' dir='ltr'><strong>di-</strong></span> 
     </span>
    </p>
   </div>
   <div class='ocr_carea' id='block_1_28' title="bbox 1885 1214 3470 1282">
    <p class='ocr_par' dir='ltr' id='par_1_28' title="bbox 1885 1214 3470 1282">
     <span class='ocr_line' id='line_1_28' title="bbox 1885 1214 3470 1282; baseline 0.002 -15"><span class='ocrx_word' id='word_1_191' title='bbox 1885 1233 1985 1270; x_wconf 86' lang='lat' dir='ltr'><strong>vus</strong></span> <span class='ocrx_word' id='word_1_192' title='bbox 2008 1216 2208 1268; x_wconf 78' lang='lat' dir='ltr'><strong>Paulus</strong></span> <span class='ocrx_word' id='word_1_193' title='bbox 2225 1214 2556 1269; x_wconf 81' lang='lat' dir='ltr'><strong>Christianis</strong></span> <span class='ocrx_word' id='word_1_194' title='bbox 2581 1214 2798 1282; x_wconf 79' lang='lat' dir='ltr'><strong>reliquit</strong></span> <span class='ocrx_word' id='word_1_195' title='bbox 2813 1217 3032 1270; x_wconf 88' lang='lat' dir='ltr'><strong>dicens:</strong></span> <span class='ocrx_word' id='word_1_196' title='bbox 3059 1215 3227 1270; x_wconf 74' lang='lat' dir='ltr'><strong>Testis</strong></span> <span class='ocrx_word' id='word_1_197' title='bbox 3244 1228 3320 1270; x_wconf 79' lang='lat' dir='ltr'><strong>est</strong></span> <span class='ocrx_word' id='word_1_198' title='bbox 3344 1219 3470 1270; x_wconf 83' lang='lat' dir='ltr'><strong>mihi</strong></span> 
     </span>
    </p>
   </div>
   <div class='ocr_carea' id='block_1_29' title="bbox 1889 1305 3469 1376">
    <p class='ocr_par' dir='ltr' id='par_1_29' title="bbox 1889 1305 3469 1376">
     <span class='ocr_line' id='line_1_29' title="bbox 1889 1305 3469 1376; baseline 0.003 -18"><span class='ocrx_word' id='word_1_199' title='bbox 1889 1309 2025 1360; x_wconf 71' lang='lat' dir='ltr'><strong>Deus</strong></span> <span class='ocrx_word' id='word_1_200' title='bbox 2039 1323 2190 1376; x_wconf 78' lang='lat' dir='ltr'><strong>quem</strong></span> <span class='ocrx_word' id='word_1_201' title='bbox 2213 1305 2328 1358; x_wconf 83' lang='lat' dir='ltr'><strong>colo</strong></span> <span class='ocrx_word' id='word_1_202' title='bbox 2347 1305 2389 1335; x_wconf 83' lang='lat'>&quot;</span> <span class='ocrx_word' id='word_1_203' title='bbox 2412 1323 2426 1371; x_wconf 89' lang='lat'><strong>;</strong></span> <span class='ocrx_word' id='word_1_204' title='bbox 2446 1313 2502 1358; x_wconf 91' lang='lat' dir='ltr'><strong>et</strong></span> <span class='ocrx_word' id='word_1_205' title='bbox 2520 1321 2712 1359; x_wconf 86' lang='lat' dir='ltr'><strong>rursus</strong></span> <span class='ocrx_word' id='word_1_206' title='bbox 2739 1325 2750 1358; x_wconf 88' lang='lat'><strong>:</strong></span> <span class='ocrx_word' id='word_1_207' title='bbox 2779 1305 2977 1360; x_wconf 79' lang='lat' dir='ltr'><strong>Testem</strong></span> <span class='ocrx_word' id='word_1_208' title='bbox 2997 1307 3163 1361; x_wconf 86' lang='lat' dir='ltr'><strong>Deum</strong></span> <span class='ocrx_word' id='word_1_209' title='bbox 3183 1310 3383 1363; x_wconf 83' lang='lat' dir='ltr'><strong>invoco.</strong></span> <span class='ocrx_word' id='word_1_210' title='bbox 3406 1309 3469 1362; x_wconf 82' lang='lat'><strong>”.</strong></span> 
     </span>
    </p>
   </div>
   <div class='ocr_carea' id='block_1_30' title="bbox 1953 1398 3475 1472">
    <p class='ocr_par' dir='ltr' id='par_1_30' title="bbox 1953 1398 3475 1472">
     <span class='ocr_line' id='line_1_30' title="bbox 1953 1398 3475 1472; baseline 0.003 -20"><span class='ocrx_word' id='word_1_211' title='bbox 1953 1401 2239 1470; x_wconf 81' lang='lat' dir='ltr'><strong>Argentum</strong></span> <span class='ocrx_word' id='word_1_212' title='bbox 2272 1415 2428 1453; x_wconf 66' lang='lat' dir='ltr'><strong>ruunt</strong></span> <span class='ocrx_word' id='word_1_213' title='bbox 2463 1416 2566 1452; x_wconf 87' lang='lat' dir='ltr'><strong>non</strong></span> <span class='ocrx_word' id='word_1_214' title='bbox 2605 1398 2750 1452; x_wconf 80' lang='lat' dir='ltr'><strong>dedit</strong></span> <span class='ocrx_word' id='word_1_215' title='bbox 2776 1399 2844 1452; x_wconf 87' lang='lat' dir='ltr'><strong>ad</strong></span> <span class='ocrx_word' id='word_1_216' title='bbox 2867 1417 3111 1456; x_wconf 82' lang='lat' dir='ltr'><strong>usuram.</strong></span> <span class='ocrx_word' id='word_1_217' title='bbox 3151 1402 3308 1472; x_wconf 84' lang='lat' dir='ltr'><strong>Apud</strong></span> <span class='ocrx_word' id='word_1_218' title='bbox 3335 1403 3475 1456; x_wconf 84' lang='lat' dir='ltr'><strong>anti-</strong></span> 
     </span>
    </p>
   </div>
   <div class='ocr_carea' id='block_1_31' title="bbox 1881 1493 3473 1564">
    <p class='ocr_par' dir='ltr' id='par_1_31' title="bbox 1881 1493 3473 1564">
     <span class='ocr_line' id='line_1_31' title="bbox 1881 1493 3473 1564; baseline 0.001 -18"><span class='ocrx_word' id='word_1_219' title='bbox 1881 1509 2021 1564; x_wconf 90' lang='lat' dir='ltr'><strong>quos</strong></span> <span class='ocrx_word' id='word_1_220' title='bbox 2035 1509 2200 1548; x_wconf 89' lang='lat' dir='ltr'><strong>usura</strong></span> <span class='ocrx_word' id='word_1_221' title='bbox 2220 1507 2440 1548; x_wconf 90' lang='lat' dir='ltr'><strong>summo</strong></span> <span class='ocrx_word' id='word_1_222' title='bbox 2457 1494 2509 1546; x_wconf 93' lang='lat' dir='ltr'><strong>in</strong></span> <span class='ocrx_word' id='word_1_223' title='bbox 2544 1493 2815 1548; x_wconf 82' lang='lat' dir='ltr'><strong>dedecore</strong></span> <span class='ocrx_word' id='word_1_224' title='bbox 2839 1503 2957 1548; x_wconf 89' lang='lat' dir='ltr'><strong>erat</strong></span> <span class='ocrx_word' id='word_1_225' title='bbox 2978 1502 3144 1564; x_wconf 86' lang='lat' dir='ltr'><strong>atque</strong></span> <span class='ocrx_word' id='word_1_226' title='bbox 3172 1497 3473 1564; x_wconf 78' lang='lat' dir='ltr'><strong>exprobra-</strong></span> 
     </span>
    </p>
   </div>
   <div class='ocr_carea' id='block_1_32' title="bbox 1883 1583 3474 1656">
    <p class='ocr_par' dir='ltr' id='par_1_32' title="bbox 1883 1583 3474 1656">
     <span class='ocr_line' id='line_1_32' title="bbox 1883 1583 3474 1656; baseline 0.002 -18"><span class='ocrx_word' id='word_1_227' title='bbox 1883 1585 2048 1638; x_wconf 84' lang='lat' dir='ltr'><strong>tione.</strong></span> <span class='ocrx_word' id='word_1_228' title='bbox 2088 1583 2220 1638; x_wconf 87' lang='lat' dir='ltr'><strong>Nam</strong></span> <span class='ocrx_word' id='word_1_229' title='bbox 2262 1589 2357 1655; x_wconf 87' lang='lat' dir='ltr'><strong>qui</strong></span> <span class='ocrx_word' id='word_1_230' title='bbox 2404 1586 2728 1640; x_wconf 86' lang='lat' dir='ltr'><strong>misericors</strong></span> <span class='ocrx_word' id='word_1_231' title='bbox 2754 1594 2860 1649; x_wconf 89' lang='lat' dir='ltr'><strong>est,</strong></span> <span class='ocrx_word' id='word_1_232' title='bbox 2904 1594 2958 1640; x_wconf 88' lang='lat' dir='ltr'><strong>et</strong></span> <span class='ocrx_word' id='word_1_233' title='bbox 2999 1598 3306 1656; x_wconf 72' lang='lat' dir='ltr'><strong>oppOrtuno</strong></span> <span class='ocrx_word' id='word_1_234' title='bbox 3331 1597 3474 1641; x_wconf 83' lang='lat' dir='ltr'><strong>tem-</strong></span> 
     </span>
    </p>
   </div>
   <div class='ocr_carea' id='block_1_33' title="bbox 1882 1677 3473 1748">
    <p class='ocr_par' dir='ltr' id='par_1_33' title="bbox 1882 1677 3473 1748">
     <span class='ocr_line' id='line_1_33' title="bbox 1882 1677 3473 1748; baseline 0.003 -19"><span class='ocrx_word' id='word_1_235' title='bbox 1882 1691 2015 1745; x_wconf 88' lang='lat' dir='ltr'><strong>pore</strong></span> <span class='ocrx_word' id='word_1_236' title='bbox 2076 1687 2326 1731; x_wconf 90' lang='lat' dir='ltr'><strong>mutuum</strong></span> <span class='ocrx_word' id='word_1_237' title='bbox 2375 1686 2619 1747; x_wconf 71' lang='lat' dir='ltr'><strong>praestat,</strong></span> <span class='ocrx_word' id='word_1_238' title='bbox 2656 1678 2880 1748; x_wconf 75' lang='lat' dir='ltr'><strong>dignum</strong></span> <span class='ocrx_word' id='word_1_239' title='bbox 2933 1677 3107 1741; x_wconf 90' lang='lat' dir='ltr'><strong>ducit,</strong></span> <span class='ocrx_word' id='word_1_240' title='bbox 3160 1679 3210 1732; x_wconf 91' lang='lat' dir='ltr'><strong>id</strong></span> <span class='ocrx_word' id='word_1_241' title='bbox 3260 1687 3473 1733; x_wconf 86' lang='lat' dir='ltr'><strong>tantum</strong></span> 
     </span>
    </p>
   </div>
   <div class='ocr_carea' id='block_1_34' title="bbox 211 1764 1787 1852">
    <p class='ocr_par' dir='ltr' id='par_1_34' title="bbox 211 1764 1784 1852">
     <span class='ocr_line' id='line_1_34' title="bbox 211 1764 1784 1852; baseline -0.011 -2"><span class='ocrx_word' id='word_1_242' title='bbox 211 1764 416 1850; x_wconf 78' lang='grc' dir='ltr'>δέδωκε.</span> <span class='ocrx_word' id='word_1_243' title='bbox 457 1793 653 1847; x_wconf 86' lang='grc' dir='ltr'>Νοοῖτο</span> <span class='ocrx_word' id='word_1_244' title='bbox 685 1790 730 1844; x_wconf 82' lang='grc' dir='ltr'>δ’</span> <span class='ocrx_word' id='word_1_245' title='bbox 761 1764 836 1844; x_wconf 71' lang='grc' dir='ltr'>ἂν</span> <span class='ocrx_word' id='word_1_246' title='bbox 863 1788 958 1842; x_wconf 78' lang='grc' dir='ltr'>καὶ</span> <span class='ocrx_word' id='word_1_247' title='bbox 989 1786 1186 1851; x_wconf 77' lang='grc' dir='ltr'>οὕτως,</span> <span class='ocrx_word' id='word_1_248' title='bbox 1239 1786 1321 1838; x_wconf 81' lang='grc' dir='ltr'>ὅτι</span> <span class='ocrx_word' id='word_1_249' title='bbox 1349 1783 1442 1837; x_wconf 82' lang='grc' dir='ltr'><strong>τδν</strong></span> <span class='ocrx_word' id='word_1_250' title='bbox 1471 1783 1604 1852; x_wconf 76' lang='grc' dir='ltr'>περὶ</span> <span class='ocrx_word' id='word_1_251' title='bbox 1632 1783 1784 1835; x_wconf 80' lang='grc' dir='ltr'>εὐσε-</span> 
     </span>
    </p>
   </div>
   <div class='ocr_carea' id='block_1_35' title="bbox 1894 1764 3478 1852">
    <p class='ocr_par' dir='ltr' id='par_1_35' title="bbox 1894 1764 3478 1838">
     <span class='ocr_line' id='line_1_35' title="bbox 1894 1764 3478 1838; baseline 0.003 -19"><span class='ocrx_word' id='word_1_252' title='bbox 1894 1769 2136 1835; x_wconf 86' lang='lat' dir='ltr'><strong>recipere</strong></span> <span class='ocrx_word' id='word_1_253' title='bbox 2183 1766 2330 1836; x_wconf 89' lang='lat' dir='ltr'><strong>quod</strong></span> <span class='ocrx_word' id='word_1_254' title='bbox 2375 1767 2548 1821; x_wconf 82' lang='lat' dir='ltr'><strong>dedit.</strong></span> <span class='ocrx_word' id='word_1_255' title='bbox 2595 1764 2660 1819; x_wconf 86' lang='lat' dir='ltr'><strong>Et</strong></span> <span class='ocrx_word' id='word_1_256' title='bbox 2694 1767 2855 1820; x_wconf 81' lang='lat' dir='ltr'><strong>aliter</strong></span> <span class='ocrx_word' id='word_1_257' title='bbox 2895 1768 3124 1836; x_wconf 70' lang='lat' dir='ltr'><strong>intelligi</strong></span> <span class='ocrx_word' id='word_1_258' title='bbox 3173 1777 3374 1838; x_wconf 81' lang='lat' dir='ltr'><strong>potest,</strong></span> <span class='ocrx_word' id='word_1_259' title='bbox 3408 1769 3478 1824; x_wconf 85' lang='lat' dir='ltr'><strong>dc</strong></span> 
     </span>
    </p>
   </div>
   <div class='ocr_carea' id='block_1_36' title="bbox 213 1873 1785 1953">
    <p class='ocr_par' dir='ltr' id='par_1_36' title="bbox 213 1873 1785 1953">
     <span class='ocr_line' id='line_1_36' title="bbox 213 1873 1785 1953; baseline -0.011 -12"><span class='ocrx_word' id='word_1_260' title='bbox 213 1888 347 1950; x_wconf 78' lang='grc' dir='ltr'>δείας</span> <span class='ocrx_word' id='word_1_261' title='bbox 407 1887 590 1953; x_wconf 82' lang='grc' dir='ltr'>λόγον,</span> <span class='ocrx_word' id='word_1_262' title='bbox 645 1883 705 1944; x_wconf 83' lang='grc' dir='ltr'>ὃς</span> <span class='ocrx_word' id='word_1_263' title='bbox 740 1882 890 1934; x_wconf 73' lang='grc' dir='ltr'>ἐστιν</span> <span class='ocrx_word' id='word_1_264' title='bbox 937 1877 1202 1949; x_wconf 75' lang='grc' dir='ltr'>ἀργύριον</span> <span class='ocrx_word' id='word_1_265' title='bbox 1233 1876 1458 1945; x_wconf 80' lang='grc' dir='ltr'>δόκιμον</span> <span class='ocrx_word' id='word_1_266' title='bbox 1487 1877 1553 1944; x_wconf 80' lang='grc' dir='ltr'><strong>τῇ</strong></span> <span class='ocrx_word' id='word_1_267' title='bbox 1590 1877 1685 1941; x_wconf 81' lang='grc' dir='ltr'><strong>γῇ,</strong></span> <span class='ocrx_word' id='word_1_268' title='bbox 1723 1873 1785 1924; x_wconf 75' lang='grc' dir='ltr'>οὐ</span> 
     </span>
    </p>
   </div>
   <div class='ocr_carea' id='block_1_37' title="bbox 216 1965 1786 2044">
    <p class='ocr_par' dir='ltr' id='par_1_37' title="bbox 216 1965 1786 2044">
     <span class='ocr_line' id='line_1_37' title="bbox 216 1965 1786 2044; baseline -0.009 -16"><span class='ocrx_word' id='word_1_269' title='bbox 216 1977 534 2030; x_wconf 76' lang='grc' dir='ltr'>κατεόἀλετο</span> <span class='ocrx_word' id='word_1_270' title='bbox 554 1975 716 2044; x_wconf 85' lang='grc' dir='ltr'>χάριν</span> <span class='ocrx_word' id='word_1_271' title='bbox 743 1969 836 2024; x_wconf 81' lang='grc' dir='ltr'>τοῦ</span> <span class='ocrx_word' id='word_1_272' title='bbox 862 1968 1197 2040; x_wconf 84' lang='grc' dir='ltr'>κομίσασθαί</span> <span class='ocrx_word' id='word_1_273' title='bbox 1221 1984 1274 2019; x_wconf 89' lang='grc' dir='ltr'><strong>τι</strong></span> <span class='ocrx_word' id='word_1_274' title='bbox 1299 1966 1612 2036; x_wconf 71' lang='grc' dir='ltr'>σωματικὸν</span> <span class='ocrx_word' id='word_1_275' title='bbox 1643 1965 1786 2030; x_wconf 74' lang='grc' dir='ltr'>ἀγαι-</span> 
     </span>
    </p>
   </div>
   <div class='ocr_carea' id='block_1_38' title="bbox 214 2057 1552 2137">
    <p class='ocr_par' dir='ltr' id='par_1_38' title="bbox 214 2057 1552 2137">
     <span class='ocr_line' id='line_1_38' title="bbox 214 2057 1552 2137; baseline -0.008 -15"><span class='ocrx_word' id='word_1_276' title='bbox 214 2070 308 2135; x_wconf 70' lang='grc' dir='ltr'>θδν,</span> <span class='ocrx_word' id='word_1_277' title='bbox 332 2069 475 2123; x_wconf 75' lang='grc' dir='ltr'>ἀλλὰ</span> <span class='ocrx_word' id='word_1_278' title='bbox 496 2069 702 2137; x_wconf 79' lang='grc' dir='ltr'>προῖκα</span> <span class='ocrx_word' id='word_1_279' title='bbox 737 2064 833 2118; x_wconf 71' lang='grc' dir='ltr'>καὶ</span> <span class='ocrx_word' id='word_1_280' title='bbox 859 2060 1054 2133; x_wconf 71' lang='grc' dir='ltr'>ἀμισθὶ</span> <span class='ocrx_word' id='word_1_281' title='bbox 1089 2061 1301 2123; x_wconf 79' lang='grc' dir='ltr'><strong>πάντας</strong></span> <span class='ocrx_word' id='word_1_282' title='bbox 1324 2057 1552 2122; x_wconf 79' lang='grc' dir='ltr'>ἐδίδαξε.</span> 
     </span>
    </p>
   </div>
   <div class='ocr_carea' id='block_1_39' title="bbox 273 2317 1788 2397">
    <p class='ocr_par' dir='ltr' id='par_1_39' title="bbox 273 2317 1788 2397">
     <span class='ocr_line' id='line_1_39' title="bbox 273 2317 1788 2397; baseline -0.011 -10"><span class='ocrx_word' id='word_1_283' title='bbox 273 2333 376 2387; x_wconf 76' lang='grc' dir='ltr'><strong>Καὶ</strong></span> <span class='ocrx_word' id='word_1_284' title='bbox 431 2329 596 2397; x_wconf 72' lang='grc' dir='ltr'>δῶρα</span> <span class='ocrx_word' id='word_1_285' title='bbox 645 2327 740 2381; x_wconf 76' lang='grc' dir='ltr'><strong>ἐπ’</strong></span> <span class='ocrx_word' id='word_1_286' title='bbox 783 2325 994 2390; x_wconf 82' lang='grc' dir='ltr'>ἀθώοις</span> <span class='ocrx_word' id='word_1_287' title='bbox 1032 2325 1144 2377; x_wconf 82' lang='grc' dir='ltr'>οὐκ</span> <span class='ocrx_word' id='word_1_288' title='bbox 1172 2322 1404 2376; x_wconf 66' lang='grc' dir='ltr'>ἔλαϐεν.</span> <span class='ocrx_word' id='word_1_289' title='bbox 1454 2317 1684 2372; x_wconf 79' lang='grc' dir='ltr'>Ἕνεκεν</span> <span class='ocrx_word' id='word_1_290' title='bbox 1725 2320 1788 2371; x_wconf 83' lang='grc' dir='ltr'>ἀ-</span> 
     </span>
    </p>
   </div>
   <div class='ocr_carea' id='block_1_40' title="bbox 218 2414 1303 2492">
    <p class='ocr_par' dir='ltr' id='par_1_40' title="bbox 218 2414 1303 2492">
     <span class='ocr_line' id='line_1_40' title="bbox 218 2414 1303 2492; baseline -0.011 -13"><span class='ocrx_word' id='word_1_291' title='bbox 218 2425 357 2479; x_wconf 82' lang='grc' dir='ltr'><strong>θὼων</strong></span> <span class='ocrx_word' id='word_1_292' title='bbox 379 2441 394 2456; x_wconf 88' lang='grc'><strong>·</strong></span> <span class='ocrx_word' id='word_1_293' title='bbox 425 2423 570 2476; x_wconf 82' lang='grc' dir='ltr'>ὥστε</span> <span class='ocrx_word' id='word_1_294' title='bbox 608 2420 812 2492; x_wconf 78' lang='grc' dir='ltr'><strong>βλάψαι</strong></span> <span class='ocrx_word' id='word_1_295' title='bbox 845 2419 974 2481; x_wconf 81' lang='grc' dir='ltr'>τοὺς</span> <span class='ocrx_word' id='word_1_296' title='bbox 999 2414 1303 2477; x_wconf 85' lang='grc' dir='ltr'>ἀναιτίους.</span> 
     </span>
    </p>
   </div>
   <div class='ocr_carea' id='block_1_41' title="bbox 283 2593 1786 2666">
    <p class='ocr_par' dir='ltr' id='par_1_41' title="bbox 283 2593 1786 2666">
     <span class='ocr_line' id='line_1_41' title="bbox 283 2593 1786 2666; baseline -0.011 -5"><span class='ocrx_word' id='word_1_297' title='bbox 283 2610 346 2660; x_wconf 86' lang='lat'><strong>&#39;0</strong></span> <span class='ocrx_word' id='word_1_298' title='bbox 369 2606 559 2660; x_wconf 76' lang='grc' dir='ltr'>ποιῶν</span> <span class='ocrx_word' id='word_1_299' title='bbox 576 2604 784 2666; x_wconf 81' lang='grc' dir='ltr'>ταῦτα,</span> <span class='ocrx_word' id='word_1_300' title='bbox 802 2603 874 2656; x_wconf 86' lang='grc' dir='ltr'>οὐ</span> <span class='ocrx_word' id='word_1_301' title='bbox 893 2596 1340 2664; x_wconf 63' lang='grc' dir='ltr'>σαλευθειξσετιιι</span> <span class='ocrx_word' id='word_1_302' title='bbox 1358 2597 1437 2661; x_wconf 70' lang='grc' dir='ltr'><strong>είς</strong></span> <span class='ocrx_word' id='word_1_303' title='bbox 1458 2594 1568 2648; x_wconf 82' lang='grc' dir='ltr'>τὸν</span> <span class='ocrx_word' id='word_1_304' title='bbox 1578 2593 1786 2647; x_wconf 76' lang='grc' dir='ltr'>αἰῶνα.</span> 
     </span>
    </p>
   </div>
   <div class='ocr_carea' id='block_1_42' title="bbox 212 2687 1786 2770">
    <p class='ocr_par' dir='ltr' id='par_1_42' title="bbox 212 2687 1786 2770">
     <span class='ocr_line' id='line_1_42' title="bbox 212 2687 1786 2770; baseline -0.01 -18"><span class='ocrx_word' id='word_1_305' title='bbox 212 2699 681 2770; x_wconf 73' lang='grc' dir='ltr'>Διαζωγραφὴσας</span> <span class='ocrx_word' id='word_1_306' title='bbox 738 2695 830 2747; x_wconf 84' lang='grc' dir='ltr'>τὸν</span> <span class='ocrx_word' id='word_1_307' title='bbox 886 2695 968 2755; x_wconf 85' lang='grc' dir='ltr'><strong>είς</strong></span> <span class='ocrx_word' id='word_1_308' title='bbox 1019 2690 1223 2763; x_wconf 79' lang='grc' dir='ltr'>ἀρετὴν</span> <span class='ocrx_word' id='word_1_309' title='bbox 1267 2688 1500 2748; x_wconf 80' lang='grc' dir='ltr'>τέλειον,</span> <span class='ocrx_word' id='word_1_310' title='bbox 1545 2687 1786 2755; x_wconf 77' lang='grc' dir='ltr'>ἐπέθηκε</span> 
     </span>
    </p>
   </div>
   <div class='ocr_carea' id='block_1_43' title="bbox 211 2779 1790 2864">
    <p class='ocr_par' dir='ltr' id='par_1_43' title="bbox 211 2779 1790 2864">
     <span class='ocr_line' id='line_1_43' title="bbox 211 2779 1790 2864; baseline -0.01 -19"><span class='ocrx_word' id='word_1_311' title='bbox 211 2795 276 2864; x_wconf 85' lang='grc' dir='ltr'>τῷ</span> <span class='ocrx_word' id='word_1_312' title='bbox 300 2795 449 2862; x_wconf 79' lang='grc' dir='ltr'>λόγῳ</span> <span class='ocrx_word' id='word_1_313' title='bbox 475 2791 630 2852; x_wconf 80' lang='grc' dir='ltr'>τέλος</span> <span class='ocrx_word' id='word_1_314' title='bbox 663 2787 887 2851; x_wconf 80' lang='grc' dir='ltr'>ἐπάξιον</span> <span class='ocrx_word' id='word_1_315' title='bbox 909 2827 922 2840; x_wconf 93' lang='grc'><strong>.</strong></span> <span class='ocrx_word' id='word_1_316' title='bbox 941 2785 1001 2838; x_wconf 82' lang='grc'><strong>’0</strong></span> <span class='ocrx_word' id='word_1_317' title='bbox 1027 2782 1196 2836; x_wconf 80' lang='grc' dir='ltr'>ποιῶν</span> <span class='ocrx_word' id='word_1_318' title='bbox 1226 2781 1356 2852; x_wconf 84' lang='grc' dir='ltr'>γὰρ,</span> <span class='ocrx_word' id='word_1_319' title='bbox 1385 2779 1539 2850; x_wconf 75' lang='grc' dir='ltr'>φησὶ,</span> <span class='ocrx_word' id='word_1_320' title='bbox 1559 2779 1628 2831; x_wconf 79' lang='grc' dir='ltr'><strong>τὰ</strong></span> <span class='ocrx_word' id='word_1_321' title='bbox 1657 2795 1790 2844; x_wconf 68' lang='grc' dir='ltr'>προσ</span> 
     </span>
    </p>
   </div>
   <div class='ocr_carea' id='block_1_44' title="bbox 212 2872 1789 2957">
    <p class='ocr_par' dir='ltr' id='par_1_44' title="bbox 212 2872 1789 2957">
     <span class='ocr_line' id='line_1_44' title="bbox 212 2872 1789 2957; baseline -0.012 -17"><span class='ocrx_word' id='word_1_322' title='bbox 212 2887 492 2957; x_wconf 74' lang='grc' dir='ltr'>ειρημένα,</span> <span class='ocrx_word' id='word_1_323' title='bbox 553 2883 763 2946; x_wconf 81' lang='grc' dir='ltr'>τέλειος</span> <span class='ocrx_word' id='word_1_324' title='bbox 802 2882 899 2944; x_wconf 84' lang='grc' dir='ltr'>ὢν,</span> <span class='ocrx_word' id='word_1_325' title='bbox 950 2878 1012 2932; x_wconf 79' lang='grc' dir='ltr'>οὐ</span> <span class='ocrx_word' id='word_1_326' title='bbox 1055 2873 1568 2946; x_wconf 79' lang='grc' dir='ltr'>παρακινηθὴσεται</span> <span class='ocrx_word' id='word_1_327' title='bbox 1597 2872 1693 2939; x_wconf 71' lang='grc' dir='ltr'>τῆς</span> <span class='ocrx_word' id='word_1_328' title='bbox 1733 2873 1789 2922; x_wconf 81' lang='grc' dir='ltr'>ὲν</span> 
     </span>
    </p>
   </div>
   <div class='ocr_carea' id='block_1_45' title="bbox 212 2962 1790 3048">
    <p class='ocr_par' dir='ltr' id='par_1_45' title="bbox 212 2962 1790 3048">
     <span class='ocr_line' id='line_1_45' title="bbox 212 2962 1790 3048; baseline -0.011 -17"><span class='ocrx_word' id='word_1_329' title='bbox 212 2979 321 3048; x_wconf 73' lang='grc' dir='ltr'><strong>θεῷ</strong></span> <span class='ocrx_word' id='word_1_330' title='bbox 356 2978 585 3046; x_wconf 74' lang='grc' dir='ltr'>βάσεως.</span> <span class='ocrx_word' id='word_1_331' title='bbox 631 2975 704 3026; x_wconf 75' lang='grc' dir='ltr'><strong>Τὸ</strong></span> <span class='ocrx_word' id='word_1_332' title='bbox 745 2973 822 3035; x_wconf 81' lang='grc' dir='ltr'>δὲ,</span> <span class='ocrx_word' id='word_1_333' title='bbox 849 2971 953 3035; x_wconf 82' lang='grc' dir='ltr'>Είς</span> <span class='ocrx_word' id='word_1_334' title='bbox 989 2969 1096 3022; x_wconf 80' lang='grc' dir='ltr'><strong>τὸν</strong></span> <span class='ocrx_word' id='word_1_335' title='bbox 1127 2966 1334 3030; x_wconf 74' lang='grc' dir='ltr'>αἰῶνα,</span> <span class='ocrx_word' id='word_1_336' title='bbox 1368 2965 1492 3018; x_wconf 81' lang='grc' dir='ltr'>ἀντὶ</span> <span class='ocrx_word' id='word_1_337' title='bbox 1541 2963 1657 3028; x_wconf 83' lang='grc' dir='ltr'>τοῦ,</span> <span class='ocrx_word' id='word_1_338' title='bbox 1703 2962 1790 3014; x_wconf 66' lang='grc' dir='ltr'>διὰ</span> 
     </span>
    </p>
   </div>
   <div class='ocr_carea' id='block_1_46' title="bbox 215 3055 1790 3139">
    <p class='ocr_par' dir='ltr' id='par_1_46' title="bbox 215 3055 1790 3139">
     <span class='ocr_line' id='line_1_46' title="bbox 215 3055 1790 3139; baseline -0.009 -18"><span class='ocrx_word' id='word_1_339' title='bbox 215 3075 441 3133; x_wconf 74' lang='grc' dir='ltr'>παντός·</span> <span class='ocrx_word' id='word_1_340' title='bbox 466 3071 500 3139; x_wconf 85' lang='grc' dir='ltr'>ἢ</span> <span class='ocrx_word' id='word_1_341' title='bbox 557 3066 701 3120; x_wconf 80' lang='grc' dir='ltr'><strong>κατά</strong></span> <span class='ocrx_word' id='word_1_342' title='bbox 748 3066 840 3118; x_wconf 82' lang='grc' dir='ltr'>τὸν</span> <span class='ocrx_word' id='word_1_343' title='bbox 881 3063 1129 3133; x_wconf 87' lang='grc' dir='ltr'>παρόντα</span> <span class='ocrx_word' id='word_1_344' title='bbox 1168 3061 1307 3130; x_wconf 84' lang='grc' dir='ltr'>βίον.</span> <span class='ocrx_word' id='word_1_345' title='bbox 1346 3057 1408 3110; x_wconf 79' lang='grc' dir='ltr'>Εἰ</span> <span class='ocrx_word' id='word_1_346' title='bbox 1435 3057 1489 3110; x_wconf 81' lang='grc' dir='ltr'>δὲ</span> <span class='ocrx_word' id='word_1_347' title='bbox 1523 3057 1666 3109; x_wconf 70' lang='grc' dir='ltr'>κατὰ</span> <span class='ocrx_word' id='word_1_348' title='bbox 1698 3055 1790 3108; x_wconf 83' lang='grc' dir='ltr'>τὸν</span> 
     </span>
    </p>
   </div>
   <div class='ocr_carea' id='block_1_47' title="bbox 214 3149 1535 3234">
    <p class='ocr_par' dir='ltr' id='par_1_47' title="bbox 214 3149 1535 3234">
     <span class='ocr_line' id='line_1_47' title="bbox 214 3149 1535 3234; baseline -0.009 -21"><span class='ocrx_word' id='word_1_349' title='bbox 214 3161 470 3234; x_wconf 81' lang='grc' dir='ltr'>παρόντα,</span> <span class='ocrx_word' id='word_1_350' title='bbox 505 3157 688 3227; x_wconf 85' lang='grc' dir='ltr'>πολλῷ</span> <span class='ocrx_word' id='word_1_351' title='bbox 725 3157 925 3227; x_wconf 82' lang='grc' dir='ltr'>μᾶλλον</span> <span class='ocrx_word' id='word_1_352' title='bbox 960 3152 1104 3206; x_wconf 77' lang='grc' dir='ltr'>κατὰ</span> <span class='ocrx_word' id='word_1_353' title='bbox 1126 3151 1218 3204; x_wconf 74' lang='grc' dir='ltr'>τὸν</span> <span class='ocrx_word' id='word_1_354' title='bbox 1246 3149 1535 3220; x_wconf 83' lang='grc' dir='ltr'>μέλλοντα.</span> 
     </span>
    </p>
   </div>
   <div class='ocr_carea' id='block_1_48' title="bbox 213 3235 2905 3334">
    <p class='ocr_par' dir='ltr' id='par_1_48' title="bbox 213 3235 2905 3334">
     <span class='ocr_line' id='line_1_48' title="bbox 213 3235 2905 3334; baseline -0.008 -25"><span class='ocrx_word' id='word_1_355' title='bbox 213 3271 394 3323; x_wconf 82' lang='lat' dir='ltr'><strong>quam.</strong></span> <span class='ocrx_word' id='word_1_356' title='bbox 428 3255 524 3309; x_wconf 80' lang='lat' dir='ltr'><strong>Vel</strong></span> <span class='ocrx_word' id='word_1_357' title='bbox 565 3256 728 3307; x_wconf 86' lang='lat' dir='ltr'><strong>etiam</strong></span> <span class='ocrx_word' id='word_1_358' title='bbox 771 3265 900 3334; x_wconf 44' lang='lat' dir='ltr'><strong>non.</strong></span> <span class='ocrx_word' id='word_1_359' title='bbox 923 3245 1360 3303; x_wconf 84' lang='lat' dir='ltr'><strong>commovebitur</strong></span> <span class='ocrx_word' id='word_1_360' title='bbox 1409 3243 1466 3296; x_wconf 91' lang='lat' dir='ltr'><strong>in</strong></span> <span class='ocrx_word' id='word_1_361' title='bbox 1515 3240 1770 3312; x_wconf 73' lang='lat' dir='ltr'><strong>prmscnti</strong></span> <span class='ocrx_word' id='word_1_362' title='bbox 1807 3238 2031 3295; x_wconf 77' lang='lat' dir='ltr'><strong>szeculo.</strong></span> <span class='ocrx_word' id='word_1_363' title='bbox 2070 3236 2170 3288; x_wconf 90' lang='lat' dir='ltr'><strong>hoc</strong></span> <span class='ocrx_word' id='word_1_364' title='bbox 2205 3246 2284 3288; x_wconf 83' lang='lat' dir='ltr'><strong>est</strong></span> <span class='ocrx_word' id='word_1_365' title='bbox 2334 3235 2387 3286; x_wconf 94' lang='lat' dir='ltr'><strong>iu</strong></span> <span class='ocrx_word' id='word_1_366' title='bbox 2430 3237 2682 3302; x_wconf 71' lang='lat' dir='ltr'><strong>praesenti</strong></span> <span class='ocrx_word' id='word_1_367' title='bbox 2739 3235 2845 3287; x_wconf 86' lang='lat' dir='ltr'><strong>vita</strong></span> <span class='ocrx_word' id='word_1_368' title='bbox 2892 3251 2905 3287; x_wconf 91' lang='lat'><strong>:</strong></span> 
     </span>
    </p>
   </div>
   <div class='ocr_carea' id='block_1_49' title="bbox 1891 1858 3476 1929">
    <p class='ocr_par' dir='ltr' id='par_1_49' title="bbox 1891 1858 3476 1929">
     <span class='ocr_line' id='line_1_49' title="bbox 1891 1858 3476 1929; baseline 0.002 -20"><span class='ocrx_word' id='word_1_369' title='bbox 1891 1873 1957 1929; x_wconf 80' lang='lat' dir='ltr'><strong>eo</strong></span> <span class='ocrx_word' id='word_1_370' title='bbox 1986 1859 2078 1927; x_wconf 83' lang='lat' dir='ltr'><strong>qui</strong></span> <span class='ocrx_word' id='word_1_371' title='bbox 2115 1858 2304 1912; x_wconf 85' lang='lat' dir='ltr'><strong>divina</strong></span> <span class='ocrx_word' id='word_1_372' title='bbox 2335 1858 2580 1927; x_wconf 85' lang='lat' dir='ltr'><strong>eloquia,</strong></span> <span class='ocrx_word' id='word_1_373' title='bbox 2628 1873 2752 1926; x_wconf 76' lang='lat' dir='ltr'><strong>qua:</strong></span> <span class='ocrx_word' id='word_1_374' title='bbox 2781 1867 3070 1927; x_wconf 78' lang='lat' dir='ltr'><strong>argentum</strong></span> <span class='ocrx_word' id='word_1_375' title='bbox 3113 1861 3235 1929; x_wconf 81' lang='lat' dir='ltr'><strong>igne</strong></span> <span class='ocrx_word' id='word_1_376' title='bbox 3265 1862 3476 1927; x_wconf 69' lang='lat' dir='ltr'><strong>exaud-</strong></span> 
     </span>
    </p>
   </div>
   <div class='ocr_carea' id='block_1_50' title="bbox 1892 1951 3479 2022">
    <p class='ocr_par' dir='ltr' id='par_1_50' title="bbox 1892 1951 3479 2022">
     <span class='ocr_line' id='line_1_50' title="bbox 1892 1951 3479 2022; baseline 0.001 -18"><span class='ocrx_word' id='word_1_377' title='bbox 1892 1961 2084 2004; x_wconf 85' lang='lat' dir='ltr'><strong>natum</strong></span> <span class='ocrx_word' id='word_1_378' title='bbox 2151 1965 2216 2004; x_wconf 92' lang='lat' dir='ltr'><strong>ac</strong></span> <span class='ocrx_word' id='word_1_379' title='bbox 2282 1960 2444 2004; x_wconf 82' lang='lat' dir='ltr'><strong>terrae</strong></span> <span class='ocrx_word' id='word_1_380' title='bbox 2484 1951 2772 2019; x_wconf 89' lang='lat' dir='ltr'><strong>probatum</strong></span> <span class='ocrx_word' id='word_1_381' title='bbox 2813 1951 3179 2020; x_wconf 80' lang='lat' dir='ltr'><strong>appellantur,</strong></span> <span class='ocrx_word' id='word_1_382' title='bbox 3220 1968 3286 2006; x_wconf 90' lang='lat' dir='ltr'><strong>eo</strong></span> <span class='ocrx_word' id='word_1_383' title='bbox 3339 1968 3479 2022; x_wconf 65' lang='lat' dir='ltr'><strong>prie-</strong></span> 
     </span>
    </p>
   </div>
   <div class='ocr_carea' id='block_1_51' title="bbox 1894 2043 3480 2111">
    <p class='ocr_par' dir='ltr' id='par_1_51' title="bbox 1894 2043 3480 2111">
     <span class='ocr_line' id='line_1_51' title="bbox 1894 2043 3480 2111; baseline 0.002 -16"><span class='ocrx_word' id='word_1_384' title='bbox 1894 2053 2045 2097; x_wconf 81' lang='lat' dir='ltr'><strong>textu</strong></span> <span class='ocrx_word' id='word_1_385' title='bbox 2087 2043 2231 2110; x_wconf 85' lang='lat' dir='ltr'><strong>apud</strong></span> <span class='ocrx_word' id='word_1_386' title='bbox 2283 2043 2522 2111; x_wconf 83' lang='lat' dir='ltr'><strong>aliquem</strong></span> <span class='ocrx_word' id='word_1_387' title='bbox 2551 2059 2656 2095; x_wconf 87' lang='lat' dir='ltr'><strong>non</strong></span> <span class='ocrx_word' id='word_1_388' title='bbox 2686 2043 2965 2111; x_wconf 76' lang='lat' dir='ltr'><strong>deposuit,</strong></span> <span class='ocrx_word' id='word_1_389' title='bbox 3006 2053 3063 2096; x_wconf 90' lang='lat' dir='ltr'><strong>ut</strong></span> <span class='ocrx_word' id='word_1_390' title='bbox 3095 2043 3244 2096; x_wconf 91' lang='lat' dir='ltr'><strong>illinc</strong></span> <span class='ocrx_word' id='word_1_391' title='bbox 3274 2044 3480 2098; x_wconf 85' lang='lat' dir='ltr'><strong>bonum</strong></span> 
     </span>
    </p>
   </div>
   <div class='ocr_carea' id='block_1_52' title="bbox 1893 2137 3478 2206">
    <p class='ocr_par' dir='ltr' id='par_1_52' title="bbox 1893 2137 3478 2206">
     <span class='ocr_line' id='line_1_52' title="bbox 1893 2137 3478 2206; baseline 0.001 -16"><span class='ocrx_word' id='word_1_392' title='bbox 1893 2137 2116 2206; x_wconf 85' lang='lat' dir='ltr'><strong>aliquod</strong></span> <span class='ocrx_word' id='word_1_393' title='bbox 2173 2146 2461 2191; x_wconf 76' lang='lat' dir='ltr'><strong>externum</strong></span> <span class='ocrx_word' id='word_1_394' title='bbox 2509 2145 2816 2204; x_wconf 85' lang='lat' dir='ltr'><strong>reportaret</strong></span> <span class='ocrx_word' id='word_1_395' title='bbox 2871 2137 3167 2206; x_wconf 82' lang='lat' dir='ltr'><strong>:quiniuio</strong></span> <span class='ocrx_word' id='word_1_396' title='bbox 3196 2137 3365 2206; x_wconf 78' lang='lat' dir='ltr'><strong>gratis</strong></span> <span class='ocrx_word' id='word_1_397' title='bbox 3413 2154 3478 2191; x_wconf 86' lang='lat' dir='ltr'><strong>ac</strong></span> 
     </span>
    </p>
   </div>
   <div class='ocr_carea' id='block_1_53' title="bbox 1893 2227 2755 2290">
    <p class='ocr_par' dir='ltr' id='par_1_53' title="bbox 1893 2227 2755 2290">
     <span class='ocr_line' id='line_1_53' title="bbox 1893 2227 2755 2290; baseline -0.005 -4"><span class='ocrx_word' id='word_1_398' title='bbox 1893 2231 2024 2290; x_wconf 78' lang='lat' dir='ltr'><strong>sine</strong></span> <span class='ocrx_word' id='word_1_399' title='bbox 2044 2229 2297 2284; x_wconf 86' lang='lat' dir='ltr'><strong>mercede</strong></span> <span class='ocrx_word' id='word_1_400' title='bbox 2321 2243 2516 2283; x_wconf 87' lang='lat' dir='ltr'><strong>oumes</strong></span> <span class='ocrx_word' id='word_1_401' title='bbox 2548 2227 2755 2282; x_wconf 88' lang='lat' dir='ltr'><strong>docuit.</strong></span> 
     </span>
    </p>
   </div>
   <div class='ocr_carea' id='block_1_54' title="bbox 1967 2319 3480 2388">
    <p class='ocr_par' dir='ltr' id='par_1_54' title="bbox 1967 2319 3480 2388">
     <span class='ocr_line' id='line_1_54' title="bbox 1967 2319 3480 2388; baseline 0 -14"><span class='ocrx_word' id='word_1_402' title='bbox 1967 2321 2034 2374; x_wconf 85' lang='lat' dir='ltr'><strong>Et</strong></span> <span class='ocrx_word' id='word_1_403' title='bbox 2084 2337 2304 2373; x_wconf 83' lang='lat' dir='ltr'><strong>munera</strong></span> <span class='ocrx_word' id='word_1_404' title='bbox 2374 2335 2533 2386; x_wconf 77' lang='lat' dir='ltr'><strong>super</strong></span> <span class='ocrx_word' id='word_1_405' title='bbox 2585 2319 2916 2373; x_wconf 70' lang='lat' dir='ltr'><strong>innocente»:</strong></span> <span class='ocrx_word' id='word_1_406' title='bbox 2979 2336 3082 2373; x_wconf 88' lang='lat' dir='ltr'><strong>non</strong></span> <span class='ocrx_word' id='word_1_407' title='bbox 3123 2319 3344 2388; x_wconf 82' lang='lat' dir='ltr'><strong>accepit.</strong></span> <span class='ocrx_word' id='word_1_408' title='bbox 3377 2320 3480 2386; x_wconf 85' lang='lat' dir='ltr'><strong>Qui</strong></span> 
     </span>
    </p>
   </div>
   <div class='ocr_carea' id='block_1_55' title="bbox 1894 2409 3482 2479">
    <p class='ocr_par' dir='ltr' id='par_1_55' title="bbox 1894 2409 3482 2479">
     <span class='ocr_line' id='line_1_55' title="bbox 1894 2409 3482 2479; baseline 0.001 -17"><span class='ocrx_word' id='word_1_409' title='bbox 1894 2419 2118 2478; x_wconf 85' lang='lat' dir='ltr'><strong>propter</strong></span> <span class='ocrx_word' id='word_1_410' title='bbox 2146 2409 2497 2462; x_wconf 88' lang='lat' dir='ltr'><strong>innocentem</strong></span> <span class='ocrx_word' id='word_1_411' title='bbox 2527 2409 2738 2462; x_wconf 90' lang='lat' dir='ltr'><strong>nullum</strong></span> <span class='ocrx_word' id='word_1_412' title='bbox 2777 2425 2980 2464; x_wconf 88' lang='lat' dir='ltr'><strong>munus</strong></span> <span class='ocrx_word' id='word_1_413' title='bbox 3007 2410 3211 2479; x_wconf 84' lang='lat' dir='ltr'><strong>recepit</strong></span> <span class='ocrx_word' id='word_1_414' title='bbox 3236 2426 3250 2462; x_wconf 89' lang='lat'><strong>:</strong></span> <span class='ocrx_word' id='word_1_415' title='bbox 3291 2420 3350 2464; x_wconf 92' lang='lat' dir='ltr'><strong>ut</strong></span> <span class='ocrx_word' id='word_1_416' title='bbox 3378 2426 3482 2465; x_wconf 86' lang='lat' dir='ltr'><strong>eos</strong></span> 
     </span>
    </p>
   </div>
   <div class='ocr_carea' id='block_1_56' title="bbox 1895 2499 2978 2569">
    <p class='ocr_par' dir='ltr' id='par_1_56' title="bbox 1895 2499 2978 2569">
     <span class='ocr_line' id='line_1_56' title="bbox 1895 2499 2978 2569; baseline -0.002 -13"><span class='ocrx_word' id='word_1_417' title='bbox 1895 2500 2150 2556; x_wconf 85' lang='lat' dir='ltr'><strong>videlicet</strong></span> <span class='ocrx_word' id='word_1_418' title='bbox 2175 2499 2396 2555; x_wconf 73' lang='lat' dir='ltr'><strong>laederet</strong></span> <span class='ocrx_word' id='word_1_419' title='bbox 2427 2500 2520 2569; x_wconf 91' lang='lat' dir='ltr'><strong>qui</strong></span> <span class='ocrx_word' id='word_1_420' title='bbox 2549 2500 2796 2555; x_wconf 90' lang='lat' dir='ltr'><strong>insontes</strong></span> <span class='ocrx_word' id='word_1_421' title='bbox 2825 2511 2978 2556; x_wconf 90' lang='lat' dir='ltr'><strong>sunt.</strong></span> 
     </span>
    </p>
   </div>
   <div class='ocr_carea' id='block_1_57' title="bbox 1969 2591 3477 2661">
    <p class='ocr_par' dir='ltr' id='par_1_57' title="bbox 1969 2591 3477 2661">
     <span class='ocr_line' id='line_1_57' title="bbox 1969 2591 3477 2661; baseline 0.003 -15"><span class='ocrx_word' id='word_1_422' title='bbox 1969 2593 2072 2660; x_wconf 82' lang='lat' dir='ltr'><strong>Qui</strong></span> <span class='ocrx_word' id='word_1_423' title='bbox 2137 2593 2268 2661; x_wconf 75' lang='lat' dir='ltr'><strong>facit</strong></span> <span class='ocrx_word' id='word_1_424' title='bbox 2298 2591 2428 2655; x_wconf 70' lang='lat' dir='ltr'><strong>Itwc,</strong></span> <span class='ocrx_word' id='word_1_425' title='bbox 2479 2610 2583 2647; x_wconf 80' lang='lat' dir='ltr'><strong>non</strong></span> <span class='ocrx_word' id='word_1_426' title='bbox 2644 2594 3053 2648; x_wconf 78' lang='lat' dir='ltr'><strong>commovebitur</strong></span> <span class='ocrx_word' id='word_1_427' title='bbox 3094 2595 3149 2648; x_wconf 88' lang='lat' dir='ltr'><strong>in</strong></span> <span class='ocrx_word' id='word_1_428' title='bbox 3202 2596 3477 2650; x_wconf 68' lang='lat' dir='ltr'><strong>siccatum.</strong></span> 
     </span>
    </p>
   </div>
   <div class='ocr_carea' id='block_1_58' title="bbox 1893 2682 3480 2754">
    <p class='ocr_par' dir='ltr' id='par_1_58' title="bbox 1893 2682 3480 2754">
     <span class='ocr_line' id='line_1_58' title="bbox 1893 2682 3480 2754; baseline 0.001 -14"><span class='ocrx_word' id='word_1_429' title='bbox 1893 2685 2029 2740; x_wconf 86' lang='lat' dir='ltr'><strong>Cum</strong></span> <span class='ocrx_word' id='word_1_430' title='bbox 2097 2685 2388 2754; x_wconf 81' lang='lat' dir='ltr'><strong>descripsit</strong></span> <span class='ocrx_word' id='word_1_431' title='bbox 2443 2682 2715 2754; x_wconf 85' lang='lat' dir='ltr'><strong>Propheta</strong></span> <span class='ocrx_word' id='word_1_432' title='bbox 2762 2685 2936 2738; x_wconf 87' lang='lat' dir='ltr'><strong>virum</strong></span> <span class='ocrx_word' id='word_1_433' title='bbox 2994 2701 3211 2741; x_wconf 88' lang='lat' dir='ltr'><strong>summa</strong></span> <span class='ocrx_word' id='word_1_434' title='bbox 3277 2689 3480 2741; x_wconf 84' lang='lat' dir='ltr'><strong>virtute</strong></span> 
     </span>
    </p>
   </div>
   <div class='ocr_carea' id='block_1_59' title="bbox 1895 2774 3476 2847">
    <p class='ocr_par' dir='ltr' id='par_1_59' title="bbox 1895 2774 3476 2847">
     <span class='ocr_line' id='line_1_59' title="bbox 1895 2774 3476 2847; baseline 0.003 -20"><span class='ocrx_word' id='word_1_435' title='bbox 1895 2775 2220 2845; x_wconf 71' lang='lat' dir='ltr'><strong>praeditum,</strong></span> <span class='ocrx_word' id='word_1_436' title='bbox 2269 2775 2510 2828; x_wconf 85' lang='lat' dir='ltr'><strong>sermoni</strong></span> <span class='ocrx_word' id='word_1_437' title='bbox 2533 2789 2635 2828; x_wconf 91' lang='lat' dir='ltr'><strong>suo</strong></span> <span class='ocrx_word' id='word_1_438' title='bbox 2659 2774 2994 2843; x_wconf 73' lang='lat' dir='ltr'><strong>condignum</strong></span> <span class='ocrx_word' id='word_1_439' title='bbox 3021 2776 3476 2847; x_wconf 82' lang='lat' dir='ltr'><strong>linemapposuit:</strong></span> 
     </span>
    </p>
   </div>
   <div class='ocr_carea' id='block_1_60' title="bbox 1894 2865 3477 2934">
    <p class='ocr_par' dir='ltr' id='par_1_60' title="bbox 1894 2865 3477 2934">
     <span class='ocr_line' id='line_1_60' title="bbox 1894 2865 3477 2934; baseline 0.003 -15"><span class='ocrx_word' id='word_1_440' title='bbox 1894 2867 1998 2933; x_wconf 84' lang='lat' dir='ltr'><strong>Qui</strong></span> <span class='ocrx_word' id='word_1_441' title='bbox 2028 2865 2178 2927; x_wconf 79' lang='lat' dir='ltr'><strong>facit,</strong></span> <span class='ocrx_word' id='word_1_442' title='bbox 2206 2866 2405 2934; x_wconf 80' lang='lat' dir='ltr'><strong>inquit,</strong></span> <span class='ocrx_word' id='word_1_443' title='bbox 2431 2880 2492 2919; x_wconf 89' lang='lat' dir='ltr'><strong>ea</strong></span> <span class='ocrx_word' id='word_1_444' title='bbox 2517 2881 2638 2934; x_wconf 70' lang='lat' dir='ltr'><strong>qua:</strong></span> <span class='ocrx_word' id='word_1_445' title='bbox 2669 2865 2814 2920; x_wconf 89' lang='lat' dir='ltr'><strong>dicta</strong></span> <span class='ocrx_word' id='word_1_446' title='bbox 2849 2878 2998 2929; x_wconf 89' lang='lat' dir='ltr'><strong>sunt,</strong></span> <span class='ocrx_word' id='word_1_447' title='bbox 3028 2868 3196 2921; x_wconf 88' lang='lat' dir='ltr'><strong>veluti</strong></span> <span class='ocrx_word' id='word_1_448' title='bbox 3228 2885 3294 2923; x_wconf 78' lang='lat' dir='ltr'><strong>ex</strong></span> <span class='ocrx_word' id='word_1_449' title='bbox 3325 2873 3477 2924; x_wconf 87' lang='lat' dir='ltr'><strong>omni</strong></span> 
     </span>
    </p>
   </div>
   <div class='ocr_carea' id='block_1_61' title="bbox 1897 2956 3478 3027">
    <p class='ocr_par' dir='ltr' id='par_1_61' title="bbox 1897 2956 3478 3027">
     <span class='ocr_line' id='line_1_61' title="bbox 1897 2956 3478 3027; baseline 0.003 -17"><span class='ocrx_word' id='word_1_450' title='bbox 1897 2966 2051 3027; x_wconf 84' lang='lat' dir='ltr'><strong>parte</strong></span> <span class='ocrx_word' id='word_1_451' title='bbox 2097 2956 2394 3026; x_wconf 74' lang='lat' dir='ltr'><strong>perfectus,</strong></span> <span class='ocrx_word' id='word_1_452' title='bbox 2455 2971 2736 3025; x_wconf 80' lang='lat' dir='ltr'><strong>nunquam</strong></span> <span class='ocrx_word' id='word_1_453' title='bbox 2794 2973 2822 3010; x_wconf 91' lang='lat' dir='ltr'><strong>a</strong></span> <span class='ocrx_word' id='word_1_454' title='bbox 2875 2958 3149 3013; x_wconf 86' lang='lat' dir='ltr'><strong>soliditate</strong></span> <span class='ocrx_word' id='word_1_455' title='bbox 3191 2961 3278 3013; x_wconf 85' lang='lat' dir='ltr'><strong>illa</strong></span> <span class='ocrx_word' id='word_1_456' title='bbox 3325 2975 3478 3014; x_wconf 82' lang='lat' dir='ltr'><strong>com—</strong></span> 
     </span>
    </p>
   </div>
   <div class='ocr_carea' id='block_1_62' title="bbox 1897 3037 3476 3118">
    <p class='ocr_par' dir='ltr' id='par_1_62' title="bbox 1897 3037 3476 3118">
     <span class='ocr_line' id='line_1_62' title="bbox 1897 3037 3476 3118; baseline 0.005 -17"><span class='ocrx_word' id='word_1_457' title='bbox 1897 3050 2224 3112; x_wconf 77' lang='lat' dir='ltr'><strong>movebitur,</strong></span> <span class='ocrx_word' id='word_1_458' title='bbox 2273 3057 2366 3100; x_wconf 90' lang='lat' dir='ltr'><strong>aut</strong></span> <span class='ocrx_word' id='word_1_459' title='bbox 2427 3048 2756 3113; x_wconf 81' lang='lat' dir='ltr'><strong>stabilitate,</strong></span> <span class='ocrx_word' id='word_1_460' title='bbox 2813 3065 2974 3118; x_wconf 87' lang='lat' dir='ltr'><strong>quam</strong></span> <span class='ocrx_word' id='word_1_461' title='bbox 3021 3051 3074 3104; x_wconf 92' lang='lat' dir='ltr'><strong>in</strong></span> <span class='ocrx_word' id='word_1_462' title='bbox 3123 3051 3233 3105; x_wconf 89' lang='lat' dir='ltr'><strong>Deo</strong></span> <span class='ocrx_word' id='word_1_463' title='bbox 3289 3037 3476 3109; x_wconf 78' lang='lat' dir='ltr'><strong>habet.</strong></span> 
     </span>
    </p>
   </div>
   <div class='ocr_carea' id='block_1_63' title="bbox 1891 3137 3480 3211">
    <p class='ocr_par' dir='ltr' id='par_1_63' title="bbox 1891 3137 3480 3211">
     <span class='ocr_line' id='line_1_63' title="bbox 1891 3137 3480 3211; baseline -0.002 -16"><span class='ocrx_word' id='word_1_464' title='bbox 1891 3142 1960 3195; x_wconf 84' lang='lat' dir='ltr'><strong>Et</strong></span> <span class='ocrx_word' id='word_1_465' title='bbox 1993 3141 2138 3208; x_wconf 83' lang='lat' dir='ltr'><strong>quod</strong></span> <span class='ocrx_word' id='word_1_466' title='bbox 2193 3140 2290 3203; x_wconf 85' lang='lat' dir='ltr'><strong>ait,</strong></span> <span class='ocrx_word' id='word_1_467' title='bbox 2330 3137 2395 3192; x_wconf 87' lang='lat' dir='ltr'><strong>In</strong></span> <span class='ocrx_word' id='word_1_468' title='bbox 2441 3139 2715 3207; x_wconf 75' lang='lat' dir='ltr'><strong>su&#39;culum,</strong></span> <span class='ocrx_word' id='word_1_469' title='bbox 2774 3140 2827 3193; x_wconf 89' lang='lat' dir='ltr'><strong>id</strong></span> <span class='ocrx_word' id='word_1_470' title='bbox 2855 3141 3124 3210; x_wconf 78' lang='lat' dir='ltr'><strong>signiﬁcat</strong></span> <span class='ocrx_word' id='word_1_471' title='bbox 3153 3141 3299 3211; x_wconf 89' lang='lat' dir='ltr'><strong>quod</strong></span> <span class='ocrx_word' id='word_1_472' title='bbox 3332 3159 3480 3198; x_wconf 79' lang='lat' dir='ltr'><strong>nun-</strong></span> 
     </span>
    </p>
   </div>
   <div class='ocr_carea' id='block_1_64' title="bbox 2963 3235 3487 3306">
    <p class='ocr_par' dir='ltr' id='par_1_64' title="bbox 2963 3235 3487 3306">
     <span class='ocr_line' id='line_1_64' title="bbox 2963 3235 3487 3306; baseline 0.002 -19"><span class='ocrx_word' id='word_1_473' title='bbox 2963 3235 3108 3303; x_wconf 87' lang='lat' dir='ltr'><strong>quod</strong></span> <span class='ocrx_word' id='word_1_474' title='bbox 3153 3237 3198 3290; x_wconf 91' lang='lat' dir='ltr'><strong>si</strong></span> <span class='ocrx_word' id='word_1_475' title='bbox 3241 3236 3295 3290; x_wconf 91' lang='lat' dir='ltr'><strong>in</strong></span> <span class='ocrx_word' id='word_1_476' title='bbox 3351 3250 3487 3306; x_wconf 70' lang='lat' dir='ltr'><strong>pne-</strong></span> 
     </span>
    </p>
   </div>
   <div class='ocr_carea' id='block_1_65' title="bbox 216 3333 1920 3404">
    <p class='ocr_par' dir='ltr' id='par_1_65' title="bbox 216 3333 1920 3404">
     <span class='ocr_line' id='line_1_65' title="bbox 216 3333 1920 3404; baseline -0.014 1"><span class='ocrx_word' id='word_1_477' title='bbox 216 3351 346 3404; x_wconf 83' lang='lat' dir='ltr'><strong>scuti</strong></span> <span class='ocrx_word' id='word_1_478' title='bbox 368 3348 567 3403; x_wconf 72' lang='lat' dir='ltr'><strong>sa-culo</strong></span> <span class='ocrx_word' id='word_1_479' title='bbox 599 3361 707 3399; x_wconf 91' lang='lat' dir='ltr'><strong>non</strong></span> <span class='ocrx_word' id='word_1_480' title='bbox 733 3333 1186 3403; x_wconf 88' lang='lat' dir='ltr'><strong>commovebitur,</strong></span> <span class='ocrx_word' id='word_1_481' title='bbox 1211 3335 1384 3392; x_wconf 91' lang='lat' dir='ltr'><strong>multo</strong></span> <span class='ocrx_word' id='word_1_482' title='bbox 1415 3338 1596 3390; x_wconf 88' lang='lat' dir='ltr'><strong>minus</strong></span> <span class='ocrx_word' id='word_1_483' title='bbox 1636 3334 1689 3387; x_wconf 92' lang='lat' dir='ltr'><strong>in</strong></span> <span class='ocrx_word' id='word_1_484' title='bbox 1715 3333 1920 3385; x_wconf 80' lang='lat' dir='ltr'><strong>l‘uturo.</strong></span> 
     </span>
    </p>
   </div>
   <div class='ocr_carea' id='block_1_66' title="bbox 597 3433 1348 3507">
    <p class='ocr_par' dir='ltr' id='par_1_66' title="bbox 597 3433 1348 3507">
     <span class='ocr_line' id='line_1_66' title="bbox 597 3433 1348 3507; baseline -0.012 -14"><span class='ocrx_word' id='word_1_485' title='bbox 597 3437 1021 3507; x_wconf 62' lang='grc' dir='ltr'>ΣτηλογῬαφία</span> <span class='ocrx_word' id='word_1_486' title='bbox 1050 3433 1131 3499; x_wconf 83' lang='grc' dir='ltr'>τῷ</span> <span class='ocrx_word' id='word_1_487' title='bbox 1165 3433 1348 3487; x_wconf 79' lang='grc' dir='ltr'>Δαϐίὸ</span> 
     </span>
    </p>
   </div>
   <div class='ocr_carea' id='block_1_67' title="bbox 787 3523 1214 3580">
    <p class='ocr_par' dir='ltr' id='par_1_67' title="bbox 787 3523 1214 3580">
     <span class='ocr_line' id='line_1_67' title="bbox 787 3523 1214 3580; baseline -0.005 0"><span class='ocrx_word' id='word_1_488' title='bbox 787 3527 1070 3580; x_wconf 73' lang='grc' dir='ltr'><strong>ΦᾹΛΜΟΣ</strong></span> <span class='ocrx_word' id='word_1_489' title='bbox 1115 3523 1214 3578; x_wconf 86' lang='lat' dir='ltr'><strong>IE&#39;.</strong></span> 
     </span>
    </p>
   </div>
   <div class='ocr_carea' id='block_1_68' title="bbox 276 3609 1795 3694">
    <p class='ocr_par' dir='ltr' id='par_1_68' title="bbox 276 3609 1795 3694">
     <span class='ocr_line' id='line_1_68' title="bbox 276 3609 1795 3694; baseline -0.009 -18"><span class='ocrx_word' id='word_1_490' title='bbox 276 3625 500 3694; x_wconf 70' lang='grc' dir='ltr'>Στῆλαι,</span> <span class='ocrx_word' id='word_1_491' title='bbox 536 3623 628 3676; x_wconf 76' lang='grc' dir='ltr'><strong>καὶ</strong></span> <span class='ocrx_word' id='word_1_492' title='bbox 657 3622 890 3684; x_wconf 80' lang='grc' dir='ltr'>εἰκόνες,</span> <span class='ocrx_word' id='word_1_493' title='bbox 928 3617 1022 3672; x_wconf 76' lang='grc' dir='ltr'>καὶ</span> <span class='ocrx_word' id='word_1_494' title='bbox 1048 3615 1365 3687; x_wconf 83' lang='grc' dir='ltr'>ἀνδριάντες</span> <span class='ocrx_word' id='word_1_495' title='bbox 1396 3617 1510 3676; x_wconf 87' lang='grc' dir='ltr'>τοῖς</span> <span class='ocrx_word' id='word_1_496' title='bbox 1538 3609 1795 3683; x_wconf 80' lang='grc' dir='ltr'>ἀριστεῦ-</span> 
     </span>
    </p>
   </div>
   <div class='ocr_carea' id='block_1_69' title="bbox 223 3706 1794 3780">
    <p class='ocr_par' dir='ltr' id='par_1_69' title="bbox 223 3706 1794 3780">
     <span class='ocr_line' id='line_1_69' title="bbox 223 3706 1794 3780; baseline -0.01 -9"><span class='ocrx_word' id='word_1_497' title='bbox 223 3737 297 3771; x_wconf 80' lang='grc' dir='ltr'><strong>σιν</strong></span> <span class='ocrx_word' id='word_1_498' title='bbox 333 3721 407 3780; x_wconf 82' lang='grc' dir='ltr'><strong>εἰς</strong></span> <span class='ocrx_word' id='word_1_499' title='bbox 466 3716 856 3780; x_wconf 79' lang='grc' dir='ltr'>ἀνεξάλειπτον</span> <span class='ocrx_word' id='word_1_500' title='bbox 885 3710 1040 3773; x_wconf 82' lang='grc' dir='ltr'>κλέος</span> <span class='ocrx_word' id='word_1_501' title='bbox 1077 3707 1539 3777; x_wconf 81' lang='grc' dir='ltr'>ἀπονενὲμηνται,</span> <span class='ocrx_word' id='word_1_502' title='bbox 1584 3706 1794 3776; x_wconf 76' lang='grc' dir='ltr'>κηρύτο-</span> 
     </span>
    </p>
   </div>
   <div class='ocr_carea' id='block_1_70' title="bbox 221 3797 1790 3881">
    <p class='ocr_par' dir='ltr' id='par_1_70' title="bbox 221 3797 1790 3881">
     <span class='ocr_line' id='line_1_70' title="bbox 221 3797 1790 3881; baseline -0.012 -16"><span class='ocrx_word' id='word_1_503' title='bbox 221 3830 400 3865; x_wconf 71' lang='grc' dir='ltr'>τουααι</span> <span class='ocrx_word' id='word_1_504' title='bbox 425 3811 523 3881; x_wconf 76' lang='grc' dir='ltr'><strong>τὴν</strong></span> <span class='ocrx_word' id='word_1_505' title='bbox 556 3809 782 3862; x_wconf 81' lang='grc' dir='ltr'>ἐκείνων</span> <span class='ocrx_word' id='word_1_506' title='bbox 801 3802 1194 3875; x_wconf 76' lang='grc' dir='ltr'>ἀνδραγαθίαν.</span> <span class='ocrx_word' id='word_1_507' title='bbox 1224 3799 1389 3853; x_wconf 88' lang='grc' dir='ltr'>Ὅθεν</span> <span class='ocrx_word' id='word_1_508' title='bbox 1414 3798 1538 3852; x_wconf 77' lang='grc' dir='ltr'>ἀντὶ</span> <span class='ocrx_word' id='word_1_509' title='bbox 1565 3797 1790 3859; x_wconf 78' lang='grc' dir='ltr'>τούτων,</span> 
     </span>
    </p>
   </div>
   <div class='ocr_carea' id='block_1_71' title="bbox 223 3888 1788 3974">
    <p class='ocr_par' dir='ltr' id='par_1_71' title="bbox 223 3888 1788 3974">
     <span class='ocr_line' id='line_1_71' title="bbox 223 3888 1788 3974; baseline -0.012 -17"><span class='ocrx_word' id='word_1_510' title='bbox 223 3906 247 3955; x_wconf 79' lang='grc' dir='ltr'><strong>ὁ</strong></span> <span class='ocrx_word' id='word_1_511' title='bbox 281 3905 467 3974; x_wconf 80' lang='grc' dir='ltr'>παρὼν</span> <span class='ocrx_word' id='word_1_512' title='bbox 507 3901 725 3972; x_wconf 73' lang='grc' dir='ltr'>ψαλμδς</span> <span class='ocrx_word' id='word_1_513' title='bbox 753 3897 975 3966; x_wconf 80' lang='grc' dir='ltr'>ὲνετέθη</span> <span class='ocrx_word' id='word_1_514' title='bbox 1009 3895 1088 3966; x_wconf 83' lang='grc' dir='ltr'>τῷ</span> <span class='ocrx_word' id='word_1_515' title='bbox 1115 3896 1312 3965; x_wconf 75' lang='grc' dir='ltr'>νικητῇ</span> <span class='ocrx_word' id='word_1_516' title='bbox 1341 3888 1586 3962; x_wconf 83' lang='grc' dir='ltr'>Χριστῷ,</span> <span class='ocrx_word' id='word_1_517' title='bbox 1646 3888 1788 3941; x_wconf 74' lang='grc' dir='ltr'>καθ-</span> 
     </span>
    </p>
   </div>
   <div class='ocr_carea' id='block_1_72' title="bbox 233 3975 1799 4064">
    <p class='ocr_par' dir='ltr' id='par_1_72' title="bbox 233 3975 1799 4064">
     <span class='ocr_line' id='line_1_72' title="bbox 233 3975 1799 4064; baseline -0.012 -17"><span class='ocrx_word' id='word_1_518' title='bbox 233 3998 392 4048; x_wconf 72' lang='grc' dir='ltr'>ελόντι</span> <span class='ocrx_word' id='word_1_519' title='bbox 425 3993 501 4064; x_wconf 81' lang='grc' dir='ltr'>τῷ</span> <span class='ocrx_word' id='word_1_520' title='bbox 539 3991 636 4046; x_wconf 78' lang='grc' dir='ltr'><strong>τοῦ</strong></span> <span class='ocrx_word' id='word_1_521' title='bbox 669 3988 908 4060; x_wconf 82' lang='grc' dir='ltr'>σταυροῦ</span> <span class='ocrx_word' id='word_1_522' title='bbox 938 3987 1124 4057; x_wconf 85' lang='grc' dir='ltr'>δόρατι</span> <span class='ocrx_word' id='word_1_523' title='bbox 1153 3984 1247 4038; x_wconf 72' lang='grc' dir='ltr'>καὶ</span> <span class='ocrx_word' id='word_1_524' title='bbox 1281 3983 1375 4036; x_wconf 85' lang='grc' dir='ltr'>τὸν</span> <span class='ocrx_word' id='word_1_525' title='bbox 1418 3981 1668 4042; x_wconf 83' lang='grc' dir='ltr'>θάνατον,</span> <span class='ocrx_word' id='word_1_526' title='bbox 1702 3975 1799 4029; x_wconf 75' lang='grc' dir='ltr'>καὶ</span> 
     </span>
    </p>
   </div>
   <div class='ocr_carea' id='block_1_73' title="bbox 223 4067 1788 4155">
    <p class='ocr_par' dir='ltr' id='par_1_73' title="bbox 223 4067 1788 4155">
     <span class='ocr_line' id='line_1_73' title="bbox 223 4067 1788 4155; baseline -0.012 -17"><span class='ocrx_word' id='word_1_527' title='bbox 223 4087 305 4137; x_wconf 58' lang='lat' dir='ltr'><strong>ti»:</strong></span> <span class='ocrx_word' id='word_1_528' title='bbox 341 4086 400 4137; x_wconf 83' lang='grc' dir='ltr'>τὸ</span> <span class='ocrx_word' id='word_1_529' title='bbox 445 4083 645 4155; x_wconf 79' lang='grc' dir='ltr'>κράτος</span> <span class='ocrx_word' id='word_1_530' title='bbox 693 4080 886 4152; x_wconf 75' lang='grc' dir='ltr'>ἔχοντα</span> <span class='ocrx_word' id='word_1_531' title='bbox 937 4077 1033 4130; x_wconf 80' lang='grc' dir='ltr'><strong>τοῦ</strong></span> <span class='ocrx_word' id='word_1_532' title='bbox 1062 4074 1295 4129; x_wconf 82' lang='grc' dir='ltr'>θανάτου</span> <span class='ocrx_word' id='word_1_533' title='bbox 1326 4070 1596 4126; x_wconf 82' lang='grc' dir='ltr'>διάϐολον.</span> <span class='ocrx_word' id='word_1_534' title='bbox 1660 4067 1788 4120; x_wconf 82' lang='grc' dir='ltr'><strong>Ἀν-</strong></span> 
     </span>
    </p>
   </div>
   <div class='ocr_carea' id='block_1_74' title="bbox 229 4158 1801 4248">
    <p class='ocr_par' dir='ltr' id='par_1_74' title="bbox 229 4158 1801 4248">
     <span class='ocr_line' id='line_1_74' title="bbox 229 4158 1801 4248; baseline -0.011 -18"><span class='ocrx_word' id='word_1_535' title='bbox 229 4177 661 4248; x_wconf 72' lang='grc' dir='ltr'>αμαρτήτουγὰρ</span> <span class='ocrx_word' id='word_1_536' title='bbox 717 4172 1028 4244; x_wconf 73' lang='grc' dir='ltr'>μείναντος,</span> <span class='ocrx_word' id='word_1_537' title='bbox 1079 4165 1203 4221; x_wconf 78' lang='grc' dir='ltr'>οὔτε</span> <span class='ocrx_word' id='word_1_538' title='bbox 1255 4167 1290 4236; x_wconf 81' lang='grc' dir='ltr'><strong>ή</strong></span> <span class='ocrx_word' id='word_1_539' title='bbox 1322 4164 1468 4234; x_wconf 62' lang='grc' dir='ltr'>ψυχὴ</span> <span class='ocrx_word' id='word_1_540' title='bbox 1508 4159 1674 4216; x_wconf 80' lang='grc' dir='ltr'>αὑτοῦ</span> <span class='ocrx_word' id='word_1_541' title='bbox 1723 4158 1801 4230; x_wconf 85' lang='grc' dir='ltr'>τῷ</span> 
     </span>
    </p>
   </div>
   <div class='ocr_carea' id='block_1_75' title="bbox 230 4253 1796 4341">
    <p class='ocr_par' dir='ltr' id='par_1_75' title="bbox 230 4253 1796 4341">
     <span class='ocr_line' id='line_1_75' title="bbox 230 4253 1796 4341; baseline -0.01 -21"><span class='ocrx_word' id='word_1_542' title='bbox 230 4270 322 4341; x_wconf 66' lang='lat' dir='ltr'><strong>{ﬁn</strong></span> <span class='ocrx_word' id='word_1_543' title='bbox 353 4265 777 4337; x_wconf 73' lang='grc' dir='ltr'>ἐγκατελείφθη,</span> <span class='ocrx_word' id='word_1_544' title='bbox 820 4261 1055 4333; x_wconf 82' lang='grc' dir='ltr'>μάλιστα</span> <span class='ocrx_word' id='word_1_545' title='bbox 1084 4260 1179 4312; x_wconf 78' lang='grc' dir='ltr'>καὶ</span> <span class='ocrx_word' id='word_1_546' title='bbox 1209 4257 1556 4311; x_wconf 74' lang='grc' dir='ltr'>σκυλεύσασα</span> <span class='ocrx_word' id='word_1_547' title='bbox 1585 4253 1796 4318; x_wconf 83' lang='grc' dir='ltr'>τοῦτον,</span> 
     </span>
    </p>
   </div>
   <div class='ocr_carea' id='block_1_76' title="bbox 229 4345 1796 4429">
    <p class='ocr_par' dir='ltr' id='par_1_76' title="bbox 229 4345 1796 4429">
     <span class='ocr_line' id='line_1_76' title="bbox 229 4345 1796 4429; baseline -0.01 -17"><span class='ocrx_word' id='word_1_548' title='bbox 229 4362 339 4414; x_wconf 76' lang='grc' dir='ltr'>οὒτε</span> <span class='ocrx_word' id='word_1_549' title='bbox 367 4363 399 4429; x_wconf 86' lang='grc' dir='ltr'><strong>ἡ</strong></span> <span class='ocrx_word' id='word_1_550' title='bbox 437 4359 575 4429; x_wconf 69' lang='grc' dir='ltr'>σὰρξ</span> <span class='ocrx_word' id='word_1_551' title='bbox 612 4356 720 4410; x_wconf 75' lang='grc' dir='ltr'>εἶδε</span> <span class='ocrx_word' id='word_1_552' title='bbox 766 4351 1093 4422; x_wconf 76' lang='grc' dir='ltr'>διαφθορὰν,</span> <span class='ocrx_word' id='word_1_553' title='bbox 1145 4350 1444 4420; x_wconf 84' lang='grc' dir='ltr'>τριήμερος</span> <span class='ocrx_word' id='word_1_554' title='bbox 1491 4345 1796 4409; x_wconf 73' lang='grc' dir='ltr'>ἀναστᾶτα,</span> 
     </span>
    </p>
   </div>
   <div class='ocr_carea' id='block_1_77' title="bbox 235 4437 1800 4522">
    <p class='ocr_par' dir='ltr' id='par_1_77' title="bbox 235 4437 1800 4522">
     <span class='ocr_line' id='line_1_77' title="bbox 235 4437 1800 4522; baseline -0.009 -19"><span class='ocrx_word' id='word_1_555' title='bbox 235 4457 346 4522; x_wconf 70' lang='grc' dir='ltr'>περὶ</span> <span class='ocrx_word' id='word_1_556' title='bbox 363 4448 421 4507; x_wconf 73' lang='grc' dir='ltr'><strong>οὗ</strong></span> <span class='ocrx_word' id='word_1_557' title='bbox 463 4453 560 4505; x_wconf 74' lang='grc' dir='ltr'><strong>καὶ</strong></span> <span class='ocrx_word' id='word_1_558' title='bbox 592 4451 796 4521; x_wconf 78' lang='grc' dir='ltr'>Πέτρος</span> <span class='ocrx_word' id='word_1_559' title='bbox 839 4450 867 4500; x_wconf 84' lang='grc' dir='ltr'>ὁ</span> <span class='ocrx_word' id='word_1_560' title='bbox 917 4444 1237 4506; x_wconf 78' lang='grc' dir='ltr'>’Λπόστολος</span> <span class='ocrx_word' id='word_1_561' title='bbox 1273 4444 1332 4495; x_wconf 85' lang='grc' dir='ltr'>ὲν</span> <span class='ocrx_word' id='word_1_562' title='bbox 1359 4443 1427 4512; x_wconf 76' lang='grc' dir='ltr'><strong>τῇ</strong></span> <span class='ocrx_word' id='word_1_563' title='bbox 1474 4438 1642 4510; x_wconf 77' lang='grc' dir='ltr'>βίϐλῳ</span> <span class='ocrx_word' id='word_1_564' title='bbox 1691 4437 1800 4492; x_wconf 83' lang='grc' dir='ltr'>τῶν</span> 
     </span>
    </p>
   </div>
   <div class='ocr_carea' id='block_1_78' title="bbox 238 4529 1798 4614">
    <p class='ocr_par' dir='ltr' id='par_1_78' title="bbox 238 4529 1798 4614">
     <span class='ocr_line' id='line_1_78' title="bbox 238 4529 1798 4614; baseline -0.009 -18"><span class='ocrx_word' id='word_1_565' title='bbox 238 4545 476 4614; x_wconf 72' lang='grc' dir='ltr'>Πρὰξεων</span> <span class='ocrx_word' id='word_1_566' title='bbox 507 4542 780 4607; x_wconf 75' lang='grc' dir='ltr'>διέλαϐεν,</span> <span class='ocrx_word' id='word_1_567' title='bbox 815 4537 1148 4609; x_wconf 74' lang='grc' dir='ltr'>ὲιραρμόζων</span> <span class='ocrx_word' id='word_1_568' title='bbox 1175 4537 1266 4589; x_wconf 73' lang='grc' dir='ltr'><strong>τὸν</strong></span> <span class='ocrx_word' id='word_1_569' title='bbox 1298 4533 1542 4603; x_wconf 87' lang='grc' dir='ltr'>παρόντα</span> <span class='ocrx_word' id='word_1_570' title='bbox 1559 4529 1798 4599; x_wconf 76' lang='grc' dir='ltr'>ψαλμὸν.</span> 
     </span>
    </p>
   </div>
   <div class='ocr_carea' id='block_1_79' title="bbox 2281 3419 3110 3489">
    <p class='ocr_par' dir='ltr' id='par_1_79' title="bbox 2281 3419 3110 3489">
     <span class='ocr_line' id='line_1_79' title="bbox 2281 3419 3110 3489; baseline 0 -13"><span class='ocrx_word' id='word_1_571' title='bbox 2281 3421 2448 3476; x_wconf 86' lang='lat' dir='ltr'><strong>Tituli</strong></span> <span class='ocrx_word' id='word_1_572' title='bbox 2476 3422 2755 3489; x_wconf 70' lang='lat' dir='ltr'><strong>inscriptio</strong></span> <span class='ocrx_word' id='word_1_573' title='bbox 2786 3422 2890 3486; x_wconf 75' lang='lat' dir='ltr'><strong>ipsi</strong></span> <span class='ocrx_word' id='word_1_574' title='bbox 2918 3419 3110 3476; x_wconf 71' lang='lat' dir='ltr'><strong>David.</strong></span> 
     </span>
    </p>
   </div>
   <div class='ocr_carea' id='block_1_80' title="bbox 2432 3510 2923 3567">
    <p class='ocr_par' dir='ltr' id='par_1_80' title="bbox 2432 3510 2923 3567">
     <span class='ocr_line' id='line_1_80' title="bbox 2432 3510 2923 3567; baseline -0.002 -3"><span class='ocrx_word' id='word_1_575' title='bbox 2432 3512 2512 3567; x_wconf 80' lang='lat' dir='ltr'><strong>PS</strong></span> <span class='ocrx_word' id='word_1_576' title='bbox 2529 3510 2755 3567; x_wconf 75' lang='lat' dir='ltr'><strong>\LMUS</strong></span> <span class='ocrx_word' id='word_1_577' title='bbox 2806 3510 2923 3564; x_wconf 72' lang='lat' dir='ltr'><strong>XV.</strong></span> 
     </span>
    </p>
   </div>
   <div class='ocr_carea' id='block_1_81' title="bbox 1966 3606 3481 3678">
    <p class='ocr_par' dir='ltr' id='par_1_81' title="bbox 1966 3606 3481 3678">
     <span class='ocr_line' id='line_1_81' title="bbox 1966 3606 3481 3678; baseline 0.001 -20"><span class='ocrx_word' id='word_1_578' title='bbox 1966 3606 2161 3678; x_wconf 76' lang='lat' dir='ltr'><strong>[Apud</strong></span> <span class='ocrx_word' id='word_1_579' title='bbox 2190 3607 2431 3670; x_wconf 67' lang='lat' dir='ltr'><strong>Grarcos,</strong></span> <span class='ocrx_word' id='word_1_580' title='bbox 2475 3622 2573 3676; x_wconf 92' lang='lat' dir='ltr'><strong>pro</strong></span> <span class='ocrx_word' id='word_1_581' title='bbox 2607 3606 2747 3660; x_wconf 90' lang='lat' dir='ltr'><strong>tituli</strong></span> <span class='ocrx_word' id='word_1_582' title='bbox 2783 3607 3148 3673; x_wconf 79' lang='lat' dir='ltr'><strong>inscriptione</strong></span> <span class='ocrx_word' id='word_1_583' title='bbox 3177 3607 3481 3678; x_wconf 68' lang='grc' dir='ltr'>στηλογρι-</span> 
     </span>
    </p>
   </div>
   <div class='ocr_carea' id='block_1_82' title="bbox 1895 3700 3487 3768">
    <p class='ocr_par' dir='ltr' id='par_1_82' title="bbox 1895 3700 3487 3768">
     <span class='ocr_line' id='line_1_82' title="bbox 1895 3700 3487 3768; baseline 0.001 -18"><span class='ocrx_word' id='word_1_584' title='bbox 1895 3701 2054 3767; x_wconf 54' lang='grc' dir='ltr'>φίανα</span> <span class='ocrx_word' id='word_1_585' title='bbox 2087 3702 2316 3768; x_wconf 76' lang='lat' dir='ltr'><strong>legimus</strong></span> <span class='ocrx_word' id='word_1_586' title='bbox 2358 3715 2524 3768; x_wconf 70' lang='lat' dir='ltr'><strong>:quze</strong></span> <span class='ocrx_word' id='word_1_587' title='bbox 2577 3700 2747 3753; x_wconf 89' lang='lat' dir='ltr'><strong>dictio</strong></span> <span class='ocrx_word' id='word_1_588' title='bbox 2807 3708 3003 3752; x_wconf 80' lang='lat' dir='ltr'><strong>statua:</strong></span> <span class='ocrx_word' id='word_1_589' title='bbox 3052 3716 3148 3755; x_wconf 85' lang='lat' dir='ltr'><strong>seu</strong></span> <span class='ocrx_word' id='word_1_590' title='bbox 3216 3700 3487 3753; x_wconf 79' lang='lat' dir='ltr'><strong>columine</strong></span> 
     </span>
    </p>
   </div>
   <div class='ocr_carea' id='block_1_83' title="bbox 1896 3789 3487 3860">
    <p class='ocr_par' dir='ltr' id='par_1_83' title="bbox 1896 3789 3487 3860">
     <span class='ocr_line' id='line_1_83' title="bbox 1896 3789 3487 3860; baseline 0.005 -22"><span class='ocrx_word' id='word_1_591' title='bbox 1896 3790 2079 3860; x_wconf 81' lang='lat' dir='ltr'><strong>potius</strong></span> <span class='ocrx_word' id='word_1_592' title='bbox 2145 3791 2570 3857; x_wconf 79' lang='lat' dir='ltr'><strong>inscriptionem</strong></span> <span class='ocrx_word' id='word_1_593' title='bbox 2617 3790 2891 3859; x_wconf 81' lang='lat' dir='ltr'><strong>signiﬁcat</strong></span> <span class='ocrx_word' id='word_1_594' title='bbox 2926 3805 3087 3858; x_wconf 83' lang='lat' dir='ltr'><strong>quam</strong></span> <span class='ocrx_word' id='word_1_595' title='bbox 3135 3789 3336 3860; x_wconf 84' lang='lat' dir='ltr'><strong>tituli].</strong></span> <span class='ocrx_word' id='word_1_596' title='bbox 3371 3791 3487 3846; x_wconf 84' lang='lat' dir='ltr'><strong>Mos</strong></span> 
     </span>
    </p>
   </div>
   <div class='ocr_carea' id='block_1_84' title="bbox 1897 3880 3488 3950">
    <p class='ocr_par' dir='ltr' id='par_1_84' title="bbox 1897 3880 3488 3950">
     <span class='ocr_line' id='line_1_84' title="bbox 1897 3880 3488 3950; baseline 0.003 -19"><span class='ocrx_word' id='word_1_597' title='bbox 1897 3890 2079 3932; x_wconf 85' lang='lat' dir='ltr'><strong>autem</strong></span> <span class='ocrx_word' id='word_1_598' title='bbox 2108 3889 2226 3932; x_wconf 84' lang='lat' dir='ltr'><strong>erat</strong></span> <span class='ocrx_word' id='word_1_599' title='bbox 2275 3880 2540 3948; x_wconf 86' lang='lat' dir='ltr'><strong>antiquis,</strong></span> <span class='ocrx_word' id='word_1_600' title='bbox 2576 3889 2634 3932; x_wconf 90' lang='lat' dir='ltr'><strong>ut</strong></span> <span class='ocrx_word' id='word_1_601' title='bbox 2678 3883 2988 3943; x_wconf 87' lang='lat' dir='ltr'><strong>columnas,</strong></span> <span class='ocrx_word' id='word_1_602' title='bbox 3041 3882 3332 3950; x_wconf 73' lang='lat' dir='ltr'><strong>imagines,</strong></span> <span class='ocrx_word' id='word_1_603' title='bbox 3387 3891 3488 3935; x_wconf 81' lang='lat' dir='ltr'><strong>aut</strong></span> 
     </span>
    </p>
   </div>
   <div class='ocr_carea' id='block_1_85' title="bbox 1897 3971 3486 4041">
    <p class='ocr_par' dir='ltr' id='par_1_85' title="bbox 1897 3971 3486 4041">
     <span class='ocr_line' id='line_1_85' title="bbox 1897 3971 3486 4041; baseline -0.001 -14"><span class='ocrx_word' id='word_1_604' title='bbox 1897 3979 2135 4035; x_wconf 88' lang='lat' dir='ltr'><strong>statuas,</strong></span> <span class='ocrx_word' id='word_1_605' title='bbox 2197 3981 2423 4026; x_wconf 77' lang='lat' dir='ltr'><strong>strenue</strong></span> <span class='ocrx_word' id='word_1_606' title='bbox 2485 3972 2851 4025; x_wconf 85' lang='lat' dir='ltr'><strong>militantibus</strong></span> <span class='ocrx_word' id='word_1_607' title='bbox 2899 3971 3030 4026; x_wconf 90' lang='lat' dir='ltr'><strong>viris</strong></span> <span class='ocrx_word' id='word_1_608' title='bbox 3077 3971 3130 4024; x_wconf 92' lang='lat' dir='ltr'><strong>in</strong></span> <span class='ocrx_word' id='word_1_609' title='bbox 3170 3981 3486 4041; x_wconf 86' lang='lat' dir='ltr'><strong>perpetuam</strong></span> 
     </span>
    </p>
   </div>
   <div class='ocr_carea' id='block_1_86' title="bbox 1899 4062 3488 4134">
    <p class='ocr_par' dir='ltr' id='par_1_86' title="bbox 1899 4062 3488 4134">
     <span class='ocr_line' id='line_1_86' title="bbox 1899 4062 3488 4134; baseline 0.003 -20"><span class='ocrx_word' id='word_1_610' title='bbox 1899 4072 2170 4134; x_wconf 88' lang='lat' dir='ltr'><strong>ponerent</strong></span> <span class='ocrx_word' id='word_1_611' title='bbox 2229 4064 2570 4118; x_wconf 81' lang='lat' dir='ltr'><strong>memoriam.</strong></span> <span class='ocrx_word' id='word_1_612' title='bbox 2613 4063 2757 4116; x_wconf 85' lang='lat' dir='ltr'><strong>Loco</strong></span> <span class='ocrx_word' id='word_1_613' title='bbox 2807 4063 2976 4132; x_wconf 84' lang='lat' dir='ltr'><strong>igitur</strong></span> <span class='ocrx_word' id='word_1_614' title='bbox 3025 4062 3344 4133; x_wconf 74' lang='lat' dir='ltr'><strong>huiusmodi</strong></span> <span class='ocrx_word' id='word_1_615' title='bbox 3391 4078 3488 4118; x_wconf 81' lang='lat' dir='ltr'><strong>co-</strong></span> 
     </span>
    </p>
   </div>
   <div class='ocr_carea' id='block_1_87' title="bbox 1901 4154 3487 4225">
    <p class='ocr_par' dir='ltr' id='par_1_87' title="bbox 1901 4154 3487 4225">
     <span class='ocr_line' id='line_1_87' title="bbox 1901 4154 3487 4225; baseline 0 -15"><span class='ocrx_word' id='word_1_616' title='bbox 1901 4156 2104 4210; x_wconf 66' lang='lat' dir='ltr'><strong>luninaa</strong></span> <span class='ocrx_word' id='word_1_617' title='bbox 2122 4167 2216 4208; x_wconf 87' lang='lat' dir='ltr'><strong>aut</strong></span> <span class='ocrx_word' id='word_1_618' title='bbox 2242 4165 2436 4210; x_wconf 80' lang='lat' dir='ltr'><strong>statua:</strong></span> <span class='ocrx_word' id='word_1_619' title='bbox 2477 4171 2716 4225; x_wconf 63' lang='lat' dir='ltr'><strong>presens</strong></span> <span class='ocrx_word' id='word_1_620' title='bbox 2750 4154 3002 4210; x_wconf 87' lang='lat' dir='ltr'><strong>Psalmus</strong></span> <span class='ocrx_word' id='word_1_621' title='bbox 3024 4156 3219 4210; x_wconf 88' lang='lat' dir='ltr'><strong>victori</strong></span> <span class='ocrx_word' id='word_1_622' title='bbox 3258 4155 3487 4210; x_wconf 84' lang='lat' dir='ltr'><strong>Christo</strong></span> 
     </span>
    </p>
   </div>
   <div class='ocr_carea' id='block_1_88' title="bbox 1899 4246 3485 4315">
    <p class='ocr_par' dir='ltr' id='par_1_88' title="bbox 1899 4246 3485 4315">
     <span class='ocr_line' id='line_1_88' title="bbox 1899 4246 3485 4315; baseline -0.001 -13"><span class='ocrx_word' id='word_1_623' title='bbox 1899 4251 2256 4315; x_wconf 89' lang='lat' dir='ltr'><strong>conscriptus</strong></span> <span class='ocrx_word' id='word_1_624' title='bbox 2309 4257 2394 4300; x_wconf 90' lang='lat' dir='ltr'><strong>est</strong></span> <span class='ocrx_word' id='word_1_625' title='bbox 2446 4264 2460 4301; x_wconf 92' lang='lat'><strong>:</strong></span> <span class='ocrx_word' id='word_1_626' title='bbox 2513 4247 2606 4315; x_wconf 89' lang='lat' dir='ltr'><strong>qui</strong></span> <span class='ocrx_word' id='word_1_627' title='bbox 2677 4246 2754 4300; x_wconf 90' lang='lat' dir='ltr'><strong>uti</strong></span> <span class='ocrx_word' id='word_1_628' title='bbox 2803 4255 3065 4301; x_wconf 88' lang='lat' dir='ltr'><strong>strenuus</strong></span> <span class='ocrx_word' id='word_1_629' title='bbox 3105 4247 3264 4302; x_wconf 88' lang='lat' dir='ltr'><strong>miles</strong></span> <span class='ocrx_word' id='word_1_630' title='bbox 3303 4248 3485 4302; x_wconf 80' lang='lat' dir='ltr'><strong>cruris</strong></span> 
     </span>
    </p>
   </div>
   <div class='ocr_carea' id='block_1_89' title="bbox 1893 4336 3487 4406">
    <p class='ocr_par' dir='ltr' id='par_1_89' title="bbox 1893 4336 3487 4406">
     <span class='ocr_line' id='line_1_89' title="bbox 1893 4336 3487 4406; baseline 0.001 -17"><span class='ocrx_word' id='word_1_631' title='bbox 1893 4337 2101 4406; x_wconf 88' lang='lat' dir='ltr'><strong>jaculo,</strong></span> <span class='ocrx_word' id='word_1_632' title='bbox 2143 4344 2196 4387; x_wconf 89' lang='lat' dir='ltr'><strong>et</strong></span> <span class='ocrx_word' id='word_1_633' title='bbox 2222 4347 2453 4389; x_wconf 87' lang='lat' dir='ltr'><strong>mortem</strong></span> <span class='ocrx_word' id='word_1_634' title='bbox 2493 4337 2696 4405; x_wconf 86' lang='lat' dir='ltr'><strong>ipsam,</strong></span> <span class='ocrx_word' id='word_1_635' title='bbox 2736 4345 2791 4390; x_wconf 89' lang='lat' dir='ltr'><strong>et</strong></span> <span class='ocrx_word' id='word_1_636' title='bbox 2839 4337 3033 4390; x_wconf 85' lang='lat' dir='ltr'><strong>mortis</strong></span> <span class='ocrx_word' id='word_1_637' title='bbox 3063 4336 3273 4406; x_wconf 88' lang='lat' dir='ltr'><strong>pariter</strong></span> <span class='ocrx_word' id='word_1_638' title='bbox 3310 4337 3487 4406; x_wconf 86' lang='lat' dir='ltr'><strong>impe-</strong></span> 
     </span>
    </p>
   </div>
   <div class='ocr_carea' id='block_1_90' title="bbox 1903 4424 3486 4489">
    <p class='ocr_par' dir='ltr' id='par_1_90' title="bbox 1903 4424 3486 4489">
     <span class='ocr_line' id='line_1_90' title="bbox 1903 4424 3486 4489; baseline -0.001 -11"><span class='ocrx_word' id='word_1_639' title='bbox 1903 4427 2042 4479; x_wconf 89' lang='lat' dir='ltr'><strong>rium</strong></span> <span class='ocrx_word' id='word_1_640' title='bbox 2107 4425 2450 4480; x_wconf 88' lang='lat' dir='ltr'><strong>obtinentem</strong></span> <span class='ocrx_word' id='word_1_641' title='bbox 2483 4424 2764 4478; x_wconf 83' lang='lat' dir='ltr'><strong>diabolum</strong></span> <span class='ocrx_word' id='word_1_642' title='bbox 2806 4424 3101 4489; x_wconf 79' lang='lat' dir='ltr'><strong>destruxit,</strong></span> <span class='ocrx_word' id='word_1_643' title='bbox 3140 4424 3270 4477; x_wconf 89' lang='lat' dir='ltr'><strong>dum</strong></span> <span class='ocrx_word' id='word_1_644' title='bbox 3319 4440 3384 4477; x_wconf 83' lang='lat' dir='ltr'><strong>ex</strong></span> <span class='ocrx_word' id='word_1_645' title='bbox 3420 4440 3486 4476; x_wconf 80' lang='lat' dir='ltr'><strong>eo</strong></span> 
     </span>
    </p>
   </div>
   <div class='ocr_carea' id='block_1_91' title="bbox 1899 4514 3487 4585">
    <p class='ocr_par' dir='ltr' id='par_1_91' title="bbox 1899 4514 3487 4585">
     <span class='ocr_line' id='line_1_91' title="bbox 1899 4514 3487 4585; baseline -0.002 -15"><span class='ocrx_word' id='word_1_646' title='bbox 1899 4517 2043 4585; x_wconf 86' lang='lat' dir='ltr'><strong>quod</strong></span> <span class='ocrx_word' id='word_1_647' title='bbox 2100 4526 2387 4585; x_wconf 87' lang='lat' dir='ltr'><strong>peccatum</strong></span> <span class='ocrx_word' id='word_1_648' title='bbox 2445 4532 2552 4571; x_wconf 92' lang='lat' dir='ltr'><strong>non</strong></span> <span class='ocrx_word' id='word_1_649' title='bbox 2605 4516 2754 4580; x_wconf 77' lang='lat' dir='ltr'><strong>fecit,</strong></span> <span class='ocrx_word' id='word_1_650' title='bbox 2790 4515 2974 4568; x_wconf 88' lang='lat' dir='ltr'><strong>anima</strong></span> <span class='ocrx_word' id='word_1_651' title='bbox 3006 4514 3128 4582; x_wconf 88' lang='lat' dir='ltr'><strong>ejus</strong></span> <span class='ocrx_word' id='word_1_652' title='bbox 3176 4516 3230 4568; x_wconf 91' lang='lat' dir='ltr'><strong>in</strong></span> <span class='ocrx_word' id='word_1_653' title='bbox 3270 4515 3487 4568; x_wconf 77' lang='lat' dir='ltr'><strong>inferno</strong></span> 
     </span>
    </p>
   </div>
   <div class='ocr_carea' id='block_1_92' title="bbox 247 4607 1787 4725">
    <p class='ocr_par' dir='ltr' id='par_1_92' title="bbox 247 4619 1787 4702">
     <span class='ocr_line' id='line_1_92' title="bbox 247 4619 1787 4702; baseline -0.011 -13"><span class='ocrx_word' id='word_1_654' title='bbox 247 4638 355 4689; x_wconf 74' lang='grc' dir='ltr'><strong>Ἐπὶ</strong></span> <span class='ocrx_word' id='word_1_655' title='bbox 383 4641 495 4702; x_wconf 81' lang='grc' dir='ltr'>τοῖς</span> <span class='ocrx_word' id='word_1_656' title='bbox 527 4637 754 4698; x_wconf 81' lang='grc' dir='ltr'>οἰκείοις</span> <span class='ocrx_word' id='word_1_657' title='bbox 782 4630 876 4686; x_wconf 76' lang='grc' dir='ltr'>οὖν</span> <span class='ocrx_word' id='word_1_658' title='bbox 901 4627 1295 4700; x_wconf 85' lang='grc' dir='ltr'>κατορθώμασι</span> <span class='ocrx_word' id='word_1_659' title='bbox 1319 4625 1418 4696; x_wconf 84' lang='grc' dir='ltr'>τὴν</span> <span class='ocrx_word' id='word_1_660' title='bbox 1453 4623 1656 4693; x_wconf 77' lang='grc' dir='ltr'>στήλην</span> <span class='ocrx_word' id='word_1_661' title='bbox 1669 4619 1787 4674; x_wconf 78' lang='grc' dir='ltr'>ταύ-</span> 
     </span>
    </p>
   </div>
   <div class='ocr_carea' id='block_1_93' title="bbox 1894 4607 3487 4725">
    <p class='ocr_par' dir='ltr' id='par_1_93' title="bbox 1904 4607 3487 4725">
     <span class='ocr_line' id='line_1_93' title="bbox 1904 4607 3487 4678; baseline 0 -18"><span class='ocrx_word' id='word_1_662' title='bbox 1904 4609 2094 4662; x_wconf 88' lang='lat' dir='ltr'><strong>rclicta</strong></span> <span class='ocrx_word' id='word_1_663' title='bbox 2131 4623 2238 4662; x_wconf 93' lang='lat' dir='ltr'><strong>non</strong></span> <span class='ocrx_word' id='word_1_664' title='bbox 2285 4618 2407 4672; x_wconf 88' lang='lat' dir='ltr'><strong>est;</strong></span> <span class='ocrx_word' id='word_1_665' title='bbox 2443 4608 2698 4678; x_wconf 90' lang='lat' dir='ltr'><strong>quinimo</strong></span> <span class='ocrx_word' id='word_1_666' title='bbox 2747 4607 3024 4661; x_wconf 77' lang='lat' dir='ltr'><strong>internum</strong></span> <span class='ocrx_word' id='word_1_667' title='bbox 3058 4608 3245 4674; x_wconf 70' lang='lat' dir='ltr'><strong>pouius</strong></span> <span class='ocrx_word' id='word_1_668' title='bbox 3283 4608 3487 4675; x_wconf 86' lang='lat' dir='ltr'><strong>spolia-</strong></span> 
     </span>
     <span class='ocr_line' id='line_1_94' title="bbox 1907 4700 3486 4725; baseline 0 0"><span class='ocrx_word' id='word_1_669' title='bbox 1907 4703 1976 4725; x_wconf 77' lang='lat'><strong>-.:.</strong></span> <span class='ocrx_word' id='word_1_670' title='bbox 2050 4719 2097 4725; x_wconf 84' lang='grc'>-..</span> <span class='ocrx_word' id='word_1_671' title='bbox 2123 4716 2146 4725; x_wconf 61' lang='grc' dir='ltr'><strong>ρ</strong></span> <span class='ocrx_word' id='word_1_672' title='bbox 2188 4703 2348 4725; x_wconf 60' lang='grc' dir='ltr'><strong>λιτη--.</strong></span> <span class='ocrx_word' id='word_1_673' title='bbox 2381 4701 2496 4725; x_wconf 57' lang='lat' dir='ltr'><strong>ut..-</strong></span> <span class='ocrx_word' id='word_1_674' title='bbox 2534 4715 2658 4725; x_wconf 57' lang='grc' dir='ltr'><strong>..-ηας</strong></span> <span class='ocrx_word' id='word_1_675' title='bbox 2691 4700 2821 4725; x_wconf 59' lang='grc' dir='ltr'>-.ελη</span> <span class='ocrx_word' id='word_1_676' title='bbox 2873 4702 3279 4725; x_wconf 61' lang='grc' dir='ltr'><strong>ηιι--..κιζληκηι</strong></span> <span class='ocrx_word' id='word_1_677' title='bbox 3366 4715 3486 4725; x_wconf 54' lang='grc' dir='ltr'>θη...</span> 
     </span>
    </p>
   </div>
   <div class='ocr_carea' id='block_1_94' title="bbox 238 4713 1796 4798">
    <p class='ocr_par' dir='ltr' id='par_1_94' title="bbox 238 4713 1796 4798">
     <span class='ocr_line' id='line_1_95' title="bbox 238 4713 1796 4798; baseline -0.012 -15"><span class='ocrx_word' id='word_1_678' title='bbox 238 4745 320 4797; x_wconf 82' lang='grc' dir='ltr'><strong>την</strong></span> <span class='ocrx_word' id='word_1_679' title='bbox 349 4730 615 4798; x_wconf 79' lang='grc' dir='ltr'>ἀνέστησε</span> <span class='ocrx_word' id='word_1_680' title='bbox 676 4725 767 4780; x_wconf 84' lang='grc' dir='ltr'><strong>διὰ</strong></span> <span class='ocrx_word' id='word_1_681' title='bbox 796 4724 1047 4794; x_wconf 82' lang='grc' dir='ltr'>γλώττης</span> <span class='ocrx_word' id='word_1_682' title='bbox 1073 4721 1168 4776; x_wconf 78' lang='grc' dir='ltr'>τοῦ</span> <span class='ocrx_word' id='word_1_683' title='bbox 1209 4719 1374 4774; x_wconf 70' lang='grc' dir='ltr'><strong>Δαὸὶδ</strong></span> <span class='ocrx_word' id='word_1_684' title='bbox 1400 4720 1428 4772; x_wconf 83' lang='grc' dir='ltr'><strong>ὁ</strong></span> <span class='ocrx_word' id='word_1_685' title='bbox 1461 4715 1674 4786; x_wconf 75' lang='grc' dir='ltr'>Σωτὴρ,</span> <span class='ocrx_word' id='word_1_686' title='bbox 1700 4713 1796 4767; x_wconf 83' lang='grc' dir='ltr'>τοῦ</span> 
     </span>
    </p>
   </div>
   <div class='ocr_carea' id='block_1_95' title="bbox 246 4808 1802 4890">
    <p class='ocr_par' dir='ltr' id='par_1_95' title="bbox 246 4808 1802 4890">
     <span class='ocr_line' id='line_1_96' title="bbox 246 4808 1802 4890; baseline -0.013 -14"><span class='ocrx_word' id='word_1_687' title='bbox 246 4822 495 4889; x_wconf 71' lang='grc' dir='ltr'>παναγῐου</span> <span class='ocrx_word' id='word_1_688' title='bbox 536 4819 854 4890; x_wconf 83' lang='grc' dir='ltr'>Πνεύματος</span> <span class='ocrx_word' id='word_1_689' title='bbox 894 4813 1306 4886; x_wconf 83' lang='grc' dir='ltr'>ὲμπνεύσαντος</span> <span class='ocrx_word' id='word_1_690' title='bbox 1344 4810 1435 4863; x_wconf 72' lang='grc' dir='ltr'>καὶ</span> <span class='ocrx_word' id='word_1_691' title='bbox 1477 4808 1802 4878; x_wconf 79' lang='grc' dir='ltr'>κινήσαντος</span> 
     </span>
    </p>
   </div>
   <div class='ocr_carea' id='block_1_96' title="bbox 243 4897 1800 4982">
    <p class='ocr_par' dir='ltr' id='par_1_96' title="bbox 243 4897 1800 4982">
     <span class='ocr_line' id='line_1_97' title="bbox 243 4897 1800 4982; baseline -0.008 -21"><span class='ocrx_word' id='word_1_692' title='bbox 243 4912 319 4962; x_wconf 69' lang='grc' dir='ltr'><strong>τὸν</strong></span> <span class='ocrx_word' id='word_1_693' title='bbox 349 4913 653 4982; x_wconf 74' lang='grc' dir='ltr'>προφήτην.</span> <span class='ocrx_word' id='word_1_694' title='bbox 703 4906 1038 4979; x_wconf 70' lang='grc' dir='ltr'>’Δναγράφει</span> <span class='ocrx_word' id='word_1_695' title='bbox 1078 4904 1134 4957; x_wconf 80' lang='grc' dir='ltr'>δὲ</span> <span class='ocrx_word' id='word_1_696' title='bbox 1185 4902 1246 4955; x_wconf 83' lang='grc' dir='ltr'>τὸ</span> <span class='ocrx_word' id='word_1_697' title='bbox 1298 4897 1437 4964; x_wconf 76' lang='grc' dir='ltr'>εἶδος</span> <span class='ocrx_word' id='word_1_698' title='bbox 1469 4899 1569 4969; x_wconf 80' lang='grc' dir='ltr'>τῆς</span> <span class='ocrx_word' id='word_1_699' title='bbox 1623 4897 1800 4964; x_wconf 85' lang='grc' dir='ltr'>νίκης,</span> 
     </span>
    </p>
   </div>
   <div class='ocr_carea' id='block_1_97' title="bbox 247 4993 1406 5072">
    <p class='ocr_par' dir='ltr' id='par_1_97' title="bbox 247 4993 1406 5072">
     <span class='ocr_line' id='line_1_98' title="bbox 247 4993 1406 5072; baseline -0.004 -21"><span class='ocrx_word' id='word_1_700' title='bbox 247 5003 326 5054; x_wconf 67' lang='grc' dir='ltr'>καὶ</span> <span class='ocrx_word' id='word_1_701' title='bbox 354 5003 450 5056; x_wconf 82' lang='grc' dir='ltr'>ὅσα</span> <span class='ocrx_word' id='word_1_702' title='bbox 480 5002 590 5072; x_wconf 72' lang='grc' dir='ltr'><strong>πρὸ</strong></span> <span class='ocrx_word' id='word_1_703' title='bbox 615 4999 710 5055; x_wconf 78' lang='grc' dir='ltr'>τοῦ</span> <span class='ocrx_word' id='word_1_704' title='bbox 745 5000 935 5062; x_wconf 81' lang='grc' dir='ltr'>τέλους</span> <span class='ocrx_word' id='word_1_705' title='bbox 968 4994 1136 5051; x_wconf 80' lang='grc' dir='ltr'>αὐτοῦ</span> <span class='ocrx_word' id='word_1_706' title='bbox 1167 4993 1406 5062; x_wconf 71' lang='grc' dir='ltr'>ἐγένετο.</span> 
     </span>
    </p>
   </div>
   <div class='ocr_carea' id='block_1_98' title="bbox 1907 4700 3489 4770">
    <p class='ocr_par' dir='ltr' id='par_1_98' title="bbox 1907 4700 3489 4770">
     <span class='ocr_line' id='line_1_99' title="bbox 1907 4700 3489 4770; baseline -0.001 -15"><span class='ocrx_word' id='word_1_707' title='bbox 1907 4703 2004 4763; x_wconf 89' lang='lat' dir='ltr'><strong>vit,</strong></span> <span class='ocrx_word' id='word_1_708' title='bbox 2049 4716 2148 4756; x_wconf 81' lang='lat' dir='ltr'><strong>nec</strong></span> <span class='ocrx_word' id='word_1_709' title='bbox 2183 4703 2350 4756; x_wconf 86' lang='lat' dir='ltr'><strong>etiam</strong></span> <span class='ocrx_word' id='word_1_710' title='bbox 2377 4701 2498 4769; x_wconf 87' lang='lat' dir='ltr'><strong>ejus</strong></span> <span class='ocrx_word' id='word_1_711' title='bbox 2531 4715 2661 4754; x_wconf 90' lang='lat' dir='ltr'><strong>caro</strong></span> <span class='ocrx_word' id='word_1_712' title='bbox 2691 4700 2823 4754; x_wconf 89' lang='lat' dir='ltr'><strong>vidit</strong></span> <span class='ocrx_word' id='word_1_713' title='bbox 2870 4702 3306 4770; x_wconf 86' lang='lat' dir='ltr'><strong>corruptionem,</strong></span> <span class='ocrx_word' id='word_1_714' title='bbox 3363 4715 3489 4753; x_wconf 84' lang='lat' dir='ltr'><strong>cum</strong></span> 
     </span>
    </p>
   </div>
   <div class='ocr_carea' id='block_1_99' title="bbox 1903 4795 3492 4865">
    <p class='ocr_par' dir='ltr' id='par_1_99' title="bbox 1903 4795 3492 4865">
     <span class='ocr_line' id='line_1_100' title="bbox 1903 4795 3492 4865; baseline -0.004 -12"><span class='ocrx_word' id='word_1_715' title='bbox 1903 4800 2063 4853; x_wconf 89' lang='lat' dir='ltr'><strong>tertia</strong></span> <span class='ocrx_word' id='word_1_716' title='bbox 2094 4800 2286 4853; x_wconf 85' lang='lat' dir='ltr'><strong>mortis</strong></span> <span class='ocrx_word' id='word_1_717' title='bbox 2306 4799 2394 4852; x_wconf 90' lang='lat' dir='ltr'><strong>die</strong></span> <span class='ocrx_word' id='word_1_718' title='bbox 2424 4799 2817 4852; x_wconf 82' lang='lat' dir='ltr'><strong>resurrexerit:</strong></span> <span class='ocrx_word' id='word_1_719' title='bbox 2842 4797 2906 4850; x_wconf 85' lang='lat' dir='ltr'><strong>de</strong></span> <span class='ocrx_word' id='word_1_720' title='bbox 2940 4811 3043 4865; x_wconf 86' lang='lat' dir='ltr'><strong>qua</strong></span> <span class='ocrx_word' id='word_1_721' title='bbox 3073 4795 3279 4851; x_wconf 87' lang='lat' dir='ltr'><strong>Christi</strong></span> <span class='ocrx_word' id='word_1_722' title='bbox 3308 4811 3492 4852; x_wconf 89' lang='lat' dir='ltr'><strong>resur-</strong></span> 
     </span>
    </p>
   </div>
   <div class='ocr_carea' id='block_1_100' title="bbox 1905 4888 3494 4961">
    <p class='ocr_par' dir='ltr' id='par_1_100' title="bbox 1905 4888 3494 4961">
     <span class='ocr_line' id='line_1_101' title="bbox 1905 4888 3494 4961; baseline -0.003 -14"><span class='ocrx_word' id='word_1_723' title='bbox 1905 4893 2154 4947; x_wconf 86' lang='lat' dir='ltr'><strong>rectione</strong></span> <span class='ocrx_word' id='word_1_724' title='bbox 2206 4891 2402 4945; x_wconf 84' lang='lat' dir='ltr'><strong>Petrus</strong></span> <span class='ocrx_word' id='word_1_725' title='bbox 2437 4891 2740 4961; x_wconf 80' lang='lat' dir='ltr'><strong>apostolus,</strong></span> <span class='ocrx_word' id='word_1_726' title='bbox 2784 4891 2840 4943; x_wconf 90' lang='lat' dir='ltr'><strong>in</strong></span> <span class='ocrx_word' id='word_1_727' title='bbox 2871 4889 3014 4942; x_wconf 87' lang='lat' dir='ltr'><strong>libro</strong></span> <span class='ocrx_word' id='word_1_728' title='bbox 3053 4890 3344 4943; x_wconf 82' lang='lat' dir='ltr'><strong>Actionum</strong></span> <span class='ocrx_word' id='word_1_729' title='bbox 3377 4888 3494 4943; x_wconf 90' lang='lat' dir='ltr'><strong>dis-</strong></span> 
     </span>
    </p>
   </div>
   <div class='ocr_carea' id='block_1_101' title="bbox 1906 4982 3494 5054">
    <p class='ocr_par' dir='ltr' id='par_1_101' title="bbox 1906 4982 3494 5054">
     <span class='ocr_line' id='line_1_102' title="bbox 1906 4982 3494 5054; baseline -0.004 -15"><span class='ocrx_word' id='word_1_730' title='bbox 1906 5000 2122 5050; x_wconf 87' lang='lat' dir='ltr'><strong>serens,</strong></span> <span class='ocrx_word' id='word_1_731' title='bbox 2158 4985 2414 5054; x_wconf 65' lang='lat' dir='ltr'><strong>praesenti</strong></span> <span class='ocrx_word' id='word_1_732' title='bbox 2443 4985 2544 5038; x_wconf 85' lang='lat' dir='ltr'><strong>hoc</strong></span> <span class='ocrx_word' id='word_1_733' title='bbox 2569 4982 2789 5038; x_wconf 86' lang='lat' dir='ltr'><strong>Psalmo</strong></span> <span class='ocrx_word' id='word_1_734' title='bbox 2816 4983 3201 5038; x_wconf 88' lang='lat' dir='ltr'><strong>auctoritatem</strong></span> <span class='ocrx_word' id='word_1_735' title='bbox 3225 4996 3292 5036; x_wconf 88' lang='lat' dir='ltr'><strong>ac</strong></span> <span class='ocrx_word' id='word_1_736' title='bbox 3318 4982 3494 5036; x_wconf 90' lang='lat' dir='ltr'><strong>robur</strong></span> 
     </span>
    </p>
   </div>
   <div class='ocr_carea' id='block_1_102' title="bbox 251 5076 3494 5154">
    <p class='ocr_par' dir='ltr' id='par_1_102' title="bbox 251 5076 3494 5154">
     <span class='ocr_line' id='line_1_103' title="bbox 251 5076 3494 5154; baseline -0.006 -7"><span class='ocrx_word' id='word_1_737' title='bbox 251 5095 392 5154; x_wconf 84' lang='lat' dir='ltr'><strong>dictis</strong></span> <span class='ocrx_word' id='word_1_738' title='bbox 429 5100 544 5154; x_wconf 92' lang='lat' dir='ltr'><strong>suis</strong></span> <span class='ocrx_word' id='word_1_739' title='bbox 593 5095 795 5151; x_wconf 82' lang='lat' dir='ltr'><strong>addere</strong></span> <span class='ocrx_word' id='word_1_740' title='bbox 848 5093 1148 5148; x_wconf 87' lang='lat' dir='ltr'><strong>arbitratus</strong></span> <span class='ocrx_word' id='word_1_741' title='bbox 1175 5100 1276 5144; x_wconf 90' lang='lat' dir='ltr'><strong>cst.</strong></span> <span class='ocrx_word' id='word_1_742' title='bbox 1321 5085 1377 5141; x_wconf 89' lang='lat' dir='ltr'><strong>ln</strong></span> <span class='ocrx_word' id='word_1_743' title='bbox 1414 5084 1578 5140; x_wconf 86' lang='lat' dir='ltr'><strong>rebus</strong></span> <span class='ocrx_word' id='word_1_744' title='bbox 1618 5083 1801 5150; x_wconf 87' lang='lat' dir='ltr'><strong>itaque</strong></span> <span class='ocrx_word' id='word_1_745' title='bbox 1841 5095 1870 5134; x_wconf 84' lang='lat' dir='ltr'><strong>a</strong></span> <span class='ocrx_word' id='word_1_746' title='bbox 1903 5094 1961 5135; x_wconf 83' lang='lat' dir='ltr'><strong>se</strong></span> <span class='ocrx_word' id='word_1_747' title='bbox 1990 5081 2252 5150; x_wconf 74' lang='lat' dir='ltr'><strong>pnerlare</strong></span> <span class='ocrx_word' id='word_1_748' title='bbox 2282 5082 2453 5150; x_wconf 79' lang='lat' dir='ltr'><strong>gestis</strong></span> <span class='ocrx_word' id='word_1_749' title='bbox 2481 5078 2755 5141; x_wconf 82' lang='lat' dir='ltr'><strong>Salvator,</strong></span> <span class='ocrx_word' id='word_1_750' title='bbox 2796 5085 3032 5132; x_wconf 88' lang='lat' dir='ltr'><strong>statuam</strong></span> <span class='ocrx_word' id='word_1_751' title='bbox 3109 5092 3205 5130; x_wconf 87' lang='lat' dir='ltr'><strong>seu</strong></span> <span class='ocrx_word' id='word_1_752' title='bbox 3277 5076 3494 5128; x_wconf 85' lang='lat' dir='ltr'><strong>colum-</strong></span> 
     </span>
    </p>
   </div>
   <div class='ocr_carea' id='block_1_103' title="bbox 251 5173 1813 5262">
    <p class='ocr_par' dir='ltr' id='par_1_103' title="bbox 251 5173 1813 5262">
     <span class='ocr_line' id='line_1_104' title="bbox 251 5173 1813 5262; baseline -0.012 -21"><span class='ocrx_word' id='word_1_753' title='bbox 251 5202 354 5243; x_wconf 83' lang='lat' dir='ltr'><strong>nam</strong></span> <span class='ocrx_word' id='word_1_754' title='bbox 397 5192 535 5245; x_wconf 86' lang='lat' dir='ltr'><strong>hanc</strong></span> <span class='ocrx_word' id='word_1_755' title='bbox 579 5205 677 5262; x_wconf 88' lang='lat' dir='ltr'><strong>per</strong></span> <span class='ocrx_word' id='word_1_756' title='bbox 724 5189 965 5258; x_wconf 76' lang='lat' dir='ltr'><strong>linguam</strong></span> <span class='ocrx_word' id='word_1_757' title='bbox 1035 5181 1180 5238; x_wconf 86' lang='lat' dir='ltr'><strong>beati</strong></span> <span class='ocrx_word' id='word_1_758' title='bbox 1239 5177 1404 5234; x_wconf 85' lang='lat' dir='ltr'><strong>David</strong></span> <span class='ocrx_word' id='word_1_759' title='bbox 1451 5175 1555 5232; x_wconf 90' lang='lat' dir='ltr'><strong>sibi</strong></span> <span class='ocrx_word' id='word_1_760' title='bbox 1603 5173 1813 5229; x_wconf 82' lang='lat' dir='ltr'><strong>erexit:</strong></span> 
     </span>
    </p>
   </div>
   <div class='ocr_carea' id='block_1_104' title="bbox 258 5269 2308 5358">
    <p class='ocr_par' dir='ltr' id='par_1_104' title="bbox 258 5269 2308 5358">
     <span class='ocr_line' id='line_1_105' title="bbox 258 5269 2308 5358; baseline -0.008 -21"><span class='ocrx_word' id='word_1_761' title='bbox 258 5285 376 5340; x_wconf 73' lang='lat' dir='ltr'><strong>labia</strong></span> <span class='ocrx_word' id='word_1_762' title='bbox 395 5289 509 5358; x_wconf 84' lang='lat' dir='ltr'><strong>ejus</strong></span> <span class='ocrx_word' id='word_1_763' title='bbox 546 5287 843 5358; x_wconf 87' lang='lat' dir='ltr'><strong>aperiente.</strong></span> <span class='ocrx_word' id='word_1_764' title='bbox 886 5280 1160 5337; x_wconf 86' lang='lat' dir='ltr'><strong>Describit</strong></span> <span class='ocrx_word' id='word_1_765' title='bbox 1205 5288 1411 5340; x_wconf 89' lang='lat' dir='ltr'><strong>autem,</strong></span> <span class='ocrx_word' id='word_1_766' title='bbox 1443 5289 1550 5327; x_wconf 92' lang='lat' dir='ltr'><strong>non</strong></span> <span class='ocrx_word' id='word_1_767' title='bbox 1589 5280 1798 5325; x_wconf 88' lang='lat' dir='ltr'><strong>tantum</strong></span> <span class='ocrx_word' id='word_1_768' title='bbox 1843 5269 2087 5325; x_wconf 76' lang='lat' dir='ltr'><strong>victoria:</strong></span> <span class='ocrx_word' id='word_1_769' title='bbox 2117 5284 2308 5339; x_wconf 77' lang='lat' dir='ltr'><strong>genus,</strong></span> 
     </span>
    </p>
   </div>
   <div class='ocr_carea' id='block_1_105' title="bbox 257 5382 751 5454">
    <p class='ocr_par' dir='ltr' id='par_1_105' title="bbox 257 5382 751 5454">
     <span class='ocr_line' id='line_1_106' title="bbox 257 5382 751 5454; baseline 0.01 -24"><span class='ocrx_word' id='word_1_770' title='bbox 257 5382 391 5435; x_wconf 65' lang='lat' dir='ltr'><strong>liuent</strong></span> <span class='ocrx_word' id='word_1_771' title='bbox 423 5392 570 5454; x_wconf 81' lang='lat' dir='ltr'><strong>gesta</strong></span> <span class='ocrx_word' id='word_1_772' title='bbox 599 5389 751 5437; x_wconf 84' lang='lat' dir='ltr'><strong>sunt.</strong></span> 
     </span>
    </p>
   </div>
   <div class='ocr_carea' id='block_1_106' title="bbox 261 5472 1796 5590">
    <p class='ocr_par' dir='ltr' id='par_1_106' title="bbox 261 5472 1796 5590">
     <span class='ocr_line' id='line_1_107' title="bbox 261 5472 1796 5590; baseline -0.014 -9"><span class='ocrx_word' id='word_1_773' title='bbox 261 5525 292 5556; x_wconf 85' lang='lat'>“</span> <span class='ocrx_word' id='word_1_774' title='bbox 324 5527 360 5580; x_wconf 91' lang='lat' dir='ltr'><strong>ll</strong></span> <span class='ocrx_word' id='word_1_775' title='bbox 382 5529 502 5582; x_wconf 83' lang='lat' dir='ltr'><strong>Cor.</strong></span> <span class='ocrx_word' id='word_1_776' title='bbox 533 5543 571 5590; x_wconf 86' lang='grc' dir='ltr'><strong>ι,</strong></span> <span class='ocrx_word' id='word_1_777' title='bbox 596 5525 688 5578; x_wconf 74' lang='lat'><strong>20.</strong></span> <span class='ocrx_word' id='word_1_778' title='bbox 774 5525 818 5555; x_wconf 70' lang='grc' dir='ltr'><strong>ι’</strong></span> <span class='ocrx_word' id='word_1_779' title='bbox 847 5472 1009 5576; x_wconf 74' lang='lat' dir='ltr'><strong>Rom.</strong></span> <span class='ocrx_word' id='word_1_780' title='bbox 1050 5535 1090 5581; x_wconf 86' lang='lat' dir='ltr'><strong>I,</strong></span> <span class='ocrx_word' id='word_1_781' title='bbox 1133 5516 1188 5571; x_wconf 87' lang='lat'><strong>9.</strong></span> <span class='ocrx_word' id='word_1_782' title='bbox 1272 5515 1316 5546; x_wconf 80' lang='grc'><em>³³</em></span> <span class='ocrx_word' id='word_1_783' title='bbox 1351 5512 1393 5566; x_wconf 94' lang='lat' dir='ltr'><strong>ll</strong></span> <span class='ocrx_word' id='word_1_784' title='bbox 1427 5511 1554 5567; x_wconf 88' lang='lat' dir='ltr'><strong>Cor.</strong></span> <span class='ocrx_word' id='word_1_785' title='bbox 1607 5523 1647 5572; x_wconf 84' lang='grc' dir='ltr'><strong>ι,</strong></span> <span class='ocrx_word' id='word_1_786' title='bbox 1702 5507 1796 5561; x_wconf 72' lang='lat'><strong>25.</strong></span> 
     </span>
    </p>
   </div>
   <div class='ocr_carea' id='block_1_107' title="bbox 1893 5168 3491 5240">
    <p class='ocr_par' dir='ltr' id='par_1_107' title="bbox 1893 5168 3491 5240">
     <span class='ocr_line' id='line_1_108' title="bbox 1893 5168 3491 5240; baseline -0.005 -16"><span class='ocrx_word' id='word_1_787' title='bbox 1893 5183 2085 5226; x_wconf 86' lang='lat' dir='ltr'><strong>sancto</strong></span> <span class='ocrx_word' id='word_1_788' title='bbox 2136 5171 2395 5224; x_wconf 88' lang='lat' dir='ltr'><strong>nimirum</strong></span> <span class='ocrx_word' id='word_1_789' title='bbox 2438 5169 2646 5240; x_wconf 90' lang='lat' dir='ltr'><strong>Spiritu</strong></span> <span class='ocrx_word' id='word_1_790' title='bbox 2711 5169 3030 5239; x_wconf 84' lang='lat' dir='ltr'><strong>prophetam</strong></span> <span class='ocrx_word' id='word_1_791' title='bbox 3082 5168 3387 5239; x_wconf 82' lang='lat' dir='ltr'><strong>inspirante</strong></span> <span class='ocrx_word' id='word_1_792' title='bbox 3434 5170 3491 5218; x_wconf 77' lang='lat' dir='ltr'><strong>ct</strong></span> 
     </span>
    </p>
   </div>
   <div class='ocr_carea' id='block_1_108' title="bbox 2409 5257 3492 5337">
    <p class='ocr_par' dir='ltr' id='par_1_108' title="bbox 2409 5257 3492 5337">
     <span class='ocr_line' id='line_1_109' title="bbox 2409 5257 3492 5337; baseline -0.012 -12"><span class='ocrx_word' id='word_1_793' title='bbox 2409 5267 2505 5325; x_wconf 80' lang='lat' dir='ltr'><strong>sed</strong></span> <span class='ocrx_word' id='word_1_794' title='bbox 2558 5276 2610 5325; x_wconf 86' lang='lat' dir='ltr'><strong>et</strong></span> <span class='ocrx_word' id='word_1_795' title='bbox 2659 5279 3001 5337; x_wconf 67' lang='lat' dir='ltr'><strong>quarcunque</strong></span> <span class='ocrx_word' id='word_1_796' title='bbox 3041 5272 3168 5318; x_wconf 82' lang='lat' dir='ltr'><strong>ante</strong></span> <span class='ocrx_word' id='word_1_797' title='bbox 3249 5257 3492 5313; x_wconf 70' lang='lat' dir='ltr'><strong>victorian</strong></span> 
     </span>
    </p>
   </div>
   <div class='ocr_carea' id='block_1_109' title="bbox 1565 5619 2123 5685">
    <p class='ocr_par' dir='ltr' id='par_1_109' title="bbox 1565 5619 2123 5685">
     <span class='ocr_line' id='line_1_110' title="bbox 1565 5619 2123 5685; baseline -0.018 0"><span class='ocrx_word' id='word_1_798' title='bbox 1565 5622 1766 5685; x_wconf 75' lang='lat' dir='ltr'><strong>Varite</strong></span> <span class='ocrx_word' id='word_1_799' title='bbox 1790 5619 2123 5681; x_wconf 82' lang='lat' dir='ltr'><strong>lectiones.</strong></span> 
     </span>
    </p>
   </div>
   <div class='ocr_carea' id='block_1_110' title="bbox 321 5735 1787 5844">
    <p class='ocr_par' dir='ltr' id='par_1_110' title="bbox 321 5752 1787 5844">
     <span class='ocr_line' id='line_1_111' title="bbox 321 5752 1787 5844; baseline -0.017 -14"><span class='ocrx_word' id='word_1_800' title='bbox 321 5773 419 5844; x_wconf 70' lang='grc'><strong>(54)</strong></span> <span class='ocrx_word' id='word_1_801' title='bbox 454 5773 640 5829; x_wconf 65' lang='lat' dir='ltr'><strong>Graece</strong></span> <span class='ocrx_word' id='word_1_802' title='bbox 674 5769 975 5843; x_wconf 78' lang='grc' dir='ltr'>ἡμετέραν,</span> <span class='ocrx_word' id='word_1_803' title='bbox 1001 5775 1259 5830; x_wconf 72' lang='lat' dir='ltr'><strong>nostram,</strong></span> <span class='ocrx_word' id='word_1_804' title='bbox 1302 5773 1404 5832; x_wconf 86' lang='lat' dir='ltr'><strong>pro</strong></span> <span class='ocrx_word' id='word_1_805' title='bbox 1443 5769 1552 5830; x_wconf 88' lang='lat' dir='ltr'><strong>quo</strong></span> <span class='ocrx_word' id='word_1_806' title='bbox 1579 5752 1787 5810; x_wconf 85' lang='lat' dir='ltr'><strong>Latinu:</strong></span> 
     </span>
    </p>
   </div>
   <div class='ocr_carea' id='block_1_111' title="bbox 1894 5735 2604 5844">
    <p class='ocr_par' dir='ltr' id='par_1_111' title="bbox 1894 5735 2604 5817">
     <span class='ocr_line' id='line_1_112' title="bbox 1894 5735 2604 5817; baseline -0.025 -13"><span class='ocrx_word' id='word_1_807' title='bbox 1894 5755 2120 5817; x_wconf 77' lang='lat' dir='ltr'><strong>iterpres</strong></span> <span class='ocrx_word' id='word_1_808' title='bbox 2153 5741 2283 5811; x_wconf 76' lang='lat' dir='ltr'><strong>legit</strong></span> <span class='ocrx_word' id='word_1_809' title='bbox 2310 5735 2604 5808; x_wconf 72' lang='grc' dir='ltr'>ὑμετέραν.</span> 
     </span>
    </p>
   </div>
  </div>
