4110 6210
521 247 622 336 195

1677 267 2066 328 EUTHYMll
2111 267 2477 328 ZIBABENI

3683 259 3786 328 196'

582 389 748 444 Vens.
775 387 829 441 9..
855 386 1122 442 Conserva
1156 403 1256 449 me,
1287 385 1791 454 Domine,quonimn
1816 385 2023 450 sperari
2053 385 2106 437 in

2281 386 2565 450 Φύλαξόν
2622 403 2718 455 με,
2777 385 2979 453 Κύριε,
3032 351 3152 460 ὅτι.
3193 383 3292 437 ἐπὶ
3362 386 3457 436 σοὶ
3532 383 3788 451 ἤλπισα.

515 492 586 535 te.
627 481 799 548 Hujus
823 477 1027 532 Psalmi
1061 478 1224 532 verba
1260 481 1499 532 humano
1522 480 1745 531 omnino
1777 493 1928 531 more
1950 477 2096 530 dicta

515 584 647 628 sunt
683 570 760 642 [et
807 572 1013 624 homini
1049 572 1222 640 magis
1254 587 1416 640 quam
1463 570 1572 623 Deo
1609 570 1870 623 videntur
1900 585 2102 624 conve-

516 664 691 735 nire].
730 655 914 730 Neque
974 663 1118 717 enim
1175 670 1234 715 ut
1272 662 1434 726 Deus,
1465 661 1558 715 sed
1593 669 1647 713 ut
1699 661 1863 713 homo
1898 661 2102 716 daemo-

516 774 636 810 nem
667 757 877 822 divicit,
907 756 1165 810 erudiens
1192 769 1292 809 nos
1323 753 1467 822 quod
1499 761 1555 807 et
1596 751 1853 806 facillime
1884 753 2099 806 daemon

516 866 546 904 a
580 849 941 920 prudentibus
999 847 1254 917 superari
1313 855 1495 916 potest
1529 863 1542 899 :
1584 856 1638 900 et
1685 855 1855 900 artem
1895 846 2103 913 pariter

516 943 739 998 tradens
803 957 909 1011 qua
955 942 1070 1010 ipse
1100 955 1222 994 eum
1260 938 1577 1002 debellavit,
1622 951 1792 1007 seque
1825 937 2009 1001 nobis,
2043 945 2103 990 ut

523 1036 904 1091 ﬁdelissimum
951 1034 1329 1104 archetypum,
1403 1031 1724 1085 imitandum
1796 1030 2104 1100 proposuit.

520 1128 725 1181 Fundit
757 1127 948 1195 igitur.
976 1125 1124 1178 velut
1184 1126 1344 1177 homo
1387 1138 1577 1192 preces
1612 1122 1679 1175 ad
1713 1121 1932 1175 Deum:
1961 1121 2105 1190 quod

518 1218 682 1271 etiam
745 1215 886 1284 apud
932 1214 1295 1282 evangelistas
1343 1226 1720 1281 ssepenumero
1749 1211 1945 1266 fecisse
1981 1225 2105 1264 eum

523 1309 754 1376 legimus
783 1324 802 1361 :
836 1314 1062 1373 oratque
1101 1303 1308 1358 servari
1345 1318 1404 1357 se
1454 1302 1524 1356 ab
1555 1302 1813 1356 omnibus
1852 1311 1960 1354 tam
1991 1317 2107 1354 ma-

523 1399 741 1453 nifestis
791 1413 953 1467 quam
1012 1396 1244 1450 occultis
1297 1394 1531 1450 insidiis.
1581 1393 1684 1456 Tu,
1721 1393 1969 1458 Domine,
2021 1395 2106 1447 in-

524 1494 668 1559 quit,
703 1506 860 1544 serva
893 1505 1001 1548 me,
1025 1486 1288 1556 quoniam
1314 1487 1368 1540 in
1401 1494 1452 1539 te
1485 1485 1603 1540 solo
1632 1487 1871 1556 speravi.
1915 1485 2103 1555 Neque

526 1587 671 1637 enim
702 1583 806 1636 alia
840 1582 894 1634 in
929 1597 985 1634 re
1016 1579 1264 1634 confisus
1300 1593 1447 1642 sum,
1484 1579 1744 1647 quoniam
1800 1585 1852 1631 te
1897 1578 2110 1633 salvare

528 1690 720 1728 omnes
755 1676 907 1735 novi,
943 1672 1039 1741 qui
1074 1672 1128 1725 in
1164 1679 1217 1724 te
1252 1679 1500 1739 sperant.

599 1765 725 1818 Dixi
755 1764 981 1819 Domino
1015 1777 1033 1816 :
1073 1761 1216 1815 Deus
1246 1777 1389 1814 meus
1439 1777 1493 1813 es
1521 1769 1596 1813 tu.
1627 1759 1745 1814 Dixi
1793 1774 1925 1827 ergo
1962 1758 2110 1812 Patri

530 1865 584 1908 rt
617 1860 861 1910 omnium
897 1854 1131 1908 Domino
1177 1870 1190 1906 :
1235 1851 1337 1914 Tu,
1377 1850 1558 1913 Pater,
1616 1865 1676 1904 cs
1733 1849 1896 1903 etiam
1957 1864 2112 1902 meus

537 1949 823 2010 Dominus,
858 1957 1022 2013 atque
1054 1944 1174 1997 ideo
1211 1941 1314 1995 mei
1357 1940 1664 1995 custodiam
1699 1940 1899 1994 habeto
1929 1938 2013 2011 [ut
2043 1939 2112 1993 ab

533 2042 755 2093 homine
806 2039 948 2091 enim
1007 2035 1247 2088 diximus
1311 2032 1416 2086 dici
1480 2032 1595 2085 hmc
1632 2032 1819 2096 verba,
1857 2046 1963 2085 non
2003 2039 2113 2085 uta

532 2130 700 2203 Deo]:
737 2145 861 2182 nam
884 2137 944 2180 ut
973 2128 1138 2181 homo
1172 2124 1357 2178 divina
1388 2132 1442 2178 et
1469 2123 1586 2191 ipse
1632 2122 1911 2191 indigebat
1932 2134 2116 2179 custo-

530 2223 643 2275 dia.
671 2220 948 2276 Subiectus
978 2219 1145 2278 enim,
1181 2215 1383 2283 inquit,
1443 2212 1522 2281 [ui
1575 2211 1802 2264 Domino
1852 2221 1902 2266 et
1960 2213 2108 2268 oravi

530 2331 677 2368 eum.

605 2410 747 2474 Quia
789 2410 1040 2459 bonorum
1099 2419 1334 2456 meorum
1379 2419 1481 2456 non
1514 2417 1649 2472 eges.
1702 2401 1781 2456 Ad
1813 2403 1952 2464 haec.
1982 2402 2112 2457 ill-nd

532 2503 698 2555 etiam
748 2500 985 2562 amplius
1029 2495 1165 2560 dixi,
1209 2496 1352 2564 quod
1388 2505 1442 2548 tu
1483 2496 1643 2549 donis
1705 2495 1868 2560 meis,
1903 2511 2025 2564 qua:
2059 2497 2111 2548 in

538 2593 874 2647 sacriﬁcium
903 2589 1085 2642 offerri
1125 2583 1325 2651 solent,
1352 2601 1458 2641 non
1484 2586 1717 2657 indiges.
1743 2583 1929 2655 Neque
1967 2588 2112 2641 enim

532 2698 663 2754 eges
706 2690 764 2736 ut
820 2682 915 2735 tibi
951 2679 1275 2745 sacriﬁccm,
1311 2689 1477 2748 atque
1521 2679 1625 2732 hoc
1656 2686 1815 2748 pacto
1844 2685 1898 2734 te
1931 2680 2117 2748 placa-

534 2791 647 2834 tum
714 2779 846 2832 mihi
905 2777 1210 2844 adjutorem
1279 2775 1525 2830 reddam.
1576 2771 1728 2826 Licet
1763 2771 1908 2827 enim
1962 2780 2116 2842 grate

537 2872 768 2942 recipiat
821 2870 964 2924 Deus
1011 2885 1132 2939 quae
1177 2868 1224 2923 ei
1255 2867 1341 2937 pie
1398 2883 1460 2921 ac
1491 2865 1800 2935 religiosea
1835 2865 1992 2918 nobis
2037 2863 2119 2917 of-

536 2964 809 3025 feruntur,
861 2976 1047 3016 verum
1110 2976 1218 3013 non
1269 2966 1327 3013 ut
1362 2957 1408 3014 is
1460 2961 1553 3026 qui
1605 2956 1869 3024 indigeat,
1927 2958 2020 3011 sed
2056 2963 2114 3010 ut

2212 480 2724 550 Ἀνθρωποπρεπῶς
2749 479 2798 532 οἱ
2827 479 2922 532 τοῦ
2957 478 3182 550 ψαλμοῦ
3201 479 3375 546 λόγοι.
3413 480 3517 531 Καὶ
3548 483 3790 554 γὰρηούχ

2200 570 2274 634 ὡς
2294 571 2448 636 Θεὸς,
2469 571 2584 624 ἀλλ’
2604 569 2678 634 ὡς
2697 570 2796 624 ἄνθ
2807 587 2986 642 ρωπος
3013 569 3435 640 κατεπολέμησε
3458 571 3549 622 τὸν
3566 572 3789 642 ἐχθρὸν,

2199 665 2491 730 διδάσκων,
2523 664 2597 728 ῶς
2635 665 2785 716 ἐστιν
2847 663 3323 730 εὐκαταγώνιστος
3353 667 3466 728 τοῖς
3501 666 3789 735 νήφουσιν·

2204 755 2322 826 ἅμα
2341 755 2398 808 δὲ
2433 757 2524 809 καὶ
2555 757 2682 817 τοὺς
2699 755 2958 824 τρόπους,
2987 754 3057 808 δι’
3075 751 3148 808 ὧν
3171 755 3335 807 αὑτὸν
3363 757 3790 822 κατεπάλαισεν,

2205 847 2609 919 ἀπολιμπάνων
2643 848 2776 918 ἡμῖν
2808 846 3055 916 ωριὸῶς
3085 845 3397 916 ἀρχέτυπον
3422 850 3500 910 εἰς
3533 848 3790 918 μίμησιν.

2207 939 2443 1012 Εὖχεται
2474 939 2762 1011 τοιγαροῦν
2823 939 2899 1002 ὡς
2930 939 3217 1007 ἄνθρωπος
3243 941 3324 1002 είς
3355 940 3511 992 Θεόν·
3554 943 3648 994 καὶ
3686 947 3794 1012 γὰρ

2206 1035 2309 1086 κάν
2363 1035 2475 1094 τοῖς
2534 1031 2892 1100 Εὐαγγελίοις
2938 1032 3213 1102 διαφόρως
3265 1031 3526 1096 εῦξασθαι
3581 1052 3790 1104 μνημο-

2209 1129 2424 1178 νεύεται
2455 1142 2468 1156 ·
2508 1126 2824 1196 παρακαλεῖ
2853 1124 2909 1177 δὲ
2944 1125 3287 1194 φυλαχθῆναι
3317 1125 3425 1178 duo
3463 1127 3642 1196 πάσης
3676 1130 3788 1181 ἐπι-

2210 1221 2435 1289 δουλῆς,
2471 1223 2716 1291 φανερᾶς
2748 1221 2843 1273 καὶ
2871 1221 3138 1290 ἀφανοῦς,
3167 1221 3342 1288 λέγων
3366 1239 3379 1252 ·
3408 1222 3790 1290 Συμφυλαξον,

2209 1309 2291 1362 ὅτι
2345 1312 2439 1361 ἐπὶ
2499 1311 2582 1362 σοι
2625 1303 2771 1380 ρῖόνῳ
2803 1309 3033 1381 ἧλπισα,
3088 1310 3278 1379 μηδενὶ
3335 1311 3443 1364 τῶν
3481 1311 3655 1366 ἄλλων
3702 1331 3794 1366 τε-

2213 1398 2537 1471 θαρρηκὼςο
2579 1396 2698 1454 οἶδα
2754 1402 2884 1472 γὰρ,
2929 1401 3010 1454 ὅτι
3058 1401 3253 1466 σώζεις
3303 1404 3432 1468 τοὺς
3472 1403 3796 1469 ἐλπίζοντας

2215 1491 2309 1543 ἐπὶ
2340 1493 2422 1544 σέ.

2144 1742 2188 1798 Β
2285 1758 2440 1816 Elim
2463 1761 2542 1826 τῷ
2565 1763 2782 1830 Κυρίῳ·
2810 1763 3027 1831 Κύριός
3041 1782 3162 1832 μου
3191 1765 3247 1819 εῐ
3273 1766 3377 1820 σύ.
3407 1763 3551 1821 Εἴποι
3579 1767 3657 1838 τῷ
3682 1769 3800 1824 ﬂa-

2218 1858 2307 1922 τρὶ
2356 1854 2433 1923 τῷ
2492 1855 2680 1925 Κυρίῳ
2724 1856 2965 1918 πάντων,
3027 1858 3111 1911 δτι
3152 1858 3356 1931 Κύριος
3398 1855 3452 1913 εἴ
3477 1862 3679 1932 κάμοῦ,
3721 1865 3800 1929 ῶς

2217 1943 2510 2014 ἀνθρώπου
2543 1948 2637 1999 καὶ
2662 1948 2759 2017 οὐχ
2795 1949 2870 2012 ὡς
2899 1949 3058 2015 Θεοῦ,
3095 1951 3190 2009 καὶ
3220 1951 3309 2005 διὰ
3335 1953 3494 2007 τοῦτό
3542 1973 3609 2024 με
3643 1974 3800 2028 περι-

2219 2036 2554 2106 φρούρησον.
2613 2039 2704 2102 Ὠς
2740 2041 2849 2110 γὰρ
2881 2040 3190 2111 ἄνθρωπος,
3231 2043 3404 2097 ἐδεῖτο
3431 2046 3530 2112 τῆς
3561 2048 3669 2101 ἀπὸ
3701 2049 3796 2103 τοῦ

2219 2125 2356 2179 Θεοῦ
2384 2128 2631 2197 φυλακῆς
2664 2146 2680 2162 ο
2721 2129 3050 2200 ’Υπετὰγην
3078 2133 3209 2202 γὰρ.
3266 2136 3424 2204 φησὶ,
3471 2134 3550 2202 τῷ
3582 2140 3796 2208 Κιφίῳ,

2225 2217 2322 2274 καὶ
2361 2219 2644 2274 ἱκέτευσα
2678 2222 2911 2276 αὐτόν..

2294 2401 2423 2452 Ὀτι
2461 2399 2580 2452 τῶν
2625 2401 2865 2469 ἀγαθῶν
2915 2421 3034 2472 μου
3071 2406 3142 2459 οὺ
3182 2409 3394 2474 χρείαν
3423 2410 3603 2478 ἔχεις.
3633 2410 3800 2466 Εἶπον

2221 2491 2276 2543 δὲ
2307 2492 2554 2561 προσέτι,
2578 2493 2785 2546 ὅτιτῶν
2815 2494 3004 2567 δώρων
3035 2514 3147 2567 μου.
3169 2500 3268 2570 τὴν
3297 2500 3488 2554 θυσίαν
3515 2504 3575 2556 οὐ
3610 2508 3802 2576 χρείαν

2221 2584 2389 2653 ἔχεις,
2447 2585 2534 2638 ἵνα
2588 2587 2684 2640 κα).
2718 2586 2865 2640 θύσω
2905 2605 3010 2655 σοι,
3042 2591 3136 2643 καὶ
3172 2590 3314 2646 οὕτω
3347 2593 3540 2666 βοηθὸν
3581 2597 3709 2662 ἔξω.
3739 2600 3804 2653 Εἰ

2222 2681 2333 2748 γὸρ
2365 2679 2461 2732 καὶ
2511 2679 2800 2750 προσίεται
2833 2680 2966 2746 Θεὸς
2995 2685 3061 2737 τὰ
3105 2685 3344 2750 εὐσεϐῶς
3387 2690 3803 2757 προσαγόμενα,

2223 2770 2340 2823 ἀλλ’
2365 2771 2464 2842 οὐχ
2487 2772 2560 2834 ὡς
2599 2773 2785 2844 ἐνδεὴς
2812 2771 3012 2839 αὐτῶν,
3037 2775 3150 2827 ἀλλ’
3201 2775 3342 2830 ὥστε
3376 2778 3546 2832 ταῦτα
3593 2781 3805 2850 κρίνειν

2225 2863 2649 2934 εὐγνωμοσύνης
2708 2865 3006 2931 ἀπόδειξιν,
3065 2869 3160 2921 καὶ
3198 2871 3471 2926 ποιεῖσθαι
3524 2875 3802 2944 πρόφασιν

2227 2957 2548 3020 ἀντιδόσεως
2561 2957 2669 3011 τῶν
2689 2958 2869 3029 πολλῷ
2887 2961 3236 3031 κρειττόνων.

533 3054 647 3120 illa,
669 3051 1019 3123 gratitudinis
1050 3065 1113 3104 ac
1132 3048 1526 3104 benevolentia:
1565 3054 1766 3102 nostra:
1800 3061 1927 3117 erga
1961 3061 2111 3113 eum,
2139 3047 2402 3104 indicium
2457 3051 2656 3106 habeat
2691 3070 2704 3107 :
2739 3059 2901 3122 atque
2931 3053 2985 3106 in
3048 3063 3373 3123 praetextum
3432 3067 3487 3116 et
3555 3067 3805 3125 occasio-

534 3161 657 3202 nem
699 3142 1081 3197 retributionis
1119 3139 1389 3209 majorum
1422 3137 1718 3192 donorum.

606 3238 775 3292 Vens.
804 3237 859 3291 5.
902 3235 1118 3290 Sanctis
1155 3235 1245 3305 qui
1274 3242 1397 3289 sunt
1424 3233 1477 3287 in
1515 3244 1655 3287 terra
1695 3231 1810 3300 ejus
1847 3231 2112 3285 mirabilia

2299 3232 2433 3300 Τοῖς
2454 3233 2647 3303 ἁγίοις
2680 3233 2807 3299 τοῖς
2828 3233 2896 3289 ἐν
2920 3233 2993 3303 τῇ
3019 3234 3097 3304 τῇ
3125 3238 3314 3293 αὐτοῦ
3330 3241 3804 3313 ἐθαυμάστωσεν

541 3334 657 3387 fecit
684 3329 962 3384 Dominus.
999 3326 1183 3390 Bonae,
1218 3327 1418 3395 inquit,
1448 3340 1569 3380 sum
1599 3325 1736 3394 spei,
1762 3325 1944 3380 sciens
1971 3324 2115 3394 quod

538 3423 805 3477 Douninns
841 3417 1092 3488 quaedam
1153 3415 1283 3471 fecit
1315 3415 1614 3479 mirabilia,
1673 3430 1737 3470 ac
1775 3425 1968 3484 praeter
1998 3431 2120 3468 om-

537 3515 688 3569 nium
725 3512 1065 3582 opinionem,
1120 3507 1327 3562 sanctis
1379 3505 1694 3560 hominibus
1736 3506 1827 3574 qui
1880 3506 1933 3559 in
1974 3515 2119 3559 terra

539 3607 660 3671 eius
687 3613 835 3658 sunt.
861 3601 1102 3656 Sanctus
1131 3611 1310 3653 autent
1344 3599 1433 3652 ille
1455 3607 1558 3662 est,
1589 3599 1680 3667 qui
1717 3597 1883 3652 Deum
1910 3599 2122 3653 sincere

543 3705 711 3759 amat,
737 3704 790 3750 et
823 3696 875 3748 in
908 3708 975 3748 eo
1016 3692 1244 3746 conlidit
1289 3710 1301 3744 :
1344 3691 1524 3758 qualis
1566 3700 1684 3743 erat
1715 3690 1804 3756 qui
1839 3689 2120 3757 praesentis

539 3791 734 3860 psalmi
762 3790 949 3843 verba
978 3789 1224 3856 protulit.
1262 3786 1324 3840 Et
1353 3795 1595 3848 Sanctus,
1629 3787 1696 3840 de
1727 3787 1928 3856 quibus
1973 3799 2118 3839 nunc

540 3882 804 3952 loquitur,
862 3894 1056 3935 omnes
1089 3877 1351 3948 intelligo,
1389 3879 1707 3948 quicunque
1739 3886 1868 3932 ante
1913 3875 2120 3930 Christi

539 3976 831 4030 adventum
872 3975 980 4029 Deo
1020 3975 1366 4044 placuerunt.
1416 3973 1518 4027 Per
1583 3983 1786 4028 terram
1840 3985 1971 4026 vero
2029 3973 2123 4024 aut

543 4071 686 4124 hanc
721 4069 991 4139 intellige,
1023 4071 1090 4122 de
1124 4083 1232 4137 qua
1261 4067 1390 4119 alibi
1419 4080 1661 4120 consone
1698 4065 1967 4132 scriptum
2001 4072 2120 4117 est:

541 4163 757 4215 Domini
807 4170 882 4214 est
921 4170 1066 4214 terra
1101 4157 1144 4190 “
1174 4170 1267 4213 aut
1330 4172 1625 4225 supernam
1687 4154 2015 4218 Jerusalem,
2067 4155 2120 4208 in

540 4270 646 4325 qua
685 4254 1183 4317 com'ersabantur,
1211 4252 1427 4303 tametsi
1457 4249 1634 4302 adhuc
1665 4249 1717 4301 in
1741 4258 1882 4302 terra
1912 4255 2118 4310 essent,

538 4358 594 4403 et
641 4349 695 4402 in
733 4362 840 4416 qua
871 4353 996 4416 post
1027 4357 1255 4400 mortem
1298 4339 1548 4394 habitare
1577 4342 1980 4396 existimantur.
2023 4338 2120 4392 Vel

541 4457 636 4510 per
665 4447 887 4495 sanctos
920 4431 1220 4504 intelligere
1247 4447 1540 4502 possumus
1571 4436 1845 4502 apostolos
1899 4445 1947 4488 et
1987 4434 2122 4488 [ide-

543 4527 620 4580 les
637 4528 726 4595 qui
758 4543 852 4594 per
877 4526 1000 4579 illos
1017 4522 1372 4577 crediderunt
1399 4537 1412 4572 :
1441 4522 1531 4591 qui
1562 4539 1588 4575 ιι
1615 4523 1894 4591 multiplici
1947 4531 2122 4576 morte

2221 3329 2254 3380 ὀ
2306 3325 2543 3393 Κύριος,
2606 3325 2840 3391 Εὖελπίς
2867 3330 3006 3396 είμι,
3065 3332 3253 3398 φησὶν,
3305 3332 3485 3399 εἰδὼς,
3553 3338 3638 3391 ὄτι
3687 3344 3804 3406 τοῖς

2223 3418 2422 3485 ἁγίοις,
2446 3419 2558 3480 τοῖς
2587 3419 2645 3471 ἐν
2683 3419 2750 3488 τῇ
2778 3419 2844 3487 γῇ
2877 3419 3044 3472 αὑτοῦ
3081 3419 3370 3491 Θαυμαστὰ
3400 3427 3493 3478 καὶ
3525 3429 3806 3496 παράδοξα

2224 3509 2480 3579 ἐποίησεν
2511 3510 2538 3563 ὁ
2568 3509 2796 3580 Κύριος.
2822 3510 3011 3579 Ἀγιος
3040 3511 3117 3576 δὲ,
3148 3514 3176 3566 ὁ
3205 3513 3296 3566 τὸν
3331 3515 3466 3570 Θεὸν
3493 3517 3806 3591 εἰλικρινῶς

2223 3601 2475 3668 ἀγαπῶν,
2518 3603 2614 3656 καὶ
2664 3603 2750 3655 ἐπ’
2791 3602 2939 3673 αὺτῷ
2985 3604 3283 3674 πεποιθὼς,
3317 3602 3427 3671 οἷος
3463 3605 3532 3679 ἦν
3568 3613 3595 3664 ὁ
3627 3614 3803 3668 ταῦτα

2222 3691 2416 3759 λέγων.
2468 3688 2589 3746 Εἶεν
2627 3692 2686 3746 δ’
2739 3694 2801 3746 ἂν
2857 3693 2950 3757 οὓς
2997 3694 3170 3763 λέγει,
3222 3699 3424 3764 πάντες
3466 3703 3516 3754 οἱ
3555 3704 3662 3773 πρὸ
3700 3706 3802 3775 τῆς

2224 3783 2464 3854 Χριστοῦ
2527 3784 2830 3853 παρουσίας
2884 3787 3353 3858 εὐαρεστήσαντες
3411 3793 3488 3862 τῷ
3519 3795 3659 3866 Θεῷ.
3693 3799 3802 3867 Γῆν

2222 3874 2279 3928 δὲ
2310 3874 2496 3936 αὐτοῦ,
2528 3875 2560 3946 ἢ
2597 3878 2804 3938 ταύτην
2830 3879 3026 3943 εἴποις,
3077 3881 3187 3934 Τοῦ
3233 3882 3342 3953 γὰρ
3366 3882 3591 3952 Κυρίου
3617 3889 3655 3956 ἠ
3688 3889 3764 3958 γῆ
3788 3907 3802 3922 .

2224 3966 2257 4035 ἢ
2289 3967 2387 4037 τὴν
2418 3968 2531 4022 ἄνω
2569 3967 2946 4040 Ἰερουσαλὴμ,
2987 3971 3041 4023 ἐν
3067 3965 3099 4046 ᾖ
3122 3975 3214 4024 καὶ
3249 3977 3398 4028 κάτω
3419 3976 3592 4042 ὄντες,
3621 3980 3806 4034 ἐπολιο

2223 4057 2467 4123 τεύοντο,
2530 4061 2626 4112 καὶ
2677 4054 2788 4134 ἐνῇ
2823 4063 2871 4112 οἱ
2901 4062 3259 4128 λανθάνοντες
3291 4069 3692 4128 πολιτεύονται.
3730 4077 3802 4128 Ἢ

2226 4151 2322 4202 καὶ
2377 4151 2569 4218 ἁγίους
2626 4152 2727 4222 μὲν
2762 4152 3105 4224 ὑποληπτέον
3135 4158 3263 4220 τοὺς
3305 4159 3665 4227 ἀποστόλους,
3706 4169 3802 4218 καὶ

2224 4242 2360 4304 τοὺς
2418 4243 2478 4307 ὲξ
2516 4244 2695 4296 αὐτῶν
2736 4246 3150 4310 πιστεύσαντας.
3177 4248 3472 4304 πολυειδῶν
3504 4255 3801 4324 ῥυσθέντας

2226 4333 2508 4398 κινδύνων,
2547 4336 2642 4387 καὶ
2678 4334 2947 4398 θανάτων,
2987 4339 3090 4406 γῆν
3131 4339 3188 4392 δὲ
3217 4341 3316 4412 τὴν
3370 4343 3715 4416 Ἐκκλησίαν,
3744 4349 3802 4399 ὲν

2225 4422 2731 4501 ᾗὰναστρέφονται.
2766 4424 2896 4480 Εἶτα
2935 4429 3118 4500 τίθησι
3144 4435 3236 4486 καὶ
3268 4434 3366 4504 τὴν
3399 4438 3601 4503 αἰτίαν,
3638 4440 3703 4492 δι’
3733 4443 3802 4510 ἢν

2226 4520 2409 4581 αὐτοῖς
2443 4520 2734 4589 θαυμαστά
2761 4523 2925 4575 ποιεῖ.

539 4632 592 4677 et
627 4636 657 4675 a
683 4621 942 4690 gravibus
977 4621 1236 4690 periculis
1269 4620 1482 4673 liberati
1520 4619 1742 4675 fuerunt
1775 4637 1802 4675 a
1843 4622 2094 4685 Domino,
2132 4631 2186 4675 ct
2239 4634 2331 4687 per
2358 4625 2584 4678 ιηιϊωὶι,
2624 4615 2922 4672 Ecclesium
2953 4616 3006 4668 in
3049 4633 3154 4685 qua
3220 4630 3530 4674 vchantur.
3596 4621 3799 4677 Deinde

541 4728 762 4767 causam
818 4713 989 4780 ponit,
1027 4722 1243 4781 propter
1282 4728 1443 4780 quam
1496 4713 1627 4767 fecit
1679 4715 1760 4769 eis
1815 4712 1959 4768 Dens
2007 4714 2119 4767 haec
2157 4707 2451 4764 mirabilia.
2851 4695 2854 4698 ’

612 4806 804 4862 Omnes
845 4807 1138 4862 voluntates
1184 4808 1298 4877 ejus
1347 4811 1399 4860 in
1449 4809 1544 4862 eis.
1586 4807 1686 4863 Ubi
1720 4811 1864 4862 enim
1910 4809 1969 4862 ﬁt
2021 4807 2111 4862 Dei

2293 4803 2492 4857 Πάντα
2543 4802 2612 4855 τὰ
2645 4803 2950 4871 θελήματα
3009 4802 3198 4856 αὐτοῦ
3244 4803 3314 4855 ἐν
3363 4801 3586 4866 αὐτοῖς.
3625 4803 3797 4854 Ὅπου

541 4901 817 4964 voluntas,
851 4900 962 4954 illic
982 4899 1121 4953 Deus
1154 4914 1370 4969 semper
1395 4908 1596 4964 manet,
1623 4902 1864 4971 dirigens
1895 4913 1948 4956 et
1975 4919 2111 4956 cun-

540 5009 791 5051 versans.

614 5171 780 5228 Vens.
834 5173 886 5227 4.
932 5170 1305 5240 Multiplicata:
1347 5182 1467 5225 sunt
1521 5174 1862 5242 inﬁrmitates
1907 5189 2107 5236 eorum,

541 5275 724 5334 postea
754 5264 1198 5318 acceleraverunt.
1237 5264 1342 5319 Per
1376 5263 1750 5327 inﬁrmitates,
1793 5265 2008 5316 labores
2040 5271 2115 5316 at-

542 5375 653 5431 que
690 5359 1015 5414 amictiones
1053 5373 1242 5412 eorum
1274 5356 1549 5427 intelligit,
1603 5372 1722 5426 quae
1769 5357 1849 5410 sic
1883 5356 2111 5425 dispen-

543 5458 699 5505 sante
724 5465 786 5503 ac
815 5452 1157 5519 permittente
1177 5449 1284 5503 Deo
1310 5459 1464 5503 erant
1494 5449 1862 5517 multiplicata:
1887 5465 1899 5500 :
1927 5458 1979 5501 et
1996 5462 2115 5516 qua:

547 5539 893 5609 postmodum
931 5541 1119 5594 eodem
1161 5545 1440 5592 annuente
1489 5537 1598 5591 cito
1631 5538 2066 5606 pertransierunt
2096 5552 2113 5602 ;

698 5722 743 5753 ⁵⁵
775 5720 920 5779 Psal.
945 5739 1157 5793 ιχ111,ι,

2222 4899 2331 4962 γὰρ
2363 4895 2432 4946 τὰ
2467 4894 2561 4946 τοῦ
2617 4893 2752 4947 Θεοῦ
2812 4895 3056 4961 γίνονται
3111 4893 3415 4964 θελήματα,
3478 4895 3571 4946 καὶ
3607 4896 3633 4944 ὁ
3665 4894 3797 4955 Θεὸς

2224 4988 2439 5047 πάντως
2496 4987 2552 5037 ὲν
2609 4987 2794 5048 αὐτοῖς
2852 4987 2990 5049 ἐστι,
3055 4985 3342 5052 φυλάττων
3395 4984 3489 5036 καὶ
3522 4982 3807 5036 κατευθύσ-

2223 5097 2348 5132 νων.

2309 5169 2814 5236 Ἐπληθύνθησαν
2866 5171 2925 5222 αὶ
2991 5169 3293 5223 ἀσθένειαι
3345 5170 3543 5223 αὐτῶν
3576 5188 3590 5200 ο
3647 5172 3801 5240 μετὰ

2223 5257 2410 5311 ταῦτα
2440 5257 2766 5325 ἐτάχυναν.
2805 5257 3115 5319 ’Λσθενείας
3140 5259 3286 5326 λέγει
3321 5259 3446 5321 τοὺς
3479 5259 3669 5322 πόνους
3706 5263 3800 5312 καὶ

2223 5350 2318 5411 τὰς
2351 5348 2556 5416 θλίψεις
2589 5348 2792 5403 αὐτῶν.
2829 5349 3278 5421 Ἐπλῃθύνθησαν
3307 5351 3429 5402 κατ’
3458 5352 3796 5419 οἰκονομίαν,

2224 5436 2342 5492 εἷτα
2387 5440 2520 5492 Θεοῦ
2559 5437 2870 5504 νεύσαντος,
2925 5441 3134 5510 ταχέως
3201 5443 3510 5512 παρῆλθον
3566 5443 3800 5494 Πολλαὶ

2224 5534 2355 5603 γὰρ,
2387 5532 2574 5604 φησὶν,
2605 5535 2664 5586 αἱ
2713 5535 2952 5602 θλίψεις
2992 5534 3111 5587 τῶν
3141 5535 3406 5601 δικαίων,
3448 5535 3547 5589 καὶ
3593 5535 3660 5587 ἐκ
3685 5551 3798 5588 πα-
