4110 6210
613 314 730 375 '2t:3

1836 317 2228 376 'EUTIIYMH
2270 318 2630 378 ZlC-ABENI

3758 328 3869 390 SOi

685 425 789 478 Nec
850 425 1001 477 (tubis
1065 435 1305 478 santtum
1354 436 1501 480 tuum
1556 426 1724 481 videre
1765 427 2170 495 corruptionem.

2356 429 2509 483 Οὐδὲ
2538 430 2752 497 δώσεις
2788 431 2893 485 τὸν
2942 432 3117 488 ὅσιόν
3163 450 3280 488 σου
3330 433 3479 487 ἰδεῖν
3512 435 3868 507 διαφθοράν.

618 513 737 567 lloc
764 514 829 567 de
891 529 1123 584 corpore
1153 515 1366 569 Domini
1400 518 1649 571 similiter
1681 517 1887 570 dictum
1937 526 2041 579 est,
2076 516 2179 582 'l‘u,

611 606 807 673 inquit,
833 605 921 659 cui
952 607 1023 659 ob
1055 618 1241 677 partas
1278 611 1537 674 virtutes,
1580 608 1817 675 oblatus,
1873 606 2178 674 dedicatus,

608 706 661 749 et
684 696 1063 752 sanctiﬁcatus
1096 715 1240 764 sum,
1267 717 1373 755 non
1419 716 1503 755 me
1548 700 1835 769 permittes
1867 700 2180 770 corruptio-

618 806 737 843 nem
774 794 1023 859 corporis
1059 794 1335 847 sustinere
1370 810 1384 846 ε
1435 793 1687 861 quinimo
1733 792 1865 846 illud
1922 803 2178 862 tanquam

603 883 746 949 quod
780 882 925 935 omni
976 884 1154 937 caruit
1200 893 1444 953 peccato,
1478 883 1531 937 in
1566 885 1684 939 suis
1714 883 1961 953 partibus
1994 885 2174 939 indis-

606 972 843 1023 solutuut
905 974 1280 1037 conservatus,
1341 980 1401 1025 ut
1459 974 1641 1026 anima
1692 975 1745 1025 in
1800 974 2174 1041 incorruptum

606 1077 806 1133 rorpus
831 1073 1128 1126 remeante,
1160 1066 1271 1117 cito
1299 1079 1609 1135 resurgam.
1644 1064 1781 1118 Illud
1807 1064 1970 1119 etiam
2004 1066 2180 1118 adno-

604 1158 824 1209 tandum
857 1167 958 1221 est,
1000 1156 1145 1226 quod
1197 1157 1456 1211 interitus
1495 1156 1549 1209 in
1596 1156 1829 1211 mortuis
1881 1156 2181 1224 disjunctio

603 1252 687 1296 est
718 1259 780 1296 ac
812 1246 1088 1311 separatio
1113 1245 1310 1297 anim-.2
1357 1260 1384 1296 a
1437 1260 1666 1314 corpore
1697 1261 1710 1297 :
1744 1247 2025 1315 corruptio
2056 1260 2182 1300 vero

602 1344 684 1387 est
728 1339 1099 1388 membrorum
1142 1344 1307 1403 atque
1353 1337 1581 1389 aliarum
1614 1336 1853 1407 partium
1894 1337 1950 1390 in
1974 1344 2177 1392 terram

600 1433 655 1477 ct
683 1426 735 1478 in
764 1428 1043 1494 pulverem
1083 1428 1374 1482 resolutio.

672 1513 840 1569 Vens.
882 1516 967 1569 11.
1006 1515 1179 1569 Notas
1221 1518 1351 1569 milii
1397 1517 1570 1583 fecisti
1596 1518 1706 1571 vias
1751 1522 1891 1573 vita.
1928 1519 2177 1575 Docuisti

604 1622 705 1670 me,
736 1608 933 1676 inquit,
1005 1608 1237 1662 virtutes
1277 1622 1396 1679 quae
1456 1607 1521 1660 ad
1577 1608 1947 1664 immortalem
2009 1611 2176 1664 vitam

604 1701 877 1754 hominem
908 1700 1151 1770 dirigunt
1210 1698 1333 1771 [per
1363 1715 1500 1769 quas
1532 1709 1585 1756 et
1610 1702 1913 1757 incederem
1964 1704 2082 1773 ipse
2123 1714 2176 1758 et

2290 523 2457 575 Τοῦτο
2488 525 2615 593 περὶ
2646 522 3089 579 τοῦ“Δεσποτικοῦ
3118 525 3388 595 σώματος.
3432 528 3567 581 Οὐδὲ
3607 530 3717 600 γὰρ
3742 535 3867 603 ἐμὲ,

2287 615 2376 666 τὸν
2410 615 2770 683 ἀνακείμενον
2805 634 2885 669 σοι
2917 617 2983 669 δι’
3014 617 3230 688 ἀρετῶν
3271 616 3624 681 οίκειὼσεως,
3688 638 3871 692 παραο

2285 707 2559 776 χωρήσεις
2596 708 2895 778 ὑποστῆναι
2920 707 3018 780 τὴν
3052 708 3193 761 κατὰ
3221 708 3280 761 τδ
3310 710 3471 777 σῶμα
3509 710 3813 781 διαφθοράν
3851 726 3867 741 ⁸

2284 798 2400 851 ἀλλ’
2430 798 2505 861 ὡς
2535 801 2924 870 ἀναμάρτητον
2952 799 3160 853 τούτων
3180 840 3196 863 ,
3237 802 3605 872 συντηρήσεις
3652 802 3873 855 ἀδιάλυ-

2283 910 2374 946 τον
2412 892 2470 946 ὲν
2494 894 2606 956 τοῖς
2631 894 2851 957 οἰκείοις
2881 894 3125 963 μέρεσιν,
3156 894 3243 946 ἴνα
3275 895 3375 963 τῆς
3406 896 3583 964 ψυχῆς
3610 896 3861 963 ὲγκατοιυ

2286 983 2768 1053 κισθείσηςαὺτῷ,
2797 985 3074 1047 παντελῶς
3102 985 3297 1055 ἀρτίῳ,
3375 984 3569 1037 Θᾶττον
3629 987 3844 1037 ἀναστὼ

2282 1079 2462 1147 Φθορὰ
2492 1079 2590 1147 μὲν
2610 1076 2726 1142 οὖν,
2759 1079 2848 1130 ἐπὶ
2880 1078 2987 1131 τῶν
3037 1078 3327 1142 θανόντων,
3373 1078 3405 1147 ἡ
3445 1076 3720 1143 διὰζευξις
3765 1080 3860 1146 τῆς

2282 1169 2462 1240 ψυχῆς
2484 1169 2591 1221 ἀπὸ
2618 1168 2713 1222 τοῦ
2743 1169 2997 1239 σώματος
3032 1185 3046 1199 ο
3077 1168 3348 1238 διαφθορὰ
3395 1168 3473 1232 δὲ,
3535 1169 3569 1237 ἡ
3625 1168 3855 1229 διάλυσις
3888 1237 3896 1242 ι

2284 1259 2391 1313 τῶν
2431 1258 2523 1312 τοῦ
2553 1256 2804 1329 σώματος
2840 1260 3024 1329 μερῶν
3052 1261 3145 1310 καὶ
3182 1256 3364 1327 μελῶν
3395 1258 3475 1319 εἰς
3501 1257 3653 1326 χοῦν.

2362 1514 2724 1585 Ἐγνώρισάς
2755 1533 2857 1584 μοι
2880 1513 3059 1579 ὁδοὺς
3091 1511 3258 1578 ζωῆς.
3296 1513 3549 1580 Ἔδειξὰς
3612 1532 3701 1585 μοι
3761 1514 3859 1576 τὰς

2283 1608 2507 1678 ἀρετὰς,
2543 1606 2598 1661 αἳ
2631 1606 2929 1677 ποδηγοῦσι
2963 1607 3099 1678 πρὸς
3130 1607 3230 1675 τὴν
3270 1605 3540 1660 ἀθάνατον
3569 1606 3735 1677 ζωήν.
3790 1608 3859 1659 Ἥ

2280 1697 2644 1768 ἀπεκάλυψάς
2678 1716 2767 1768 μοι
2799 1698 2922 1760 τοὺς
2966 1697 3199 1767 τρόπους
3255 1700 3360 1767 τῆς
3418 1699 3557 1766 ὲμῆς
3613 1698 3857 1751 ἀναστά-

601 1790 886 1859 ι1ξεοξρυιίε
930 1791 1065 1844 meis
1113 1790 1475 1844 incedendum
1522 1807 1642 1845 esse
1702 1790 2043 1862 traderem];
2076 1790 2171 1845 Vel

2287 1810 2425 1856 σεως
2462 1792 2555 1845 καὶ
2588 1790 2951 1854 παλινζωίας,
2979 1791 3092 1861 (54)
3125 1790 3190 1853 ἃς
3235 1791 3397 1853 αὐτὸς
3426 1791 3671 1861 βαδίσας,
3708 1791 3857 1859 τεμέῖ)

600 1881 807 1938 aliter:
872 1880 1145 1937 Revelasti
1199 1890 1252 1934 tu
1306 1883 1462 1943 mihi,
1517 1884 1717 1952 inquit.
1745 1885 1859 1938 vias
1900 1883 2177 1947 vitaa,boc

2278 1888 2392 1945 τοῖς
2421 1883 2717 1953 μαθηταῖς.

598 1980 707 2037 est,
780 1973 1205 2028 resurrectionis
1262 1987 1395 2027 mea:
1467 1982 1630 2043 atque
1688 1974 1899 2027 iterata:
1939 1974 2061 2027 vita:
2126 1972 2367 2040 modus;
2447 1989 2544 2044 per
2591 1988 2731 2042 quas
2775 1972 2893 2053 vias
2936 1975 3141 2029 docens
3211 1974 3522 2044 discipulos
3575 1973 3853 2044 ingressus

599 2080 748 2119 sum.

666 2155 991 2226 Adimplebis
1026 2174 1106 2212 me
1136 2157 1328 2212 la'titia
1360 2175 1474 2212 cum
1512 2158 1654 2212 ruiln
1691 2170 1798 2212 tuo.
1834 2158 2010 2214 Filius
2058 2161 2174 2214 vul-

596 2256 684 2301 tus
720 2256 805 2300 est
845 2254 900 2301 et
968 2246 1137 2303 facies
1207 2248 1415 2301 Patris.
1472 2247 1575 2313 Qui
1611 2249 1779 2310 enim,
1815 2248 2012 2317 inquit,
2040 2248 2173 2301 vidit

598 2352 696 2399 me,
731 2336 863 2389 vidit
904 2344 965 2389 τι
1015 2334 1235 2389 Patrem
1293 2334 1548 2387 meum“.
1602 2332 1737 2386 Nam
1778 2342 1833 2387 et
1890 2334 2176 2387 character

596 2426 760 2478 etiam
788 2426 909 2493 ejus
939 2424 1145 2482 dicitur
1171 2435 1224 2479 et
1286 2424 1553 2493 imago“.
1606 2424 1737 2477 Post
1802 2422 2171 2476 resurrectio-

598 2532 744 2579 nem,
772 2518 972 2585 inquit,
1016 2514 1320 2570 laetiﬁcabis
1371 2530 1476 2578 me,
1535 2529 1640 2579 me,
1676 2514 1927 2582 inquam,
1956 2526 2173 2566 assum-

598 2619 749 2676 ptum
791 2606 1090 2671 hominem,
1128 2614 1183 2661 et
1227 2604 1533 2661 assumenti
1584 2604 1939 2672 conjunctum
1969 2603 2173 2656 divini-

604 2698 722 2752 tati.
776 2700 915 2751 Ante
955 2697 1418 2752 resurrectionem
1465 2696 1610 2750 euim
1664 2701 1896 2749 mmstus
1949 2701 2069 2748 erat
2109 2708 2172 2747 ac

596 2791 795 2856 tristis,
858 2791 1390 2860 lacrymabaturque,
1428 2797 1483 2843 et
1550 2786 2013 2841 sollicitudinibus
2056 2795 2175 2841 erat

598 2882 810 2947 tilenus,
846 2883 963 2951 lege
990 2880 1250 2933 nimirum
1285 2880 1801 2933 humanaesnaturae.
1828 2875 1925 2931 Vel
1969 2878 2128 2932 aliter
2156 2897 2169 2933 :

595 2975 726 3027 Cum
766 2975 1046 3038 vultutuo,
1101 2971 1594 3041 circumloquendo
1657 2970 1829 3036 dixit;
1865 2969 1918 3023 id
1951 2980 2059 3035 est,
2095 2979 2175 3024 te-

595 3080 741 3119 cum.
801 3065 984 3135 Ipsum
1045 3064 1190 3119 enim
1249 3063 1457 3117 Christi
1504 3077 1707 3132 corpus
1759 3058 1904 3116 Filio
1952 3062 2170 3115 unitum

595 3164 716 3209 erat
770 3165 823 3210 et
846 3155 1015 3209 Filius
1056 3154 1204 3208 Patri
1250 3173 1262 3208 :
1313 3153 1458 3207 unde
1489 3152 1795 3206 communis
1825 3160 1946 3206 erat
1975 3166 2164 3205 eoru.u

597 3247 779 3299 laetitia
815 3252 1036 3314 propter
1070 3248 1363 3297 humanam
1407 3244 1663 3305 salutem,
1696 3257 1860 3311 quam
1895 3256 2043 3296 mors
2077 3256 2173 3311 per

596 3352 813 3391 erucem
852 3347 1074 3405 operata
1107 3344 1213 3390 est.

2344 2156 2693 2223 Πληρώσεις
2709 2171 2786 2223 με
2808 2154 3199 2223 εὐφροσύνης
3219 2152 3371 2222 μετὰ
3402 2153 3509 2207 τοῦ
3533 2151 3852 2220 προσώπου

2273 2265 2412 2304 σου.
2449 2249 2752 2318 Πρόσωπον
2798 2246 3011 2319 [ἰατρὸς
3069 2245 3217 2308 Υἱός.
3287 2244 3350 2297 '0
3398 2243 3664 2312 ἑωρακὼς
3722 2242 3851 2311 γὰρ.

2274 2346 2461 2411 φησιν,
2501 2342 2628 2411 ἐμὲ,
2664 2342 2929 2409 ἑώρακεν
2946 2340 3057 2394 τὸν
3091 2338 3323 2406 Πατέρα
3368 2353 3486 2406 μου
3517 2353 3532 2367 ·
3587 2336 3709 2387 ἐπεὶ
3760 2333 3853 2386 καὶ

2273 2432 2561 2505 χαρακτὴρ
2597 2433 2762 2487 αὐτοῦ
2798 2432 3137 2501 λέγεταικαὶ
3191 2431 3378 2484 εἰκών.
3417 2429 3719 2499 Εὖφρανεῖς
3760 2423 3851 2478 οὖν

2276 2541 2367 2595 με,
2415 2524 2571 2594 φησὶ,
2602 2524 2692 2578 τὸν
2740 2523 3157 2594 προσληφθέντα
3190 2520 3495 2594 ἄνθρωπον,
3556 2518 3697 2590 μετὰ
3755 2514 3849 2568 τοῦ

2275 2614 2677 2686 προσλαϐόντος
2710 2613 2872 2679 Θεοῦ,
2909 2614 3050 2685 μετὰ
3080 2613 3177 2683 τῂν
3204 2614 3505 2667 ἀνάστασιν
3542 2628 3557 2641 ο
3592 2608 3698 2681 πρὸ
3720 2608 3845 2661 τειὺο

2279 2726 2379 2779 της
2415 2708 2546 2777 γὰρ,
2584 2707 2679 2759 καὶ
2719 2707 2991 2772 ἐλυπεῖτο,
3026 2710 3121 2758 καὶ
3181 2705 3442 2775 ἐδάκρυε,
3501 2703 3593 2754 καὶ
3644 2700 3851 2768 ἡγωνξα

2273 2801 2421 2870 νόμῳ
2452 2798 2689 2868 φύσεως.
2728 2798 2799 2850 Ἣ
2849 2799 2943 2851 καὶ
2980 2798 3129 2867 μετὰ
3184 2797 3289 2850 τοῦ
3347 2794 3672 2864 προσώπου
3712 2807 3846 2853 σου,

2266 2891 2392 2955 ,ἀντὶ
2420 2890 2558 2961 μετὰ
2588 2887 2706 2955 σοῦ,
2739 2889 3187 2957 περιφραστικῶς
3217 2904 3230 2917 ’
3257 2889 3284 2940 ό
3324 2888 3421 2955 μὲν
3483 2885 3590 2952 γὰρ
3637 2881 3853 2952 ἡνωμέο

2273 3002 2362 3048 νος
2390 2979 2457 3055 ἦν
2491 2984 2568 3054 τῷ
2622 2982 2762 3054 Υίῷ,
2799 2984 2826 3036 ὁ
2863 2982 2919 3035 δὲ
2983 2982 3132 3047 Υἱὸς,
3178 2979 3255 3050 τῷ
3303 2979 3501 3049 ιιατρὶ,
3541 2978 3632 3030 καὶ
3666 2974 3851 3043 κοινὴν

2280 3078 2438 3148 ἔσχον
2466 3075 2561 3147 τὴν
2597 3074 2937 3145 εὐφροσύνην
2974 3075 3067 3127 ἐπὶ
3092 3076 3158 3144 τῇ
3198 3071 3442 3142 σωτηρίᾳ
3488 3070 3597 3123 τῶν
3641 3065 3848 3139 evapo-

2274 3186 2411 3231 πων,
2440 3167 2505 3237 ἥν
2534 3168 2560 3219 ὁ
2598 3166 2687 3219 διὰ
2722 3164 2963 3252 σταυροῦ
2989 3164 3221 3227 Θάνατος
3249 3162 3569 3233 εἰργάσατο.

669 3426 957 3480 Detectatio
990 3428 1043 3478 in
1068 3426 1283 3479 dextera
1326 3434 1418 3477 tua
1445 3440 1607 3495 usque
1632 3425 1684 3477 in
1714 3425 1893 3494 linem.
1930 3424 2162 3480 Dextera

2350 3430 2683 3498 Τερπνότης
2712 3429 2783 3483 ἐν
2820 3427 2896 3497 τῇ
2934 3427 3106 3497 δεξιᾷ
3152 3442 3268 3481 σου
3325 3426 3411 3493 εις
3431 3422 3627 3487 τέλος.
3690 3418 3848 3486 Δεξιὰ

605 3517 806 3583 Patris,
836 3515 1011 3572 Filius
1039 3515 1263 3582 dicitur,
1298 3516 1759 3585 quemadmodum
1792 3525 1847 3570 et
1886 3515 2168 3570 brachium

598 3612 743 3682 ejus,
772 3619 826 3664 et
860 3608 1103 3680 potentia
1136 3615 1194 3662 et
1213 3607 1529 3662 delectatio.
1555 3606 1643 3660 Ait
1674 3608 1840 3676 igitur
1863 3606 2010 3677 quod
2046 3620 2172 3677 per-

598 3714 759 3765 petua
806 3701 1110 3757 exsultatio
1169 3702 1275 3754 erit
1326 3698 1465 3753 Filio
1528 3698 1645 3765 Dei,
1700 3698 1827 3768 quia
1861 3710 2045 3752 secum
2073 3711 2168 3753 eos

592 3809 883 3865 exsurgere
917 3792 1066 3859 fecit,
1091 3792 1186 3862 qui
1223 3790 1351 3847 olim
1390 3792 1460 3844 ob
1479 3802 1766 3860 peccatum
1799 3788 2118 3844 deciderant
2149 3806 2163 3843 :

594 3899 647 3943 et
677 3886 804 3957 quia
837 3884 1212 3939 hmreditatem
1244 3896 1401 3937 suam
1439 3881 1663 3950 recepit.

1098 3973 1287 4029 Oratio
1332 3975 1432 4041 ipsi
1485 3973 1672 4027 David.

1125 4061 1449 4117 PSALMUS
1499 4060 1641 4115 XVI.

667 4159 1113 4215 Persecutionetn
1162 4156 1445 4210 sustinens
1477 4169 1508 4207 a
1539 4153 1703 4206 Saule
1735 4152 1928 4206 beatus
1972 4150 2164 4215 David,

595 4265 648 4307 et
685 4254 871 4307 multis
893 4249 1173 4320 impetitus
1202 4244 1727 4316 injuriis,p3almum
1752 4244 1897 4296 hunc
1927 4243 2169 4297 conscri-

598 4348 728 4417 psit,
763 4362 875 4416 quo
904 4344 1073 4396 Deum
1126 4340 1180 4392 in
1234 4337 1498 4391 auxilium
1544 4335 1794 4389 advocat.
1840 4332 1944 4399 Qui
1985 4343 2164 4389 tamen

598 4440 895 4504 unicuique
940 4432 1061 4484 viro
1093 4430 1292 4484 virtute
1326 4426 1557 4496 praedito
1611 4436 1772 4494 atque
1803 4439 2066 4496 oppresso
2097 4425 2166 4479 ab

598 4525 837 4581 inimicis
858 4520 1263 4576 accommodari
1294 4525 1494 4586 potest.

668 4616 835 4671 Vsus.
860 4617 911 4669 ‘l.
934 4611 1167 4674 Exaudi,
1193 4608 1706 4677 Domine,justitiant
1727 4623 1913 4661 meam.
1934 4607 2160 4675 Exaudi,

599 4711 795 4779 inquit,
845 4704 1113 4776 justitiam
1158 4716 1335 4754 meam
1392 4715 1405 4751 :
1443 4701 1544 4753 hoc
1589 4711 1670 4751 ρει
1703 4696 1953 4751 οσευιυω
2001 4707 2165 4767 atque

2275 3521 2369 3576 τοῦ
2398 3521 2631 3593 Πατρδς,
2666 3522 2694 3574 ό
2728 3520 2880 3586 Υἱὸς,
2931 3519 3121 3591 ὥσπερ
3157 3519 3251 3572 καὶ
3280 3515 3545 3588 βραχίων,
3576 3512 3670 3567 καὶ
3698 3510 3846 3566 δύνα-

2280 3630 2391 3684 μις.
2423 3612 2648 3683 Τέρψις,
2687 3614 2845 3684 φησὶ,
2883 3612 2978 3666 καὶ
3019 3610 3343 3681 ἀγαλλίασις
3393 3608 3546 3660 ἔσται
3603 3603 3681 3674 τῷ
3732 3601 3849 3672 Tit;

2278 3722 2371 3759 σου
2403 3704 2491 3759 διὰ
2518 3707 2741 3770 παντὸς,
2779 3708 2905 3770 τοὺς
2937 3707 3303 3766 πεπτωκότας
3360 3702 3843 3771 συναναστησαντι,

2276 3799 2369 3851 καὶ
2390 3797 2488 3871 τὴν
2510 3799 2675 3852 αὐτοῦ
2699 3798 3067 3871 κληρονομίαν
3094 3797 3442 3851 ἀπολαϐόντι.

2732 3978 3048 4049 Προσευχὴ
3082 3978 3160 4043 τῷ
3187 3975 3383 4031 Δαϐἱδ.

2837 4070 3129 4124 manus
3162 4065 3275 4136 ις’.

2356 4161 2496 4215 ’Υπδ
2541 4162 2633 4215 τοῦ
2669 4162 2843 4215 Σαοὺλ
2874 4162 3223 4231 διωκόμενος,
3278 4158 3370 4211 καὶ
3420 4154 3681 4215 ποικίλως
3721 4153 3845 4204 ἑπι-

2274 4248 2681 4319 6ουλευόμενος,
2719 4252 2925 4322 ἔγραψε
2948 4253 3039 4304 τὸν
3077 4249 3290 4320 ψαλμὸν
3337 4246 3546 4309 τοῦτον,
3603 4245 3683 4306 εἰς
3720 4244 3845 4293 ἐπι-

2274 4341 2499 4409 κουρίαν
2547 4342 2637 4394 τδν
2685 4344 2815 4395 Θεὸν
2859 4341 3283 4411 ἐγκαλούμενος.
3324 4336 3580 4407 Ἀρμόζει
3639 4334 3697 4387 δὲ
3752 4332 3847 4384 καὶ

2274 4433 2433 4487 παντὶ
2464 4434 2707 4504 ὲναρέτω
2734 4433 3230 4503 ἐπιδουλευομένῳ.

2345 4614 2749 4678 Εὶσὰκουσον,
2774 4615 2973 4682 Κύριε,
3000 4612 3395 4679 δικαιοσύνης
3414 4626 3556 4679 μου.
3582 4606 3693 4675 Τῆς
3718 4605 3849 4672 περὶ

2271 4706 2332 4758 τὸ
2353 4705 2559 4759 δίκαιον
2588 4706 2904 4768 διαθέσεως.
2941 4705 3062 4774 ἥτις
3094 4704 3181 4756 διὰ
3211 4702 3318 4755 τῶν
3363 4701 3615 4772 πράξεων
3651 4698 3725 4759 ὡς
3756 4696 3847 4749 διὰ

598 4814 837 4852 amorem
864 4808 1043 4849 meutn
1072 4807 1200 4861 erga
1227 4788 1522 4859 justitiam,
1548 4787 1641 4857 qui
1671 4786 1982 4841 actionibus
2004 4797 2167 4858 atque

2276 4796 2535 4866 γλώττης,
2578 4796 2695 4867 βοιξί⁶
2729 4796 3005 4866 διαφόρως
3038 4795 3146 4864 γὰρ
3176 4793 3472 4862 δυνάμενος
3502 4791 3712 4842 ἀνελεῖν
3749 4789 3847 4839 τὶν

597 4885 1010 4958 operationibus
1038 4884 1176 4945 suis,
1207 4881 1365 4950 quasi
1390 4880 1574 4949 lingua
1611 4878 1845 4949 quadam
1870 4878 1937 4933 ad
1968 4889 2018 4935 te
2051 4883 2167 4935 cla-

2276 4889 2707 4958 πολεμικώτατόν
2748 4905 2839 4959 μοι
2870 4887 3061 4949 Σαοὺλ,
3108 4887 3435 4955 ἐφεισάμην,
3464 4884 3537 4945 ὡς
3568 4883 3660 4934 ἐπὶ
3701 4880 3841 4932 Θεοῦ

600 4990 731 5034 mat.
762 4977 898 5032 Nam
936 4991 1059 5031 cum
1109 4972 1381 5044 potuerim
1428 4986 1804 5041 scepenumero
1852 4972 2169 5029 inimicissi-

599 5086 748 5126 mum
784 5069 917 5123 mihi
960 5065 1182 5121 Sauletn
1211 5063 1485 5129 occidere,
1515 5064 1759 5119 abstinui
1799 5066 2164 5135 tamenjusti-

596 5167 685 5215 tiae
716 5161 882 5229 hujus
915 5172 1101 5211 amore
1134 5172 1149 5220 ;
1213 5155 1341 5225 quia
1376 5169 1407 5208 a
1455 5162 1509 5209 te
1565 5155 1894 5211 constitutus
1932 5165 2016 5211 est
2046 5172 2163 5212 rex.

596 5256 854 5325 Quinimo
886 5267 985 5308 nec
1033 5251 1216 5306 verbis
1260 5250 1412 5303 illum
1451 5249 1742 5318 obiurgare
1791 5264 1957 5304 ausus
2017 5265 2162 5313 sum,

595 5361 719 5400 tum
752 5346 820 5399 sit
853 5341 1039 5414 populi
1067 5347 1248 5409 caput,
1300 5348 1352 5393 et
1383 5340 1452 5392 ab
1483 5338 1629 5393 illius
1654 5340 1852 5408 injuria
1890 5340 2162 5393 abstinere

624 5538 664 5564 ’¹
698 5532 857 5588 1ουιι.
880 5548 988 5599 XIV,
1017 5532 1073 5586 9.
1221 5530 1265 5561 ²¹
1302 5526 1468 5582 llcbt‘.
1508 5544 1545 5592 1,
1574 5528 1629 5580 ’5.

2264 4977 2713 5048 βεϐασιλευκότα,
2740 4977 2834 5031 καὶ
2862 4976 3015 5029 οὐδὲν
3045 4974 3268 5044 ὑδρίσαι
3298 4973 3487 5026 τοῦτον
3514 4973 3659 5040 λόγῳ
3689 4969 3845 5021 ἐτόλο

2269 5086 2437 5139 μησα.
2470 5068 2698 5139 Κεφαλὴ
2739 5067 2843 5140 γάρ
2892 5069 3007 5120 ἔστι
3048 5068 3249 5128 παντὸς
3294 5065 3385 5117 τοῦ
3436 5064 3589 5118 λαοῦ·
3632 5063 3843 5115 δίκαιον

2262 5160 2319 5211 δὲ
2346 5158 2535 5212 τούτου
2567 5159 2655 5210 διὰ
2683 5160 2856 5211 ταῦτα
2900 5157 3182 5225 φείδεσθαι
3212 5157 3357 5209 κατὰ
3394 5154 3595 5208 πάντα.
3636 5154 3705 5204 Ἢ
3753 5152 3839 5203 δι-

2269 5236 2565 5319 κᾶιοσύνην
2615 5248 2848 5303 ἐνταῦθα
2895 5248 3043 5315 λέγει
3093 5248 3189 5317 τὴν
3241 5244 3607 5313 δικαιολογίαν
3648 5242 3842 5307 αὑτοῦ,

2274 5341 2394 5392 καθ’
2425 5340 2491 5409 ἢν
2530 5339 2858 5405 δικαιοῦται,
2903 5339 2968 5410 ἢν
3002 5342 3091 5390 καὶ
3126 5339 3334 5409 προῖὼν
3370 5337 3607 5406 τίθησιν.
3652 5335 3843 5399 Οὕτως

1955 5613 2153 5675 Varias
2194 5611 2525 5674 lectiones.

667 5729 775 5792 tiu-5.;
817 5730 928 5790 “.‘tc.
961 5726 1159 5796 δηλαδὴ
1186 5726 1277 5787 τὰς
1322 5724 1537 5795 ἀρετάς.
