4110 6210
528 359 632 425 211
1751 345 2124 412 EU'l‘HYMlI

2229 347 2543 412 [GABEXI
3682 340 3787 406 52!?!

529 479 752 536 Saulem
784 487 838 533 et
863 477 1066 542 socios,
1100 473 1299 542 impios
1331 470 1452 543 [seu
1483 470 1682 541 potius,
1712 477 1770 520 ut
1791 483 1936 535 saepe
1964 467 2094 520 alibi

2232 468 2324 526 ob;
2352 467 2582 528 ἁθιὶιους,
2608 463 2704 518 καὶ
2731 464 2806 527 ὡς
2841 463 2915 534 μὴ
2952 461 3279 534 σεϐομένους
3311 463 3408 534 τὴν
3445 463 3788 534 autem“;

527 572 792 632 diximus,
828 568 988 638 juxta
1024 565 1229 622 Graecae
1253 565 1516 620 dictionis
1551 562 1788 631 ἀνόμους
1819 563 2092 614 vernn-eiii

2229 559 2293 611 π’
2330 557 2478 626 αύτῷ
2506 556 2600 609 τοῦ
2646 555 2781 608 Θεοῦ
2821 556 3159 626 χειροτονίαν
3182 571 3199 588 ο
3230 545 3278 609 οἳ
3331 557 3426 609 καὶ
3481 556 3790 611 ἐταλαιπώ-

527 662 1008 734 signiﬁcationem,
1043 656 1288 729 exleges]
1331 655 1626 727 appellavit
1656 671 1668 707 :
1700 667 1764 708 eo
1794 653 1940 723 quod
1969 668 2102 721 geu-

2229 667 2388 718 >ησαν
2435 649 2617 713 αὑτὸν,
2656 649 2785 720 περὶ
2829 651 2929 721 τὴν
2973 648 3152 721 φυγὴν
3183 651 3367 703 πᾶσαν
3406 651 3791 706 κακοπάθειαν

531 759 668 810 tium
708 757 882 818 inore,
921 755 1140 823 cxleges
1172 751 1419 805 viverent
1469 747 1524 802 in
1580 745 1842 817 peccatis,
1887 756 1939 799 et
1977 744 2102 814 quia

2229 743 2600 813 icptctcipsvev.

529 855 880 908 innocentem
939 848 1192 902 occidere
1237 843 1578 909 studebant;
1617 855 1720 895 nee
1769 840 2093 894 electionem
2139 838 2285 893 illam
2352 839 2705 905 verebantur,
2732 857 2896 911 quam
2923 842 3004 898 eis
3050 844 3190 898 Deus
3256 840 3666 911 significaverat
3731 856 3794 897 se

529 944 728 1000 fecisse
759 943 825 997 de
855 940 1044 1004 David,
1075 938 1205 993 dum
1235 935 1522 990 immodice
1550 949 1677 990 cum
1735 931 2058 1002 aﬂligereut,
2120 939 2174 986 et
2214 931 2265 986 in
2303 947 2465 987 causa
2495 942 2678 989 essent
2705 944 2762 988 ut
2791 936 2948 990 exsul
2975 951 3040 992 ac
3066 935 3340 1006 profugus
3370 950 3536 988 omne
3563 934 3792 988 calami-

530 1045 702 1090 tatum
739 1053 913 1107 genus
940 1035 1260 1091 sustineret.

600 1127 766 1184 Vens.
804 1129 896 1184 10.
942 1127 1157 1182 Inimici
1195 1124 1298 1180 mei
1325 1126 1562 1193 animum
1603 1139 1772 1177 meam
1804 1121 2103 1175 circumde-

2279 1123 2343 1174 Οἱ
2397 1122 2601 1190 ἐχθροί
2653 1139 2772 1190 μου
2831 1120 2946 1188 τὴν
3004 1112 3217 1190 ψυχήν
3261 1137 3382 1189 μου
3435 1121 3782 1188 περιέσχον.

527 1224 740 1279 derunt.
773 1223 878 1278 Per
907 1223 1144 1276 animam
1171 1235 1324 1274 suam
1349 1218 1590 1288 seipsuiu
1629 1215 1905 1285 intelligit,
1929 1221 2103 1267 totum

2229 1213 2349 1266 Ἀπὸ
2373 1215 2474 1283 τῆς
2505 1213 2684 1284 ψυχῆς
2717 1214 2915 1267 ἐαυτὸν
2955 1215 3237 1284 ἐνέφηνεν,
3292 1213 3369 1276 ὡς
3423 1213 3534 1266 ἀπὸ
3587 1214 3787 1284 μέρους

529 1317 843 1387 exprimens
873 1331 900 1370 a
941 1323 1113 1384 parte.
1141 1310 1856 1375 Circumdederuntautem,
1889 1306 2106 1362 insidiis

2229 1307 2269 1360 τὸ
2301 1307 2434 1360 πᾶν.
2506 1306 2840 1376 Περιέσχον
2875 1308 2954 1369 δὲ,
2996 1307 3119 1360 ἀντὶ
3166 1305 3286 1371 τοῦ,
3334 1307 3791 1377 περιεκύκλωσαν

533 1412 794 1465 nimirum
829 1409 1071 1475 undique
1099 1404 1385 1475 depositis.

2229 1401 2478 1456 πάντοθεν
2516 1400 2838 1464 καθίζοντες
2868 1400 3083 1470 λόχους.

601 1508 824 1577 Adipem
863 1518 1018 1562 suum
1051 1502 1438 1558 concluserunt.
1477 1500 1576 1553 Per
1611 1497 1826 1567 adipem
1897 1510 1993 1550 eor
2023 1495 2108 1549 iii-

2282 1493 2356 1548 Τὸ
2390 1493 2573 1560 στέαρ
2601 1491 2802 1547 αὐτῶν
2832 1493 3264 1566 συνέκλεισαν.
3295 1493 3394 1546 Διὰ
3420 1492 3514 1546 τοῦ
3567 1495 3792 1556 στέατος

536 1602 731 1673 telligit
761 1610 814 1655 et
845 1601 1058 1655 viscera
1089 1616 1102 1651 :
1133 1595 1396 1668 quoniam
1426 1593 1636 1648 circum
1672 1591 1787 1646 hinc
1818 1589 1990 1644 multa
2019 1603 2111 1644 so-

2229 1587 2304 1656 τὴν
2331 1587 2560 1660 καρδίαν
2589 1586 2684 1641 καῖ⁵
2705 1586 2775 1639 τὰ
2803 1587 3091 1658 σπλάγχνα
3112 1587 3286 1656 δηλοῖο
3322 1587 3451 1655 περὶ
3481 1585 3657 1641 ταῦτα
3678 1585 3790 1654 γὰρ

537 1698 610 1750 let
640 1696 824 1748 inesse
857 1691 1152 1762 pinguedo.
1186 1689 1276 1743 Ait
1299 1687 1489 1760 igitur,
1515 1700 1732 1741 omnem
1763 1699 1859 1739 eos
1887 1698 1915 1737 a
1944 1681 2112 1737 corde

2229 1680 2378 1751 τολλὴ
2407 1679 2636 1750 πιμελὴ.
2672 1679 2783 1732 Καί
2827 1695 2994 1747 φησιν
3039 1679 3122 1732 ὄτι
3171 1679 3530 1732 Ἀπέκλεισάν
3573 1696 3669 1745 μοι
3700 1679 3794 1730 τὶν

543 1797 707 1857 atque
747 1801 776 1840 a
823 1784 1133 1840 visceribus
1193 1779 1632 1837 misericordiam
1691 1779 1837 1832 intra
1894 1775 2111 1844 seipsos

2229 1791 2272 1827 ικ
2307 1773 2540 1844 καρδίας
2570 1775 2664 1826 καὶ
2700 1773 3028 1842 σπλάγχνων
3061 1772 3244 1826 αὐτῶν
3297 1772 3466 1835 ἔλεον,
3512 1770 3572 1835 ἐξ
3599 1766 3676 1825 ὧν
3699 1765 3792 1825 οἶδα

539 1882 832 1936 clausisse.
865 1875 1240 1934 Misericordia
1271 1873 1418 1930 enim
1453 1887 1483 1926 a
1508 1873 1675 1927 corde
1697 1878 1862 1938 atque
1886 1883 1915 1922 a
1947 1867 2112 1921 visce-

2229 1885 2306 1930 ιος
2334 1868 2603 1938 πρόεισιν.
2639 1867 2824 1920 ΙἌλλοι
2857 1866 2914 1920 δέ
2959 1876 3123 1934 φασιν
3191 1865 3590 1936 ἑρμηνεύοντες
3623 1865 3794 1933 στέαρ

540 1974 693 2028 ribus
749 1973 954 2027 dicitur
993 1967 1352 2025 desCendere.
1405 1964 1510 2018 Alii
1569 1964 1781 2032 adipem
1825 1969 2110 2029 exponunt

2229 1968 2314 2039 τὴν
2349 1959 2592 2033 εὐδοξίαν
2625 1959 2763 2018 εἶναι
2819 1962 2916 2018 καὶ
2954 1963 3278 2034 εὐημερίαν,
3328 1963 3396 2031 ἢν
3457 1959 3795 2015 ἀπέκλεισαν

538 2082 639 2137 pro
673 2067 814 2119 bona
844 2061 1168 2118 habitudine
1198 2073 1263 2114 ac
1299 2056 1580 2117 felicitate.
1616 2069 1778 2124 quam
1812 2051 1936 2108 illos
1963 2053 2113 2107 clau-

2229 2058 2311 2110 καὶ
2364 2051 2478 2110 οἷον
2527 2057 2796 2125 συνεῖχον,
2847 2053 2922 2118 ὡς
2977 2052 3176 2125 μηκέτι
3221 2050 3586 2122 φευξομένην,
3652 2049 3792 2102 ἀλλὰ

538 2160 680 2215 sisse
710 2158 844 2212 dicit
879 2147 1180 2225 Pr0plieta,
1216 2151 1466 2222 atquein
1509 2148 1710 2219 se‘ipsis
1741 2144 2110 2208 continuisse,

2229 2151 2284 2205 St‘
2316 2151 2436 2206 ὅλου
2464 2149 2734 2221 ἐσομένην
2761 2148 2965 2212 αὐτοῖς.

538 2251 706 2306 veluti
736 2263 1015 2318 nunquam
1059 2243 1296 2315 amplius
1345 2255 1710 2304 recessuram,
1753 2238 1848 2294 sed
1882 2249 2006 2292 cum
2032 2235 2113 2290 eis

541 2353 801 2412 perpetuo
838 2339 1100 2393 futuram.

611 2425 682 2485 Ds
713 2446 892 2483 eorum
924 2428 1154 2482 locutum
1191 2434 1267 2479 est
1308 2422 1624 2490 superbiam.
1652 2416 1938 2475 Jactabant
1968 2415 2112 2471 eiiim

541 2523 618 2576 illi
673 2518 784 2575 cito
833 2531 894 2574 se
950 2517 1452 2586 comprehensurus
1505 2515 1727 2569 beatum
1781 2510 1970 2572 David,
2013 2522 2114 2562 iiec

543 2620 706 2684 posse
731 2605 881 2665 illum
922 2611 991 2663 ab
1023 2613 1212 2662 eorum
1255 2608 1510 2661 inanibus
1545 2604 1778 2660 evadere
1811 2619 1826 2657 :
1855 2601 2008 2671 quasi
2046 2616 2112 2654 ex

543 2702 690 2758 nullo
716 2701 885 2755 latere
917 2696 1349 2768 exspectandum
1389 2691 1467 2751 illi
1509 2696 1743 2766 amplius
1772 2701 1917 2748 esset
1957 2691 2112 2746 auxi-

543 2792 700 2850 lium.

614 2886 783 2943 Vens.
818 2875 902 2942 il.
934 2885 1219 2956 Ejicieittes
1249 2889 1329 2939 me
1359 2899 1496 2939 nunc
1527 2879 1984 2936 circumdederunt
2011 2886 2111 2932 me.

545 2972 887 3049 Expulerunt
939 2994 1044 3040 uie.
1095 2978 1292 3045 inquit,
1325 2993 1391 3031 cx
1425 2974 1681 3030 omnibus
1725 2971 1883 3026 bonis
1918 2971 2054 3024 meis
2096 2987 2111 3024 :

545 3076 646 3125 nec
667 3071 804 3126 satis
835 3071 937 3125 hac
961 3071 1043 3125 eis
1077 3069 1198 3135 fuit,
1234 3069 1330 3125 sed
1372 3083 1568 3122 rursus
1600 3067 1768 3121 etiam
1809 3063 2120 3120 circumde-

544 3163 766 3227 derunt,
800 3164 963 3218 morti
993 3179 1079 3218 me
1111 3163 1332 3218 tradere
1367 3156 1722 3217 festinantes.

2292 2413 2364 2468 Τὸ
2383 2414 2576 2481 στόμα
2601 2411 2801 2466 αὐτῶν
2815 2408 3124 2476 ἐλάλησεν
3146 2405 3588 2475 ὑπερηφανίαν.
3605 2390 3729 2457 Ἐκέ
3737 2408 3798 2474 :1-

2218 2507 2390 2570 παζον
2418 2505 2526 2574 γὰρ
2552 2505 2746 2559 θᾶττον
2786 2503 2952 2558 αὐτὸν
2982 2503 3200 2573 συσχεῖν
3236 2502 3310 2564 ὡς
3340 2500 3663 2570 ἁθὴρευτον,
3699 2513 3792 2566 μη-

2216 2598 2452 2670 δαμόθεν
2478 2597 2670 2668 ἔχοντα
2699 2595 2976 2668 βοήθειαν.

2300 2856 2736 2932 Ἔκϐἇλλοντές
2754 2883 2830 2933 με
2852 2853 2988 2918 νυνὶ
3006 2845 3505 2929 περιεκύκ..ῑωσάν
3517 2874 3614 2925 με.
3632 2843 3797 2920 Ἐξῶο

2221 2965 2414 3028 σαντές
2459 2981 2527 3032 με
2561 2961 2671 3014 τῶν
2727 2959 2877 3029 ἐμῶν
2929 2957 3203 3014 ἁπάντων,
3241 2954 3342 3006 ούκ
3399 2950 3792 3017 ἠρκέσθησαν

2221 3053 2358 3109 ἀλλὰ
2387 3051 2484 3106 καὶ
2514 3049 2609 3104 νῦν
2643 3045 3095 3117 περιεκύκλωσὰν
3136 3057 3226 3112 με,
3264 3040 3577 3095 θανατῶσαι
3628 3053 3793 3091 σπουέ

2222 3146 2498 3209 δάζοντες.

618 3253 814 3309 Oculos
846 3267 969 3309 suos
1015 3262 1318 3309 statuerunt
1347 3254 1614 3307 declinare
1649 3253 1700 3304 iii
1756 3261 1975 3305 terram.
2017 3249 2120 3303 De:-

2300 3237 2446 3304 Τοὺς
2472 3233 2822 3305 ὀφθαλμοὺς
2847 3230 3047 3286 αὐτῶν
3081 3231 3286 3284 ἔθεντο
3317 3226 3587 3281 ἐκκλῖναι
3616 3223 3689 3277 ἐν
3719 3213 3796 3290 τῇ

547 3349 858 3408 cre'veruut,
878 3345 1078 3414 inquit,
1111 3337 1392 3399 declinare
1417 3346 1607 3399 oculos
1639 3355 1792 3406 suos,
1820 3357 1849 3394 a
1880 3351 1930 3395 te
1958 3340 2123 3394 uimi-

2229 3335 2320 3406 γῇ.
2359 3334 2603 3393 Ἐθεντο,
2658 3330 2960 3397 ἐσκέψαντο
3015 3326 3262 3380 ἐκκλῖναι
3299 3325 3426 3384 τοὺς
3484 3320 3799 3389 ὀφθαλμοὺς

549 3443 691 3499 rum,
715 3437 811 3506 qui
849 3438 902 3492 in
938 3413 1094 3492 caelis
1127 3437 1338 3492 habitas
1372 3454 1386 3490 :
1422 3440 1582 3505 atque
1623 3441 1654 3488 a
1690 3433 1958 3487 mandatis
1991 3432 2123 3495 tuis,

2229 3427 2403 3482 αὐτῶν
2438 3426 2546 3490 ἀπὸ
2576 3423 2692 3486 σού,
2719 3421 2815 3474 τοῦ
2866 3421 2924 3472 ἐν
2953 3420 3204 3487 οὐρανοῖς
3233 3414 3530 3476 οἰκοῦντος,
3567 3416 3662 3465 καὶ
3691 3413 3800 3462 τῶν

549 3504 749 3596 quibus
781 3527 1054 3582 mandasti
1101 3543 1169 3581 ne
1203 3504 1654 3596 insontemquis
1709 3525 1910 3590 laedat;
1964 3531 2124 3592 atque

2229 3519 2336 3574 σῶν
2393 3510 2860 3586 προσταγμάτων,
2895 3509 2930 3565 ἃ
2970 3508 3256 3563 κελεύουσι
3311 3505 3385 3575 μὴ
3441 3506 3648 3558 ἀδικεῖν
3707 3504 3798 3554 τ“.ν

551 3613 657 3674 Ιιοε
709 3627 766 3672 ut
817 3619 940 3675 illos
973 3620 1026 3673 in
1068 3629 1267 3674 terram
1325 3623 1726 3682 conveitereiit,
1773 3618 1877 3672 lioe
1922 3625 2008 3672 est
2053 3616 2122 3670 ad

551 3721 801 3768 terrenas
867 3713 1377 3782 CODCllpiSCEhliaS.
1435 3713 1590 3777 Quod
1628 3712 1762 3766 nihil
1809 3710 1956 3765 aliud
2013 3716 2120 3775 est,

550 3821 711 3875 quam
739 3807 947 3888 absque
977 3808 1084 3862 ulla
1124 3807 1339 3863 ratione
1370 3798 1631 3878 quidquid
1683 3805 1851 3860 libido
1881 3803 2125 3874 postulat

549 3898 789 3966 explere.
862 3897 957 3954 Vel
1011 3900 1172 3954 aliter
1221 3894 1457 3954 litteram
1507 3900 1622 3970 lege
1677 3915 1690 3952 :
1735 3892 1937 3952 Oculos
1989 3909 2125 3949 suos

549 3998 861 4046 statuerunt
894 4003 953 4047 ut
981 3992 1260 4048 declinent
1287 3994 1340 4046 in
1372 3999 1571 4046 terram
1603 3995 1617 4054 ξ
1652 3999 1701 4045 et
1739 3991 1870 4043 tunc
1913 3993 2127 4056 expone

2223 3614 2488 3673 ἀναίτιον,
2522 3609 2598 3670 είς
2622 3605 2748 3674 γῆν,
2794 3603 3072 3658 τουτέστιν
3116 3603 3194 3662 εἰς
3237 3597 3438 3668 γεηρὰς
3478 3594 3796 3663 ἐπιθυμίας·

2232 3701 2436 3763 αἵτινές
2471 3702 2607 3753 εἰσιν
2634 3697 2844 3763 ἀλόγως
2867 3693 3183 3761 ἀποπλῆσαι
3207 3692 3316 3744 πᾶν
3347 3690 3406 3742 τδ
3433 3689 3556 3741 καθ’
3579 3687 3795 3756 ἡδονήν.

2234 3795 2344 3849 Καὶ
2372 3793 2496 3852 τοὺς
2520 3789 2828 3858 ὀφθαλμοὺς
2857 3788 3035 3839 αὐτῶν
3072 3782 3383 3854 ἐστήριξαν,
3412 3779 3798 3849 ἐπιτηροῦντες

2235 3888 2482 3942 ἐκκλῖναι
2537 3883 2633 3936 καὶ
2684 3879 3012 3935 καταϐαλεῖν
3064 3895 3129 3948 με
3170 3877 3251 3940 είς
3305 3877 3430 3946 γῆν,
3478 3874 3568 3926 ὑπ’
3622 3872 3802 3924 αὐτῶν

2234 3983 2486 4047 ἀποσφατ
2497 3976 2738 4044 τόμενονε

549 4083 879 4151 Statuerunt,
921 4087 1024 4142 hoc
1072 4097 1154 4142 est
1209 4053 1676 4143 stabilivert’intret
1714 4053 2090 4139 firmaverunt.
2124 4078 2474 4131 observantes
2507 4069 2760 4124 nimirum
2797 4073 2853 4119 ut
2881 4065 3028 4118 illum
3067 4062 3327 4116 inclinent
3352 4068 3404 4114 et
3433 4058 3711 4112 demittant
3747 4053 3800 4108 in

551 4175 775 4245 'erraiii,
808 4196 966 4251 quem
1017 4183 1145 4235 olim
1181 4182 1341 4235 morti
1392 4180 1606 4235 tradere
1645 4176 2001 4232 centendunt.
2037 4172 2225 4230 Oratio
2249 4168 2390 4224 enim
2430 4163 2931 4227 Graica~ntruuique
2953 4173 3172 4213 sensum
3206 4155 3414 4224 recipit.

624 4269 790 4327 Vens.
824 4275 912 4328 ιε.
949 4272 1304 4340 Susceperunt
1346 4289 1425 4326 me
1464 4271 1618 4342 quasi
1664 4269 1742 4324 leo
1791 4275 2014 4337 paratus
2054 4268 2122 4320 ad

548 4366 806 4433 praedam,
836 4376 884 4419 et
913 4365 1066 4435 quasi
1093 4363 1303 4417 catulus
1341 4362 1504 4416 leonis
1536 4358 1785 4414 habitans
1818 4361 1872 4413 iit
1901 4357 2122 4412 abditis.

551 4455 829 4520 Quantum
865 4455 932 4508 ad
965 4457 1151 4507 eorum
1182 4468 1333 4520 spem
1389 4451 1608 4512 attinet,
1636 4450 1736 4520 ipsi
1771 4465 1856 4504 me
1892 4451 1965 4503 ita
1997 4462 2127 4502 sus.

552 4558 850 4617 ceperunt;
903 4545 1059 4615 quasi
1092 4543 1244 4598 dicat
1275 4561 1288 4596 :
1319 4543 1405 4596 Illi
1435 4541 1736 4612 sperabant
1765 4542 2026 4595 accedere
2057 4537 2126 4592 ad

2301 4258 2709 4323 Ὑπέλαὸόνμε
2731 4252 2874 4306 ὡσεί
2904 4251 3062 4304 λέων
3087 4250 3321 4317 ἕτοιμος
3352 4249 3438 4311 είς
3464 4245 3678 4312 θήραν,
3700 4239 3801 4294 καί

2224 4351 2369 4407 ὡσεὶ
2415 4350 2690 4415 σκύμνος
2727 4343 2908 4398 οικῶν
2955 4342 3025 4394 ἐν
3065 4340 3466 4408 ἀποκρύφοις.
3505 4337 3670 4390 Ὅσον
3712 4335 3801 4384 ἐπὶ

2225 4449 2344 4508 ταῖς
2368 4436 2577 4496 ἑαυτῶν
2609 4439 2848 4500 ἐλπίσιν,
2905 4433 3180 4488 ὑπέλαϐόν
3244 4449 3334 4500 με,
3384 4429 3666 4482 τουτέστιν
3701 4427 3805 4478 ὐπ-

2227 4535 2496 4597 ελθόντες,
2524 4530 2867 4602 μετεώρισαν
2895 4527 2994 4597 τῆς
3017 4526 3122 4595 γῆς
3147 4524 3499 4594 ἀνάρπαστον
3519 4523 3804 4589 φέροντες.

555 4656 663 4705 me,
722 4647 778 4692 et
832 4631 1117 4704 suscipere
1153 4640 1281 4688 me:
1315 4630 1418 4687 hoc
1454 4640 1538 4687 est
1571 4647 1788 4686 sursum
1847 4631 2123 4698 accipere,

2235 4627 2510 4698 Διαφορὰν
2533 4624 2590 4678 δὲ
2621 4623 2715 4684 τοῦ
2749 4622 2961 4682 λέοντος
2993 4618 3090 4672 καὶ
3121 4616 3217 4670 τοῦ
3244 4615 3487 4684 σκύμνου
3545 4610 3806 4677 τοιαύτην

552 4739 716 4796 atque
776 4729 1043 4783 extollere
1107 4740 1135 4778 a
1198 4720 1478 4788 terra,'et
1535 4723 1872 4792 discerptum
1911 4719 2126 4796 eﬂ‘erre.

554 4811 934 4876 Itiﬂ'ereutiam
969 4819 1116 4873 inter
1141 4819 1356 4872 leonem
1388 4824 1442 4871 et
1476 4815 1655 4872 leonis
1707 4812 1976 4877 catulum,
2002 4793 2128 4882 qui-

552 4915 677 4969 dam
734 4910 1054 4981 huiusmodi
1108 4909 1462 4964 tradidertmt
1515 4905 1979 4976 dicentes:quod
2045 4904 2131 4960 leo

554 5008 786 5078 prepi-io
820 5007 993 5064 fretus
1022 5004 1222 5060 robore
1249 4999 1540 5058 manifeste
1571 5015 1638 5055 ac
1674 5000 1856 5070 palam
1889 4997 2054 5069 rapit,
2078 5007 2133 5053 et

553 5102 700 5172 quod
730 5100 946 5154 catulus
970 5107 1120 5152 tanta
1150 5111 1346 5151 carens
1377 5093 1708 5150 conﬁdentia
1731 5133 1746 5156 ,
1779 5092 1918 5146 clam
1967 5099 2132 5159 atque

549 5194 774 5248 iocci'ilte
807 5207 866 5247 se
905 5189 1145 5257 accingit
1178 5187 1244 5242 ad
1279 5187 1544 5255 praedam,
1577 5185 1718 5238 unde
1747 5183 1968 5236 abditus
1992 5195 2129 5235 con-

562 5287 744 5342 sidere
777 5285 1002 5339 dicitur.
1046 5281 1158 5336 Iloc
1191 5289 1351 5352 pacto
1381 5281 1544 5334 etiam
1577 5277 1928 5332 inimicorum
1986 5271 2132 5326 beati

556 5372 750 5445 David,
791 5380 880 5433 alii
919 5389 1112 5445 aperto
1144 5375 1321 5429 Marte
1352 5374 1466 5428 suis
1507 5370 1630 5425 ireii
1685 5369 1898 5422 viribus
1927 5366 1980 5420 in
2007 5379 2132 5418 eum

561 5473 869 5533 irruebant,
927 5469 1020 5523 alii
1055 5478 1237 5522 autem
1271 5463 1436 5517 veluti
1489 5461 1800 5515 timidiores
1835 5457 1939 5512 sibi
2001 5457 2134 5525 ipsis

560 5563 671 5612 lion
693 5561 826 5612 adeo
851 5558 1102 5618 lidcntes,
1123 5556 1262 5609 clam
1289 5550 1519 5605 insidias
1550 5550 1874 5612 struebant;
1909 5544 2132 5598 tametsi

2233 4721 2378 4785 τινές
2405 4717 2833 4777 ἀποδεδώκασιν,
2893 4713 2970 4776 ὼς
3005 4713 3034 4764 6
3063 4710 3162 4780 μὲν
3183 4708 3323 4779 ἀλκῇ
3355 4703 3657 4766 πεποιθὼς.
3699 4721 3805 4770 φα-

2233 4815 2391 4886 νερός
2419 4815 2567 4866 ἐστιν
2600 4811 2692 4863 ἐπὶ
2722 4807 2802 4879 τῷ
2847 4805 3134 4876 θηρεύειν
3185 4802 3214 4854 ὁ
3251 4801 3308 4854 δὲ
3349 4799 3612 4868 σκύμνος.
3640 4797 3811 4865 μήπω

2231 4904 2454 4977 θαρρῶν
2491 4905 2561 4955 ἐκ
2587 4901 2681 4954 τοῦ
2714 4895 3031 4968 προφανοῦς
3065 4890 3357 4964 ἁρπάζειν,
3403 4890 3642 4956 κάθηται
3674 4903 3813 4953 κρυ-

2231 4996 2522 5065 πτόμενος.
2578 4993 2688 5046 Καὶ
2740 4990 2847 5043 τῶν
2906 4985 3122 5057 ἐχθρῶν
3171 4983 3338 5036 αὑτοῦ
3393 4981 3577 5034 τοίνυν
3622 4978 3810 5044 οἱμὲν

2233 5087 2501 5161 ἐθάρρουν
2557 5082 2852 5153 προφανῶς
2886 5079 3048 5132 αὑτὸν
3078 5075 3357 5144 ἁρπάσαι·
3398 5071 3543 5132 τινὲς
3594 5069 3649 5120 δέ
3709 5067 3806 5117 ‘ma

2236 5159 2441 5249 Spain);
2467 5218 2481 5241 ,
2507 5177 2724 5236 ἑαυτοῖς
2773 5172 2830 5226 ού
2857 5167 3281 5241 τεθαρρηκότες.
3319 5163 3483 5216 Οὐδὲν
3513 5162 3569 5213 δὲ
3601 5159 3805 5212 κωλύει

2232 5271 2401 5325 ταὺτὸ
2425 5270 2518 5324 καὶ
2544 5268 2713 5338 ἄμφω
2742 5264 2958 5334 δηλοῦν
2997 5260 3160 5314 είωθε
3187 5259 3296 5327 γὰρ
3327 5255 3590 5315 πολλάκις
3613 5254 3670 5302 ἐν
3695 5252 3807 5310 τοῖς

2235 5364 2560 5432 παθητικοῖς
2595 5358 2776 5426 λόγοις
2813 5359 2839 5408 ὁ
2869 5353 3168 5425 Προφήτης
3193 5347 3567 5412 ταυτολογεῖν,
3596 5345 3652 5393 ἐν
3705 5339 3808 5390 ύττ-

2236 5431 2501 5522 αλλαάαῖς
2556 5452 2781 5516 λέξεων,
2826 5448 2914 5500 ἵνα
2947 5445 3061 5517 (58)
3110 5442 3325 5513 αὐξήσῃ
3377 5439 3438 5490 τι.
3474 5436 3682 5498 πάθος,
3725 5431 3809 5490 εις

2237 5546 2384 5598 ἔλεον
2413 5544 2789 5610 ἐπισπάσηται

561 5648 699 5706 iiiliil
734 5645 958 5720 impedit
994 5649 1129 5720 quin
1163 5643 1460 5712 utrmnqttc
1491 5640 1636 5695 idem
1669 5637 1772 5692 sibi
1803 5636 1930 5692 Velit
1958 5643 2120 5703 atq-ie
2166 5634 2308 5686 idem
2341 5634 2633 5710 signiticet.
2667 5631 2823 5685 Solet
2885 5628 3032 5684 enim
3096 5625 3372 5694 Propheta
3425 5632 3809 5691 saepeuuiueto

1905 5727 2103 5787 Variae
2131 5726 2459 5788 iCt'liOi‘CS.

635 5842 751 5908 (38)
786 5858 876 5908 γρ.
899 5841 1138 5908 αὐξήσας
1171 5838 1252 5894 vel
1280 5836 1429 5891 valde
1461 5834 1555 5889 καὶ
1593 5840 1715 5886 ante.
1757 5834 1855 5894 εἰς.
