4110 6210
490 222 598 295 ξιει

1721 237 2103 297 EUTIIYMll
2143 240 2508 301 ZlGABENl

3643 247 3749 310 216

488 349 633 421 quod
667 351 822 420 pauci
855 350 932 403 illi
971 352 1061 419 qui
1092 350 1219 405 boni
1253 357 1408 412 sunt,
1445 349 1510 402 de
1539 344 1681 402 terra
1716 359 1863 409 sunt.
1893 353 2066 420 quod-

2171 359 2250 418 εἰς
2279 360 2501 428 ἀρετήν.
2551 358 2613 410 ’ῐΙ
2641 358 2695 411 δὲ
2729 354 3004 424 σύνταξις,
3047 350 3184 428 αὕτη
3206 378 3220 392 ·
3251 359 3610 430 Διαμέρισον
3639 367 3750 420 αὐ·-

485 456 592 509 que
623 439 728 494 hoc
759 441 839 494 eis
875 439 1014 492 nihil
1063 439 1466 508 impedimento
1513 440 1607 492 fuit
1653 441 1718 494 ad
1778 443 2060 495 virtutem.

486 533 550 586 Et
577 531 913 587 constructio
974 531 1058 585 sic
1109 546 1168 585 se
1230 531 1438 584 habet:
1476 528 1662 582 Dii-ide
1689 548 1775 584 eos
1811 549 1841 584 α
1877 535 2062 600 paucis

482 624 573 693 qui
600 633 721 676 sunt
748 623 812 674 de
841 632 1011 676 terra.

559 715 619 768 Et
647 715 719 768 de
744 713 1066 769 absconditis
1098 717 1198 769 luis
1244 714 1494 782 impletus
1527 725 1604 768 est
1640 729 1814 771 venter
1861 736 2065 774 eorum.

484 806 585 860 Per
613 803 936 860 abscondita
972 807 1191 876 quidam
1227 819 1431 860 aurum
1465 814 1629 873 atque
1670 820 1955 878 argentum
1983 813 2069 864 in-

482 898 749 966 telligunt,
776 904 830 951 et
859 891 965 951 alia
996 899 1312 965 huiusmodi
1377 899 1621 962 metalla,
1657 915 1779 969 quae
1831 903 2066 958 occultis

484 1001 645 1044 terrm
682 989 950 1045 lateribus
1000 991 1356 1052 abscondita,
1407 987 1695 1044 fodiuntur
1744 997 1813 1047 ab
1869 994 1936 1047 iis
1970 995 2065 1063 qui

484 1085 594 1140 illic
617 1099 678 1138 ea
713 1084 1047 1152 perquirunt
1078 1099 1090 1135 :
1129 1085 1334 1153 quibus
1364 1082 1525 1136 bonis
1570 1085 1788 1138 illorum
1822 1096 2066 1141 ventrem

482 1176 767 1244 impletum
803 1191 926 1228 esse
956 1179 1054 1236 ait,
1112 1189 1140 1227 a
1174 1183 1332 1242 parte
1366 1180 1544 1226 totum
1578 1175 1922 1243 signiﬁcans,
1962 1180 2064 1232 hoc

481 1275 586 1330 est,
621 1266 820 1334 quibus
871 1267 1065 1334 repleti
1105 1273 1271 1329 sunt;
1309 1264 1517 1334 quippe
1544 1278 1671 1319 eum
1703 1283 1892 1320 eorum
1921 1263 2068 1322 cella:

485 1363 650 1428 atque
694 1357 1036 1427 hypothecar,
1068 1355 1390 1425 huiusmodi
1418 1355 1598 1421 bonis,
1631 1357 1806 1410 instar
1838 1359 2066 1421 ventris,

491 1454 666 1521 plena:
694 1465 756 1506 ac
783 1451 998 1505 referta:
1030 1452 1160 1505 sint.
1202 1445 1297 1502 Vel
1330 1463 1522 1503 eorum
1561 1459 1780 1504 Ventres
1814 1451 2067 1517 impletos

493 1561 615 1600 esse
659 1544 908 1598 obsoniis
961 1543 1225 1612 intelligo,
1264 1542 1470 1610 quibus
1530 1543 1748 1596 abunde
1782 1550 2069 1597 vestentus

491 1631 792 1687 exsaturati
819 1640 968 1686 sunt.
995 1627 1148 1683 Multi
1179 1629 1345 1682 etiam
1382 1630 1593 1692 dicunt,
1621 1640 1715 1700 per
1746 1630 2064 1684 abscondita

2171 442 2311 512 τοὺς
2339 449 2458 506 ἀπὸ
2489 445 2608 500 τῶν
2633 448 2876 517 ὀλίγων,
2910 443 3028 503 τῶν
3055 450 3174 503 ἀπὸ
3211 451 3346 518 γῆς.

2243 714 2344 764 Ii'ul
2374 709 2490 764 τῶν
2521 715 2946 782 κεκρυμδιιένων
2979 729 3097 768 σου
3132 717 3412 783 ἐπλήσθη
3449 718 3482 784 ἡ
3514 721 3750 788 γαστὴρ

2172 802 2390 853 αὐτῶν.
2426 804 2803 870 Κεκρυμμέν).
2833 805 2976 865 τινὲς
3025 803 3233 870 ἔφασαν
3281 809 3482 875 χρυσὸν
3520 810 3615 859 καὶ
3644 811 3772 878 ἄρα.

2172 907 2356 957 γυρον,
2388 889 2422 942 ἂ
2461 893 2573 952 τοῖς
2598 891 2829 957 λαγὸσιν
2856 891 3290 962 ἐγκεκρυμμένοι
3340 898 3441 964 τῆς
3494 897 3621 964 γῆς,
3656 902 3751 951 ἀν.

2172 982 2510 1051 ορύττοντοιι,
2562 981 3014 1051 μεταλευόμενα.
3050 985 3270 1036 Τούτων
3302 984 3396 1037 οὖν
3429 988 3671 1056 ἐπλήσθη
3713 993 3741 1058 ἡ

2173 1077 2386 1144 γαστὴρ
2417 1076 2620 1138 αὐτῶν,
2657 1077 2943 1129 τουτέστιν
2976 1077 3152 1141 αὐτοὶ,
3179 1080 3284 1131 ἀπὸ
3320 1081 3428 1148 γὰρ
3462 1081 3658 1149 μέρους
3685 1083 3768 1133 τὸν

2173 1171 2303 1227 πᾶν,
2364 1170 2534 1238 ἤγουν
2576 1169 2642 1221 τὰ
2676 1171 2897 1237 ταμεῖα,
2947 1169 3105 1238 δίκην
3135 1171 3420 1238 γαστέρων
3471 1175 3747 1241 ἐμφορού-

2176 1277 2312 1329 μενπ.
2333 1277 2346 1290 ·
2382 1260 2413 1328 ἣ
2445 1259 2539 1312 καὶ
2569 1261 2625 1311 αἱ
2657 1259 2856 1311 κοιλίαι
2895 1258 3098 1324 αὐτῶν,
3139 1260 3492 1331 ὁψωνούντων
3521 1263 3622 1315 ὅσα
3654 1265 3750 1314 καὶ

2171 1347 2409 1403 λάϐοιεν.
2441 1349 2632 1402 Πολλοὶ
2661 1349 2718 1402 δὲ
2750 1351 2968 1418 λέγουσι
2995 1350 3092 1413 τὰς
3125 1351 3276 1421 παρὰ
3307 1351 3441 1405 Θεοῦ
3475 1353 3749 1419 τεθησαυ·

2175 1443 2436 1513 ρισμένας
2459 1441 2732 1511 τιμωρίας
2757 1458 2771 1472 ·
2797 1445 2919 1494 ἐπεὶ
2965 1444 3059 1494 καὶ
3084 1444 3323 1512 Μωῦσῆς
3352 1446 3410 1496 ὲν
3443 1444 3521 1511 τῷ
3551 1448 3752 1497 Δευτέ-

2177 1535 2412 1604 ρονομίῳ
2445 1535 2572 1603 περὶ
2601 1533 2862 1586 ποικίλων
2906 1535 3190 1605 τιμωριῶν
3220 1538 3284 1588 ἐκ
3317 1535 3612 1605 προσώπου
3653 1527 3747 1588 τοῧ

2175 1627 2311 1681 Θεοῦ
2343 1627 2576 1694 διεξιὼν,
2613 1628 2894 1697 ἐπήγαγεν
2923 1645 2934 1659 ·
2993 1631 3117 1684 Οὐκ
3165 1629 3296 1683 ἰδοὺ
3327 1629 3517 1682 ταῦτα
3549 1629 3749 1683 πάντα

495 1730 688 1792 poenas
718 1722 1104 1792 intelligendas
1128 1737 1250 1777 esse
1273 1761 1286 1784 ,
1340 1729 1461 1791 quae
1507 1723 1648 1790 apud
1684 1722 1852 1775 Deum
1898 1721 2062 1776 veluti

2169 1721 2469 1788 συνῆκται
2521 1721 2656 1789 παρ’
2710 1719 2876 1788 ἐμοὶ,
2950 1722 3045 1773 καὶ
3087 1721 3487 1800 έσςοράγισται
3517 1721 3585 1773 ἐι·
3623 1719 3751 1785 τοῖς

494 1817 549 1867 in
587 1815 831 1869 thesauri
859 1814 980 1868 loco
1015 1814 1314 1868 reconditae
1344 1819 1497 1874 sunt,
1532 1829 1652 1866 cum
1683 1823 1735 1866 et
1771 1805 1983 1883 Moyses
2011 1814 2064 1866 in

497 1907 925 1961 Deutcroiiomio
960 1908 1027 1960 de
1073 1906 1225 1958 vario
1258 1907 1656 1976 suppliciorum
1708 1908 1937 1974 loquens
1969 1919 2066 1975 ge-

491 2013 644 2061 nere,
684 2015 748 2054 ex
778 2008 1017 2067 persona
1056 1998 1148 2052 Dei
1189 1999 1431 2052 dixerit:
1467 1997 1651 2053 Nonne
1695 2001 1807 2052 ha'c
1849 2013 2068 2068 congre-

486 2099 611 2160 yata
645 2093 765 2144 sunl
797 2090 937 2159 apud
972 2106 1070 2155 me,
1096 2096 1147 2144 at
1174 2089 1414 2160 sigillata
1440 2090 1494 2144 in
1522 2089 1781 2144 thesauris
1808 2089 1934 2142 meis
1958 2089 2000 2119 ³⁷
2029 2089 2051 2140 ?

493 2183 615 2238 llmc
648 2185 815 2255 igitur
849 2183 1013 2237 verba
1057 2183 1406 2252 prophetiam
1457 2182 1747 2237 continent
1781 2189 1837 2236 et
1864 2177 2062 2250 prtedi.

488 2284 660 2330 cunt:
702 2275 1050 2329 inimicorum
1090 2275 1312 2325 illorum
1364 2281 1630 2334 Ventrem,
1669 2271 1773 2325 hoc
1825 2279 1910 2326 est
1962 2270 2064 2324 ini-

2168 1813 2500 1881 θησαυροῖς
2522 1829 2678 1882 μου;
2712 1812 3055 1884 Προφητεῦει
3111 1813 3268 1881 γοῦν,
3295 1813 3459 1881 φασὶν
3480 1853 3496 1878 ,
3527 1813 3607 1865 ὅτι
3638 1813 3749 1863 τῶν

2169 1904 2392 1973 ἀφανῶν
2439 1904 2719 1973 τιμωριῶν
2771 1904 3148 1974 πλησθήσεται
3204 1905 3238 1972 ἡ
3286 1903 3504 1972 γαστὴρ
3539 1903 3744 1963 αὐτῶν,

2169 1997 2448 2049 τουτέστιν
2483 1997 2659 2059 αὐτοὶ,
2691 1996 2798 2049 ἀπὸ
2839 1998 2948 2066 γὰρ
2980 1996 3177 2066 μέρους
3208 1997 3268 2049 τὸ
3292 1998 3424 2050 πᾶν.
3459 1995 3600 2063 Πρὸς
3635 1995 3748 2063 γὰρ

2168 2086 2266 2156 τὴν
2311 2087 2633 2157 πλησμονὴν
2685 2087 3039 2157 καταλλήλως
3072 2086 3272 2156 έθηκεν
3323 2087 3422 2156 τὴν
3472 2085 3744 2156 γαστέρειι

2171 2178 2298 2240 Τοῖς
2331 2178 2582 2246 μέλλουσι
2637 2178 2715 2242 δὲ,
2771 2178 2844 2240 ὡς
2875 2177 3168 2231 ὲνεστῶσιν
3198 2179 3495 2247 ἐχρήσατο,
3539 2177 3746 2247 τρόπον

2169 2268 2293 2322 τινὰ
2325 2269 2660 2338 θεασάμενος
2694 2270 2833 2324 αὖτᾶ
2867 2273 2978 2333 τοῖς
3006 2275 3392 2341 προορατικοίς
3415 2271 3742 2340 ὀφθαλμοῖς.

491 2370 664 2423 micos
699 2370 878 2436 ipsos,
933 2365 1133 2418 abditis
1179 2371 1345 2432 atque
1394 2364 1632 2417 occultis
1683 2362 1828 2430 apud
1889 2361 2056 2416 Deum
2099 2361 2387 2430 suppliciis
2441 2361 2747 2430 implendos
2781 2377 2904 2419 esse
2934 2379 2949 2418 :
2981 2364 3125 2419 unde
3155 2372 3212 2419 et
3277 2364 3544 2418 adversus
3628 2372 3745 2418 tan‘

490 2458 600 2512 tam
631 2473 820 2512 eorum
867 2455 1335 2510 insatiabilitatem
1362 2463 1522 2522 atque
1553 2454 1844 2522 ingluviem
1929 2453 2374 2509 commodissime
2456 2455 2668 2510 ventris
2725 2471 2919 2510 nomen
2987 2457 3258 2527 apposuit.
3306 2455 3512 2510 Futuro
3573 2456 3738 2510 etiam

491 2537 738 2623 tempore
771 2563 868 2620 pro
898 2549 1151 2618 praesenti
1193 2564 1325 2604 usus
1373 2559 1481 2612 est,
1541 2549 1674 2615 quia
1721 2549 2057 2618 propheticis
2099 2550 2278 2604 oculis
2315 2549 2687 2620 prospiciens,
2716 2559 2774 2604 ut
2801 2551 3088 2620 prmsentia
3115 2565 3234 2606 esse
3258 2550 3540 2604 indicavit.

566 2645 809 2702 Saturati
846 2654 969 2698 sunt
1003 2647 1198 2714 porcis.
1244 2643 1408 2699 Suem
1456 2644 1670 2700 Πριπωί
1725 2655 1783 2699 ut
1814 2646 2057 2700 immun-

495 2737 624 2792 dum
660 2737 954 2800 habebant,
983 2753 1048 2790 eo
1082 2735 1229 2806 quod
1259 2738 1404 2790 inter
1426 2746 1620 2791 caetera
1655 2738 1914 2792 animalia
1939 2753 2060 2809 quae

496 2828 752 2900 ungulam
810 2827 1069 2882 scindunt
1118 2828 1521 2892 non,ruminat.
1581 2829 1851 2884 Praeterea
1893 2830 2058 2884 etiam

494 2919 622 2989 quia
668 2918 724 2972 in
756 2918 878 2972 luto
910 2927 1078 2986 atque
1132 2917 1186 2970 in
1243 2917 1608 2972 immunditiis
1637 2927 1914 2974 versatur.
1959 2918 2066 2973 Per

498 3024 651 3066 suem
685 3010 854 3080 igitur
877 3010 980 3064 hoc
1003 3011 1057 3064 in
1085 3011 1206 3066 loco
1237 3021 1429 3064 eorum
1457 3011 1630 3065 voluit
1658 3011 2064 3066 immunditiam

498 3103 825 3158 siibnotare.
867 3101 1105 3157 saturati
1151 3086 1296 3157 enim
1331 3112 1484 3166 sunt,
1520 3103 1720 3172 inquit,
1771 3103 2065 3157 immundi-

484 3195 620 3257 tiis,
680 3201 1008 3262 consumpto
1060 3195 1319 3248 nimirum
1390 3196 1743 3263 patrimonio,
1795 3210 1857 3249 ac
1904 3194 2063 3250 bonis

497 3283 774 3343 Omnibus,
816 3284 870 3338 in
898 3283 1076 3338 varias
1105 3285 1436 3353 voluptates.
1473 3278 1625 3338 Mulii
1652 3287 1816 3339 etiam
1873 3294 1926 3338 ct
1971 3285 2068 3336 do-

499 3374 732 3433 ctissimi
783 3373 1113 3447 interpretes
1149 3375 1312 3432 aliter
1339 3385 1676 3448 exponentes
1710 3375 1931 3444 legunt:
1965 3372 2068 3429 Sa-

501 3469 669 3524 turati
695 3478 816 3523 sunt
840 3469 992 3538 ﬁliis,
1016 3485 1125 3524 non
1157 3478 1336 3524 autem
1363 3469 1571 3539 porcis,
1604 3469 1850 3524 dicentes
1884 3467 1936 3522 in
1965 3464 2071 3523 lle-

501 3552 646 3616 braeo
674 3561 858 3615 haberi
892 3560 1186 3615 dictionem
1207 3561 1420 3625 banion,
1450 3576 1572 3628 quae
1608 3561 1772 3625 ﬁlios,
1807 3575 1916 3614 non
1941 3573 2070 3614 sues

499 3651 806 3722 signiﬁcat;
839 3661 891 3707 et
921 3665 1164 3707 errorem
1201 3652 1363 3722 hujus
1392 3652 1554 3708 valla:
1599 3651 1850 3707 lectionis
1881 3661 2060 3705 ortum

495 3757 621 3799 esse
689 3745 1020 3812 scriptorum
1080 3743 1266 3798 vltio:
1331 3759 1452 3797 cum
1514 3743 1714 3798 Graeca:
1769 3742 2062 3800 dictiones.

500 3835 682 3902 porcis
710 3845 762 3890 et
796 3835 943 3899 filiis,
979 3835 1267 3888 maximam
1309 3834 1542 3889 habeant
1571 3837 1878 3889 litterarum
1920 3834 2066 3888 slmi-

2219 2645 2706 2717 Ἐχορτᾲσθησαν
2734 2647 2880 2703 ὑῶν.
2906 2649 3010 2700 Τὸν
3037 2646 3130 2700 οὖν
3164 2646 3476 2718 ἀκάθαρτον
3509 2643 3656 2717 εἶχον
3686 2645 3735 2698 οί

2168 2731 2437 2809 Ἐὅραῗοι,
2485 2740 2575 2794 διὰ
2607 2758 2666 2792 τε
2697 2740 2758 2793 τὸ
2792 2739 2865 2810 μὴ
2893 2741 3120 2808 ἀνάγειν
3154 2739 3505 2810 μηρυκισμὸν
3532 2742 3588 2791 ὲν
3625 2743 3742 2802 τοῖς

2159 2831 2421 2901 διχηλοῖς,
2458 2833 2553 2885 καὶ
2586 2833 2673 2886 διὰ
2697 2832 2757 2886 τὸ
2789 2833 2970 2902 φιλεῖν
3001 2833 3094 2886 τὸν
3132 2832 3415 2904 βόρϐορον.
3468 2832 3566 2883 Διὰ
3606 2831 3739 2898 γοῦν

2162 2923 2257 2976 τοῦ
2291 2923 2382 2985 ὑὸς
2415 2916 2647 2976 ἐνταῦθα
2677 2923 2777 2993 τὴν
2809 2924 3154 2992 ἀκαθαρσίαν
3186 2924 3430 2992 ᾐνίξατο.
3477 2923 3730 2991 Ἑχορτάο

2167 3012 2375 3080 σθησαν
2424 3013 2560 3083 γὰρ,
2608 3017 2795 3084 φησὶν,
2827 3015 3205 3085 ἀκαθαρσιῶν,
3243 3016 3336 3066 τὸν
3386 3013 3616 3067 πλοῦτον
3655 3013 3738 3074 είς

2161 3103 2488 3172 ’φιληδονίαν
2526 3104 2935 3166 ἀναλίσκοντες.
2989 3105 3054 3157 Ol
3109 3101 3166 3157 δὲ
3212 3103 3590 3175 ἀκριϐέστεροι
3625 3102 3736 3153 τῶν

2165 3194 2470 3265 ἐξηγητῶν,
2515 3195 2664 3250 υἱῶν
2708 3195 2818 3249 τῶν
2869 3197 3078 3248 τέκνων
3107 3195 3260 3264 φασί.
3300 3193 3508 3248 Βανιῶν
3536 3193 3640 3262 γὰρ
3675 3193 3737 3244 ὲν

2167 3277 2536 3356 τῷἚϐραῖκῷ
2565 3289 2762 3350 κεῖται,
2791 3286 3040 3340 τουτέστι
3061 3286 3288 3350 τέκνων,
3309 3280 3374 3339 ἶν’
3473 3283 3734 3347 τοιοῦτιν,

2167 3377 2250 3429 ὃτι
2281 3376 2534 3447 καθάπερ
2581 3377 2906 3448 χρημάτων,
2959 3377 3102 3432 οὕτω
3130 3379 3226 3432 καὶ
3255 3378 3463 3430 τέκνων
3518 3376 3740 3446 ἐχορτά·

2171 3466 2396 3538 σθησαν,
2434 3468 2768 3531 πολύπαιδες
2812 3468 3122 3536 γεγονότες.
3152 3467 3222 3524 Ἤ
3245 3470 3342 3523 καὶ
3375 3470 3514 3522 κατὰ
3538 3467 3738 3536 διπλῆν

2171 3560 2456 3630 ἐξήγησιν,
2503 3558 2920 3632 ἐχορτάσθησαν
2946 3559 3056 3615 τῶν
3091 3560 3202 3615 εἴτε
3249 3561 3572 3633 χρημάτων,
3628 3560 3737 3613 εἴτε

2169 3653 2470 3723 τιμωριῶν,
2505 3653 2644 3722 μετά
2672 3652 2780 3705 τῶν
2807 3653 2963 3720 υἱῶν,
3011 3653 3365 3723 ἐλλειπούσης
3401 3655 3498 3723 τῆς
3535 3653 3737 3724 προθέ-

2174 3759 2310 3806 σεως
2330 3760 2345 3775 ο
2373 3743 2472 3796 οὐκ
2501 3745 2657 3796 αὐτοὶ
2684 3747 2793 3814 γὰρ
2829 3744 3011 3814 μόνον,
3051 3744 3190 3798 ἀλλὰ
3218 3747 3315 3798 καὶ
3339 3746 3388 3797 οἱ
3427 3747 3615 3807 παῖδες
3640 3745 3738 3796 αὖ.

2171 3834 2280 3886 τῶν
2316 3835 2760 3906 ὲτιμωρήθησαν.

500 3929 804 3984 litudinem.
860 3929 1087 3982 Sensum
1151 3928 1318 3998 igitur
1367 3943 1491 3985 esse
1547 3929 1762 3990 dicunt,
1800 3927 1946 3996 quod
1981 3927 2056 3979 illi
2101 3925 2308 3981 inimici
2345 3928 2418 3981 ita
2473 3928 2706 3982 saturati
2779 3937 2909 3985 sunt
2963 3930 3114 3994 liliis,
3169 3931 3310 3984 sicut
3400 3936 3453 3982 et
3503 3927 3734 3984 divitiis.

500 4021 793 4076 multorum
859 4020 1113 4075 videlicet
1166 4019 1400 4075 ﬁliorum
1457 4021 1629 4074 effecti
1691 4028 1896 4089 patres.
1953 4019 2047 4073 Vel
2109 4019 2263 4085 juxta
2333 4023 2607 4090 duplicem
2681 4024 2928 4092 proxime
2967 4023 3324 4092 prteccdentis
3357 4022 3608 4077 versiculi
3649 4021 3734 4073 in-

497 4114 969 4182 terpretationem,
1003 4114 1231 4167 saturati
1259 4123 1386 4168 sunt
1422 4113 1694 4180 pecuniis,
1729 4128 1824 4165 seu
1853 4110 2052 4178 pmztis,
2084 4110 2247 4164 simul
2296 4127 2416 4165 cum
2459 4116 2698 4183 propriis
2731 4116 2879 4177 ﬁliis,
2911 4116 2984 4168 ita
3019 4123 3078 4168 ut
3137 4107 3520 4168 "suhaniliatur
3599 4127 3733 4180 prmo

497 4205 699 4273 positio
729 4221 869 4266 cum,
903 4214 959 4258 et
987 4206 1058 4258 sit
1087 4219 1283 4258 sensus
1317 4221 1328 4255 :
1363 4203 1517 4267 Quod
1577 4217 1682 4255 non
1731 4203 1908 4254 solum
1955 4199 2056 4270 ipsi
2091 4208 2292 4268 prtlt'cs,
2326 4205 2419 4258 sed
2451 4205 2600 4273 quod
2630 4206 2734 4276 ipsi
2765 4206 2929 4260 etiam
2977 4222 3168 4263 eorum
3201 4205 3296 4258 lilii
3363 4205 3573 4259 divitiis
3643 4219 3736 4256 sud

497 4299 616 4352 tiati
653 4307 801 4355 sunt,
836 4310 930 4349 seu
969 4295 1272 4363 suppliciis.

573 4390 640 4444 Et
670 4390 979 4443 dimiserunt
1013 4389 1261 4454 reliquias
1295 4387 1526 4457 parvulis
1555 4402 1753 4442 eorum.
1794 4387 1870 4440 Ευ
1910 4391 2052 4453 quod
2091 4388 2129 4439 D

499 4490 665 4536 tantm
697 4480 916 4534 fuerunt
947 4477 1208 4547 reliquim,
1235 4485 1292 4531 ut
1325 4478 1557 4547 posteris
1589 4478 1819 4531 liliormn
1854 4483 2070 4536 sutlice-

501 4582 646 4635 rent.
671 4571 800 4624 Nam
843 4571 984 4640 quod
1022 4571 1094 4623 ait
1125 4570 1354 4638 parvulis
1383 4587 1563 4625 eorum
1588 4613 1602 4637 ,
1651 4587 1860 4640 expone
1884 4613 1897 4636 ,
1940 4589 2068 4640 par-

502 4665 643 4719 vulis
675 4662 907 4718 filiorum
944 4680 956 4714 :
995 4663 1129 4716 adeo
1164 4671 1222 4714 ut
1265 4663 1367 4715 illae
1392 4663 1590 4716 divitiae
1616 4702 1628 4724 ,
1680 4677 1774 4716 seu
1813 4679 1984 4731 pinna:
2015 4665 2065 4716 in

503 4767 717 4808 omnem
754 4751 1159 4822 generationem
1194 4765 1253 4806 se
1282 4750 1647 4806 ostenderint.
1701 4751 1765 4804 Et
1795 4752 1840 4805 si
1877 4767 2066 4820 pmnas

498 4843 798 4914 intelligis,
841 4843 1125 4913 prophetia
1173 4843 1276 4897 erit
1321 4843 1586 4895 malorum
1623 4883 1637 4905 ,
1673 4858 1793 4914 quae
1829 4843 2067 4896 inimicis

505 4937 644 4992 beati
684 4936 849 4990 David
883 4944 1142 4990 eventura
1182 4943 1359 4989 erant.
1397 4934 1452 4988 Si
1487 4951 1612 4988 vero
1659 4935 1878 4990 divitias
1904 4977 1918 5000 ,
1983 4952 2069 4991 ex-

497 5028 780 5101 aggeratio
801 5028 914 5082 haec
933 5029 1176 5097 qumdam
1198 5028 1301 5083 erit
1322 5028 1375 5081 in
1403 5025 1611 5082 illorum
1637 5029 2064 5094 accusationem,

502 5119 645 5190 quod
699 5119 866 5174 tantis
897 5119 1087 5188 repleti
1123 5119 1283 5174 bonis
1308 5158 1322 5184 ,
1354 5134 1518 5188 prave
1545 5128 1723 5174 tamen
1755 5130 1920 5190 atque
1960 5120 2066 5173 ini-

499 5227 604 5280 que
629 5213 909 5278 vixrrint,
957 5213 1424 5283 longanimitatem
1475 5214 1563 5268 Dei
1608 5229 1878 5268 summam
1934 5228 2068 5268 cons

500 5309 835 5361 'temncntes.

558 5465 600 5497 '7
638 5465 975 5532 Dent.xxxn,
1007 5463 1099 5521 54.

2230 4384 2337 4438 Kal
2369 4383 2610 4452 ἀφῆκαν
2645 4386 2712 4439 τὰ
2741 4383 3074 4440 κατάλοιποι
3107 4384 3230 4450 τοῖς
3258 4383 3499 4452 νηπίοις
3517 4381 3736 4435 αὐτῶν.

2170 4477 2540 4546 Διοιρκέσαντα
2594 4479 2688 4530 καὶ
2731 4479 2812 4540 εἰς
2840 4479 2966 4539 τοὺς
2998 4477 3252 4544 ἐγκόνους
3287 4476 3394 4527 τῶν
3425 4473 3556 4549 υἱῶν
3580 4489 3595 4504 ·
3641 4490 3738 4541 νγ,-

2171 4570 2312 4634 πίοις
2357 4571 2465 4641 γὰρ
2495 4571 2696 4634 αὒτῶν,
2733 4571 2979 4622 τουτέστι
3017 4569 3126 4621 τῶν
3156 4567 3308 4630 υἱῶν,
3352 4565 3629 4619 τουτέστιν
3661 4566 3739 4622 εἰς

2167 4662 2294 4730 ὃλην
2346 4662 2444 4730 τὴν
2482 4664 2676 4730 γενεὰν
2725 4661 3082 4728 παρέτεινεν,
3129 4660 3238 4711 εἴτε
3273 4660 3301 4712 ὁ
3333 4657 3582 4719 πλοῦτος,
3623 4656 3734 4706 εἴτε

2167 4753 2425 4822 τιμωρία.
2476 4754 2586 4804 Καὶ
2622 4754 2670 4804 εἰ
2715 4752 2812 4821 μὲν
2857 4752 2986 4820 περὶ
3009 4747 3201 4820 ποινῆς
3231 4746 3405 4800 ταῦτα
3440 4747 3730 4816 νοήσομεν,

2172 4841 2474 4912 προφητεία
2504 4841 2620 4894 ἐστὶ
2649 4841 2757 4894 τῶν
2785 4839 3172 4908 ἀπηντηκότων
3202 4838 3311 4900 τοῖς
3335 4835 3546 4906 ἐχθροῖς
3569 4832 3732 4886 αὐτοῦ

2171 4932 2374 4986 κακῶν.
2427 4934 2487 4985 Et
2531 4932 2588 4985 δὲ
2641 4935 2768 5002 περὶ
2819 4929 3181 4998 εὐδαιμονίας,
3224 4927 3447 4998 αὔξησις
3496 4941 3735 4992 κατηγο·-

2174 5026 2310 5097 ρίας,
2361 5027 2439 5080 ὅτι
2477 5027 2744 5079 τοσούτων
2813 5024 3030 5092 ἀγαθῶν
3077 5023 3502 5081 ἀπολαύσαντες,
3562 5002 3740 5087 πείρι-

2167 5119 2349 5189 νόμως
2388 5119 2544 5184 ἔζων,
2588 5120 2684 5190 τῆς
2721 5117 2815 5171 τοῦ
2855 5117 2987 5171 Θεοῦ
3028 5114 3489 5186 καταφρονοῦντες
3553 5112 3739 5166 £051:-

2171 5214 2372 5284 θυμίας
2406 5213 2540 5280 (60).

1840 5558 2038 5620 Varia)
2096 5553 2421 5617 lectiones.

571 5660 686 5728 (60)
711 5660 796 5714 ἵσ.
826 5663 1188 5733 εὐδαιμονίας.
1222 5661 1447 5722 Latinus
1481 5665 1751 5736 interpres
1781 5664 1974 5733 legisse
2000 5663 2066 5716 vit

2169 5677 2211 5716 tr
2246 5654 2648 5730 paxpaOupla;-.
